4026 6202
483 329 562 390 ’15

1125 330 1185 385 Β.
1227 276 1478 382 NABANl
1514 321 1736 378 MAURI
1774 317 2090 376 ARCHIEP.
2134 307 2440 377 MOCUNT.
2481 321 2769 380 OPERUM
2808 321 2987 378 PARS
3025 321 3066 376 l.
3662 322 3737 376 76

480 445 644 519 'eligit
669 442 932 508 facienda,
957 455 1076 511 quae
1104 439 1416 495 recordatur
1439 434 1725 488 Dominum
1755 433 1810 487 in
1836 433 2056 488 manda—
2085 451 2133 510 Α
2162 433 2270 486 lum
2299 443 2397 488 cst.
2429 434 2568 506 Lege
2587 437 2760 491 Verba
2792 435 3008 490 Dierum
3036 431 3088 505 (1
3095 435 3098 440 ’
3119 429 3248 486 Par.
3281 431 3365 504 tl).
3393 431 3620 486 Condita
3646 444 3732 486 est

497 537 566 592 tis
593 535 832 594 dedisse?
942 590 948 596 _

572 644 590 677 ι
618 627 800 680 Abner
819 633 997 679 autem
1030 622 1168 676 filius
1194 619 1320 685 Ner,
1340 619 1592 689 princeps
1613 616 1886 672 exercitus
1905 613 2061 679 Saul,

487 736 518 767 ιι
569 716 687 770 tulit
714 714 956 771 lsboseth
981 713 1145 767 [ilium
1167 709 1320 776 Saul,
1349 719 1406 766 et
1433 707 1798 766 circumduxit
1820 703 1948 761 eum
1969 720 2066 775 per

499 828 521 860 ι
567 817 767 874 castra,
795 820 1083 877 regemque
1108 803 1388 860 constituit
1408 818 1572 872 super
1595 799 1798 856 Calaad
1825 809 1882 856 et
1907 813 2068 869 super

493 918 520 950 -‹
549 897 809 961 Cessuri,
847 903 901 950 et
932 909 1093 965 super
1136 892 1367 957 Jezrael,
1413 900 1469 946 et
1500 905 1662 960 super
1689 889 1969 959 Ephraim,
2009 893 2067 941 et

497 1005 520 1037 ‹
563 1000 724 1054 super
767 982 1066 1053 Benjamin,
1093 992 1150 1038 et
1193 979 1354 1053 super
1381 975 1549 1036 lsrael
1595 979 1929 1044 universum,
1959 995 1979 1030 ι
2007 985 2070 1033 et

491 1083 714 1129 czetera.

563 1164 678 1235 (Ex
704 1161 973 1227 Hebrum.)
1001 1160 1059 1215 In
1075 1155 1312 1218 Hebraeo
1354 1159 1586 1213 habetur
1627 1175 1640 1210 :
1679 1175 1698 1208 ι
1739 1153 2071 1210 Transduxit

492 1266 620 1308 eum
645 1253 701 1304 in
736 1250 968 1304 Manaim
995 1267 1008 1304 :
1044 1270 1063 1302 ι
1093 1264 1212 1320 qua:
1237 1235 1626 1318 interpretatur
1648 1254 1843 1299 castra.
1871 1241 2071 1296 Trans-

497 1343 652 1397 duxit
677 1356 824 1408 eum,
857 1333 1264 1410 intelligendum
1289 1347 1374 1394 est
1401 1337 1539 1392 ultra
1577 1334 1894 1400 Jordanem,
1931 1341 1988 1387 et
2014 1333 2069 1386 in

497 1431 730 1485 Manaim
781 1445 962 1502 regem
1004 1445 1128 1484 eum
1173 1428 1524 1483 constituisse
1563 1441 1725 1497 super
1761 1423 1966 1480 Galaad
2017 1431 2072 1476 et

497 1537 661 1593 super
691 1519 932 1576 Gessuri.
967 1519 1224 1574 Hebraeus
1253 1518 1416 1573 habet
1443 1519 1645 1583 Asturi,
1691 1517 1745 1571 id
1767 1524 1871 1580 est,
1909 1525 2071 1583 super

499 1613 699 1669 tribum
726 1612 880 1666 Aser.

574 1719 594 1751 ι
641 1699 768 1758 Sola
811 1709 994 1755 autem
1040 1700 1233 1756 domus
1283 1697 1424 1754 Iuda
1463 1698 1794 1769 sequebatur
1816 1695 2008 1752 David.
2043 1714 2065 1749 ι

2168 531 2346 577 autem
2395 531 2518 579 ante
2555 535 2757 596 septem
2804 538 2995 586 annos,
3041 537 3201 592 quam
3240 536 3304 576 ea
3353 521 3479 576 urbs
3515 519 3737 592 Aﬂgypti

2169 613 2507 667 conderetur.

2243 723 2263 753 ι
2307 703 2676 773 Egressusque
2725 703 2912 758 Abner
2956 701 3101 756 illius
3149 699 3279 766 Ner,
3315 709 3370 756 et
3403 699 3557 771 pueri
3592 699 3743 755 lsbo-

2177 811 2196 844 ι
2243 795 2362 847 seth
2389 793 2484 848 lilii
2525 793 2654 848 Saul
2687 795 2755 850 de
2790 793 2985 848 castris
3017 793 3072 846 in
3110 789 3350 847 Gabaon.
3394 791 3571 846 Porro
3603 791 3741 846 Joab

2178 903 2196 936 ι
2246 885 2389 940 illius
2423 885 2668 950 Sarviaa,
2711 893 2766 940 et
2821 883 2973 956 pueri
3013 881 3181 938 David
3230 883 3434 954 egressi
3478 893 3641 949 sunt,
3687 891 3746 937 et

2175 993 2194 1028 ι
2241 985 2598 1031 occurrerunt
2641 975 2722 1030 eis
2753 975 2908 1044 juxta
2956 975 3221 1044 piscinam
3247 973 3487 1030 Cabaon.
3515 975 3581 1028 Et
3618 987 3744 1028 cum

2175 1085 2196 1120 ι
2239 1068 2296 1122 in
2323 1074 2489 1121 untim
2512 1067 2910 1133 convenissent,
2943 1081 2974 1120 e
3000 1065 3219 1137 regione
3249 1066 3540 1128 sederunt,
3575 1065 3747 1119 hi'ex

2175 1184 2196 1212 ι
2239 1173 2344 1214 una
2367 1167 2518 1229 parte
2541 1159 2780 1228 piscinae,
2803 1167 2860 1212 et
2878 1158 2952 1211 illi
2977 1173 3043 1212 ex
3068 1157 3258 1212 altera.
3290 1157 3541 1227 Dixitque
3562 1151 3749 1211 Abner

2179 1268 2196 1302 ι
2240 1251 2307 1304 ad
2333 1248 2466 1304 Joab
2495 1265 2506 1301 :
2549 1249 2783 1318 Surgant
2812 1249 2984 1318 pueri,
3030 1255 3085 1301 et
3114 1247 3299 1302 ludant
3335 1262 3520 1302 coram
3566 1247 3747 1302 nobis.

2179 1359 2197 1390 ι
2241 1339 2306 1391 Et
2343 1338 2619 1408 respondit
2645 1337 2823 1392 Joab:
2861 1335 3118 1407 Surgant.
3145 1336 3514 1392 Surrexerunt
3541 1351 3670 1408 ergo
3693 1344 3751 1391 et

2180 1447 2198 1480 ι
2243 1429 2583 1483 transierunt
2630 1443 2862 1482 numero
2907 1427 3192 1482 duodecim
3240 1425 3308 1480 de
3367 1425 3644 1495 Benjamin
3680 1441 3750 1479 ex

2178 1539 2198 1572 ι
2246 1525 2399 1590 parte
2455 1519 2702 1573 lshoseth
2737 1515 3022 1582 lilii'Saul,
3054 1525 3110 1571 et
3138 1516 3421 1571 duodecim
3455 1518 3520 1570 de'
3567 1516 3752 1584 pueris

2180 1628 2198 1660 ι
2247 1609 2436 1663 David.
2468 1610 2926 1678 Appre‘hensoque
2976 1606 3347 1676 unusquisque
3388 1606 3564 1674 capite
3601 1619 3752 1659 com-

2180 1719 2200 1754 t
2241 1701 2388 1772 paris
2421 1700 2524 1766 sui,
2547 1699 2734 1754 deﬁxit
2757 1699 2990 1769 gladium
3014 1698 3069 1751 in
3097 1697 3240 1752 latus
3260 1697 3536 1762 contrarii,
3575 1704 3634 1750 et
3667 1709 3754 1749 ce-

498 1793 638 1858 Quid
664 1801 752 1849 est
776 1801 959 1848 autem
983 1792 1126 1862 quod
1157 1787 1302 1847 illius
1330 1789 1460 1845 Saul
1484 1789 1752 1854 lsbosetb,
1781 1788 1875 1857 qui
1902 1787 2070 1842 inter-
2101 1794 2144 1852 B
2179 1811 2196 1844 ι
2242 1791 2496 1848 eiderunt
2539 1789 2722 1855 simul,
2759 1811 2777 1842 ι
2812 1799 2918 1844 etc.
2959 1789 3110 1844 llunc
3149 1789 3327 1842 locum
3359 1786 3629 1855 Josephus
3674 1786 3752 1841 ita

499 1892 743 1954 pretatur
760 1884 842 1937 vir
857 1883 1200 1953 confusionis,
1232 1882 1416 1936 Abuer
1447 1870 1764 1944 auxiliante,
1786 1878 1880 1948 qui
1905 1878 2074 1932 inter-

496 1976 925 2046 pretaturpatris
949 1973 1184 2039 (noema,
1208 1972 1453 2044 regnavit
1477 1985 1639 2042 super
1669 1969 1836 2026 lsrael
1857 1970 2074 2024 univer-

499 2081 640 2132 sum,
669 2074 725 2122 et
752 2065 948 2121 domus
991 2062 1128 2121 Juda
1181 2065 1296 2120 sola
1348 2063 1676 2134 sequebatur
1725 2062 1929 2127 David,
1967 2061 2073 2114 nisi

499 2158 644 2228 quod
671 2158 800 2213 solis
827 2155 1172 2212 credentibus
1197 2165 1256 2210 et
1288 2168 1416 2210 vere
1441 2154 1730 2210 Dominum
1768 2153 2074 2207 conﬁtenti-

498 2251 621 2314 bus,
670 2262 736 2302 ex
763 2246 931 2317 priori
960 2245 1156 2316 populo
1183 2245 1354 2300 David
1378 2239 1633 2300 "nostrum
1673 2241 1960 2298 Dominum
1983 2242 2072 2295 'vi-

500 2341 696 2394 delicet
740 2333 1078 2393 Salvatorem
1124 2337 1498 2406 sequentibus,
1535 2337 1604 2390 'in
1639 2335 1855 2390 cateris
1897 2333 2074 2388 adhuc

499 2444 654 2484 error
706 2425 1040 2483 confusionis
1091 2435 1304 2496 regnat,
1359 2419 1574 2481 diabolo
1613 2426 1927 2496 instigante,
1979 2423 2073 2495 qui

501 2532 645 2590 sape
675 2516 1093 2587 transfiguratur
1119 2516 1174 2570 in
1209 2515 1456 2586 angelum
1477 2514 1655 2570 lucis?
1715 2545 1720 2550 -
1761 2529 1763 2531 ·
1857 2527 1864 2534 ν

582 2629 603 2659 ι
649 2608 716 2662 Et
759 2607 858 2660 fuit
895 2621 1156 2661 numerus
1182 2606 1416 2672 dierum,
1444 2620 1582 2675 quos
1605 2606 1971 2660 commoratus
1991 2612 2075 2660 est

511 2720 529 2750 ι
575 2698 764 2763 David,
811 2697 1083 2767 imperans
1108 2697 1168 2750 in
1202 2690 1418 2753 Hebr-on
1464 2711 1627 2765 super
1652 2695 1870 2752 domum
1903 2695 2037 2750 Juda
2055 2735 2070 2761 ,

509 2810 529 2844 ι
574 2799 780 2860 septem
813 2802 1080 2843 annorum
1117 2795 1172 2842 et
1198 2801 1292 2842 sex
1320 2787 1609 2853 mensium,
1642 2807 1661 2837 ι
1692 2795 1799 2842 etc.
1839 2786 1905 2841 Et
1937 2781 2074 2841 bene

504 2882 672 2939 David
701 2888 906 2950 septem
934 2880 1091 2932 annis
1114 2888 1170 2934 et
1197 2893 1294 2934 sex
1321 2879 1598 2933 mensibus
1615 2877 1861 2948 regnavit
1889 2879 1942 2930 in
1972 2877 2075 2931 lie-

504 2976 660 3037 hron,
690 2983 811 3041 qua:
855 2969 1240 3040 interpretatur
1265 2966 1596 3036 coniugium,
1637 2975 1699 3020 ut
1745 2981 1908 3036 supra
1936 2967 2072 3022 dixi-

2173 1883 2442 1953 cxpenit:
2481 1899 2503 1933 ι
2536 1881 2721 1936 Abner
2765 1889 2946 1934 antem
2995 1879 3264 1949 promovit
3311 1877 3548 1932 electum
3593 1877 3754 1932 nimis

2159 1974 2500 2038 exercitum,
2540 1981 2599 2026 ut
2637 1972 3062 2042 congrederet:-.r
3099 1984 3222 2023 cum
3261 1967 3405 2022 tribu
3428 1965 3586 2020 Juda.
3614 1966 3757 2021 lras-

2173 2069 2401 2119 cebatur
2428 2062 2576 2116 enim
2604 2059 2871 2114 adVer'sus
2891 2067 3008 2123 eos,
3048 2075 3078 2112 a
3104 2058 3302 2127 quibus
3329 2071 3424 2111 rex
3455 2057 3622 2110 David
3645 2055 3758 2110 fue-

2175 2164 2263 2208 rat
2293 2154 2600 2208 Ordinatus.
2629 2150 2768 2210 Huic
2801 2159 2983 2205 autem
3013 2149 3252 2204 occurrit
3281 2146 3480 2202 missus
3507 2163 3540 2202 a
3581 2147 3750 2202 David

2173 2242 2331 2308 Joab,
2367 2243 2510 2297 filiu
2544 2241 2750 2296 Sarvia:
2775 2240 2980 2295 sororis
3001 2239 3138 2308 ejus,
3167 2238 3234 2292 de
3254 2246 3408 2305 patre
3437 2235 3542 2290 Sar
3567 2244 3754 2290 natus.

2174 2335 2275 2390 llic
2315 2343 2498 2390 autem
2541 2339 2663 2388 erat
2703 2341 2891 2385 contra
2939 2331 3120 2383 Ahner
3172 2326 3502 2382 constitutus
3548 2325 3758 2381 militiie

2174 2426 2447 2497 princeps.
2472 2423 2608 2478 Cum
2631 2435 2745 2492 quo
2767 2421 2934 2475 etiam
2959 2419 3180 2474 fuerunt
3203 2427 3260 2472 et
3279 2417 3362 2472 Sui
3389 2417 3586 2472 fratres
3604 2417 3766 2472 Abis-'

2168 2516 2278 2582 sai,
2312 2513 2476 2569 ASael
2504 2521 2562 2569 et
2606 2519 2797 2568 Otones
2829 2509 3250 2575 armati-David.
3309 2508 3494 2577 Itaque
3535 2507 3755 2562 veniens

2176 2607 2248 2662 ad
2299 2605 2589 2675 quemdam
2618 2601 2828 2664 fontem
2857 2602 2914 2676 in
2944 2600 3167 2656 civitate
3200 2598 3400 2663 Suhaa,
3431 2598 3601 2653 aciem
3626 2605 3760 2654 ceu-

2178 2699 2358 2756 stituit
2383 2699 2453 2772 ad
2480 2697 2850 2768 pugnandum.
2877 2694 3109 2750 Dicente
3147 2702 3276 2747 vero
3301 2693 3486 2748 Abner
3527 2692 3594 2746 ad
3631 2707 3758 2746 eum

2176 2792 2311 2847 velle
2341 2806 2400 2845 se
2424 2791 2658 2861 probare
2698 2789 2820 2858 quis
2846 2794 3035 2842 eorum
3065 2785 3426 2841 robustiorem
3455 2785 3758 2838 exercitum

2175 2883 2424 2947 haberet,
2461 2880 2714 2936 convenit
2739 2881 2882 2933 inter
2901 2887 3162 2948 utrosque
3191 2883 3251 2930 ut
3287 2875 3572 2930 duodecim
3613 2875 3763 2932 viros

2177 2980 2512 3043 pugnaturos
2557 2971 2836 3025 mitterent
2890 2979 2945 3024 et
2987 2968 3344 3039 procedentes
3381 2967 3524 3020 inter
3551 2967 3762 3022 medias

504 3071 767 3140 mus,_au_t
811 3061 950 3128 visio,
976 3061 1313 3131 sempiterna,
1352 3059 1479 3128 quia
1526 3057 1772 3114 Salvator
1809 3065 1992 3114 noster
2017 3057 2072 3112 in

2179 3067 2325 3122 acies
2343 3064 2439 3135 qui
2483 3079 2552 3119 ex
2593 3072 2820 3132 utraque
2845 3069 3000 3131 parte
3017 3058 3203 3129 jocnm
3244 3058 3487 3115 fecerant
3525 3075 3557 3113 a
3583 3067 3764 3113 certa-

503 3137 749 3230 Ecclesia
776 3151 1064 3220 catholica,
1093 3164 1213 3230 quae
1236 3159 1290 3205 et
1313 3164 1510 3219 sponsa
1533 3145 1648 3217 ejus
1673 3157 1776 3216 est,
1799 3164 1898 3220 per
1916 3163 2075 3205 omne

2181 3159 2346 3224 mine,
2378 3157 2690 3226 relictisque
2717 3155 2910 3226 gladiis
2941 3154 3042 3208 viri
3083 3153 3278 3218 David,
3307 3162 3637 3208 et'tenentes
3670 3167 3763 3207 ea-

503 3227 718 3315 tempus
745 3243 902 3299 istius
928 3241 1080 3307 vitae,
1103 3227 1248 3310 quod
1267 3239 1574 3310 septenario
1599 3239 1809 3295 dierum
1847 3255 2077 3296 numero

507 3333 766 3410 decurrit,
793 3339 984 3403 regnat
1031 3315 1328 3386 secundum
1374 3329 1547 3384 illud:
1601 3347 1622 3382 ι
1648 3328 1790 3385 Ecce
1813 3345 1936 3402 ego,
1988 3332 2074 3386 in-

505 3423 644 3496 quit,
671 3421 948 3494 vobiscum
976 3413 1096 3491 sum
1141 3420 1393 3480 omnibus
1417 3418 1608 3477 diebus
1645 3437 1816 3492 usque
1836 3423 1906 3478 ad
1943 3439 2080 3481 con-

507 3515 925 3590 summationem
951 3513 1132 3569 saeculi
1149 3512 1362 3585 (Matth.
1379 3513 1593 3588 xxvm).
1614 3534 1634 3568 ι
1664 3515 1734 3572 Et
1751 3524 1873 3586 post
1896 3516 2082 3586 exple-

511 3609 713 3664 tionem
758 3605 958 3680 senarii
987 3605 1217 3671 numeri,
1248 3605 1352 3660 hoc
1379 3614 1483 3673 est,
1520 3605 1908 3676 perfectionem
1946 3608 2076 3663 boni

503 3700 708 3774 operis,
747 3713 938 3778 omnes
961 3696 1162 3768 electos
1199 3713 1325 3754 suos
1353 3699 1422 3754 ad
1451 3698 1738 3756 sabbatum
1764 3714 1975 3766 verum,
2025 3699 2081 3756 id

507 3800 614 3857 est,
653 3789 992 3862 adarequiem
1029 3790 1418 3860 sempiternam
1443 3790 1727 3860 perducet,
1758 3790 1848 3846 ubi
1877 3800 1932 3846 et
1957 3805 2078 3860 per-

508 3884 758 3939 fruentur
782 3882 880 3938 Dei
909 3880 1116 3936 visione
1141 3890 1400 3951 perpetua
1426 3881 1582 3953 (lani.
1612 3880 1780 3954 vai).
1819 3881 1928 3954 (Ex
1952 3881 2082 3938 Hio-

507 3973 774 4046 ronymo.)
801 3973 898 4028 Est
924 3980 1106 4041 autem
1152 3971 1372 4026 Hebron
1400 3971 1591 4027 civitas
1617 3971 1676 4026 in
1715 3972 1860 4028 tribu
1900 3969 2036 4027 Jiuda
2062 4012 2077 4038 ,

507 4079 628 4135 quae
655 4063 926 4134 quondam
949 4061 1246 4118 vocabatur
1270 4061 1435 4126 Arbe,
1465 4061 1592 4118 licet
1613 4062 1765 4118 male
1800 4063 1856 4118 in
1879 4061 2082 4119 Graecis

507 4155 786 4212 codicibus
827 4153 1014 4208 Arbor.
1063 4152 1328 4223 Corrupte
1358 4152 1522 4222 igitur
1564 4153 1617 4208 in
1649 4154 1853 4208 nostris
1881 4153 2080 4209 codici-

509 4247 611 4301 bus
639 4244 806 4298 Arbor
835 4244 1110 4309 scribitur,
1139 4259 1260 4298 cum
1303 4244 1359 4298 in
1406 4243 1650 4300 llebmis
1673 4245 1884 4318 legatur
1907 4246 2043 4300 Arbe
2060 4287 2075 4313 ,

511 4336 566 4391 id
583 4343 690 4400 est,
717 4334 808 4400 ivi,
834 4349 896 4388 ex
923 4349 990 4389 eo
1014 4335 1158 4404 quod
1181 4335 1253 4388 ibi
1282 4342 1392 4390 tres
1412 4335 1755 4406 patriarcbze,
1781 4336 2076 4405 Abraham,

2183 3249 2300 3320 pita
2339 3248 2582 3303 hostium
2619 3261 2830 3310 eorum,
2861 3243 3074 3298 lumbos
3120 3252 3177 3299 et
3219 3244 3389 3298 latera
3417 3243 3529 3297 suis
3569 3242 3763 3314 gladiis

2180 3337 2549 3408 perforarunt,
2597 3336 2768 3392 donec
2796 3349 2986 3392 omnes
3031 3333 3184 3404 quasi
3215 3349 3282 3387 ex
3319 3349 3425 3388 uno
3467 3334 3765 3388 constituto

2181 3429 2538 3502 perimet-ent.
2568 3424 2666 3481 liis
2710 3436 2893 3480 autem
2939 3424 3279 3490 cadentibus,
3327 3425 3490 3478 etiam
3520 3423 3766 3492 reliquiis

2181 3523 2426 3593 direptus
2450 3507 2741 3577 exercitus.
2775 3521 2843 3576 Et
2871 3521 3220 3577 dimicatione
3258 3520 3552 3576 fortissima
3578 3537 3745 3591 proce

2181 3617 2364 3679 dente,
2383 3610 2813 3681 Abnespopulus
2825 3610 3018 3674 victus,
3032 3609 3408 3681 fugientesque
3426 3608 3561 3664 Joab
3583 3623 3766 3679 perse-

2183 3705 2280 3774 qui
2325 3719 2436 3758 non
2464 3687 2736 3769 cessabat,
2765 3701 3083 3772 priecipiens
3118 3702 3367 3764 armatis,
3420 3709 3479 3753 ut
3503 3710 3626 3769 post
3667 3716 3766 3755 eo-

2185 3809 2305 3848 rum
2335 3793 2559 3863 vestigia
2601 3791 2943 3857 festinarent,
2986 3800 3043 3846 et
3087 3803 3429 3859 nequaquam
3467 3791 3765 3845 occidendo

2182 3865 2496 3940 deﬁcerent.
2519 3880 2685 3952 Cujus
2708 3882 2874 3942 etiam
2897 3882 3097 3936 fratres
3120 3879 3382 3935 decertati
3405 3889 3531 3934 sunt
3553 3882 3763 3949 pronis-

2190 3975 2354 4039 sime,
2384 3973 2527 4028 inter
2548 3985 2688 4041 quos
2719 3969 2917 4025 clarior
2943 3970 3048 4024 fuit
3078 3969 3352 4039 pnecipue
3374 3969 3556 4038 junior
3577 3969 3762 4024 Asael.

2186 4064 2288 4132 Qui
2317 4073 2524 4118 tantam
2565 4061 2790 4132 gloriam
2822 4060 3012 4116 habuit
3037 4061 3091 4114 in
3119 4059 3318 4129 pedum
3344 4059 3660 4126 velocitate,
3703 4071 3765 4116 ut

2181 4171 2291 4211 non
2333 4154 2507 4210 solum
2561 4151 2830 4217 homines,
2877 4151 2973 4206 sed
3017 4150 3388 4218 etiamequos
3419 4151 3489 4204 ad
3533 4165 3762 4205 curren-

2183 4247 2312 4302 dum
2354 4243 2650 4300 certamine
2693 4250 2996 4314 superaret.
3045 4239 3097 4296 ls
3141 4241 3307 4311 igitur
3332 4241 3764 4311 persequebatur

2179 4338 2478 4410 principem
2517 4336 2725 4404 Abner,
2763 4345 2913 4392 recto
2942 4349 3132 4406 gressu
3162 4336 3218 4389 in
3254 4345 3450 4390 neutra
3473 4345 3627 4406 parte
3669 4336 3766 4390 de-

511 4425 658 4479 lsaac
683 4431 738 4479 et
762 4423 954 4492 Jacob,
979 4425 1174 4500 sepulti
1195 4433 1341 4492 sunt,
1368 4435 1424 4481 et
1455 4425 1626 4481 Adam
1652 4441 1904 4496 magnus,
1934 4437 1994 4482 ut
2023 4428 2086 4482 in
2105 4471 2160 4530 Β
2181 4431 2413 4483 clinans.
2454 4427 2695 4496 Cumque
2722 4427 3052 4496 respexisset
3079 4425 3290 4505 Ahner,‘
3320 4437 3376 4480 et
3420 4427 3762 4481 consideras-

511 4512 637 4567 .lesu
667 4514 808 4569 libro
833 4515 1096 4585 scriptum
1123 4523 1231 4580 est,
1251 4514 1376 4570 licet
1402 4529 1525 4570 eum
1551 4517 1773 4585 quidam
1801 4511 2078 4574 conditum

510 4606 566 4658 in
595 4604 714 4658 loco
741 4604 1001 4658 Calvaria:
1021 4604 1382 4672 suspicentur.
1415 4593 1542 4661 ﬂare
1566 4614 1650 4660 est
1677 4615 1861 4660 autem
1893 4607 2082 4661 eadem

512 4693 750 4759 llebron,
787 4691 915 4746 olim
943 4691 1255 4760 metropolis
1277 4679 1744 4760 Philisthinorum,
1783 4705 1840 4749 et
1865 4695 2082 4750 habita-

512 4785 692 4856 culum
721 4785 1018 4858 gigantum,
1066 4797 1398 4856 regnumque
1425 4791 1611 4856 postea
1642 4783 1810 4842 David
1853 4787 1908 4842 in
1938 4788 2081 4844 tribu

509 4876 645 4932 Juda
667 4915 682 4941 ,
713 4875 905 4930 civitas
933 4872 1290 4945 sacerdotalis
1314 4883 1371 4930 et
1401 4875 1773 4946 fugitivorum,
1809 4879 1980 4948 distat
2010 4881 2080 4936 ad

514 4967 866 5020 meridianam
917 4964 1130 5036 plagam
1177 4966 1246 5020 ab
1289 4964 1456 5034 Esia.
1485 4965 1718 5024 millibus
1743 4951 1960 5042 circiter
2003 4973 2082 5028 vi-

511 5056 645 5126 ginti
665 5054 891 5109 duobus.
919 5053 1021 5110 Ubi
1047 5062 1106 5127 et
1123 5069 1356 5124 quercus
1367 5055 1662 5124 Abraham,
1682 5045 1806 5128 quae.
1826 5070 1882 5116 et
1906 5060 2079 5115 Mam-

513 5149 621 5210 bre,
659 5159 828 5215 usque
859 5145 925 5218 ad
957 5145 1258 5216 Constantii
1294 5147 1456 5216 regis
1477 5135 1768 5222 imperium
1815 5164 2080 5206 monstra-

511 5240 689 5301 batur,
721 5246 777 5292 et
799 5237 1128 5292 mausoleum
1153 5235 1270 5307 ejus
1299 5239 1783 5309 unprasentiarum
1814 5245 2074 5300 cernitur.

513 5329 755 5396 Cumque
783 5345 815 5383 a
861 5329 1063 5383 nostris
1107 5329 1306 5400 ibidem
1348 5331 1590 5387 Ecclesia
1622 5332 1737 5400 jam
1769 5345 2078 5392 constructa

513 5419 606 5484 sit,
638 5420 691 5472 in
739 5419 968 5474 circuitu
1007 5435 1038 5472 a
1067 5421 1280 5494 cunctis
1313 5423 1563 5490 gentibus
1604 5425 1902 5486 terebinthi
1923 5427 2074 5483 locus

514 5513 896 5582 superstitione
945 5512 1162 5579 colitur,
1218 5524 1272 5568 et
1305 5515 1405 5569 sub
1440 5499 1813 5572 ea'Abrahant
1867 5521 2080 5588 angelos

513 5604 780 5672 quondam
795 5602 1026 5672 hospitio
1045 5595 1359 5673 susceperit.
1385 5604 1508 5660 litec
1529 5622 1655 5677 ergo
1665 5609 1899 5678 primum
1922 5611 2079 5676 Arbe,

519 5704 702 5760 [instra
729 5691 938 5746 Πρω-οη
963 5693 1031 5748 ab
1058 5709 1163 5749 uno
1189 5695 1422 5750 liliorum
1448 5696 1610 5753 Caleh
1633 5700 1823 5754 sortita
1851 5703 2079 5756 vocabu-

2183 4526 2288 4576 set
2307 4517 2570 4590 impetum
2601 4517 2909 4586 sequentis,
2939 4526 2993 4572 et
3018 4516 3247 4594 dixisset
3289 4526 3349 4571 ut
3374 4517 3536 4571 unius
3574 4517 3764 4572 militis

2185 4623 2335 4662 arma
2387 4622 2607 4662 sumens
2638 4610 2708 4663 ab
2760 4622 2878 4675 ejus
2901 4608 3283 4677 persecutione
3315 4610 3655 4677 quiesceret,
3704 4617 3763 4661 et

2183 4699 2271 4754 ille
2301 4713 2488 4752 rursus
2508 4712 2851 4768 nequaquam
2878 4713 2910 4751 a
2932 4713 3030 4752 suo
3051 4698 3336 4753 conamine
3359 4699 3574 4768 penitus
3594 4698 3763 4752 absti-

2185 4796 2358 4855 neret,
2387 4798 2640 4848 monente
2670 4788 2762 4844 illo
2789 4789 2969 4843 denuo
3001 4798 3064 4843 ut-
3087 4791 3390 4856 recederet,
3415 4798 3762 4845 peccat-tus

2183 4897 2306 4935 eum
2328 4890 2658 4950 percuteret,
2699 4889 2756 4935 et
2781 4889 2905 4934 ante
2950 4879 3068 4950 ejus
3110 4882 3334 4936 fratrem
3364 4881 3593 4937 ulteritrs
3619 4880 3760 4936 [idu-

2183 4971 2324 5024 ciam
2339 4986 2458 5025 non
2484 4970 2730 5036 haberet,
2751 4972 2918 5026 verba
2940 4969 3057 5040 ejus
3077 4971 3167 5027 illo
3193 4973 3527 5043 despiciente
3546 4973 3760 5044 fugiens

2183 5070 2306 5130 post
2352 5069 2562 5130 tergum
2593 5061 2844 5117 lanceam
2885 5063 3070 5126 emisit
3103 5073 3345 5131 coactus,
3390 5079 3623 5134 eumque
3670 5080 3760 5119 re~

2183 5159 2345 5220 pente
2368 5151 2585 5207 mortali
2606 5152 2828 5208 vulnere
2850 5155 3175 5223 penetravit.
3212 5177 3231 5209 ι

2261 5259 2280 5291 ι
2313 5239 2550 5297 Locutus
2574 5252 2659 5298 est
2681 5258 2810 5314 ergo
2835 5246 3019 5302 Abner
3044 5249 3116 5303 ad
3150 5248 3332 5316 Asael,
3383 5249 3570 5306 dicens
3605 5267 3618 5305 :
3650 5251 3759 5306 Re-

2190 5349 2209 5382 ι
2243 5333 2396 5397 cede,
2434 5333 2542 5387 noli
2567 5347 2653 5387 me
2678 5336 2852 5414 sequi,
2883 5352 2958 5391 ne
2973 5339 3269 5408 compellar
3295 5340 3583 5397 confodere
3615 5351 3669 5397 te
3698 5344 3756 5397 in

2191 5440 2208 5474 ι
2248 5432 2410 5478 terra.
2449 5425 2550 5490 Qui
2581 5429 2901 5498 contempsit
2922 5437 2980 5483 et
3002 5429 3172 5490 uoluit
3207 5431 3499 5487 declinare.
3527 5432 3758 5489 Percus-

2189 5533 2209 5567 ι
2243 5515 2312 5570 sit
2352 5531 2481 5586 ergo
2517 5533 2641 5572 eum
2685 5519 3104 5576 Abner'aversa
3141 5523 3298 5577 hasta
3341 5525 3397 5586 in
3432 5525 3672 5596 inguine,
3697 5537 3759 5583 et

2189 5624 2209 5657 ι
2250 5608 2537 5664 transfodit
2563 5623 2708 5676 eum,
2727 5621 2782 5664 et
2810 5622 3056 5666 mortuus
3087 5623 3241 5681 est,»
3270 5625 3377 5671 etc.
3408 5617 3569 5686 Cujus
3589 5620 3753 5674 Asael

2185 5706 2368 5766 typum
2402 5702 2590 5766 tenuit,
2619 5702 2718 5755 nisi
2747 5717 2934 5758 eorum
2955 5721 3092 5774 quos
3107 5707 3454 5764 vehementer
3477 5711 3753 5780 arripiens
