2005 3097
142 163 177 190 ἷἹ
547 162 724 193 COMMENT.
745 163 779 198 ιδ
799 162 922 190 LIBROS
940 162 971 189 IV
994 163 1124 191 REGUM.
1145 179 1179 184 —
1197 163 1230 191 IN
1248 164 1311 191 LIB.
1329 164 1360 192 II.
1737 166 1773 196 78,

142 218 222 245 furor
237 217 264 244 in
281 225 403 253 praeceps
414 216 507 245 ducit!
518 216 570 251 Qui
580 217 607 245 in
617 217 822 246 eodemfuroris
836 218 936 253 impetu
951 221 973 250 Α
989 217 1045 244 sola
1064 218 1128 253 Egla
1152 226 1222 249 uxor
1234 219 1339 247 dicatur
1357 219 1459 247 David?
1485 220 1548 254 Egla
1559 220 1631 247 enim
1648 222 1705 254 ipsa
1728 224 1773 247 est

145 268 221 292 tanta
231 264 340 294 cautius
352 264 504 293 declinandi
515 269 592 297 sunt,
598 271 701 300 quanto
716 266 810 294 insane
826 266 935 301 rapiun-

144 314 199 337 tur.
223 309 299 337 Unde
319 314 347 337 ct
361 310 466 343 Abner,
483 310 530 345 qui
545 318 671 339 sermone
689 316 783 339 nostro
792 312 877 347 patria
890 312 934 338 tu-

143 363 222 382 emur
236 355 348 387 dicitur,
365 355 444 391 fugit,
458 356 522 391 quia
544 356 688 385 doctorum
702 357 803 393 lingua,
815 366 876 394 qum
891 367 936 387 su—

144 408 239 436 perum
265 401 312 428 Dei
333 401 424 428 lumen
438 402 553 437 iudicat,
568 410 630 431 cum
651 403 696 438 pie
710 404 823 440 abrupta
837 404 936 433 furoris

145 449 263 472 mentem
286 445 436 481 cujus-piam
456 445 523 475 ferri
540 448 684 482 conspicit.
708 456 823 484 cumque
840 454 935 477 contra

144 490 308 518 irascentem
337 491 489 520 dissimulat
519 493 663 522 verberum
689 492 781 527 iacula
810 494 933 527 reddere,

145 538 223 572 quasi
239 543 450 573 persequentem
464 547 517 567 non
533 540 592 568 vult
612 540 703 568 ferire.
725 540 778 568 Sed
797 549 858 568 cum
881 542 934 568 ira-

144 584 224 610 cundi
240 584 316 611 nulla
337 585 553 613 consideratione
568 593 597 613 se
609 585 743 621 mitigant,
759 587 835 621 quasi
855 586 934 614 Asael

142 629 270 664 persequi
287 633 316 656 et
330 630 450 660 insnuire
472 638 525 660 non
540 635 660 664 cessant,
672 640 782 660 necesse
801 636 843 659 est
860 637 890 660 ιιι
907 632 933 660 hi

143 675 187 709 qui
201 674 324 704 furentes
337 676 488 710 reprimere
505 681 649 710 conantur,
669 686 841 713 nequaquam
866 687 895 706 se
906 679 933 706 in

145 719 235 748 furore
245 721 362 756 erigant,
369 722 416 749 sed
423 722 552 756 quidquid
562 726 606 749 est
620 723 832 757 tranquillitatis,
844 729 933 751 osten-

144 765 224 798 dant;
242 766 367 801 quaedam
381 774 446 794 vero
462 767 597 795 subtiliter
609 768 761 802 proferant,
785 769 813 795 in
835 769 933 804 quibus

144 818 177 838 ex
189 810 300 846 obliquo
312 811 429 842 furentis
442 812 563 840 animum
574 817 699 848 purgent.
714 813 793 841 Unde
801 817 829 841 et
841 814 934 842 Abner

144 865 203 883 cum
228 862 324 884 contra
340 863 545 893 persequentem
569 859 700 891 substitit,
715 868 766 886 non
784 867 844 888 eum
860 865 932 888 recta

987 262 1095 290 Michol.
1122 263 1186 297 Quae
1214 265 1275 294 ideo
1297 272 1367 292 uxor
1383 265 1442 301 ejus
1464 266 1508 293 hic
1522 265 1578 293 sola
1600 270 1723 297 vocatur,
1739 272 1772 292 co

985 309 1056 343 quod
1071 310 1097 336 in
1112 310 1293 338 adolescentia
1318 312 1435 346 primum
1451 312 1535 346 ipsam
1557 312 1670 339 sortitus
1691 310 1773 339 fuerit

985 354 1012 380 in
1037 362 1159 387 uxorem,
1180 363 1240 390 quae
1266 356 1348 384 etiam
1372 361 1451 391 partu
1475 357 1635 385 occubuisse
1660 356 1771 384 dicitur.

986 401 1063 429 Unde
1073 405 1102 429 et
1114 402 1141 429 in
1156 403 1332 437 sequentibus
1354 404 1485 439 scriptum
1508 408 1550 431 est
1565 414 1572 431 :
1589 414 1598 430 ε
1620 404 1706 440 Igitur
1723 404 1772 431 Mi-

983 447 1046 474 chol
1060 448 1122 475 ﬁliai
1136 447 1201 475 Sani
1224 456 1278 477 non
1291 453 1333 477 est
1348 454 1426 478 natus
1441 450 1524 483 filius,
1543 459 1627 486 usque
1641 452 1675 479 ad
1698 452 1771 480 diem

983 492 1082 520 mortis
1101 501 1166 525 suae,
1184 494 1248 528 quia
1263 494 1290 521 in
1313 495 1371 529 ipso
1385 500 1464 529 partu
1477 497 1613 524 occubuit.
1635 506 1644 523 ι
1658 497 1691 524 Et
1706 498 1771 532 quid

985 542 1031 562 se:
1054 536 1103 563 ﬁlii
1117 537 1164 571 qui
1180 538 1204 564 ei
1229 538 1284 565 nati
1300 543 1361 565 sunt
1375 539 1401 566 in
1427 539 1544 573 IIebron,
1560 541 1611 568 nisi
1627 540 1772 576 perfectio-

984 588 1046 609 nem
1057 586 1213 609 sanctorum
1224 582 1251 609 in
1263 582 1325 616 ﬁde,
1336 591 1460 611 sermone
1471 588 1499 611 et
1510 591 1591 619 opere
1606 585 1769 619 significant,

983 634 1044 660 quae
1053 627 1086 655 ab
1095 627 1215 655 Ecclesia
1227 632 1314 656 matre
1327 636 1426 664 sponso
1437 637 1495 661 suo,
1505 629 1772 659 Salvatorividelicct

983 678 1087 707 nostro,
1101 675 1221 708 quotidie
1236 680 1389 710 generatur.
1405 676 1444 703 Ex
1471 676 1596 712 eonjugio
1610 684 1674 712 ergo
1691 677 1771 712 spiri—

984 718 1049 746 tuali
1065 726 1118 754 per,
1129 719 1246 754 Spiritus
1267 721 1355 748 sancti
1374 721 1486 757 gratiam
1502 722 1529 748 in
1544 726 1673 750 aeternam
1686 724 1770 751 vitam

984 765 1105 798 quotidie
1123 765 1171 792 filii
1189 765 1257 793 lucis
1275 766 1410 794 oriuntur.

1021 819 1030 835 ι
1053 809 1212 839 Sermonem
1237 820 1343 847 quoque
1365 813 1456 841 intulit
1479 816 1570 843 Abner
1595 817 1629 844 ad
1651 817 1772 845 seniores

986 865 996 881 ι
1016 855 1115 889 Israel,
1138 857 1235 885 dicens
1260 868 1266 885 :
1286 859 1353 886 Tam
1380 859 1440 886 heri
1467 868 1547 895 quam
1576 862 1772 890 nudiustertius

143 902 188 929 sed
209 910 306 930 aversa
323 904 399 930 hasta
421 903 606 931 transforavit.
629 904 671 931 Ex
685 912 814 933 mucrone
831 906 931 940 quippe
945 904 969 933 B
985 910 995 926 ι
1016 902 1179 936 quaerebatis
1204 903 1300 937 David,
1320 909 1350 932 ut
1373 911 1501 941 regnaret
1517 914 1599 942 super
1614 916 1672 936 vos.
1694 908 1772 936 Nunc

142 952 284 980 percutere
307 951 348 974 est
363 948 463 983 impetu
483 953 584 982 apertae
601 949 797 983 increpationis
810 950 930 976 obviare.

142 992 244 1018 Aversa
258 1000 321 1019 vero
333 993 408 1019 hasta
421 999 629 1028 persequentem
640 994 731 1026 ferire,
747 1000 788 1021 est
799 995 931 1022 furentem

142 1037 286 1071 tranquille
301 1045 333 1064 ex
345 1038 504 1072 quibusdam
523 1045 644 1074 tangere,
658 1043 685 1065 et
699 1040 776 1074 quasi
796 1041 932 1075 parcendo

140 1089 279 1117 superare.
291 1083 371 1110 Asael
380 1088 471 1110 autem
485 1084 608 1117 protinus
624 1085 768 1116 occumbit,
780 1085 845 1119 quia
857 1092 931 1113 com-

141 1132 222 1154 motae
245 1133 351 1155 mentes
367 1129 430 1155 dum
443 1134 471 1155 et
491 1130 565 1163 parci
580 1130 630 1156 sibi
654 1130 783 1163 sentiunt,
793 1134 826 1158 et
841 1135 932 1158 tamen

141 1180 333 1207 responsorum
364 1175 468 1202 ratione
494 1175 520 1201 in
535 1175 637 1202 intimis
664 1176 714 1203 sub
738 1176 932 1211 tranquillitate

142 1222 298 1252 tanguntur,
319 1219 352 1245 ab
364 1227 398 1246 eo
410 1220 482 1254 quod
501 1228 529 1248 se
546 1226 698 1253 erexerant,
717 1222 810 1250 statim
820 1223 929 1250 cadunt.

141 1262 190 1295 Qui
203 1270 269 1297 ergo
280 1272 296 1290 a
315 1264 430 1292 fervoris
442 1266 483 1294 sui
497 1265 602 1300 impetu
620 1268 669 1295 sub
687 1267 806 1300 lenitatis
820 1275 930 1303 percus-

141 1309 215 1337 sione
230 1310 365 1343 resiliunt,
381 1312 458 1345 quasi
471 1312 530 1344 sine
539 1312 612 1341 ferro
626 1313 787 1342 moriuntur.

442 1366 558 1395 CAPUT
585 1368 626 1395 IIl.

142 1408 229 1444 Longa
239 1412 404 1448 roncerlatio
418 1412 492 1448 interr
504 1413 610 1439 domum
624 1413 708 1442 David
721 1420 746 1442 et
758 1414 836 1448 Saul,
849 1417 894 1443 sed
905 1421 929 1443 et

173 1447 340 1482 nominamur.
353 1447 469 1479 ﬁliorum
482 1447 577 1477 David,
594 1449 637 1482 qui
653 1450 708 1477 nali
721 1455 782 1478 sunt
796 1451 820 1477 ei
833 1451 860 1478 in
875 1451 929 1479 He-

175 1479 347 1519 ltrolt._Qizod
357 1482 450 1519 _Abi_1_c_r
463 1479 616 1519 cohortatus
629 1489 665 1510 est
678 1482 806 1519 populum
828 1491 867 1519 att,
890 1495 930 1513 re-

172 1514 234 1540 licto
251 1515 368 1554 lsboseth
383 1516 451 1554 filio
477 1518 552 1554 Sani,
574 1527 601 1545 se
617 1514 770 1554 transferret
782 1521 817 1548 ad
831 1514 927 1554 David,

173 1558 249 1583 quem
264 1550 332 1576 Joab
344 1551 404 1577 dolo
421 1552 560 1586 inter/erit,
572 1558 595 1580 et
613 1554 643 1581 ob
661 1550 709 1581 hoc
722 1564 739 1582 a
751 1555 835 1583 Dauid
846 1550 927 1583 male-'-

173 1585 296 1611 dictionis
310 1587 438 1612 sententia
453 1596 497 1621 per
511 1589 673 1622 prophetiam
685 1591 840 1624 percutitur.

175 1630 249 1665 (CAP.
266 1631 319 1665 in.)
337 1641 345 1655 ε
363 1631 445 1659 Facta
456 1637 497 1659 est
507 1641 572 1668 ergo
585 1634 661 1668 longa
676 1636 842 1664 concertatio
855 1636 928 1666 inter

142 1684 150 1699 ‹
165 1674 274 1701 domum
292 1675 393 1705 Saulct
409 1677 477 1703 inter
500 1679 607 1705 domum
626 1679 719 1706 David.
747 1681 830 1709 David
848 1682 927 1717 proﬁ-

142 1730 150 1744 c
166 1721 243 1748 ciens
260 1726 289 1748 et
308 1729 416 1757 semper
429 1724 516 1757 seipse
533 1725 678 1759 robustior.
704 1727 821 1754 Domus.
837 1732 926 1755 autem

141 1775 149 1789 I
174 1766 238 1792 Saul
262 1767 423 1794 decrescens
443 1769 573 1802 quotidie.
592 1779 600 1794 ι
623 1770 723 1801 Domus
740 1773 925 1808 ergojlavid,

140 1819 196 1845 qua:
220 1816 263 1839 est
285 1812 338 1839 alia
352 1820 433 1847 quam
451 1814 547 1842 civitas
564 1815 622 1848 Dei,
640 1815 790 1845 Jerusalem
803 1818 928 1846 videlicet

140 1857 266 1889 rtelestis,
291 1866 350 1891 qua:
368 1859 467 1892 partim
488 1860 577 1887 adhuc
592 1862 782 1896 peregrinatur
793 1863 821 1890 in
835 1864 925 1898 terris,

139 1902 235 1935 partim
257 1901 314 1935 jam
340 1910 400 1929 cum
414 1904 526 1931 Domino
552 1910 647 1940 regnat
662 1906 689 1933 in
704 1907 798 1936 ccelis?
814 1909 848 1936 Et
866 1918 926 1945 quie

138 1951 175 1973 est
193 1948 292 1974 domus
305 1948 380 1980 Saul,
402 1949 508 1983 superbi
522 1955 547 1977 et
559 1951 632 1984 impii
646 1950 793 1986 regis,,nisi
806 1953 926 1989 Babylon

139 1991 179 2019 illa
197 1993 368 2021 confusionis
387 1995 487 2029 plena,
500 2004 560 2031 quae
583 1997 688 2025 seducit
704 2003 732 2026 et
745 1997 874 2027 fornicari
887 2000 926 2027 fa-

138 2038 173 2063 cit
184 2045 282 2065 omnes
296 2043 391 2073 gentes
403 2040 429 2066 in
442 2041 630 2074 prostitutione
640 2043 708 2072 sua?
720 2036 815 2079 (Apoc.
823 2052 886 2073 .xvn
899 2050 926 2072 et

138 2083 224 2117 nui).
246 2082 340 2118 Longa
353 2091 418 2119 ergo
432 2087 802 2119 coqcertatiodntepdomum
819 2090 927 2119 Saulet

136 2128 245 2156 domum
265 2129 353 2156 David
363 2134 416 2163 est,
435 2131 500 2166 quia
514 2134 687 2171 persequitur
700 2135 747 2163 illa
756 2144 819 2171 qua:
832 2145 926 2165 secun-

137 2174 196 2200 dum
214 2183 327 2202 carnem
346 2180 398 2208 est,
422 2184 453 2204 ea
472 2185 532 2213 qua:
554 2180 700 2212 secundum
723 2182 925 2220 spiritum.(Ga-

136 2219 180 2245 Iul.
197 2220 247 2255 iv).
265 2220 319 2246 Sed
332 2220 426 2248 domus
439 2222 521 2249 David
532 2231 565 2251 eo
574 2225 661 2259 magis
670 2225 793 2260 profectu
806 2227 923 2256 ﬁliorum

136 2272 245 2291 suorum
263 2265 400 2299 gaudebit,
424 2274 477 2302 quo
490 2268 668 2302 domusSaul
684 2272 937 2305 .persecutionibus‘

135 2316 228 2338 contra
244 2319 309 2339 uim
322 2312 409 2340 sevit.
427 2312 585 2347 Illaautem
607 2316 873 2351 ,qnotidiedeficicns
895 2319 922 2346 in

136 2357 279 2391 iniquitate
291 2365 342 2385 sua
365 2358 493 2391 tabescet,
517 2364 546 2387 et
562 2361 597 2388 ad
610 2363 922 2391 extremumsccundum

135 2402 232 2429 merita
248 2409 299 2430 sua
323 2403 403 2430 simul
424 2411 487 2431 cum
509 2405 598 2440 capite
624 2413 673 2434 suo
702 2407 729 2434 in
760 2408 921 2441 profundum

134 2447 223 2483 abyssi
235 2452 384 2484 mergetur.

170 2502 180 2517 ι
196 2491 317 2527 Natique
330 2497 395 2527 sunt
408 2493 456 2522 filii
469 2495 554 2523 David
566 2496 593 2525 in
609 2497 716 2526 Hebr-on
735 2508 741 2525 :
756 2500 860 2536 fuitque
872 2503 925 2537 pri-

136 2544 144 2559 l
162 2536 318 2570 mogenitus
330 2537 389 2571 ejus
400 2538 515 2565 Ammon
531 2540 562 2566 de
576 2541 729 2569 Achinoain
738 2536 921 2577 Jezraelitide,

134 2587 145 2605 ί
161 2583 191 2607 et
201 2583 264 2614 post
277 2588 337 2607 cum
350 2581 466 2609 Cheleab
480 2584 512 2610 de
527 2584 644 2619 Abigail,
662 2594 748 2614 nsore
760 2587 845 2615 Nabal
857 2588 923 2617 Car-

134 2633 144 2650 ¢
162 2625 238 2651 meli.
265 2625 350 2654 Porro
370 2628 466 2656 tertius
482 2629 612 2662 Absalon,
632 2630 704 2659 ﬁlius
717 2632 837 2665 .Maacha
861 2634 923 2662 ﬁlia:

133 2679 143 2695 ι
160 2669 265 2697 Telmai
283 2672 353 2706 regis
365 2671 473 2700 Cessur.
485 2675 603 2707 Quartus
614 2680 706 2705 autem
719 2676 839 2706 Adonias
851 2679 922 2708 ﬁlius

132 2722 142 2739 ς
162 2713 292 2751 IIaggith,
312 2721 338 2743 et
353 2718 462 2752 quintus
476 2719 603 2754 Saphatia
617 2721 688 2750 ﬁlius
700 2722 802 2751 Abital.
823 2723 922 2753 Sextus

132 2770 142 2786 ι
160 2768 270 2796 quoque
278 2761 417 2790 Jetbraam
426 2765 458 2791 de
465 2765 529 2800 Egla
538 2774 621 2794 uxore
629 2768 721 2801 David,
728 2779 738 2795 ›
748 2773 802 2797 etc.
810 2771 865 2806 (Ea:
871 2771 923 2799 He-

129 2806 224 2843 ἇτιεο.)
240 2817 249 2833 ι
263 2807 411 2843 Quaeritur,
421 2818 485 2841 eum
495 2811 554 2840 alia:
567 2821 665 2841 uxores
679 2814 764 2843 David
779 2824 859 2851 supra
874 2825 922 2846 no-

129 2855 194 2879 tata:
218 2852 285 2885 sint,
304 2857 331 2880 ct
356 2861 409 2881 non
425 2855 550 2883 dicantur
567 2865 665 2886 uxores
687 2858 781 2892 David,
805 2869 854 2888 cur
877 2862 920 2891 hic

985 955 995 972 ‹
1017 953 1081 982 ergo
1094 946 1186 981 facite,
1201 950 1327 983 quoniam
1342 950 1472 979 Dominus
1488 952 1594 980 locutus
1612 958 1653 982 est
1671 955 1705 982 ad
1719 955 1771 982 Da—

985 1000 995 1016 ‹
1016 991 1072 1024 vid,
1096 992 1190 1021 dicens
1207 1003 1213 1020 :
1229 994 1258 1022 In
1282 1002 1364 1023 manu
1379 997 1449 1023 servi
1474 998 1528 1025 mei
1543 997 1639 1032 David,
1660 999 1772 1027 salvabo

985 1046 995 1063 ι
1016 1039 1144 1073 populum
1169 1048 1258 1068 meum
1273 1041 1355 1069 Israel
1380 1042 1414 1071 de
1437 1051 1520 1072 manu
1547 1044 1723 1080 Philisthiim,
1745 1052 1771 1074 et

985 1090 995 1107 ι
1018 1083 1139 1111 omnium
1166 1085 1338 1114 inimicorum
1364 1086 1432 1121 ejus,
1451 1097 1460 1113 ι
1476 1093 1528 1116 etc.
1549 1089 1619 1123 Quid
1645 1096 1688 1119 est
1706 1099 1772 1127 ergo

981 1129 1054 1162 quod
1065 1129 1168 1157 Abner
1174 1131 1301 1166 populum
1325 1133 1481 1161 universum
1501 1134 1583 1163 Israel
1600 1137 1768 1169 exhortatur,

980 1177 1021 1205 ut,
1035 1174 1131 1202 relicto
1149 1175 1269 1204 lsboseth
1290 1177 1344 1205 filio
1355 1178 1435 1212 .Saul,
1451 1181 1484 1207 ad
1496 1178 1582 1208 David
1597 1188 1721 1218 prompto
1737 1193 1768 1212 ac

983 1217 1083 1246 devoto
1097 1220 1189 1248 animo
1210 1223 1362 1256 conveniat,
1379 1224 1431 1252 nisi
1446 1226 1518 1261 quod
1531 1227 1657 1256 doctores
1670 1217 1767 1263 sancti,

979 1263 1027 1297 qui
1042 1265 1126 1299 patris
1153 1265 1261 1293 lucerna
1278 1268 1374 1296 merito
1397 1269 1532 1304 dicuntur,
1552 1271 1653 1301 lumine
1666 1273 1728 1302 ﬁdei
1742 1282 1770 1303 ct

980 1309 1101 1337 scientiae
1112 1311 1272 1345 plenissimi,
1285 1313 1312 1340 in
1323 1314 1456 1343 universis
1467 1317 1592 1352 gentibus
1604 1327 1701 1348 nomen
1716 1321 1769 1349 Do-

980 1354 1045 1382 mini
1065 1356 1213 1389 pratdicant
1235 1362 1264 1385 et
1290 1359 1481 1394 exhortantur,
1509 1367 1651 1399 quatenus,
1678 1372 1768 1401 spreta

980 1399 1114 1430 idolorum
1133 1402 1249 1435 cultura,
1270 1408 1299 1431 et
1311 1404 1404 1432 relicto
1418 1404 1511 1435 errore
1527 1399 1768 1440 confusionis—cuni

979 1449 1093 1473 auctore
1117 1453 1167 1474 suo
1187 1447 1304 1481 diabolo,
1328 1450 1362 1477 ad
1379 1450 1465 1480 David
1487 1458 1619 1488 nostrum,
1644 1457 1689 1491 qui
1705 1465 1768 1486 verc

978 1492 1140 1527 manufartis
1165 1498 1193 1520 et
1207 1493 1400 1524 desiderabilis
1427 1502 1480 1531 est,
1504 1500 1549 1534 qui
1573 1510 1582 1526 ε
1599 1502 1769 1532 desideratus

979 1538 1085 1565 cunctis
1098 1539 1223 1574 gentibus
1236 1541 1312 1576 (Agg.
1340 1541 1382 1578 ιι),
1397 1552 1407 1568 ι
1424 1551 1485 1571 esse
1497 1552 1512 1571 a
1525 1547 1654 1581 propheta
1668 1548 1769 1577 descri-

930 1580 964 1611 -C
979 1582 1068 1616 bitur,
1084 1584 1143 1612 sine
1156 1592 1231 1612 mora
1246 1585 1374 1616 festinent
1387 1589 1492 1622 venire,
1507 1594 1534 1618 et
1548 1580 1598 1619 sub
1612 1591 1668 1627 ejus
1684 1594 1768 1629 impe-

978 1628 1020 1655 rio
1044 1633 1175 1664 perpetuo
1193 1632 1320 1662 studeant
1340 1635 1519 1667 permanere?
1547 1636 1615 1665 Nam
1635 1643 1664 1666 et
1686 1628 1764 1669 Joab.

977 1681 1057 1707 quem
1074 1674 1167 1702 Abner
1180 1676 1242 1703 dolo
1259 1677 1372 1713 loquens
1386 1683 1413 1706 et
1426 1682 1579 1715 percutiens
1596 1683 1623 1711 in
1646 1684 1765 1720 inguine.

977 1717 1127 1753 interfecit,
1147 1729 1200 1749 non
1214 1722 1296 1750 alium
1317 1731 1397 1759 quam
1412 1725 1518 1754 hostem
1531 1717 1767 1766 antiquum-signi—

978 1764 1051 1797 licet,
1073 1766 1119 1800 qui
1140 1767 1212 1795 lictis
1226 1769 1396 1799 suasionibus
1410 1772 1532 1806 quotidie
1547 1774 1639 1803 ﬁdeles
1656 1764 1767 1805 subver—

977 1812 1160 1846 teresatagit,
1170 1817 1209 1840 .et
1221 1821 1269 1849 per
1283 1814 1402 1844 libidinis
1414 1817 1503 1845 noxia:
1526 1821 1712 1856 contagionem
1726 1822 1768 1849 in-

978 1854 1108 1883 terlicere.
1120 1857 1244 1885 molitur.
1272 1858 1340 1887 Joab
1365 1862 1437 1889 enim
1465 1854 1670 1898 ἰηίηιὶειιεξνοι
1692 1867 1767 1900 idem

976 1905 1051 1934 pater
1066 1901 1271 1938 interpretatur.
1297 1905 1425 1934 Omnium
1440 1908 1512 1936 enim
1535 1910 1687 1945 iniquorum
1705 1913 1765 1940 dia—

976 1945 1054 1993 bolus
1065 1952 1155 1982 caput.
1184 1949 1260 1977 Unde
1282 1956 1310 1979 et
1329 1951 1456 1981 Salvator
1471 1954 1569 1982 talibus
1582 1956 1608 1983 in
1621 1957 1767 1993 Evangelio

976 1990 1065 2018 dicit:
1085 2001 1095 2018 ς
1111 1993 1167 2021 ‘Yos
1192 2001 1224 2021 ex
1245 2001 1322 2029 patre
1348 1997 1456 2025 diabolo
1478 2000 1556 2033 estis,
1581 2005 1609 2028 et
1631 1990 1765 2031 desideria

975 2037 1062 2071 patris
1077 2039 1161 2067 vestri
1175 2040 1256 2072 vultis
1268 2041 1358 2070 facere
1370 2043 1461 2079 (Joan.
1477 2045 1546 2081 vni).
1564 2056 1573 2072 ι
1583 2047 1624 2075 Ab
1638 2048 1691 2075 hac
1699 2056 1764 2085 ergo

958 2110 961 2113 ,
976 2084 1151 2116 percussione
1165 2085 1249 2113 David
1262 2091 1359 2115 noster
1377 2089 1505 2118 immunis
1519 2096 1569 2125 est,
1584 2094 1647 2128 quia
1665 2104 1674 2120 ‹
1693 2084 1764 2124 Deus

959 2154 962 2157 λ
976 2128 1112 2156 neminem
1126 2135 1211 2158 tentat
1226 2131 1296 2167 (Jac.
1313 2133 1344 2169 ι).
1364 2134 1423 2169 Ipse
1435 2140 1526 2164 autem
1548 2138 1694 2168 intentatur
1707 2149 1765 2168 ma-

975 2172 1064 2203 lorum
1077 2179 1128 2207 est,
1139 2176 1194 2210 .qui
1215 2177 1273 2204 vult
1288 2186 1383 2208 omnes
1398 2180 1522 2210 homines
1537 2183 1624 2212 salvos
1640 2192 1712 2220 esse,
1737 2194 1765 2215 et

976 2219 1010 2247 ad
1019 2220 1189 2256 agnitionem
1211 2224 1335 2253 veritatis
1358 2227 1500 2261 pervenire
1515 2228 1542 2265 (1
1559 2229 1626 2257 Tim.
1641 2232 1682 2267 ii).
1712 2233 1766 2260 Per

978 2266 1108 2296 invidiam
1124 2269 1196 2296 enim
1221 2271 1320 2300 diaboli
1334 2279 1409 2301 mors
1428 2274 1551 2303 introivit
1567 2276 1593 2304 in
1613 2266 1698 2306 totum
1724 2287 1766 2307 or-

977 2311 1038 2338 bem
1051 2317 1185 2342 terrarum
1198 2315 1274 2351 (Sep.
1290 2318 1331 2352 ιι).
1347 2327 1357 2344 ι
1374 2318 1518 2348 Imitantur
1527 2326 1617 2350 autem
1632 2331 1705 2358 cum,
1719 2327 1764 2360 qui

977 2362 1089 2386 suntex
1113 2365 1191 2393 parte
1205 2361 1272 2396 ejus.
1289 2361 1382 2391 Potest
1400 2371 1499 2393 nomen
1510 2370 1538 2393 ct
1554 2374 1669 2402 persona
1695 2369 1763 2398 Joab

976 2410 1030 2430 non
1051 2404 1271 2434 inconvenienter
1293 2408 1328 2435 ad
1350 2410 1478 2444 populum
1503 2410 1645 2441 Judaicum
1665 2423 1714 2451 per
1728 2417 1763 2444 si-

977 2450 1176 2484 gniﬁcationem
1189 2452 1340 2487 transferri,
1356 2455 1403 2489 'qui
1428 2456 1529 2485 inimici
1544 2465 1650 2494 semper
1666 2450 1764 2496 praidi-

975 2498 1098 2522 catornm
1119 2496 1259 2532 Evangelii
1272 2499 1443 2534 exstiterunt,
1458 2503 1574 2531 etlidem
1589 2505 1690 2535 Christi
1706 2508 1764 2536 ubi—

974 2546 1089 2586 ermque
1094 2546 1241 2576 potuerunt
1250 2547 1493 2584 persequebantur.
1508 2549 1547 2578 De
1557 2552 1654 2586 quibus
1665 2553 1764 2583 Paulus

976 2583 1265 2616 Thessalonicensibus
1275 2590 1404 2619 scribens
1415 2592 1453 2620 ait
1470 2601 1475 2619 :
1498 2603 1507 2619 ι
1525 2583 1579 2623 Vos
1591 2597 1662 2625 enim
1674 2598 1762 2626 imita-

965 2634 1049 2660 tores
1062 2631 1129 2660 facti
1143 2634 1211 2662 estis
1225 2634 1324 2664 fratres
1345 2637 1527 2667 Ecclesiarum
1545 2641 1603 2675 Dei,
1624 2650 1684 2678 qua:
1700 2651 1762 2672 sunt

976 2678 1004 2705 in
1019 2677 1122 2712 Indica,
1142 2681 1171 2708 in
1183 2681 1292 2710 Christo
1310 2682 1385 2711 Iesu.
1401 2684 1470 2719 Quia
1483 2688 1577 2715 eadem
1604 2677 1676 2725 passi
1696 2692 1762 2719 estis

976 2729 1005 2752 et
1015 2732 1063 2753 vos
1082 2733 1098 2752 a
1116 2727 1312 2756 contribulibus
1323 2730 1421 2758 vestris
1435 2731 1503 2759 sicut
1519 2738 1546 2760 et
1560 2734 1610 2769 ipsi
1622 2743 1637 2761 a
1651 2734 1759 2768 Judmis,

975 2770 1059 2805 quiet
1071 2768 1213 2800 Dominum
1229 2774 1388 2802 occiderunt
1400 2774 1504 2810 Jcsuin,
1520 2783 1547 2805 et
1562 2768 1715 2814 prophetas,
1734 2787 1760 2808 et

975 2823 1026 2844 nos
1036 2819 1172 2853 persecuti
1186 2823 1259 2853 sunt,
1280 2825 1307 2847 et
1325 2821 1381 2849 Deo
1395 2830 1448 2850 non
1461 2823 1577 2858 placent,
1597 2829 1624 2851 ct
1636 2826 1760 2855 omnibus

975 2863 1127 2891 hominibus
1155 2865 1343 2899 adversantur,
1365 2868 1538 2901 prohibentes
1562 2877 1612 2898 nos
1634 2872 1758 2906 gentibus
