4010 6194
492 297 563 351 σε)
1148 292 1206 346 Β.
1248 289 1498 346 RABA‘NI
1536 287 1754 344 MAURI
1793 287 2081 342 ARClllEP

2195 286 2460 344 lOGl’INT.
2503 288 2787 346 OPERUM
2829 290 3008 346 PARS
3044 288 3087 344 1.
3677 293 3750 344 90

479 412 639 480 .loqui
671 419 726 464 ut
775 407 935 462 salva:
989 403 1138 468 ﬁant,
1171 411 1228 457 ιιι
1257 400 1514 470 impleant
1537 409 1760 469 peccata
1789 412 1886 454 sua
1926 413 2068 452 scm-
2099 404 2146 464 Α
2177 407 2341 452 retur.
2375 399 2485 471 (Ex
2511 399 2808 473 Gregorio.)
2841 401 3065 474 Mystice
3107 409 3289 457 autem
3339 403 3564 459 ostiaria
3610 407 3753 461 triti—

494 517 611 572 per.
639 497 904 554 vaenit
951 495 1092 550 enim
1143 494 1222 546 ira
1251 492 1343 546 Dei
1373 506 1535 560 super
1559 490 1680 545 illos
1715 505 1884 560 usque
1914 490 1969 543 in
2005 488 2068 542 ﬁo
2171 504 2294 543 cum
2362 499 2577 560 purgat,
2643 506 2768 546 cum
2832 492 3030 546 mentis
3086 493 3330 547 custodia
3390 493 3757 555 discernenda

489 607 619 648 nem
637 589 706 660 .(I
727 587 912 643 Thess.
945 586 1026 657 ιι).

559 681 720 751 .Quod
754 687 933 733 autem
977 674 1143 730 David
1168 688 1226 729 se
1251 687 1520 730 excusans
1550 673 1616 728 de
1655 687 1791 728 nece
1841 671 2072 728 insontis

495 773 670 830 dixit:
700 790 720 822 ‹
764 768 992 823 Mundus
1033 780 1132 835 ego
1160 779 1301 828 sum,
1332 771 1387 818 et
1431 778 1654 833 regnum
1705 777 1886 817 meum
1931 761 2073 830 apud

503 885 520 916 ι
567 864 735 918 Deum
783 873 953 928 usque
999 856 1054 910 in
1084 854 1471 924 sempiternum
1520 868 1551 906 a
1599 851 1860 922 sanguine
1887 851 2075 904 Abner

503 976 519 1007 ι
569 954 661 1008 ﬁlii
716 949 844 1016 Ner,
893 956 950 1003 et
992 945 1176 1002 veniat
1229 959 1392 1016 super
1431 952 1594 1012 caput
1635 941 1791 1007 Joab,
1821 949 1878 997 et
1909 957 2076 1012 super

503 1066 521 1096 ι
567 1058 782 1099 omnem
821 1041 1039 1095 domum
1058 1036 1229 1108 patris
1268 1035 1402 1106 ejus,
1434 1049 1536 1090 nec
1561 1034 1779 1089 deﬁciat
1816 1033 1882 1088 de
1914 1033 2075 1087 domo

501 1158 522 1191 ι
556 1135 698 1194 Joab
727 1133 939 1190 fluxum
966 1130 1189 1186 seminis
1213 1128 1509 1191 sustinens,
1538 1135 1594 1180 et
1622 1126 1866 1198 leprosos
1885 1133 2076 1180 tenens

503 1254 520 1284 ι
563 1231 764 1293 fusum,
793 1235 848 1282 et
892 1224 1093 1281 cadens
1143 1221 1340 1292 gladio,
1369 1228 1426 1274 et
1466 1219 1712 1288 indigens
1739 1231 1899 1286 pane.
1930 1236 1948 1268 ι
1979 1217 2077 1271 Ju-

497 1326 737 1380 d:eorum
785 1319 1005 1374 denotat
1035 1313 1316 1384 perﬁdiam
1366 1321 1530 1380 atque
1574 1309 1872 1365 miseriam.
1905 1308 2080 1378 Super

499 1422 662 1485 caput
710 1411 854 1466 enim
906 1405 1060 1470 Joab,
1123 1403 1175 1458 id
1205 1410 1312 1468 est,
1344 1416 1507 1470 super
1535 1399 1810 1470 principes
1836 1408 1892 1453 et
1913 1414 2079 1469 super

500 1505 811 1563 sacerdotes
846 1497 1014 1568 ipsius
1062 1493 1266 1565 populi,
1313 1501 1370 1546 et
1403 1506 1564 1561 super
1608 1505 1825 1547 omnem
1857 1488 2078 1544 domum

499 1589 831 1667 patris‘ejus,
863 1598 1191 1658 synagogam
1211 1581 1462 1637 videlicet
1489 1578 1725 1644 Satanae.
1750 1586 1916 1648 atque
1948 1593 2079 1632 con-

500 1693 721 1742 ventum
769 1677 1184 1750 malignantium
1225 1673 1408 1728 veniet
1462 1670 1719 1740 iniquitas
1764 1669 2076 1738 impiorum,

2175 581 2399 636 virtutes
2423 597 2454 636 a
2481 582 2625 636 vitiis
2639 592 2878 654 separat.
2905 583 3039 651 Qum
3064 584 3108 637 si
3133 583 3507 651 ebdormierit,
3533 586 3586 640 in
3608 603 3760 644 mor-

2175 680 2283 726 tem
2309 673 2514 743 proprii
2543 675 2747 728 domini
2776 675 3120 730 insidiatores
3150 676 3387 730 admittit
3415 693 3430 730 :
3458 679 3584 744 quia
3626 697 3759 738 cum

2173 763 2522 818 discretionis
2543 763 2847 820 sollicitudo
2869 766 3186 830 cessaverit,
3217 767 3285 821 ad
3317 767 3758 826 interﬁciendum

2174 853 2414 908 animum
2459 853 2712 922 malignis
2743 855 3054 924 spiritibus
3100 855 3204 910 iter
3265 857 3470 926 pandit.
3517 857 3621 925 Qui
3675 862 3763 916 in-

2175 946 2345 1016 gressi
2389 947 2570 1015 spicas
2597 945 2816 1012 tollunt,
2856 948 2983 1016 quia
3007 962 3132 1002 mox
3174 949 3440 1003 bonarum
3472 953 3758 1022 cogitatio-

2176 1051 2304 1090 num
2351 1037 2596 1104 germina
2627 1036 2900 1104 auferunt,
2955 1047 3116 1108 atque
3161 1039 3214 1092 in
3261 1039 3482 1109 inguine
3530 1041 3764 1112 feriunt,

2180 1128 2310 1196 quia
2341 1129 2598 1184 virtutem
2626 1129 2806 1184 cordis
2835 1129 3194 1185 delectatione
3245 1131 3428 1187 carnis
3477 1134 3760 1188 occidunt.

2177 1218 2234 1272 ln
2280 1219 2501 1290 inguine
2556 1221 2756 1290 quippe
2814 1220 3000 1286 ferire,
3031 1231 3114 1275 est
3142 1223 3309 1277 vitam
3335 1224 3534 1278 mentis
3579 1226 3765 1279 carnis

2177 1307 2536 1364 delectatione
2585 1310 2881 1380 perforare.
2933 1311 3283 1380 Nequaquam
3335 1327 3463 1368 vero
3511 1314 3762 1370 lsboseth

2177 1399 2280 1454 iste
2332 1399 2612 1470 inopinata
2663 1409 2840 1456 morte
2885 1401 3284 1467 succumberet,
3335 1404 3384 1456 si
3415 1419 3524 1458 non
3561 1407 3630 1460 ad
3683 1408 3766 1461 in-

2177 1505 2425 1560 gressum
2450 1491 2641 1548 domus
2670 1491 2980 1557 mulierem,
3003 1492 3055 1546 id
3080 1499 3186 1558 est,
3215 1494 3280 1548 ad
3309 1495 3505 1550 mentis
3529 1497 3763 1564 aditum,

2179 1579 2399 1636 mollem
2452 1580 2755 1636 custodiam
2790 1581 3120 1650 deputa'sset.
3161 1582 3340 1638 Fortis
3385 1600 3620 1655 namque
3678 1590 3767 1643 vi-

2181 1669 2365 1740 gilque
2409 1685 2604 1725 sensus
2647 1671 2889 1740 praeponi
2915 1672 3095 1728 cordis
3129 1671 3335 1729 foribus
3367 1675 3526 1732 debet
3553 1686 3765 1748 :‘quem

507 1796 525 1828 ι
567 1782 630 1830 ιιι
653 1771 965 1842 requiratur
992 1766 1062 1820 ab
1082 1765 1162 1820 eis
1187 1763 1364 1819 omnis
1393 1761 1614 1830 sanguis
1649 1757 1848 1828 justus,
1866 1757 1971 1830 qui
2000 1756 2079 1812 ef-
2105 1760 2152 1818 B
2181 1760 2522 1832 negligentia:
2559 1777 2784 1818 somnus
2813 1778 2919 1818 non
2965 1765 3258 1835 opprimat,
3299 1783 3398 1823 nec
3442 1769 3769 1841 ignorantia:

503 1868 656 1923 {usus
676 1872 761 1920 est
780 1876 941 1931 super
969 1867 1191 1922 terram,
1220 1872 1248 1909 a
1280 1854 1544 1923 sanguine
1567 1851 1702 1906 Abel
1724 1851 1880 1922 justi,
1910 1863 2079 1919 usque

502 1960 573 2014 ad
641 1954 959 2026 sanguinem
1003 1948 1282 2004 Zachariae
1354 1945 1450 1999 lilii
1521 1943 1798 2000 Barachiae
1861 1942 2073 2014 (Matth.

504 2048 683 2119 nm).
737 2065 755 2097 ι
809 2043 918 2098 Nec
960 2040 1176 2096 deﬁciat
1222 2038 1290 2093 de
1315 2037 1476 2092 domo
1511 2035 1668 2091 istius
1690 2033 1846 2097 Joab,
1876 2032 2078 2086 ﬂuxum

503 2139 726 2196 seminis
755 2135 1048 2197 susti..ens,
1081 2129 1134 2184 id
1163 2137 1272 2194 est,
1299 2126 1466 2181 variis
1503 2123 1787 2182 desideriis
1811 2121 2075 2188 difﬂuens,

504 2234 634 2304 quia
683 2231 736 2284 in
782 2225 1150 2296 voluptatibus
1187 2221 1344 2276 istius
1395 2219 1522 2274 vitae
1569 2216 1705 2273 tales
1741 2225 1907 2271 totam
1928 2230 2079 2285 spem

504 2337 658 2380 suam
708 2325 937 2390 ponunt,
967 2315 1058 2370 ubi
1091 2323 1147 2369 et
1194 2311 1392 2382 leprosi
1419 2317 1546 2365 sunt
1574 2315 1824 2363 tenentes
1875 2305 2078 2369 fusum,

503 2417 559 2474 i:l
585 2421 691 2478 est,
721 2410 886 2465 variis
914 2407 1194 2463 erroribus
1226 2401 1499 2467 maculati,
1537 2398 1943 2456 instabilitatem
1971 2397 2082 2452 lue-

507 2507 644 2562 resis
673 2519 738 2558 ac
761 2499 1021 2557 mundani
1048 2497 1207 2552 luxus
1229 2502 1542 2564 sequentes.
1581 2512 1600 2544 ι
1636 2491 1740 2558 Qui
1757 2491 1912 2562 juxta
1939 2489 2082 2544 desi-

505 2597 658 2652 deria
697 2591 880 2649 cordis
909 2589 992 2645 sui
1032 2585 1430 2648 coacervabunt
1456 2583 1561 2638 sibi
1605 2583 1919 2650 magistros,
1956 2596 2083 2650 pru-

505 2690 711 2746 rientes
761 2681 978 2755 quidem
1031 2677 1270 2740 auribus,
1344 2682 1400 2729 et
1456 2688 1488 2728 a
1549 2671 1777 2728 veritate
1839 2671 2082 2724 auditum

506 2782 772 2836 avertant.
827 2792 846 2825 ι
883 2771 959 2827 lbi
987 2769 1150 2828 etiam
1189 2782 1297 2826 non
1329 2765 1543 2823 deﬁciet
1576 2763 1778 2819 cadens
1805 2761 2002 2834 gladio,
2029 2770 2084 2817 et

507 2869 760 2940 indigens
788 2877 952 2936 pane,
993 2861 1119 2931 quia
1148 2873 1271 2915 cum
1315 2870 1456 2927 pane
1496 2855 1588 2914 illo
1615 2855 1708 2925 qui
1741 2855 1810 2915 de
1831 2853 1968 2910 cmlo
1991 2853 2084 2909 de.

504 2960 715 3018 scendit
739 2972 952 3028 semper
978 2962 1160 3027 egent,
1189 2961 1246 3008 et
1271 2968 1377 3007 non
1407 2951 1557 3006 reﬁci
1583 2951 1654 3011 ab
1677 2965 1744 3005 eo
1773 2959 2078 3013 merentur,

504 3055 703 3111 futura:
723 3048 946 3105 ultionis
972 3045 1208 3117 gladium
1243 3058 1350 3097 non
1374 3041 1624 3097 evadent.

1107 3155 1335 3213 CAPUT
1385 3153 1474 3208 IV.

507 3255 660 3323 Quod
692 3250 899 3307 Rechab
919 3259 965 3303 et
989 3245 1508 3386 Βαηαὶἵέεέῗεὲῗειιι,
1542 3243 1715 3314 ﬁlium
1741 3241 1894 3311 Saul,
1923 3244 2084 3297 inter-

580 3439 600 3469 ‹
646 3415 932 3473 Venientes
979 3409 1073 3467 ﬁlii
1123 3409 1390 3466 Remmon
1429 3407 1738 3472 Berothtaz,
1770 3404 1994 3462 Rechab
2030 3412 2087 3460 et

511 3530 528 3560 ι
571 3508 790 3573 Βιιιιιιω,
827 3502 1057 3575 ingressi
1111 3509 1237 3557 sunt
1283 3498 1509 3554 ferventi
1552 3497 1643 3553 die
1679 3497 1898 3552 domum
1936 3495 2085 3550 lsbo-

512 3619 531 3652 ι
573 3597 718 3664 setb,
742 3595 834 3666 qui
862 3592 1167 3649 dormiebat
1191 3605 1355 3661 super
1375 3597 1606 3646 stratum
1639 3603 1796 3645 suum
1834 3586 2082 3643 meridie.

511 3712 528 3742 ι
572 3689 804 3762 lngressi
837 3694 966 3743 sunt
998 3693 1178 3740 autem
1230 3683 1467 3739 domum.
1499 3681 1570 3737 Et
1593 3681 1816 3736 ostiaria
1870 3680 2079 3743 domus,

512 3805 529 3835 ι
573 3795 810 3854 purgans
847 3777 1104 3840 triticum,
1154 3773 1500 3831 obdormivit.
1531 3773 1883 3828 Assumentes
1909 3771 2085 3841 spicas

512 3895 531 3924 ς
578 3872 769 3936 tritici,
832 3869 1064 3924 latenter
1112 3865 1340 3936 ingressi
1395 3872 1544 3930 sunt,
1599 3872 1657 3919 et
1701 3870 2086 3934 percusserunt

513 3985 530 4016 ι
575 3978 700 4020 cum
753 3962 809 4016 in
838 3959 1075 4031 inguine,
1120 3976 1139 4010 ι
1173 3964 1228 4012 et
1279 3957 1503 4027 reliqua.
1536 3955 1644 4028 (Ea:
1669 3955 1939 4027 chrwo.)
1971 3956 2084 4010 Duo

507 4055 611 4110 viri
640 4054 729 4111 isti
758 4051 1030 4128 principes
1051 4057 1208 4104 erant
1226 4063 1389 4119 super
1414 4049 1788 4120 expeditiones
1814 4049 2078 4103 lsbosetb.

509 4145 721 4200 Mortuo
770 4157 900 4197 vero
942 4140 1146 4206 Abner,
1178 4149 1239 4194 ut
1263 4139 1473 4194 Hebraei
1525 4139 1764 4206 tradunt,
1818 4139 2082 4194 consiliati

508 4243 638 4290 sunt
665 4247 788 4288 cum
816 4231 1196 4306 Miphiboseth,
1221 4239 1280 4283 ut
1303 4245 1408 4283 una
1435 4229 2082 4297 interﬁcerentlsboseth,

513 4338 566 4383 et
618 4327 868 4382 eumdem
921 4322 1278 4395 Mipbibosetb
1332 4323 1728 4377 constituerent
1777 4337 1976 4392 regem,
2029 4331 2086 4377 et

510 4419 751 4488 ejusdem
774 4414 982 4472 consilii
1005 4413 1301 4468 delatorem
1331 4414 1577 4468 eumdem
1608 4412 1964 4482 Mipbiboseth
1989 4427 2083 4466 ex-

510 4511 746 4575 stitisse;
797 4517 854 4564 et
880 4507 1080 4564 idcirco
1116 4506 1205 4564 hic
1243 4505 1386 4560 idem
1423 4503 1781 4575 Mipbiboseth
1811 4506 2084 4560 subintro-

513 4601 726 4654 dncitur
751 4599 855 4652 hoc
883 4594 1060 4650 modo.

586 4691 736 4762 (Cn.
767 4687 866 4756 iv.)
893 4703 911 4736 ‹
957 4684 1089 4738 Erat
1121 4690 1301 4739 autem
1326 4681 1591 4749 Jonathae,
1623 4682 1736 4737 ﬁlio
1755 4681 1910 4750 Saul,
1945 4682 2086 4739 ﬁlius

517 4804 535 4836 ι
580 4779 775 4836 debilis
808 4775 1053 4847 pedibus.
1110 4773 1481 4844 Quinquennis
1524 4787 1655 4828 vero
1699 4771 1823 4838 fuit,
1872 4776 2089 4844 quando

519 4898 535 4927 ι
578 4873 728 4929 venit
751 4867 975 4924 nuntius
996 4866 1063 4920 de
1093 4863 1222 4919 Saul
1249 4872 1303 4918 et
1328 4862 1558 4920 Jonatba
1579 4879 1646 4918 ex
1667 4863 1898 4930 Jezrael,
1931 4884 1949 4916 ι
1981 4874 2084 4920 etc.

514 4965 772 5018 Videntes
792 4972 921 5012 vero
942 4955 1122 5009 Baana
1140 4962 1195 5009 et
1221 4953 1444 5012 Rachab
1471 4968 1501 5009 a
1532 4953 1890 5025 Mipltibosetb
1927 4971 2084 5010 suum

513 5053 786 5124 proditum
847 5045 1132 5100 consilium
1198 5058 1342 5108 esse,
1395 5044 1586 5098 timore
1641 5045 1917 5113 perterriti
1963 5043 2086 5115 fuga

515 5139 651 5210 lapsi
683 5145 806 5193 sunt
834 5135 887 5190 in
910 5133 1179 5198 Getbaim,
1214 5131 1536 5203 fueruntque
1566 5133 1638 5187 ibi
1671 5134 1890 5189 advenae
1917 5150 2088 5203 usque

516 5231 584 5285 ad
617 5241 827 5300 tempus
859 5227 1010 5282 illud.
1054 5225 1292 5295 Tempus
1343 5225 1471 5280 illud
1521 5225 1924 5298 intelligendum
1977 5237 2083 5296 est,

514 5322 732 5392 quando
768 5319 890 5374 inde
935 5317 1136 5372 reversi
1172 5316 1388 5371 domum
1437 5316 1679 5373 lsbosetb
1731 5316 1956 5374 ferventi
2000 5321 2087 5376 die

517 5412 748 5486 ingressi
782 5419 930 5474 sunt,
981 5417 1318 5464 assumentes
1355 5408 1536 5478 spicas
1584 5408 1748 5463 tritici
1784 5417 1841 5463 et
1895 5425 2086 5478 percu-

518 5507 716 5568 tientes
742 5517 864 5557 eum
893 5500 948 5554 in
999 5497 1235 5566 inguine.
1269 5496 1459 5566 Spicas
1507 5498 1670 5552 tritici
1719 5501 1873 5568 quasi
1921 5515 2086 5557 causa

518 5589 879 5668 primitiarum
927 5587 1185 5654 tulerunt,
1214 5595 1274 5640 ut
1309 5587 1567 5642 honorem
1593 5588 1707 5659 regi
1752 5588 1964 5646 deferre
2007 5594 2087 5648 vi-

523 5689 801 5751 darentur,
851 5690 906 5754 et
934 5694 1120 5736 eorum
1157 5678 1312 5734 dolus
1358 5693 1693 5750 nequaquam
1723 5680 2089 5752 deprehende-

2109 4464 2163 4523 D

2180 1867 2336 1908 error
2348 1851 2520 1906 fallat.
2545 1853 2697 1908 Unde
2710 1854 2847 1908 bene
2867 1863 2922 1908 et
2949 1854 3189 1911 lsboseth
3206 1858 3503 1928 appellatus
3515 1870 3618 1927 est,
3644 1866 3761 1934 qui,

2181 1947 2406 2001 custode
2431 1945 2652 2011 femina,
2679 1947 2968 2002 hostilibus
2995 1947 3187 2018 gladiis
3210 1951 3445 2005 nudatur
3473 1969 3488 2007 :
3520 1953 3769 2014 lsboseth

2181 2037 2378 2106 quippe
2410 2036 2486 2090 vir
2505 2036 2832 2105 confusionis
2862 2037 3077 2093 dicitur.
3108 2037 3204 2093 Vir
3224 2049 3402 2096 autem
3428 2043 3769 2103 confusionis

2179 2134 2287 2192 est,
2314 2127 2406 2197 qui
2443 2125 2571 2181 forti
2598 2129 2795 2183 mentis
2818 2129 3062 2184 custodia
3094 2133 3332 2187 munitus
3359 2149 3467 2189 non
3497 2144 3601 2202 est,
3635 2141 3767 2209 quia

2181 2219 2308 2276 dum
2360 2220 2674 2277 virtutesse
2701 2235 2860 2292 agere
2909 2223 3165 2288 aestimat,
3215 2224 3575 2282 subintrantia
3629 2229 3768 2284 vitia

2182 2312 2512 2367 nescientem
2545 2321 2760 2367 necant.
2811 2313 2945 2368 Tota
2989 2328 3222 2383 namque
3263 2315 3465 2370 virtute
3517 2318 3772 2373 munien-

2183 2402 2285 2457 dus
2322 2411 2406 2458 est
2455 2402 2632 2457 aditus
2677 2403 2892 2467 mentis,
2923 2419 2992 2458 ne
3019 2405 3235 2474 quando
3283 2420 3404 2459 eam
3445 2407 3771 2466 insidiantes

2183 2492 2366 2568 hostes
2413 2500 2699 2562 penetrent
2743 2492 3009 2549 foramine
3043 2495 3303 2564 neglecta:
3329 2497 3690 2570 cogitationis.

2188 2653 2342 2721 Quod
2370 2655 2624 2710 universa:
2651 2657 2816 2710 tribus
2845 2656 3015 2711 Israel
3056 2667 3104 2712 et
3133 2676 3279 2716 senes
3310 2661 3374 2715 de
3418 2660 3588 2716 Israel
3614 2681 3771 2720 uerte-

2255 2736 2374 2779 runt
2421 2726 2490 2778 ad
2543 2725 2716 2801 David
2764 2728 2817 2780 in
2869 2725 3104 2801 chron,
3133 2729 3222 2800 qui
3242 2732 3461 2801 triginta
3501 2749 3767 2790 annorum

2257 2812 2507 2874 regna_re_
2541 2797 2645 2874 im:
2649 2798 2794 2866 piens
2845 2797 3197 2874 quadraginta
3263 2797 3428 2855 annos
3476 2807 3768 2874 ⁸η’ςιηαηάο

2257 2865 2548 2936 compleuit.
2601 2865 2680 2919 De
2726 2884 2785 2920 eo
2825 2865 2964 2936 quod
3008 2865 3180 2922 David
3231 2881 3412 2924 contra
3461 2865 3768 2929 Jeb'ustcum

2254 2938 2512 3011 dimicans
2533 2937 3121 3011 cepit‘arcem'c‘ivitatis,
3146 2953 3315 3011 quam?
3336 2941 3614 3011 appellarit
3646 2947 3773 2998 ciui-

2259 3015 2417 3083 tatem
2435 3005 2628 3083 David.
2653 3005 2732 3060 De
2757 3007 3007 3083 uxoribus
3025 3005 3608 3083 etroncubiuisibauid,
3631 3031 3770 3083 quia

2257 3076 2438 3129 habuit
2457 3076 2519 3152 in
2551 3074 2980 3152 ,ζρξνιιιςιιιαεῖηιὶὲιζςΔ
3008 3077 3158 3152 ﬁliis,
3205 3088 3252 3132 et
3277 3079 3489 3148 ﬁliabus
3521 3074 3658 3152 ejus:
3685 3084 3769 3138 De

2109 3121 2156 3184 C
2254 3121 2435 3215 ᾖιῖᾐῖιᾶ
2446 3121 3192 3202 ῠὶιυὲἇεἷνῖιίῖᾶὶῖιιξῐξεὶὶὶἆόὶ.

2255 3233 2407 3301 (CAP.
2461 3233 2538 3304 v.)
2570 3253 2590 3284 ‹
2622 3233 2690 3287 Et
2715 3244 2979 3290 venerunt
3007 3237 3271 3292 universae
3303 3239 3474 3294 tribus
3498 3237 3665 3294 Israel
3695 3242 3766 3298 ad

2188 3339 2208 3372 ‹
2252 3323 2418 3378 David
2457 3323 2511 3378 in
2550 3323 2789 3392 Hebron,
2845 3321 3087 3382 dicentes
3139 3345 3152 3381 :
3209 3327 3350 3384 Ecce
3380 3344 3477 3384 nos
3520 3345 3580 3384 os
3614 3341 3772 3390 tuum

2189 3430 2208 3465 ι
2247 3421 2306 3470 et
2332 3427 2462 3469 caro
2493 3421 2581 3469 tua
2611 3430 2815 3480 sumus,
2848 3424 2952 3471 etc.
2991 3435 3008 3468 ι
3041 3416 3178 3484 Quid
3201 3427 3496 3474 conventus
3535 3421 3637 3475 iste
3667 3422 3773 3474 tri-

2183 3506 2351 3560 buum
2384 3506 2548 3562 lsrael
2601 3509 2668 3562 ad
2720 3508 2886 3563 David
2923 3509 3213 3582 signiﬁcat,
3277 3511 3382 3565 nisi
3438 3522 3771 3571 conventum

2183 3597 2428 3650 omnium
2456 3597 2696 3667 gentium
2725 3599 2793 3653 ad
2831 3599 3127 3665 Christum,
3151 3615 3270 3672 quae
3309 3600 3384 3656 illi
3426 3603 3580 3670 quasi
3611 3603 3774 3658 blan-

2187 3686 2385 3741 diendo
2429 3687 2620 3742 dicunt
2648 3705 2662 3742 :
2697 3707 2714 3738 ι
2746 3689 2886 3743 Ecce
2912 3702 3012 3743 nos
3042 3705 3104 3744 os
3135 3700 3282 3744 tuum
3306 3699 3362 3744 et
3402 3706 3533 3746 caro
3554 3699 3643 3746 tua
3669 3708 3770 3748 su-

2185 3795 2326 3844 mus,
2374 3799 2391 3830 ι
2426 3795 2547 3834 cum
2587 3781 2640 3834 in
2672 3781 2764 3836 illo
2797 3783 3248 3849 incarnationem,
3278 3800 3440 3856 quam
3483 3801 3549 3841 ex
3577 3797 3773 3842 nostra

2186 3877 2378 3925 natura
2403 3869 2458 3923 in
2494 3868 2731 3942 Virginis
2755 3880 2910 3927 utero
2945 3875 3198 3943 suscepit,
3233 3874 3462 3946 diligunt
3486 3885 3647 3947 atque
3675 3893 3777 3932 vo-

2185 3971 2462 4038 nerantur,
2490 3961 2715 4033 ejusque
2751 3965 2939 4020 ditioni
2963 3967 3192 4022 subdere
3218 3983 3276 4022 se
3301 3976 3575 4039 appetunt,
3605 3971 3773 4041 eique

2186 4053 2392 4108 servire
2430 4053 2578 4108 omni
2628 4061 2872 4125 tempore
2895 4055 3223 4111 desiderant.
3278 4057 3431 4113 Unde
3476 4059 3771 4116 Psalmista

2186 4142 2354 4196 dicit:
2388 4161 2406 4194 ι
2436 4141 2870 4198 Reminiscentur
2893 4153 2948 4200 et
2975 4155 3363 4202 convertentur
3383 4150 3449 4204 ad
3475 4149 3772 4208 Dominum

2187 4231 2454 4286 universa:
2476 4230 2610 4287 ﬁnes
2645 4241 2826 4300 terrae,
2857 4244 2910 4290 et
2931 4236 3229 4292 adorabunt
3253 4239 3309 4292 in
3336 4249 3625 4310 conspectu
3644 4241 3770 4312 ejus

2189 4335 2377 4375 omnes
2399 4323 2584 4390 patria:
2603 4326 2864 4394 gentium.
2889 4327 3151 4394 Quoniam
3176 4329 3386 4384 Domini
3409 4339 3492 4387 est
3519 4348 3771 4404 regnum,

2189 4419 2244 4464 et
2285 4411 2400 4480 ipse
2423 4411 2790 4469 dominabitur
2818 4419 3060 4488 gentium
3091 4418 3262 4489 (Psal.
3305 4421 3443 4491 xxi).
3487 4441 3506 4473 ι
3539 4442 3554 4473 ι
3593 4423 3776 4480 Vene-

2165 4547 2168 4549 λ
2193 4503 2319 4548 runt
2343 4510 2558 4567 quoque
2584 4506 2639 4554 et
2659 4514 2817 4555 senes
2829 4503 2896 4556 de
2911 4503 3074 4558 Israel
3087 4505 3154 4559 ad
3180 4521 3362 4576 regem
3393 4507 3445 4560 in
3468 4506 3708 4573 Hebron,
3745 4528 3765 4562 ι

2193 4599 2318 4640 cum
2343 4587 2622 4656 prophetae
2642 4597 2698 4643 et
2725 4593 2953 4660 apostoli
2982 4609 3088 4648 una
3110 4594 3233 4659 ﬁde,
3259 4605 3314 4650 et
3333 4597 3452 4665 pari
3484 4598 3775 4654 devotione

2193 4676 2260 4730 ad
2300 4677 2652 4734 mediatorem
2715 4691 2959 4738 nostrum
3019 4695 3373 4740 concurrunt.
3443 4687 3518 4741 De
3569 4689 3775 4761 quibus

2191 4768 2451 4835 scriptum
2497 4778 2598 4824 est.
2656 4789 2674 4821 ι
2720 4771 3002 4843 Principes
3034 4775 3218 4846 populi
3275 4787 3646 4832 convenerunt
3711 4777 3771 4835 in

2190 4870 2356 4910 unum
2391 4873 2515 4912 cum
2562 4860 2673 4914 Deo
2706 4859 2982 4916 Abraham
3015 4862 3187 4935 (Psal.
3233 4865 3398 4936 nvi).
3440 4885 3458 4917 ι
3498 4865 3563 4922 Et
3590 4865 3722 4922 alibi
3753 4887 3771 4923 :

2200 4963 2219 4996 ι
2239 4945 2294 4999 In
2309 4957 2600 5017 conspectu
2615 4965 2803 5004 senum
2821 4965 3040 5006 suorum
3063 4953 3722 5028 gloriabitur(Psal.~cvr).
3746 4979 3768 5011 ι

2268 5055 2286 5088 c
2328 5036 2498 5093 Filius
2519 5040 2736 5109 triginta
2757 5055 3020 5096 annorum
3041 5053 3160 5098 erat
3182 5045 3370 5110 David,
3393 5061 3515 5100 cum
3541 5063 3778 5120 regnare

2199 5147 2217 5179 ε
2263 5133 2553 5199 coepisset;
2606 5140 2662 5186 et
2688 5133 3043 5204 quadraginta
3091 5137 3248 5194 annis
3276 5140 3538 5206 regnavit.
3577 5137 3633 5195 ln
3663 5139 3778 5195 He-

2198 5239 2217 5270 1
2260 5218 2396 5274 bron
2447 5223 2692 5291 regnavit
2746 5237 2909 5293 super
2966 5223 3162 5279 ludam
3221 5235 3426 5296 septem
3494 5228 3649 5282 annis
3717 5239 3776 5284 et

2199 5328 2217 5360 ι
2261 5325 2358 5365 sex
2402 5313 2694 5367 mensibus.
2729 5312 2786 5367 In
2835 5313 3135 5371 Jerusalem
3173 5325 3354 5371 autem
3386 5319 3629 5387 regnavit
3669 5319 3778 5373 tri-

2199 5421 2217 5453 ι
2263 5404 2410 5473 ginta
2439 5405 2610 5459 tribus
2631 5407 2786 5462 annis
2813 5423 2976 5478 super
3001 5423 3216 5464 omnem
3235 5408 3401 5464 lsrael
3420 5417 3475 5464 et
3498 5409 3714 5478 Judam,
3745 5432 3771 5465 ι

2195 5506 2251 5553 et
2296 5508 2510 5554 caetera.
2569 5500 2689 5571 (Ex
2741 5503 3020 5575 llebrwo.)
3073 5505 3344 5573 Qtueu'tur
3391 5522 3488 5562 cur
3542 5523 3650 5562 non
3717 5509 3781 5566 in

2197 5605 2404 5646 summa
2451 5593 2808 5665 quadraginta
2847 5596 2972 5648 anni
3021 5605 3075 5651 ct
3119 5609 3213 5652 sex
3257 5613 3473 5652 menses
3510 5613 3782 5656 annume-

2197 5683 2420 5738 rentur?
2453 5681 2604 5751 Quod
2650 5684 2718 5738 ab
2756 5684 2996 5741 Hebraeis
3043 5687 3251 5742 duobus
3299 5689 3525 5747 solvitur
3573 5691 3776 5751 nitidis.
