4010 6194
227 431 282 484 8t
875 413 894 426 ‘
957 451 962 456 ι
1045 421 1397 479 conamur.
1438 419 1506 477 ιδ
1543 421 1790 478 Ltunos

1925 421 2187 480 ltEGUM.
2228 456 2296 466 -—
2334 422 2400 480 1N
2439 423 2566 481 LIB.
2608 422 2673 481 ll.
2797 426 2800 430 ’
3421 422 3494 482 εξ

230 543 420 596 Dicunt
439 537 587 593 enim
611 536 738 606 quia
767 536 936 592 David
961 550 1054 589 sex
1079 533 1353 589 mensibus
1373 533 1612 588 Absalon
1643 533 1809 587 ﬁlium
1838 542 1888 601 Α
1917 532 2134 604 Mystice
2169 544 2346 590 autem
2395 535 2560 590 David
2587 534 2890 592 Jebusazum
2938 538 3293 594 habitatorem
3334 547 3496 596 terra:

231 645 377 686 suum
406 627 609 698 fugerit
641 644 658 679 :
695 627 892 681 merito
920 625 1140 680 eosdem
1171 637 1264 679 sex
1294 639 1510 678 menses
1537 640 1567 678 a
1598 639 1809 678 summa

232 717 374 790 regni
402 718 548 772 illius
576 732 700 772 esse
743 717 1015 771 exclusos.
1048 715 1243 769 Dicunt
1283 715 1449 769 etiam
1489 715 1647 770 aliter
1667 716 1812 784 quod

231 825 318 865 sex
357 808 640 863 mensibus
669 807 725 861 in
757 806 972 862 Ilebron
1011 806 1184 862 David
1217 807 1454 876 quadam
1494 805 1812 860 inﬁrmitate

232 900 470 969 corporis
498 897 849 960 laboraverit,
900 907 954 952 et
984 897 1190 952 idcirco
1218 896 1436 970 eosdem
1473 912 1569 952 sex
1596 910 1813 952 menses

235 1008 332 1045 non
359 989 650 1060 supputari
675 989 728 1042 in
745 1004 917 1058 regno
947 989 1082 1058 ejus.
1108 987 1189 1041 Ex
1220 1002 1285 1042 eo
1315 1003 1549 1057 namque
1573 998 1812 1059 tempore

237 1076 380 1135 illum
419 1095 677 1150 regnasse
710 1079 898 1134 dicunt
949 1079 1004 1132 in
1031 1078 1278 1142 Hebron,
1330 1093 1397 1132 ex
1427 1094 1553 1146 quo,
1587 1080 1814 1134 devictis

236 1173 566 1237 Amalecitis,
600 1173 668 1227 de
701 1169 891 1241 spoliis
923 1186 1111 1226 eorum
1148 1169 1299 1225 misit
1343 1171 1482 1226 dona
1507 1171 1814 1227 senioribus

236 1260 384 1325 Juda,
434 1263 522 1318 his
569 1263 850 1332 quierant
877 1262 933 1316 in
979 1261 1210 1326 Hebron
1245 1269 1301 1316 et
1341 1260 1537 1332 bisqui
1566 1271 1727 1318 erant
1757 1262 1811 1316 in

237 1354 438 1421 Bethel,
490 1365 549 1410 et
587 1355 812 1425 reliquis
849 1356 940 1424 qui
973 1364 1130 1410 erant
1159 1356 1212 1409 in
1241 1355 1328 1410 his
1359 1354 1493 1410 locis
1519 1355 1572 1410 in
1615 1355 1813 1425 quibus

238 1454 599 1500 commoratus
625 1444 802 1500 fuerat
832 1444 999 1498 David
1030 1445 1146 1515 ipse
1185 1454 1240 1500 et
1264 1444 1367 1499 viri
1417 1443 1554 1513 ejus.
1587 1444 1815 1517 Mystice

235 1541 411 1589 autem
440 1535 586 1603 quod
611 1533 785 1589 David
816 1535 1036 1605 triginta
1070 1550 1336 1590 annorum
1366 1551 1597 1606 regnare
1623 1536 1810 1608 cmpit,

237 1623 616 1695 praeﬁgurabat
641 1623 784 1692 quod
808 1622 1065 1679 Dominus
1089 1634 1272 1678 noster
1298 1625 1517 1695 triginta
1548 1641 1815 1681 annorum

237 1716 379 1770 venit
413 1718 478 1769 ad
508 1714 860 1784 baptismum,
891 1724 948 1769 et
973 1715 1260 1785 incipiebat
1284 1715 1634 1786 Evangelium
1662 1717 1812 1788 regni

235 1810 552 1878 praedicare,
583 1806 738 1875 cujus
777 1823 1030 1877 regnum,
1063 1822 1287 1877 regnum
1315 1807 1724 1876 sempiternum,
1756 1816 1813 1862 et

1913 624 1979 680 de
2031 625 2328 681 Jerusalem
2375 627 2598 697 ejiciens
2629 625 2899 697 signiﬁcat
2951 628 3366 698 Redemptorem
3396 645 3494 685 no-

1911 728 2083 773 strum
2135 719 2438 774 contrarias
2501 727 2795 789 potestates
2848 719 2914 774 de
2959 720 3212 774 cordibus
3252 719 3494 774 ﬁdelium

1911 809 2196 880 expellere,
2247 811 2327 868 sic
2352 810 2550 865 ibidem
2577 825 2728 865 suam
2761 811 3095 865 mansionem
3133 812 3485 867 constituere.

1911 899 2190 956 Jehusazus
2222 900 2364 955 enim
2401 901 2788 969 interpretatur
2841 899 3108 966 calcatus;
3166 899 3488 970 Jerusalem,

1913 993 2038 1047 visio
2077 992 2219 1062 pacis
2250 1005 2270 1044 :
2297 1007 2402 1046 non
2433 993 2604 1047 solum
2650 993 2794 1046 enim
2848 992 3110 1048 Dominus
3165 1003 3352 1048 noster
3395 1011 3494 1063 per

1914 1081 2228 1154 mysterium
2275 1082 2452 1136 crucis
2480 1096 2696 1136 omnem
2725 1078 3085 1158 principatum
3134 1081 3330 1138 diaboli
3400 1084 3493 1138 (lc-

1913 1172 2172 1226 struendo
2220 1171 2437 1226 sibimet
2480 1179 2738 1240 tropaeum
2785 1170 2968 1242 gloria:
3011 1173 3332 1242 acquisivit,
3380 1173 3491 1228 imo

1913 1260 2159 1317 ﬁdelibus
2215 1261 2326 1317 suis
2377 1276 2541 1331 super
2585 1276 2800 1316 omnem
2844 1261 3095 1316 virtutem
3153 1264 3352 1319 diaboli
3395 1280 3491 1334 po-

1915 1358 2160 1406 testatem
2192 1350 2395 1405 tribuit.
2433 1346 2584 1406 Unde
2628 1350 2680 1403 in
2713 1347 3008 1421 Evangelio
3061 1351 3341 1422 discipulis
3379 1353 3491 1408 suis

1912 1440 1990 1493 ait
2014 1457 2026 1492 :
2052 1459 2069 1490 ‹
2090 1434 2230 1495 Ecce
2250 1439 2370 1493 dedi
2395 1437 2548 1494 Vobis
2571 1446 2897 1508 potestatem
2919 1440 3163 1495 calcandi
3194 1457 3357 1510 super
3384 1457 3496 1497 ser-

1913 1538 2121 1601 pentes,
2139 1538 2194 1584 et
2215 1543 2376 1600 super
2395 1529 2727 1599 scorpiones,
2751 1539 2979 1599 etsuper
2995 1545 3211 1586 omnem
3241 1533 3496 1587 virtutem

1915 1623 2117 1677 inimici
2152 1621 2303 1694 (Luc.
2333 1621 2412 1694 x).
2447 1641 2465 1673 ι
2492 1622 2639 1677 Bene
2658 1639 2788 1695 ergo
2809 1623 3008 1677 dictum
3033 1632 3116 1678 est
3135 1625 3279 1695 quod
3303 1623 3505 1692 David,_

1913 1711 2098 1781 ejectis
2123 1712 2280 1767 caecis
2305 1719 2360 1766 et
2378 1711 2605 1778 claudis,
2629 1713 2721 1782 qui
2749 1713 3006 1768 odiebant
3031 1715 3268 1768 animam
3298 1714 3494 1782 David,

1914 1799 2119 1872 ceperit
2153 1817 2334 1857 arcem
2357 1800 2512 1868 Sion,
2541 1819 2800 1873 suamque
2822 1803 3096 1858 civitatem
3124 1819 3244 1859 eam
3270 1818 3499 1862 vocave-

233 1907 476 1969 potestas
523 1896 638 1965 ejus
687 1896 843 1951 alteri
893 1911 1000 1951 non
1059 1896 1294 1953 dabitur.
1343 1895 1816 1967 Quadragenarius
1845 1903 1891 1961 B
1920 1895 2012 1959 rit,
2038 1894 2163 1963 quia
2195 1909 2320 1949 cum
2347 1892 2596 1949 Salvator
2617 1902 2803 1950 noster
2834 1895 3099 1965 malignos
3121 1895 3346 1966 spiritus
3367 1911 3495 1951 eum

232 1991 372 2044 enim
399 2003 682 2053 numerus,
703 1988 797 2058 qui
824 2002 890 2041 ex
917 1996 1107 2058 quater
1131 1983 1286 2042 denis
1313 1994 1548 2053 constat,
1571 1983 1804 2058 plenitu-

231 2079 411 2134 dinem
442 2088 744 2148 temporum
777 2085 834 2131 et
865 2093 1043 2131 rerum
1075 2075 1468 2146 perfectionem
1514 2077 1802 2148 signiﬁcat.

301 2189 320 2220 ί
371 2169 441 2222 Et
473 2168 609 2222 abiit
637 2183 727 2221 rex
755 2176 812 2222 et
837 2182 1026 2222 omnes
1061 2166 1160 2221 viri
1185 2167 1276 2237 qui
1305 2177 1464 2222 erant
1505 2184 1626 2233 cum
1650 2182 1716 2223 eo
1754 2169 1809 2224 in

238 2279 254 2310 ‹
294 2257 603 2314 Jerusalem
636 2257 702 2311 ad
741 2256 1044 2312 Jebusaeum
1092 2257 1452 2317 habitatorem
1493 2266 1670 2312 terrae.
1715 2259 1808 2312 Di-

240 2372 255 2403 ι
293 2359 564 2419 etumque
591 2357 672 2404 est
713 2349 780 2403 ad
810 2348 978 2404 David
1030 2348 1100 2402 ab
1136 2348 1215 2404 eis
1253 2367 1267 2402 :
1317 2347 1436 2403 Non
1490 2349 1812 2420 ingredieris

241 2460 258 2490 ι
296 2441 406 2495 huc
446 2441 553 2493 nisi
601 2438 888 2494 abstuleris
933 2453 1103 2494 czecos
1137 2447 1192 2493 et
1233 2439 1475 2504 claudos,
1520 2440 1762 2496 dicentes
1794 2456 1807 2493 :

242 2550 257 2580 ι
297 2530 416 2584 Non
473 2529 785 2599 egredietur
815 2528 981 2583 David
1025 2531 1151 2584 huc.
1219 2529 1373 2601 Cepit
1415 2539 1593 2585 autem
1644 2529 1813 2584 David

239 2642 256 2670 ‹
297 2637 485 2676 arcem
511 2618 665 2676 Sion.
705 2621 831 2676 [hac
855 2631 939 2676 est
967 2630 1144 2676 autem
1174 2622 1363 2678 civitas
1389 2623 1575 2677 David.
1608 2622 1814 2694 Propo-

239 2731 256 2761 ι
300 2717 484 2766 suerat
510 2710 656 2763 enim
673 2710 842 2765 David
864 2711 917 2764 in
942 2710 1027 2765 die
1050 2710 1136 2764 illa
1156 2712 1462 2781 praemium,
1484 2709 1573 2781 qui
1589 2725 1812 2780 percus-

241 2821 259 2852 ι
301 2803 464 2856 sisset
510 2799 841 2865 Jebusaeum,
889 2811 944 2855 et
992 2801 1257 2871 tetigisset
1284 2802 1555 2856 domatum
1602 2800 1813 2857 ﬁstulas

243 2912 260 2942 ι
297 2901 348 2946 et
362 2892 680 2947 abStulisset
699 2891 916 2947 claudos
938 2901 993 2946 et
1017 2904 1188 2948 cmcos
1203 2890 1444 2950 odientes
1461 2895 1696 2949 animam
1711 2895 1817 2948 Da-

243 3002 261 3033 ι
301 2983 407 3037 vid.
444 2979 656 3039 idcirco
683 2983 882 3038 dicitur
908 2979 962 3038 in
1001 2984 1287 3054 proverbio
1317 3003 1330 3038 :
1363 2984 1547 3040 Caecus
1582 2996 1639 3041 et
1667 2985 1817 3041 clau-

247 3091 263 3124 ι
302 3074 398 3129 dus
433 3091 542 3129 non
574 3074 856 3129 intrabunt
887 3073 941 3127 in
989 3073 1265 3144 templum.
1313 3073 1588 3130 Habitavit
1632 3085 1816 3131 autem

247 3183 264 3214 ε
303 3163 467 3218 David
504 3165 561 3218 in
615 3179 759 3229 arce,
807 3174 862 3219 et
885 3165 1096 3221 vocavit
1136 3180 1256 3220 eam
1305 3165 1578 3222 civitatem
1619 3168 1809 3224 David.

1913 1985 2069 2039 turba
2097 1983 2349 2040 vitiorum
2378 1986 2444 2041 de
2479 1987 2658 2040 anima
2706 1986 2946 2056 qualibet
2967 1984 3255 2056 expulerit,
3281 1987 3498 2058 sibique

1911 2085 2032 2126 eam
2053 2088 2153 2142 per
2185 2069 2630 2129 illuminationem
2659 2075 2938 2145 sapientiae
2970 2077 3332 2146 usurpaverit,
3377 2092 3496 2132 me-

1915 2161 2021 2216 rito
2065 2179 2166 2217 ara:
2217 2161 2366 2229 Sion,
2423 2165 2475 2220 id
2522 2173 2626 2233 est,
2668 2166 3058 2235 speculationis,
3114 2175 3169 2222 et
3201 2168 3325 2220 visio
3350 2169 3496 2237 pacis

1915 2255 2028 2324 ipsa
2057 2262 2185 2310 tunc
2226 2255 2525 2322 vocabitur,
2577 2266 2741 2326 atque
2787 2258 2852 2313 de
2905 2273 2968 2312 ea
3016 2266 3144 2313 tunc
3196 2267 3345 2313 recte
3398 2273 3500 2328 per

1913 2347 2254 2402 Psalmistam
2278 2349 2489 2403 dicetur
2513 2366 2528 2402 :
2554 2367 2572 2399 ι
2597 2348 2765 2404 Notus
2781 2350 2833 2404 in
2853 2349 3036 2404 Judaea
3066 2351 3228 2412 Deus,
3248 2351 3302 2404 in
3324 2350 3497 2406 lsrael

1914 2451 2166 2507 magnum
2193 2454 2388 2494 nomen
2410 2437 2544 2508 ejus,
2567 2450 2623 2496 et
2644 2440 2820 2496 factus
2835 2449 2918 2497 est
2945 2442 2998 2496 in
3019 2457 3156 2511 pace
3179 2440 3330 2497 locus
3351 2441 3494 2513 ejus,

1914 2535 1970 2584 et
2010 2529 2273 2585 habitatio
2320 2530 2436 2601 ejus
2476 2533 2532 2586 in
2570 2529 2720 2587 Sion.
2745 2533 2821 2588 lbi
2867 2531 3131 2604 confregit
3169 2548 3373 2590 cornua
3397 2549 3490 2590 ar-

1916 2636 2098 2686 cuum,
2132 2630 2365 2686 scutum,
2396 2622 2632 2693 gladium
2669 2631 2725 2678 et
2752 2624 2973 2679 bellum.
3015 2644 3032 2677 ι

1993 2732 2011 2764 ε
2055 2711 2319 2783 Cognovit
2346 2711 2517 2768 David
2545 2714 2798 2784 quoniam
2843 2714 3214 2771 conﬁrmasset
3238 2733 3361 2772 eum
3390 2718 3495 2774 Do-

1923 2821 1941 2854 σ
1988 2802 2170 2858 minus
2199 2817 2380 2873 regem
2410 2819 2574 2874 super
2599 2803 2785 2870 Israel,
2825 2813 2882 2858 et
2916 2807 3171 2876 quoniam
3200 2808 3520 2865 exaltasset:

1923 2911 1942 2945 ι
1987 2907 2212 2964 regnum
2236 2892 2352 2962 ejus
2375 2909 2538 2965 super
2557 2896 2815 2966 populum
2859 2913 3014 2952 suum
3041 2898 3230 2954 Israel.
3272 2898 3508 2974 Accepit.

1924 3002 1943 3036 ι
1984 2997 2116 3054 ergo
2160 2983 2333 3040 adhuc
2380 2985 2708 3043 concubinas
2738 2995 2793 3042 et
2845 3002 3041 3044 uxores
3070 2990 3136 3045 de
3168 2988 3498 3057 Jerusalem,

1923 3092 1944 3126 ‹
1987 3084 2274 3144 postquam
2295 3085 2520 3131 venerat
2545 3077 2610 3134 de
2637 3077 2876 3145 Hebron,
2927 3081 3150 3149 natique
3172 3090 3302 3135 sunt
3327 3081 3499 3137 David

1927 3185 1945 3218 ι
1989 3174 2044 3220 et
2069 3165 2158 3221 alii
2188 3166 2284 3221 ﬁlii
2308 3175 2362 3222 et
2383 3167 2525 3235 ﬁliae,
2571 3188 2588 3221 ι
2624 3178 2729 3225 etc.
2764 3169 2871 3226 Sed
2892 3169 3120 3228 fortasse
3149 3173 3270 3242 quis
3306 3172 3449 3228 dicat
3479 3190 3493 3227 :

248 3273 266 3304 ι
307 3255 369 3308 Ει
388 3255 686 3309 tedificavit
713 3269 810 3325 per
831 3270 1020 3326 gyrum
1048 3272 1077 3309 a
1101 3255 1258 3312 Mello
1288 3265 1343 3310 et
1371 3255 1718 3314 intrinsecus.
1749 3259 1817 3315 Et
1845 3261 1890 3325 C
1924 3253 1980 3311 Si
2007 3255 2175 3311 David
2205 3256 2493 3329 imaginem
2514 3259 2714 3316 Christi
2735 3262 2980 3332 gerebat,
3001 3264 3270 3334 quomodo
3299 3265 3498 3320 multas

251 3365 266 3396 ι
307 3347 716 3416 ingrediebatur
734 3347 1021 3418 proﬁciens
1041 3357 1602 3419 atquev-succrescens,
1631 3360 1687 3407 et
1711 3351 1817 3409 Do-

251 3453 268 3487 ‹
305 3436 483 3489 minus
524 3437 671 3490 Deus
703 3438 1036 3491 exercituum
1067 3447 1332 3493 eratcum
1361 3455 1459 3507 eo,
1500 3460 1518 3493 ι
1549 3449 1654 3497 etc.
1689 3442 1814 3500 Haac

245 3524 500 3598 Josephus
527 3529 621 3583 ille
650 3537 875 3582 narrat:
912 3549 929 3580 ε
965 3529 1272 3600 Exsurgens
1299 3530 1467 3586 David
1493 3547 1614 3588 cum
1644 3537 1820 3591 omni-

245 3617 332 3672 bus
357 3603 513 3673 venit
543 3619 600 3672 in
629 3618 1020 3690 JerosoPymam
1055 3619 1318 3677 Jubusaais
1342 3623 1710 3682 habitantibus
1735 3626 1818 3682 ci-

247 3709 482 3774 vitatem,
531 3710 628 3780 qui
691 3719 847 3766 erant
885 3727 949 3767 ex
996 3728 1192 3784 genere
1244 3713 1697 3786 Chananaorum,
1766 3727 1820 3775 et

246 3799 619 3860 claudentibus
639 3806 691 3860 ei
713 3814 917 3876 portas,
950 3815 1006 3861 et
1029 3823 1202 3863 caecos
1238 3817 1482 3878 aspectu,
1514 3818 1570 3864 et
1600 3809 1820 3866 claudos

245 3909 534 3964 omnesque
563 3894 809 3967 leprosos
831 3897 898 3950 ad
924 3896 1248 3953 derisionem
1270 3899 1414 3968 regis
1439 3900 1821 3958 constituenti-

249 3985 330 4039 bus
359 4002 532 4056 super
572 4002 812 4052 murum,
853 3996 907 4042 et
942 3988 1244 4044 dicentibus
1273 4007 1286 4042 :
1317 3989 1442 4059 quia
1467 3990 1820 4059 prohiberent

248 4093 354 4132 eum
397 4079 533 4133 neci
580 4079 787 4148 ingredi
839 4079 1133 4134 civitatem.
1188 4080 1318 4148 Qute
1363 4088 1544 4135 tamen
1591 4081 1824 4152 agebant

236 4166 600 4243 _despicientes
655 4185 778 4224 eum
847 4171 1094 4240 proxima
1149 4171 1449 4226 munitione
1516 4187 1817 4227 murorum.

248 4259 410 4318 lratus
463 4278 564 4317 rex
616 4259 1008 4333 Jerosolymam
1049 4263 1296 4318 obsidere
1345 4263 1529 4333 ompit,
1569 4270 1624 4318 et
1654 4263 1822 4319 multo

250 4353 415 4408 studio
446 4362 504 4406 et
530 4353 719 4408 labore
739 4354 942 4418 conari,
975 4363 1036 4408 ut
1057 4368 1176 4408 eam
1202 4360 1440 4423 caperet,
1474 4362 1741 4423 quatenus
1761 4353 1818 4407 in

251 4443 350 4511 ipso
378 4445 728 4514 principatus
777 4443 929 4499 initio
981 4461 1132 4500 suam
1181 4443 1554 4501 fortitudinem
1597 4445 1820 4501 demon-

251 4545 460 4590 straret.
505 4533 897 4590 Interminatus
925 4536 1106 4606 itaque
1135 4545 1189 4592 et
1221 4536 1349 4608 ipsis
1371 4547 1424 4592 et
1462 4537 1602 4602 aliis,
1635 4538 1679 4591 si
1726 4538 1818 4608 qui

1921 3362 2121 3404 uxores
2167 3355 2222 3404 et
2269 3352 2602 3409 concubinas
2643 3353 2898 3410 habuisse
2917 3356 3194 3422 scribitur,
3225 3373 3348 3412 cum
3398 3358 3502 3413 has

1919 3452 2017 3493 rex
2060 3437 2312 3496 Christus
2347 3450 2402 3496 et
2429 3443 2712 3498 horrescat
2752 3453 2810 3501 et
2839 3446 3094 3502 damnet?
3135 3446 3455 3517 Respondeo
3485 3466 3498 3503 τ

1919 3527 2036 3585 Hoc
2087 3545 2188 3601 per
2237 3531 2467 3605 ﬁguram
2505 3533 2686 3590 ﬁebat.
2730 3535 2910 3593 Multa:
2934 3539 3080 3594 enim
3109 3555 3306 3595 uxores
3333 3541 3503 3596 David

1919 3619 2212 3678 multarum
2250 3625 2488 3694 gentium
2530 3635 2585 3682 et
2632 3628 2914 3683 nationum
2959 3630 3246 3702 imaginem
3292 3632 3501 3688 indica-

1919 3711 2072 3778 bant,
2122 3727 2242 3782 quae
2270 3730 2368 3784 per
2412 3715 2572 3771 ﬁdem
2624 3716 2826 3773 Christi
2861 3721 3137 3776 consortio
3181 3720 3498 3793 iunguntur.

1920 3805 2246 3862 Concubina:
2280 3823 2410 3863 vero
2441 3807 2558 3878 ejus
2589 3807 2893 3881 signiﬁcant
2917 3811 3294 3866 haereticorum
3322 3810 3498 3866 eccle‘

1921 3894 2049 3960 sias,
2077 3911 2198 3966 quae
2227 3899 2327 3953 sub
2354 3898 2554 3955 Christi
2585 3901 2821 3957 nominis
2845 3902 3002 3958 titulo
3029 3918 3089 3958 se
3131 3917 3354 3957 manere
3382 3902 3504 3974 glo—

1921 3986 2164 4054 riantur;
2202 3989 2296 4044 sed
2347 3990 2473 4060 quia
2523 4001 2743 4062 propter
2778 3993 3017 4048 carnalia
3044 3993 3194 4048 lucra
3219 3992 3496 4048 Christum

1923 4088 2224 4147 sectantur,
2274 4099 2380 4137 non
2405 4082 2680 4156 conjuges,
2714 4085 2809 4139 sed
2838 4085 3156 4140 concubinae
3201 4094 3487 4140 vocantur.

1923 4172 2167 4243 Denique
2197 4189 2340 4230 nunc
2376 4191 2529 4246 reges
2580 4175 2626 4231 si
2654 4175 2838 4244 plures
2879 4175 3114 4232 habeant
3164 4191 3362 4232 uxores
3409 4177 3518 4233 velt

1923 4258 2274 4325 concubinas,
2330 4261 2537 4315 crimen
2586 4269 2687 4327 est,
2749 4261 2875 4331 quia
2898 4260 3010 4330 jam
3056 4263 3391 4317 transierunt
3426 4263 3493 4317 ﬂ-

1923 4363 2091 4419 guraa,
2117 4365 2216 4419 pro
2265 4348 2460 4420 quibus
2485 4365 2713 4404 uxorum
2757 4351 2844 4405 vel
2869 4351 3295 4406 concubinarum
3337 4353 3497 4419 venia

1923 4442 2338 4500 concedebatur.
2359 4441 2428 4496 At
2447 4458 2588 4497 nunc
2617 4442 2739 4512 quia
2759 4442 2944 4514 ﬁgurae
2971 4443 3322 4509 transierunt,
3345 4445 3521 4500 venia-

1925 4533 2067 4589 nulla
2096 4534 2275 4589 datur.
2360 4569 2368 4586 .

251 4624 375 4678 forte
425 4625 698 4681 haberent
748 4625 1008 4680 adversus
1040 4642 1162 4680 eum
1202 4627 1489 4682 resistendi
1541 4636 1818 4694 conatum,
1849 4609 1901 4668 D
2002 4643 2020 4675 ι
2065 4624 2365 4679 Audierant
2405 4637 2535 4678 vero
2587 4623 2954 4690 Philisthiim,
3014 4625 3161 4694 quod
3217 4626 3502 4681 duxissent

251 4714 560 4770 inferiorem
604 4715 881 4770 civitatem
924 4731 1116 4785 magna
1163 4716 1364 4771 virtute
1391 4716 1550 4786 cepit.
1579 4715 1822 4786 Cumque

251 4807 414 4862 adhuc
441 4821 634 4863 arcem
677 4807 925 4862 obtinere
947 4823 1050 4863 non
1080 4815 1282 4878 posset,
1316 4808 1478 4878 coepit
1510 4808 1744 4864 honores
1767 4817 1826 4864 et

251 4912 467 4952 munera
511 4897 882 4966 promittendo
911 4912 1008 4951 rex
1051 4913 1254 4968 pronus
1284 4900 1350 4953 ad
1385 4914 1520 4969 opus
1566 4900 1821 4955 bellicum

251 4985 443 5040 milites
467 5001 788 5056 provocare,
822 4996 882 5041 ut
907 4987 1209 5057 quicunque
1242 5004 1340 5059 per
1362 4988 1630 5057 subjectos
1659 4991 1823 5046 colles

252 5074 301 5127 in
326 5091 512 5130 arcem
563 5077 972 5141 conscenderet,
1005 5092 1234 5147 eamque
1276 5087 1512 5150 caperet,
1546 5079 1823 5152 principa-

252 5173 359 5219 tum
391 5165 600 5221 militia:
637 5169 804 5223 totius
825 5167 1002 5238 populi
1044 5170 1364 5238 possideret.
1395 5170 1614 5227 Cunctis
1640 5173 1821 5243 itaque

251 5256 612 5312 conscendere
659 5257 1058 5322 festinantibus,
1086 5267 1144 5313 et
1166 5259 1312 5314 nullo
1341 5259 1525 5315 labore
1569 5277 1668 5331 pro
1703 5278 1822 5316 mu-

251 5346 394 5398 neris
414 5347 669 5415 promissi
694 5346 1052 5402 retributione
1076 5348 1437 5415 tardantibus,
1461 5349 1666 5405 Sarviae
1682 5349 1823 5406 ﬁlius

249 5438 381 5495 Joab
406 5440 669 5510 praevenit
708 5434 1012 5505 universos,
1042 5448 1098 5494 et
1126 5441 1422 5497 ascendens
1453 5441 1507 5495 in
1540 5443 1822 5500 cacumine

252 5528 502 5582 clamavit
552 5528 621 5582 ad
662 5543 865 5598 regem,
911 5529 1134 5600 exigens
1178 5529 1386 5584 militia:
1434 5530 1818 5600 principatum.

255 5617 500 5688 Expulsis
544 5619 730 5686 itaque
781 5633 876 5673 rex
933 5619 1000 5672 de
1028 5633 1238 5673 summa
1288 5632 1412 5672 arce
1445 5617 1726 5684 Jebusaais,
1767 5628 1826 5676 et

255 5711 585 5766 mditimns
623 5709 918 5774 civitatem,
968 5724 1088 5764 eam
1122 5708 1512 5780 Jerosolymam
1548 5726 1824 5782 nuneupa-

261 5801 349 5866 vu,
389 5809 440 5856 ct
465 5799 612 5858 omni
642 5809 886 5870 tempore
932 5798 985 5855 in
1027 5815 1090 5856 ea
1121 5801 1202 5857 sui
1233 5801 1496 5859 habitavit
1527 5803 1755 5874 imperii.
1793 5823 1812 5856 ι

1934 4736 1952 4768 ‹
1999 4714 2165 4770 David
2193 4715 2248 4770 in
2281 4729 2462 4785 regem
2487 4729 2650 4784 super
2677 4714 2843 4770 Israel
2869 4754 2884 4780 ,
2911 4723 2969 4770 et
2991 4716 3350 4772 ascenderunt
3375 4717 3519 4771 uni-—

1933 4824 1952 4857 ι
1997 4805 2176 4871 versi,
2219 4813 2281 4882 ut
2326 4812 2631 4874 quzererent
2666 4805 2855 4859 David.
2895 4804 3049 4872 Quod
3093 4821 3222 4860 cum
3256 4807 3520 4862 audisseh

1933 4913 1951 4947 ι
1995 4895 2185 4959 David,
2223 4894 2467 4948 ascendit
2507 4893 2560 4946 in
2597 4893 2926 4962 praesidium.
2969 4893 3522 4952 Philisthiim-autem»

1933 5005 1953 5038 ‹
1997 4985 2273 5040 venientes
2298 4983 2476 5038 diffusi
2504 4991 2630 5038 sunt
2650 4984 2706 5037 in
2731 4984 2868 5038 valle
2895 4984 3183 5054 Baphaim.
3210 4986 3276 5041 Et
3300 5001 3516 5042 censu--

1935 5093 1954 5126 ¢
2003 5075 2103 5128 luit
2152 5072 2322 5127 David
2362 5071 2670 5136 Dominum,
2715 5073 2899 5128 dicens
2941 5093 2955 5126 :
2992 5074 3050 5130 Si
3098 5077 3386 5131 ascendam
3431 5080 3502 5135 ad

1935 5187 1952 5219 ι
1997 5165 2344 5230 Philisthiim,
2369 5173 2423 5218 et
2451 5164 2496 5218 si
2523 5164 2679 5219 dabis
2701 5179 2795 5220 eos
2824 5166 2877 5219 in
2903 5181 3068 5221 manu
3093 5168 3247 5220 mea?
3277 5168 3344 5220 Et
3366 5168 3502 5222 dixit

1934 5278 1951 5310 ι
1996 5259 2254 5313 Dominus
2297 5256 2363 5311 ad
2401 5255 2567 5310 David
2598 5274 2612 5310 :
2649 5256 2926 5322 Ascende,
2953 5260 3077 5328 quia
3117 5262 3332 5316 tradens
3360 5262 3508 5317 dabe-

1933 5367 1952 5401 r
1995 5347 2320 5402 Philisthiim
2372 5346 2427 5400 in
2477 5361 2642 5402 manu
2690 5355 2801 5401 tua.
2853 5349 3010 5403 Venit
3054 5367 3185 5422 ergo
3225 5353 3393 5406 David
3445 5352 3501 5407 in

1934 5456 1953 5490 ι
1996 5439 2126 5492 Baal
2156 5437 2466 5501 Pharasim,
2496 5449 2558 5492 et
2574 5440 2839 5507 percussit
2862 5455 2956 5494 eos
2978 5440 3072 5494 ibi.
3113 5441 3180 5495 Et
3205 5443 3374 5497 dixit:
3411 5442 3502 5495 Di-

1926 5547 1946 5582 c
1989 5529 2115 5584 visit
2135 5528 2394 5584 Dominus
2426 5530 2676 5585 inimicos
2702 5546 2851 5586 meos
2877 5548 3060 5586 coram
3093 5548 3202 5598 me,
3243 5534 3383 5587 sicut
3414 5532 3499 5586 di-

1926 5640 1944 5674 ι
1984 5623 2240 5677 viduutur
2266 5636 2436 5690 aquae.
2469 5621 2760 5691 Propterea
2791 5632 3038 5678 vocatum
3065 5631 3149 5678 est
3173 5637 3367 5677 nomen
3392 5621 3496 5678 loci

1927 5731 1944 5764 ι
1986 5711 2128 5768 illius
2156 5711 2283 5766 Baal
2313 5711 2611 5766 Pharasim.
2648 5711 2716 5766 Et
2760 5712 3094 5779 reliquerunt
3123 5711 3196 5764 ibi
3223 5710 3508 5780 sculptilia.

1927 5823 1946 5856 ι
1991 5818 2106 5869 sua,
2135 5816 2254 5872 qua:
2283 5801 2405 5856 tulit
2435 5800 2603 5856 David
2631 5809 2686 5856 ct
2713 5800 2812 5854 viri
2843 5798 2976 5867 ejus.
3019 5819 3038 5850 ι
3084 5798 3190 5866 (Ex
3224 5798 3492 5858 Νέωνα.)
