4026 6202
466 414 537 499 εἰς
1030 440 1033 447 ·
1116 443 1177 497 n.
1217 440 1474 497 unum
1512 439 1730 499 usum
1768 440 2099 497 ARCHIEP.
2141 438 2451 498 uocum.
2487 438 2773 498 orsauu
2812 428 3072 498 rans}.
3098 405 3128 425 ⁸
3660 444 3734 504 ει

464 548 611 615 Τίιιίῑ
629 572 692 614 ea
714 530 980 621 David,iet
1002 555 1111 625 igni
1126 554 1288 623 jussit
1306 554 1490 619 exuri,
1520 555 1659 610 sicut
1679 554 1815 612 liber
1843 521 2045 610 Parali-
2074 552 2278 618 Alium
2327 552 2453 611 filiis
2506 528 2694 620 Israel,
2742 556 3141 614 sum‘vidclicet
3184 538 3329 632 genti
3379 538 3728 637 praedicaVit;

462 658 733 720 pomenon
757 646 1027 712 declarat,
1060 646 1133 699 ita
1162 643 1346 699 dicens
1391 662 1404 698 :
1446 660 1486 696 ἐ
1524 643 2044 715 Dereliqueruntqite

462 732 537 797 ibi
560 741 689 798 deos
711 748 858 804 suos,
880 752 1015 809 quos
1034 736 1207 792 David
1225 733 1389 805 jussit
1416 738 1568 792 exuri
1594 734 1648 809 (1
1683 736 1808 792 Par.
1836 737 1969 810 xiv).
2018 756 2037 790 ι

539 853 558 886 ι
602 831 884 891 Consuluit
917 838 1098 886 autem
1136 830 1307 887 David
1337 830 1647 886 Dominum.
1674 829 1778 899 Qui
1818 844 2044 903 respon-

465 945 486 978 ‹
529 926 609 982 dit
640 944 653 980 :
681 924 800 981 Non
829 924 1108 990 ascendas,
1136 924 1228 980 sed
1251 940 1379 996 gyra
1410 932 1533 997 post
1558 932 1767 997 tergum
1805 925 2040 990 illorum,

464 1039 485 1070 ι
526 1027 582 1075 et
618 1018 801 1074 venies
837 1018 905 1074 ad
934 1033 1029 1073 eos
1058 1031 1126 1074 ex
1166 1018 1393 1073 adverso
1422 1018 1687 1090 pirorum.
1725 1038 1744 1071 ι
1788 1018 1897 1092 (Ea:
1934 1012 2043 1075 He-

459 1109 646 1181 brwe.)
683 1108 742 1164 In
768 1106 998 1165 Hebraeo
1022 1124 1128 1164 non
1150 1108 1422 1180 pirorum,‘
1441 1109 1535 1164 sed
1554 1109 1793 1179 ﬂentium
1818 1107 2037 1178 legitur.

456 1201 538 1256 Ex
567 1201 796 1259 aduerso
824 1198 1005 1271 itaque
1043 1199 1286 1255 ﬂentium
1322 1215 1446 1254 eum
1489 1200 1677 1254 venire
1708 1198 1864 1268 jubet
1893 1241 1907 1265 ,
1938 1201 2042 1257 hoc

455 1300 574 1358 est,
607 1307 675 1348 ex
697 1291 926 1347 adverso
954 1290 1218 1346 idolorum
1242 1286 1463 1346 suorum
1489 1330 1503 1354 ,
1534 1290 1626 1345 ubi
1662 1290 1868 1346 scilicet
1897 1289 2039 1346 idola
2074 1288 2075 1291 “

456 1396 645 1437 eorum
671 1388 864 1446 erant,
903 1379 956 1434 in
1003 1380 1198 1451 quibus
1225 1377 1754 1455 conﬁdebantouae
1781 1379 1921 1436 idola
1956 1380 2038 1435 id-

456 1473 604 1528 circo
652 1472 892 1545 ﬂentium
941 1480 1235 1538 vocantur,
1279 1470 1415 1544 quia
1439 1468 1757 1540 ﬂetu'digna
1791 1468 1946 1538 Sunt',
1985 1474 2041 1528 et

455 1579 551 1620 eos
578 1563 672 1636 qui
699 1576 764 1618 ea
793 1560 995 1626 colunt,
1021 1557 1298 1616 ad‘tletum
1338 1561 1680 1617 miseriarum
1708 1562 2035 1634 perducunt.

455 1654 729 1712 Flentium
772 1644 954 1724 itaque
988 1669 1176 1723 eorum
1220 1652 1364 1709 idola
1406 1654 1476 1709 ob
1521 1645 1913 1725 blasphemiam
1950 1654 2038 1710 hic

453 1746 634 1805 sermo
683 1742 898 1803 divinus
949 1754 1147 1814 vocat,
1194 1744 1337 1802 sicut
1383 1745 1512 1801 alibi
1565 1755 1790 1801 vocatur
1834 1746 2037 1803 idolum

454 1840 633 1908 Moab,
656 1841 1031 1896 contaminalio
1056 1828 1234 1894 Moab.

2151 664 2170 697 ι
2215 644 2311 701 sed
2335 644 2552 701 crecitas
2577 656 2643 701 ex
2673 654 2829 718 parte
2854 650 3080 720 contigit
3113 651 3166 709 in
3193 640 3380 721 Israel,
3412 655 3585 714 donec
3618 656 3755 730 ple-‘

2147 736 2334 792 nitudo
2367 736 2608 809 gentium
2645 734 2914 805 intraret,
2950 750 3008 795 et
3034 741 3115 797 sic
3147 744 3327 799 omnis
3353 744 3518 803 Israel
3548 749 3735 808 salvus

2146 827 2497 901 fieret'(Rom.
2523 826 2624 901 st).
2664 848 2682 882 ι
2727 827 2834 886 Sed
2861 838 2924 887 ut
2951 833 3071 888 huic
3109 834 3447 895 enucleatius
3487 849 3731 911 pateant,

2143 928 2244 989 per
2292 919 2501 990 singula
2557 920 2858 976 videamus.
2913 921 3275 997 Congregavit
3325 928 3495 986 David
3542 946 3734 991 omnes

2143 1008 2344 1068 electos
2365 1028 2433 1069 ex
2463 1012 2645 1077 Israel,
2679 1014 2901 1095 triginta
2940 1015 3130 1084 millia,
3163 1020 3290 1090 quia
3333 1010 3596 1082 Dominus
3634 1027 3733 1083 Ec-

2143 1106 2363 1166 clesium
2402 1109 2731 1191 primitivum
2772 1110 2825 1165 in
2864 1109 3030 1167 ISrael
3068 1113 3340 1170 instituit:
3372 1134 3478 1173 non
3508 1121 3731 1191 quidem

2141 1196 2359 1256 omnem
2402 1199 2565 1256 Israel
2591 1241 2607 1266 ,
2636 1198 2729 1257 sed
2761 1199 2962 1256 electos
2987 1216 3229 1274 quosque
3254 1205 3358 1261 sibi
3389 1210 3729 1266 consocians.

2149 1311 2169 1344 ι
2190 1290 2314 1348 Non
2335 1292 2479 1346 enim
2502 1292 2797 1363 omnesqui
2819 1306 2883 1345 ex
2905 1290 3090 1358 Israel,
3110 1293 3166 1350 hi
3188 1303 3313 1350 sunt
3336 1296 3616 1367 Israelitte,
3632 1303 3729 1357 sed

2144 1383 2236 1439 lilii
2267 1384 2643 1457 promissionis
2680 1374 3012 1456 deputantur
3039 1387 3092 1441 in
3119 1388 3327 1444 semine
3349 1386 3526 1462 (Rom.
3558 1391 3660 1463 ιι).
3699 1412 3720 1445 ι

2140 1477 2245 1547 Qui
2282 1477 2502 1547 triginta
2549 1474 2715 1533 millia
2768 1477 2938 1547 fuisse
2978 1478 3307 1547 referuntur,
3356 1480 3413 1536 id
3463 1492 3565 1549 est,
3597 1485 3721 1541 fidei

2139 1567 2321 1649 operis
2358 1574 2415 1622 et
2459 1556 2878 1638 spei'tirmitate
2930 1567 3178 1639 perfecti.
3220 1566 3348 1624 Tria
3395 1571 3541 1627 enim
3586 1590 3714 1645 pro-

2138 1664 2261 1729 pter
2292 1656 2689 1737 confessionem
2734 1666 2937 1719 sanctre
2986 1656 3274 1735 Trinitatis
3309 1662 3376 1716 ad
3410 1661 3568 1718 ﬁdem
3596 1680 3723 1735 per-

2139 1749 2341 1814 tinent;
2385 1746 2574 1803 Decem
2603 1755 2834 1819 propter
2864 1745 3205 1820 .Decalogum
3248 1750 3383 1822 legis
3424 1753 3501 1824 ad.
3528 1769 3727 1827 Opera;

2140 1839 2289 1897 Mille
2358 1847 2582 1912 propter
2638 1839 2722 1921 sui
2779 1836 3167 1912 perfectionem
3238 1844 3304 1898 ad
3371 1859 3523 1914 spem
3594 1848 3720 1904 vita:

528 1951 550 1986 ι
591 1931 660 1987 Et
682 1946 809 1987 cum
833 1930 1075 1986 audieris.
1100 1928 1333 1986 sonitum
1373 1927 1669 2003 gradientis
1696 1931 1749 1987 in
1786 1930 2036 2009 acumine
2062 1945 2109 2004 Β
2137 1940 2353 2009 mtcrna:
2377 1971 2393 1996 ,
2444 1944 2552 2001 qua
2578 1929 2829 2001 superius
2854 1931 3055 2005 aliquid
3084 1947 3190 1988 non
3221 1938 3324 1999 est,
3358 1935 3500 1990 sicut
3536 1951 3727 1991 nume-

453 2013 721 2091 ﬂentium,
751 2032 857 2080 etc.
895 2043 914 2076 ι
974 2021 1090 2079 Hoc
1114 2032 1231 2089 est,
1265 2039 1387 2080 cum
1417 2024 1654 2080 audieris
1695 2042 1726 2081 a
1756 2027 2039 2096 potestati-

453 2117 556 2173 bus
595 2115 848 2189 angelicis
876 2130 1066 2171 eorum
1094 2113 1270 2183 idola,
1306 2116 1360 2170 in
1406 2117 1602 2187 quibus
1637 2120 1814 2177 omnis
1847 2120 2041 2175 eorum

453 2203 712 2263 fortitudo
736 2212 845 2271 est,
865 2198 1071 2260 conteri
1099 2215 1157 2260 et
1180 2204 1509 2262 conculcari.
1540 2206 1692 2264 Tunc
1720 2209 1882 2265 inibis
1905 2225 2040 2280 prm-

454 2296 618 2363 lium,
661 2286 791 2368 quia
838 2303 964 2353 tunc
1000 2297 1311 2370 egredietur
1364 2286 1626 2361 Dominus
1670 2311 1796 2356 ante
1841 2302 2039 2359 faciem

454 2397 633 2455 tuam,
677 2398 738 2445 ut
782 2392 1054 2461 percutiat
1103 2384 1282 2446 castra
1331 2380 1683 2449 Philisthiim.
1739 2393 1800 2450 In
1846 2410 2038 2451 eorum

455 2493 685 2549 namque
761 2478 920 2535 idolis
983 2479 1244 2536 Dominus
1283 2472 1489 2550 judicia
1527 2480 1690 2550 fecit,
1724 2484 1867 2540 sicut
1896 2493 1951 2540 et
1981 2486 2037 2542 in

455 2573 558 2629 diis
586 2564 991 2647 Egyptiorum.

1074 2656 1302 2727 CAPUT
1320 2744 1325 2749 η
1344 2654 1431 2727 vr.

455 2777 533 2835 De
553 2796 625 2853 eo
643 2781 789 2853 MA
809 2780 983 2841 David
1010 2798 1197 2853 arcam,
1215 2781 1509 2853 adducens,
1532 2781 1596 2853 ορ
1618 2796 1800 2853 eorum
1820 2789 2035 2853 contra-

522 2848 689 2917 riuni,
725 2851 798 2925 id
834 2862 934 2925 est,
968 2848 1351 2925 percussionem
1380 2850 1512 2925 Oete
1555 2850 1750 2906 Levita:
1769 2891 1785 2915 ,
1827 2851 2037 2925 diverti:

518 2926 641 2993 eam
665 2922 735 2976 ad
763 2918 979 2977 domum
1015 2921 1333 2993 Obgdedom,
1371 2922 1592 2993 indeque
1618 2918 2034 2993 eamﬂtra‘ristulil

515 2992 1041 3073 ξηιιίοπηιπινοιιαπξζ
1070 2990 1317 3073 Cumque
1334 2990 1640 3073 complesset
1680 2992 1909 3073 oﬂ'ererfs‘
1941 2991 2049 3046 ho?

516 3064 760 3119 (musta
795 3072 847 3118 et
882 3063 1130 3133 paciﬁca,
1176 3063 1404 3132 partitus
1447 3072 1521 3117 est
1548 3063 1737 3133 cibum
1770 3063 2035 3129 «metu

518 3133 849 3203 multitudini
869 3131 1060 3203 Israel.
1076 3201 1085 3203 Α
1102 3131 1264 3203 ραρά
1281 3133 1456 3203 David
1475 3131 1673 3203 saltans
1703 3147 1881 3186 coram
1900 3147 2034 3187 arca

518 3200 735 3259 Domini
763 3221 797 3259 a
828 3202 1026 3258 Michot
1050 3198 1166 3272 [ilia
1191 3198 1328 3258 Sdul
1357 3200 1546 3258 irrisus
1574 3202 1670 3257 est.

2143 2014 2237 2080 rus
2265 2011 2566 2101 millena'rio
2590 2024 2763 2095 majbr
2791 2018 3097 2079 nullusest.
3132 2023 3247 2079 Etsi
3280 2020 3433 2079 enim
3458 2025 3648 2092 millia,
3676 2026 3725 2083 si

2142 2114 2384 2187 triginta,
2429 2114 2474 2170 si
2524 2115 2691 2170 etiam
2734 2113 2881 2169 mille
2922 2114 3089 2170 millia
3127 2114 3349 2179 dixeris,
3385 2130 3494 2171 non
3541 2114 3720 2187 ipsum

2142 2206 2287 2262 mille
2317 2205 2653 2263 numerando
2680 2206 3040 2272 transcendis,
3060 2205 3157 2261 sed
3181 2207 3391 2283 vel'per'
3412 2212 3492 2273 Se,
3520 2204 3604 2263 vel
3624 2222 3724 2278 per

2141 2298 2382 2358 minores
2408 2313 2668 2354 numeros
2701 2297 2898 2367 saepius
2929 2294 3174 2352 ducendo
3214 2294 3563 2368 multiplices.
3598 2295 3726 2351 Tria

2141 2406 2272 2463 ergo
2313 2404 2412 2462 per
2451 2390 2637 2445 decem
2677 2386 3011 2460 multiplica,
3059 2403 3127 2443 ne
3158 2386 3294 2443 fides
3317 2387 3437 2443 sine
3473 2388 3728 2459 operibus

2140 2462 2357 2537 mortua
2399 2481 2489 2536 sit.
2539 2468 2673 2535 Item
2719 2479 2943 2550 triginta
2979 2494 3077 2550 per
3120 2477 3268 2534 mille
3309 2462 3632 2549 multiplica,
3662 2488 3725 2535 ut

2140 2571 2275 2627 ﬁdes
2302 2587 2424 2642 qua:
2456 2586 2555 2642 per
2590 2568 2931 2626 dilectionem
2965 2578 3240 2643 operatur,
3269 2574 3377 2626 non
3410 2570 3724 2642 alibiquam

2142 2662 2199 2718 in
2222 2662 2376 2719 cmlis
2406 2662 2819 2721 retributionem
2844 2670 3045 2735 speret.
3062 2652 3239 2733 Electi
3263 2660 3426 2735 igitur
3449 2678 3516 2719 ex
3536 2661 3723 2728 Israel,

2137 2754 2367 2824 populos
2413 2748 2559 2810 re'cte
2587 2752 2899 2824 credentes,
2930 2754 3245 2826 operantes,
3283 2765 3568 2826 sperantes
3596 2754 3727 2811 insi-

2139 2854 2328 2902 nuent.
2353 2836 2469 2902 Viri
2495 2854 2677 2902 autem
2700 2843 2862 2912 Juda,
2898 2832 2989 2915 qui
3018 2854 3176 2902 erant
3204 2860 3324 2901 cum
3355 2842 3546 2910 David,
3581 2842 3727 2915 ipsos

2140 2934 2416 3016 apostolos
2439 2934 2501 2992 et
2520 2934 2772 2993 doctores
2795 2977 2811 3004 ,
2847 2936 2941 3016 qui
2972 2934 3128 2992 lateri
3156 2933 3357 2991 Christi
3384 2933 3540 3005 quasi
3566 2930 3725 2987 fami-

2137 3014 2329 3087 liarius
2364 3028 2746 3095 adurebant,
2776 3014 3039 3084 indicent.
3087 3024 3205 3094 Quo
3233 3026 3465 3095 utroque
3496 3024 3726 3094 stipatos

2139 3110 2380 3180 eset-cito
2412 3114 2673 3187 Dominus
2695 3162 2712 3188 ,
2750 3130 2936 3178 arcam
2964 3116 3262 3186 adducere,
3294 3118 3347 3174 id
3387 3120 3505 3183 est,
3537 3115 3725 3172 Eccle-

2140 3204 2277 3279 siam
2305 3213 2563 3280 dilatare,
2595 3221 2652 3270 et
2673 3213 2729 3269 in
2751 3228 2942 3270 eorum
2968 3212 3059 3283 qui
3092 3227 3198 3269 non
3227 3208 3578 3267 crediderunt
3603 3223 3725 3264 cor-

521 3318 675 3391 (ϐλν.
702 3310 802 3389 vi.)
866 3336 889 3368 ι
940 3310 1301 3393 Congregavit
1344 3326 1527 3374 autem
1572 3292 1788 3383 rursum
1839 3330 2033 3386 omnes
2058 3299 2105 3364 C
2135 3298 2567 3362 dibus’inserere
2594 3304 2809 3393 gaudet.
2848 3302 3148 3374 Imponitur
3174 3308 3357 3393 autem
3395 3314 3521 3355 arca
3554 3297 3712 3393 plau-

455 3431 491 3465 ι
522 3411 727 3468 electos
754 3408 953 3475 Israel,
981 3409 1205 3481 triginta
1241 3409 1409 3465 millia
1437 3417 1498 3467 ut
1521 3408 1819 3467 adduceret
1845 3423 2030 3481 arcam

454 3523 475 3553 ο
518 3502 635 3568 Dei,
675 3501 1013 3572 impnnentes
1050 3516 1173 3557 eam
1199 3501 1253 3568 in
1286 3501 1588 3573 plaustrum
1618 3515 1839 3555 novum.
1879 3499 2037 3556 Post-

455 3612 473 3641 ι
519 3606 690 3663 quam
718 3598 902 3647 autem
937 3598 1204 3648 venerunt
1236 3590 1305 3649 ad
1341 3606 1528 3647 arcam
1557 3589 1811 3654 Nachon,
1847 3598 2037 3647 exten-

455 3703 474 3732 ι
521 3682 602 3738 dit
652 3697 874 3740 manum
909 3681 1019 3738 Oza
1066 3683 1134 3739 ad
1180 3698 1364 3738 arcam
1401 3682 1535 3747 Dei,
1587 3689 1643 3737 et
1677 3682 1854 3737 tenuit
1887 3696 2034 3749 eam,

454 3798 470 3825 ι
517 3777 773 3848 quoniam
803 3774 1161 3832 calcitrabant
1181 3775 1368 3839 boves,
1389 3781 1444 3828 et
1463 3772 1872 3830 declinaverunt
1889 3788 2032 3830 eam.

456 3887 475 3918 ι
514 3868 801 3938 Iratusque
821 3875 909 3924 est
932 3865 1300 3938 indignatione
1330 3850 1591 3920 Dominus
1608 3871 1803 3919 contra
1822 3862 1988 3919 02am
2016 3881 2031 3917 :

453 3980 476 4013 ε
520 3968 579 4017 et
615 3959 889 4031 percussit
915 3973 1051 4014 eum
1091 3973 1252 4029 super
1287 3957 1619 4015 temeritate.
1656 3956 1758 4026 Qui
1788 3964 2037 4012 mortuus

452 4068 477 4104 ι
518 4058 606 4108 est
625 4050 704 4117 ibi
714 4048 870 4119 juxta
888 4064 1071 4111 arcam
1096 4049 1215 4115 Dei,
1241 4068 1260 4102 ι
1286 4056 1392 4109 etc.
1427 4042 1535 4121 (Ex
1562 4046 1753 4119 Beda.)
1780 4047 1839 4103 in
1865 4047 2037 4103 histo-

448 4141 534 4220 ria
552 4141 705 4199 beati
721 4141 946 4212 regis-et
970 4141 1249 4212 propheta:
1273 4138 1466 4208 David,
1489 4128 1585 4211 qui
1609 4153 1792 4195 arcam
1822 4137 1917 4194 Dei
1942 4136 2037 4192 ad—

447 4233 674 4291 duxisse
712 4238 967 4289 narratur
994 4271 1025 4298 ι
1061 4224 1342 4289 humilitas
1389 4232 1685 4303 approbata
1710 4271 1729 4297 ,
1780 4228 2053 4300 superbia.

448 4324 727 4389 damnata,
752 4330 809 4379 et
834 4322 1108 4379 temeritas
1134 4322 1409 4379 vindicata
1430 4328 1785 4379 monstratur.
1808 4319 1948 4386 Quia
1977 4325 2034 4374 et

447 4416 566 4489 ipse
585 4413 782 4480 David,
804 4412 899 4487 qui
917 4424 1106 4470 coram
1131 4427 1255 4469 arca
1282 4410 1498 4482 Domini
1524 4404 1804 4466 humiliter
1830 4409 2033 4466 saltare

449 4523 560 4563 non
597 4506 847 4572 erubuit,
895 4520 1019 4560 mox
1051 4502 1467 4575 promissionem
1502 4500 1639 4557 'Filii
1676 4500 1771 4561 Dei
1812 4513 1882 4554 ex
1932 4512 2041 4563 sua.

448 4603 624 4674 stirpe
642 4601 907 4659 nascituri
926 4599 1203 4668 suscipere
1226 4596 1559 4667 promeruit;
1586 4603 1643 4651 et
1668 4596 1886 4667 coniux,
1910 4577 2031 4666 qusi

2136 3405 2253 3453 stro
2290 3394 2448 3464 novo,
2489 3403 2551 3451 ut
2589 3393 2724 3451 Novi
2765 3391 3099 3455 Testamenti
3145 3390 3317 3464 gratia
3360 3388 3635 3445 renovatis
3668 3387 3724 3443 in

2137 3487 2405 3569 baptismo
2452 3484 2724 3549 mentibus
2768 3484 3086 3541 infundatur
3113 3524 3129 3550 ,
3177 3482 3476 3552 vinumtme
3520 3494 3725 3535 novum

2135 3581 2290 3637 novis
2312 3581 2526 3637 utribus
2549 3579 2981 3649 conservandum
3011 3577 3316 3632 mandetur.
3347 3573 3480 3628 Erat
3503 3572 3724 3643 quidem

2134 3671 2286 3742 prius
2313 3685 2442 3726 arca
2488 3669 2542 3724 in
2590 3664 2753 3725 dom'o
2775 3665 3078 3731 Abinadab,
3115 3665 3207 3737 qui
3239 3672 3356 3721 erat
3392 3663 3446 3718 in
3486 3662 3670 3718 Gabaa
3704 3678 3719 3714 :

2134 3760 2261 3831 quia
2288 3760 2475 3816 eadem
2507 3752 2627 3829 quae
2659 3774 2803 3814 nunc
2827 3757 3153 3828 praedicatur
3199 3755 3454 3811 Ecclesiae
3490 3753 3623 3809 fides
3665 3761 3722 3808 et

2137 3861 2263 3908 ante
2298 3851 2686 3908 incarnationis
2720 3844 3017 3906 Dominicaa
3051 3848 3263 3920 tempus
3289 3845 3516 3903 florebat
3551 3844 3605 3898 in
3636 3842 3723 3898 his

2136 3946 2227 4015 qui
2252 3944 2681 4016 patriarcharum
2702 3930 3201 4014 prephetarumque
3221 3946 3353 3995 sunt
3383 3936 3724 3994 devotionem

2137 4030 2328 4092 secuti.
2354 4034 2637 4090 Abinadab‘
2658 4034 2822 4097 enim,
2848 4048 2939 4103 qut
2976 4032 3369 4102 interpretatur
3401 4036 3550 4097 pater
3574 4040 3723 4080 meus

2134 4118 2451 4196 spontaneus
2469 4165 2484 4190 ,
2511 4132 2566 4179 et
2593 4124 2868 4178 Abraham
2901 4130 3115 4193 patrem
3138 4118 3296 4185 fidei,
3320 4126 3377 4174 et
3400 4116 3618 4188 Moysen
3639 4113 3720 4170 1e-

2135 4212 2443 4291 gislatorem
2510 4212 2797 4286 significat.
2849 4213 2952 4281 Qui
3002 4217 3230 4282 uterque
3288 4209 3343 4264 in
3389 4207 3574 4263 Gabaa
3628 4219 3724 4259 cu-

2136 4300 2315 4364 stodit
2350 4308 2533 4362 arcam
2556 4345 2572 4374 ,
2626 4304 2752 4376 quia
2799 4302 3014 4361 sublimi
3064 4302 3285 4358 virtutis
3315 4297 3563 4368 exempla
3602 4310 3751 4351 cre-~

2135 4390 2377 4452 dentium
2418 4398 2636 4466 pectora
2682 4392 2873 4448 munit.
2929 4391 3084 4448 Unde
3128 4398 3184 4447 et
3225 4388 3410 4465 Gahaa
3449 4385 3596 4441 callis
3634 4378 3723 4439 in;

2137 4494 2497 4557 terpretatur,
2526 4482 2743 4556 quiest
2774 4480 2926 4540 locus
2960 4481 3014 4536 in
3058 4480 3280 4537 civitate
3319 4473 3720 4534 Cariathiarim.

2134 4574 2289 4635 Elata
2323 4591 2455 4647 ergo
2474 4573 2608 4630 foris
2630 4589 2781 4641 arca,
2820 4572 3041 4628 ludebat
3068 4569 3237 4626 David
3265 4575 3321 4623 et
3346 4567 3525 4624 omnis
3551 4561 3723 4619 Israel

447 4654 1367 4763 ᾖξώίῇιέωτάεερξιίι,
1383 4654 1733 4758 anguli”
1753 4654 2035 4742 {camini
2061 4677 2114 4739 1)
2139 4681 2322 4723 coram
2360 4664 2590 4724 Domino
2617 4663 2848 4719 diversis
2889 4656 3219 4763 musicorum
3246 4657 3564 4763 generibus;
3592 4654 3721 4763 quia

449 4800 560 4841 non
587 4784 802 4850 merita,
828 4789 1103 4855 perpetuae
1124 4779 1441 4838 sterilitatis
1473 4791 1665 4852 panas
1692 4776 1810 4839 luit.
1843 4775 2036 4834 Sacer-

451 4878 554 4934 dos
579 4891 820 4949 quoque,
850 4876 943 4945 qui
971 4886 1165 4930 arcam
1181 4873 1576 4930 inconsiderata
1613 4860 1921 4931 temeritate
1957 4879 2038 4928 te-

452 4970 578 5041 tigit
597 5009 614 5036 ,
646 4982 814 5025 ausus
839 4967 925 5024 sui
956 4972 1171 5025 reatum
1210 4960 1498 5023 immatura
1518 5020 1523 5023 ,
1542 4971 1720 5020 morte
1763 4962 2033 5034 purgavit.

454 5061 559 5122 Ubi
589 5059 788 5138 intueri
821 5072 1043 5115 necesse
1073 5066 1185 5125 est,
1213 5064 1473 5127 quantum
1516 5055 1814 5125 delinquat,
1844 5054 1937 5124 qui
1966 5054 2037 5111 ad

454 5169 654 5227 corpus
698 5151 915 5209 Domini
950 5165 1079 5208 reus
1115 5148 1431 5214 accesserit,
1475 5147 1521 5203 si
1560 5147 1791 5202 devotus
1825 5145 1917 5200 ille
1950 5160 2039 5202 sa-

455 5249 649 5312 cerdos
680 5255 859 5304 morte
884 5244 1209 5309 mulctatur,
1237 5240 1330 5312 qui
1354 5252 1538 5296 arcam
1574 5237 1743 5305 illam,
1772 5236 2037 5293 Dominici

454 5339 710 5396 videlicet
736 5337 981 5410 corporis
1021 5334 1274 5406 ﬁguram,
1311 5331 1507 5389 minori
1533 5344 1695 5399 quam
1729 5327 1915 5385 debuit
1945 5340 2039 5382 ve-

455 5432 743 5489 neratiOne
768 5427 1051 5498 corripuit.
1085 5424 1310 5489 Verum,
1326 5420 1481 5490 juxta
1504 5419 1838 5490 allegoriam,
1866 5416 2039 5473 David

457 5524 757 5588 Christum,
782 5533 908 5576 arca
932 5516 1233 5573 Ecelesiam
1256 5511 1547 5586 significat.
1574 5508 1833 5577 Quaesivit
1856 5515 2043 5565 autem

439 5580 632 5677 \David
681 5580 865 5673 arcam
925 5613 980 5668 in
1028 5580 1505 5667 civitatem'suam
1562 5605 1863 5668 adducere;
1919 5601 2039 5665 sed,

459 5725 627 5771 causa
659 5707 1055 5769 interveniente
1082 5701 1357 5762 contraria
1377 5741 1393 5768 ,
1423 5700 1491 5756 ad
1515 5708 1730 5768 tempus
1759 5708 1879 5751 eam
1909 5692 2042 5752 alibi

460 5805 707 5874 divertit,
746 5819 811 5861 ac
836 5802 918 5861 sic
943 5801 1197 5869 deinceps
1213 5837 1227 5861 ,
1250 5794 1396 5867 quod
1420 5790 1649 5851 multum
1672 5787 2043 5844 delectaverat

458 5901 714 5977 explevit.
764 5896 902 5966 Quia
932 5895 1192 5951 Dominus
1220 5891 1273 5946 in
1300 5902 1465 5946 carne
1491 5897 1775 5957 apparens,
1798 5880 2037 5949 Evange—

2137 4775 2263 4817 mox
2300 4759 2589 4815 inchoante
2631 4772 2785 4811 novae
2812 4754 3002 4828 gratiae
3026 4750 3300 4826 praeconio
3317 4791 3333 4817 ,
3356 4749 3622 4807 Deminus
3650 4745 3721 4801 ad

2137 4844 2472 4910 exhibendas
2496 4848 2610 4906 Deo
2646 4848 2796 4905 Patri
2829 4848 3018 4905 laudes
3047 4843 3371 4902 humilitatis
3400 4838 3603 4898 omnes
3636 4838 3721 4894 in-

2137 4943 2275 4999 vitat
2315 4943 2504 4998 dicens
2548 4958 2561 4994 :
2622 4960 2643 4992 ι
2676 4938 2776 5008 Qui
2802 4938 2959 4994 mihi
2985 4937 3299 5009 ministrat,
3330 4940 3420 4989 me
3457 4937 3721 5002 sequatur

2139 5032 2321 5109 (Joan.
2350 5031 2485 5101 xu);
2527 5029 2615 5087 alii
2645 5029 2822 5086 dando
2852 5045 2950 5101 per
2981 5027 3245 5098 Spiritum
3283 5037 3592 5081 sermonem
3623 5035 3715 5076 sa-

2137 5127 2379 5200 pientiae,
2411 5124 2502 5181 alii
2530 5134 2837 5179 sermonem
2860 5120 3104 5179 scientia:
3122 5159 3137 5185 ,
3164 5115 3257 5172 alii
3280 5116 3479 5186 genera
3502 5113 3717 5200 lingua-7

2136 5198 2281 5290 rum,
2310 5217 2402 5273 alii
2437 5213 2668 5288 gratiam
2711 5213 3076 5277 sanationum,
3114 5228 3136 5265 ι
3172 5217 3277 5265 etc.
3326 5205 3380 5280 (Ι
3419 5198 3545 5260 ϐοὶὶ
3592 5198 3718 5283 xu.)

2137 5309 2244 5366 Sed
2293 5308 2379 5362 his
2419 5314 2582 5374 atque
2626 5301 2934 5373 huiusmodi
2993 5300 3387 5358 charismatum
3426 5291 3717 5367 generibus

2132 5398 2513 5472 progrediente
2556 5411 2703 5471 arca,
2743 5396 2797 5451 id
2842 5402 2947 5459 est,
2976 5398 3276 5450 crescente
3308 5385 3552 5455 Ecclesia
3597 5381 3717 5453 pri-

2136 5491 2350 5554 mitiva,
2383 5495 2605 5545 ventum
2630 5493 2713 5543 est
2730 5484 2798 5540 ad
2825 5480 3012 5543 aream
3039 5482 3288 5543 Nachon,
3312 5475 3367 5533 id
3395 5482 3498 5541 est,
3532 5484 3716 5528 aream

2134 5586 2493 5653 praeparatam
2514 5618 2531 5645 ,
2557 5577 2801 5649 gentium
2826 5574 3075 5653 videlicet
3104 5566 3405 5626 Ecclesium
3424 5608 3443 5632 ,
3473 5563 3597 5621 Iidei
3623 5576 3720 5617 ve-

2137 5673 2299 5729 ritate
2340 5668 2796 5745 consecrandam,
2827 5666 2895 5723 de
2942 5682 3048 5736 qua
3074 5658 3312 5720 Joannes
3348 5660 3428 5715 ait
3466 5676 3480 5712 :
3526 5677 3545 5708 σ
3580 5653 3719 5724 Quia

2134 5760 2519 5833 permundabit
2548 5772 2731 5815 aream
2761 5772 2913 5839 suam
2945 5746 3158 5827 (Matth.
3196 5751 3302 5824 III).
3340 5768 3359 5801 ι
3397 5747 3499 5839 Ilhi
3536 5758 3719 5839 sacer-

2136 5830 2235 5907 dos
2278 5851 2369 5922 qui
2408 5863 2592 5906 arcam
2635 5830 2909 5903 incautius
2953 5843 3109 5916 quasi
3143 5837 3470 5912 corrigendo
3515 5830 3711 5905 tetigit,
