  <div class='ocr_page' id='page_1' title='image "/cluster/home/n/w/nwhite01/storage/ocr_20150623/109/hvd.32044054759741/049.png"; bbox 0 0 4010 6194; ppageno 0'>
   <div class='ocr_carea' id='block_1_1' title="bbox 414 394 3662 472">
    <p class='ocr_par' dir='ltr' id='par_1_1' title="bbox 414 394 3662 472">
     <span class='ocr_line' id='line_1_1' title="bbox 414 394 3662 472; baseline 0.001 -12"><span class='ocrx_word' id='word_1_1' title='bbox 414 394 484 461; x_wconf 75' lang='grc'><strong>87</strong></span> <span class='ocrx_word' id='word_1_2' title='bbox 1049 406 1109 459; x_wconf 87' lang='grc' dir='ltr'><strong>Β.</strong></span> <span class='ocrx_word' id='word_1_3' title='bbox 1153 394 1404 457; x_wconf 75' lang='lat' dir='ltr'><strong>RABANI</strong></span> <span class='ocrx_word' id='word_1_4' title='bbox 1440 395 1658 457; x_wconf 76' lang='lat' dir='ltr'><strong>MAUIU</strong></span> <span class='ocrx_word' id='word_1_5' title='bbox 1695 402 2012 457; x_wconf 77' lang='lat' dir='ltr'><strong>AllClllEP.</strong></span> <span class='ocrx_word' id='word_1_6' title='bbox 2057 404 2362 464; x_wconf 74' lang='lat' dir='ltr'><strong>MOGUNT.</strong></span> <span class='ocrx_word' id='word_1_7' title='bbox 2400 404 2683 463; x_wconf 73' lang='lat' dir='ltr'><strong>OPERUM</strong></span> <span class='ocrx_word' id='word_1_8' title='bbox 2722 405 2900 462; x_wconf 68' lang='lat' dir='ltr'><strong>PARS</strong></span> <span class='ocrx_word' id='word_1_9' title='bbox 2939 409 2978 462; x_wconf 91' lang='lat' dir='ltr'><strong>I.</strong></span> <span class='ocrx_word' id='word_1_10' title='bbox 3589 415 3662 472; x_wconf 80' lang='lat'><strong>88</strong></span> 
     </span>
    </p>
   </div>
   <div class='ocr_carea' id='block_1_2' title="bbox 415 501 3661 594">
    <p class='ocr_par' dir='ltr' id='par_1_2' title="bbox 415 501 3661 594">
     <span class='ocr_line' id='line_1_2' title="bbox 415 501 3661 594; baseline 0.004 -24"><span class='ocrx_word' id='word_1_11' title='bbox 415 506 564 570; x_wconf 90' lang='lat' dir='ltr'><strong>tione</strong></span> <span class='ocrx_word' id='word_1_12' title='bbox 598 515 797 586; x_wconf 83' lang='lat' dir='ltr'><strong>agitur,</strong></span> <span class='ocrx_word' id='word_1_13' title='bbox 831 512 1104 570; x_wconf 77' lang='lat' dir='ltr'><strong>inclinatio</strong></span> <span class='ocrx_word' id='word_1_14' title='bbox 1127 501 1241 582; x_wconf 83' lang='lat' dir='ltr'><strong>ipsa</strong></span> <span class='ocrx_word' id='word_1_15' title='bbox 1278 512 1609 568; x_wconf 75' lang='lat' dir='ltr'><strong>fortitudinis</strong></span> <span class='ocrx_word' id='word_1_16' title='bbox 1637 529 1796 567; x_wconf 90' lang='lat' dir='ltr'><strong>casus</strong></span> <span class='ocrx_word' id='word_1_17' title='bbox 1825 519 1980 584; x_wconf 83' lang='lat' dir='ltr'><strong>puta-</strong></span> <span class='ocrx_word' id='word_1_18' title='bbox 2009 519 2058 576; x_wconf 81' lang='grc' dir='ltr'><strong>Α</strong></span> <span class='ocrx_word' id='word_1_19' title='bbox 2092 533 2109 564; x_wconf 76' lang='grc' dir='ltr'><strong><em>ι</em></strong></span> <span class='ocrx_word' id='word_1_20' title='bbox 2155 515 2308 584; x_wconf 91' lang='lat' dir='ltr'><strong>quasi</strong></span> <span class='ocrx_word' id='word_1_21' title='bbox 2335 517 2381 572; x_wconf 91' lang='lat' dir='ltr'><strong>si</strong></span> <span class='ocrx_word' id='word_1_22' title='bbox 2410 505 2641 573; x_wconf 87' lang='lat' dir='ltr'><strong>nudetur</strong></span> <span class='ocrx_word' id='word_1_23' title='bbox 2671 535 2806 575; x_wconf 85' lang='lat' dir='ltr'><strong>unus</strong></span> <span class='ocrx_word' id='word_1_24' title='bbox 2838 523 2904 577; x_wconf 90' lang='lat' dir='ltr'><strong>de</strong></span> <span class='ocrx_word' id='word_1_25' title='bbox 2925 524 3130 578; x_wconf 81' lang='lat' dir='ltr'><strong>scurris</strong></span> <span class='ocrx_word' id='word_1_26' title='bbox 3169 541 3181 577; x_wconf 93' lang='lat'><strong>:</strong></span> <span class='ocrx_word' id='word_1_27' title='bbox 3219 544 3238 577; x_wconf 75' lang='grc' dir='ltr'><strong><em>ι</em></strong></span> <span class='ocrx_word' id='word_1_28' title='bbox 3272 528 3518 594; x_wconf 85' lang='lat' dir='ltr'><strong>protinus</strong></span> <span class='ocrx_word' id='word_1_29' title='bbox 3557 545 3661 586; x_wconf 87' lang='lat' dir='ltr'><strong>au-</strong></span> 
     </span>
    </p>
   </div>
   <div class='ocr_carea' id='block_1_3' title="bbox 415 604 811 673">
    <p class='ocr_par' dir='ltr' id='par_1_3' title="bbox 415 604 811 673">
     <span class='ocr_line' id='line_1_3' title="bbox 415 604 811 673; baseline -0.005 -13"><span class='ocrx_word' id='word_1_30' title='bbox 415 614 503 660; x_wconf 91' lang='lat' dir='ltr'><strong>tur</strong></span> <span class='ocrx_word' id='word_1_31' title='bbox 531 604 811 673; x_wconf 76' lang='lat' dir='ltr'><strong>imperitis.</strong></span> 
     </span>
    </p>
   </div>
   <div class='ocr_carea' id='block_1_4' title="bbox 484 691 1987 750">
    <p class='ocr_par' dir='ltr' id='par_1_4' title="bbox 484 691 1987 750">
     <span class='ocr_line' id='line_1_4' title="bbox 484 691 1987 750; baseline -0.003 -1"><span class='ocrx_word' id='word_1_32' title='bbox 484 694 635 750; x_wconf 85' lang='lat' dir='ltr'><strong>Unde</strong></span> <span class='ocrx_word' id='word_1_33' title='bbox 663 703 719 748; x_wconf 93' lang='lat' dir='ltr'><strong>et</strong></span> <span class='ocrx_word' id='word_1_34' title='bbox 751 691 988 748; x_wconf 89' lang='lat' dir='ltr'><strong>nonnulli</strong></span> <span class='ocrx_word' id='word_1_35' title='bbox 1019 691 1219 746; x_wconf 89' lang='lat' dir='ltr'><strong>subditi</strong></span> <span class='ocrx_word' id='word_1_36' title='bbox 1258 701 1448 747; x_wconf 90' lang='lat' dir='ltr'><strong>contra</strong></span> <span class='ocrx_word' id='word_1_37' title='bbox 1483 692 1620 746; x_wconf 88' lang='lat' dir='ltr'><strong>hanc</strong></span> <span class='ocrx_word' id='word_1_38' title='bbox 1648 705 1865 746; x_wconf 89' lang='lat' dir='ltr'><strong>manum</strong></span> <span class='ocrx_word' id='word_1_39' title='bbox 1903 706 1987 745; x_wconf 83' lang='lat' dir='ltr'><strong>re-</strong></span> 
     </span>
    </p>
   </div>
   <div class='ocr_carea' id='block_1_5' title="bbox 408 779 1983 856">
    <p class='ocr_par' dir='ltr' id='par_1_5' title="bbox 408 779 1983 856">
     <span class='ocr_line' id='line_1_5' title="bbox 408 779 1983 856; baseline -0.001 -16"><span class='ocrx_word' id='word_1_40' title='bbox 408 785 780 856; x_wconf 84' lang='lat' dir='ltr'><strong>prehensionis</strong></span> <span class='ocrx_word' id='word_1_41' title='bbox 819 787 1062 849; x_wconf 80' lang='lat' dir='ltr'><strong>mittunt,</strong></span> <span class='ocrx_word' id='word_1_42' title='bbox 1101 783 1196 838; x_wconf 90' lang='lat' dir='ltr'><strong>sed</strong></span> <span class='ocrx_word' id='word_1_43' title='bbox 1241 800 1271 838; x_wconf 91' lang='lat' dir='ltr'><strong>a</strong></span> <span class='ocrx_word' id='word_1_44' title='bbox 1309 784 1418 837; x_wconf 89' lang='lat' dir='ltr'><strong>vita</strong></span> <span class='ocrx_word' id='word_1_45' title='bbox 1451 779 1694 852; x_wconf 82' lang='lat' dir='ltr'><strong>protinus</strong></span> <span class='ocrx_word' id='word_1_46' title='bbox 1727 781 1842 854; x_wconf 88' lang='lat' dir='ltr'><strong>ipsa</strong></span> <span class='ocrx_word' id='word_1_47' title='bbox 1886 799 1983 838; x_wconf 90' lang='lat' dir='ltr'><strong>sua</strong></span> 
     </span>
    </p>
   </div>
   <div class='ocr_carea' id='block_1_6' title="bbox 411 864 1980 944">
    <p class='ocr_par' dir='ltr' id='par_1_6' title="bbox 411 864 1980 944">
     <span class='ocr_line' id='line_1_6' title="bbox 411 864 1980 944; baseline -0.003 -13"><span class='ocrx_word' id='word_1_48' title='bbox 411 876 714 931; x_wconf 85' lang='lat' dir='ltr'><strong>temeritate</strong></span> <span class='ocrx_word' id='word_1_49' title='bbox 746 874 1019 929; x_wconf 87' lang='lat' dir='ltr'><strong>deﬁciunt.</strong></span> <span class='ocrx_word' id='word_1_50' title='bbox 1069 873 1283 928; x_wconf 81' lang='lat' dir='ltr'><strong>Levites</strong></span> <span class='ocrx_word' id='word_1_51' title='bbox 1311 889 1438 944; x_wconf 82' lang='lat' dir='ltr'><strong>ergo</strong></span> <span class='ocrx_word' id='word_1_52' title='bbox 1458 914 1473 938; x_wconf 92' lang='lat'><strong>,</strong></span> <span class='ocrx_word' id='word_1_53' title='bbox 1509 864 1662 944; x_wconf 86' lang='lat' dir='ltr'><strong>quasi</strong></span> <span class='ocrx_word' id='word_1_54' title='bbox 1689 865 1980 940; x_wconf 87' lang='lat' dir='ltr'><strong>adjuvans,</strong></span> 
     </span>
    </p>
   </div>
   <div class='ocr_carea' id='block_1_7' title="bbox 412 963 1978 1033">
    <p class='ocr_par' dir='ltr' id='par_1_7' title="bbox 412 963 1978 1033">
     <span class='ocr_line' id='line_1_7' title="bbox 412 963 1978 1033; baseline -0.002 -15"><span class='ocrx_word' id='word_1_55' title='bbox 412 981 633 1020; x_wconf 88' lang='lat' dir='ltr'><strong>manum</strong></span> <span class='ocrx_word' id='word_1_56' title='bbox 687 964 932 1029; x_wconf 86' lang='lat' dir='ltr'><strong>tetendit,</strong></span> <span class='ocrx_word' id='word_1_57' title='bbox 987 963 1082 1018; x_wconf 90' lang='lat' dir='ltr'><strong>sed</strong></span> <span class='ocrx_word' id='word_1_58' title='bbox 1123 963 1441 1033; x_wconf 90' lang='lat' dir='ltr'><strong>delinquens</strong></span> <span class='ocrx_word' id='word_1_59' title='bbox 1493 963 1660 1016; x_wconf 89' lang='lat' dir='ltr'><strong>vitam</strong></span> <span class='ocrx_word' id='word_1_60' title='bbox 1702 963 1978 1032; x_wconf 88' lang='lat' dir='ltr'><strong>perdidit:</strong></span> 
     </span>
    </p>
   </div>
   <div class='ocr_carea' id='block_1_8' title="bbox 406 1050 1976 1126">
    <p class='ocr_par' dir='ltr' id='par_1_8' title="bbox 406 1050 1976 1126">
     <span class='ocr_line' id='line_1_8' title="bbox 406 1050 1976 1126; baseline -0.003 -15"><span class='ocrx_word' id='word_1_61' title='bbox 406 1050 532 1126; x_wconf 82' lang='lat' dir='ltr'><strong>quia</strong></span> <span class='ocrx_word' id='word_1_62' title='bbox 581 1057 708 1111; x_wconf 91' lang='lat' dir='ltr'><strong>dum</strong></span> <span class='ocrx_word' id='word_1_63' title='bbox 752 1055 954 1110; x_wconf 83' lang='lat' dir='ltr'><strong>infirmi</strong></span> <span class='ocrx_word' id='word_1_64' title='bbox 982 1055 1180 1125; x_wconf 88' lang='lat' dir='ltr'><strong>quique</strong></span> <span class='ocrx_word' id='word_1_65' title='bbox 1219 1053 1437 1109; x_wconf 83' lang='lat' dir='ltr'><strong>fortium</strong></span> <span class='ocrx_word' id='word_1_66' title='bbox 1474 1051 1616 1107; x_wconf 89' lang='lat' dir='ltr'><strong>facta</strong></span> <span class='ocrx_word' id='word_1_67' title='bbox 1662 1053 1976 1122; x_wconf 88' lang='lat' dir='ltr'><strong>corripiunt,</strong></span> 
     </span>
    </p>
   </div>
   <div class='ocr_carea' id='block_1_9' title="bbox 403 1141 1980 1213">
    <p class='ocr_par' dir='ltr' id='par_1_9' title="bbox 403 1141 1980 1213">
     <span class='ocr_line' id='line_1_9' title="bbox 403 1141 1980 1213; baseline -0.003 -15"><span class='ocrx_word' id='word_1_68' title='bbox 403 1145 504 1213; x_wconf 90' lang='lat' dir='ltr'><strong>ipsi</strong></span> <span class='ocrx_word' id='word_1_69' title='bbox 534 1162 564 1199; x_wconf 90' lang='lat' dir='ltr'><strong>a</strong></span> <span class='ocrx_word' id='word_1_70' title='bbox 588 1146 881 1200; x_wconf 84' lang='lat' dir='ltr'><strong>viventium</strong></span> <span class='ocrx_word' id='word_1_71' title='bbox 912 1153 1058 1199; x_wconf 86' lang='lat' dir='ltr'><strong>sorte</strong></span> <span class='ocrx_word' id='word_1_72' title='bbox 1081 1144 1458 1213; x_wconf 89' lang='lat' dir='ltr'><strong>reprobantur.</strong></span> <span class='ocrx_word' id='word_1_73' title='bbox 1489 1141 1788 1211; x_wconf 83' lang='lat' dir='ltr'><strong>Aliquando</strong></span> <span class='ocrx_word' id='word_1_74' title='bbox 1815 1142 1980 1197; x_wconf 90' lang='lat' dir='ltr'><strong>etiam</strong></span> 
     </span>
    </p>
   </div>
   <div class='ocr_carea' id='block_1_10' title="bbox 404 1231 1977 1304">
    <p class='ocr_par' dir='ltr' id='par_1_10' title="bbox 404 1231 1977 1304">
     <span class='ocr_line' id='line_1_10' title="bbox 404 1231 1977 1304; baseline -0.003 -15"><span class='ocrx_word' id='word_1_75' title='bbox 404 1236 577 1289; x_wconf 86' lang='lat' dir='ltr'><strong>sancti</strong></span> <span class='ocrx_word' id='word_1_76' title='bbox 607 1235 706 1289; x_wconf 90' lang='lat' dir='ltr'><strong>viri</strong></span> <span class='ocrx_word' id='word_1_77' title='bbox 733 1235 978 1304; x_wconf 83' lang='lat' dir='ltr'><strong>quaedam</strong></span> <span class='ocrx_word' id='word_1_78' title='bbox 999 1231 1234 1287; x_wconf 84' lang='lat' dir='ltr'><strong>minimis</strong></span> <span class='ocrx_word' id='word_1_79' title='bbox 1259 1231 1752 1287; x_wconf 88' lang='lat' dir='ltr'><strong>condescendentes</strong></span> <span class='ocrx_word' id='word_1_80' title='bbox 1773 1232 1977 1298; x_wconf 91' lang='lat' dir='ltr'><strong>dicunt,</strong></span> 
     </span>
    </p>
   </div>
   <div class='ocr_carea' id='block_1_11' title="bbox 402 1325 1975 1396">
    <p class='ocr_par' dir='ltr' id='par_1_11' title="bbox 402 1325 1975 1396">
     <span class='ocr_line' id='line_1_11' title="bbox 402 1325 1975 1396; baseline 0.002 -18"><span class='ocrx_word' id='word_1_81' title='bbox 402 1329 646 1396; x_wconf 59' lang='lat' dir='ltr'><strong>quaedam</strong></span> <span class='ocrx_word' id='word_1_82' title='bbox 703 1337 831 1383; x_wconf 85' lang='lat' dir='ltr'><strong>vero</strong></span> <span class='ocrx_word' id='word_1_83' title='bbox 894 1342 1101 1381; x_wconf 90' lang='lat' dir='ltr'><strong>summa</strong></span> <span class='ocrx_word' id='word_1_84' title='bbox 1157 1325 1620 1395; x_wconf 81' lang='lat' dir='ltr'><strong>contemplantes,</strong></span> <span class='ocrx_word' id='word_1_85' title='bbox 1674 1325 1975 1395; x_wconf 90' lang='lat' dir='ltr'><strong>proferunt.</strong></span> 
     </span>
    </p>
   </div>
   <div class='ocr_carea' id='block_1_12' title="bbox 402 1414 1980 1488">
    <p class='ocr_par' dir='ltr' id='par_1_12' title="bbox 402 1414 1980 1488">
     <span class='ocr_line' id='line_1_12' title="bbox 402 1414 1980 1488; baseline 0.001 -17"><span class='ocrx_word' id='word_1_86' title='bbox 402 1420 647 1488; x_wconf 90' lang='lat' dir='ltr'><strong>Dumque</strong></span> <span class='ocrx_word' id='word_1_87' title='bbox 680 1419 788 1472; x_wconf 86' lang='lat' dir='ltr'><strong>vim</strong></span> <span class='ocrx_word' id='word_1_88' title='bbox 817 1418 898 1472; x_wconf 89' lang='lat' dir='ltr'><strong>vel</strong></span> <span class='ocrx_word' id='word_1_89' title='bbox 928 1414 1416 1483; x_wconf 88' lang='lat' dir='ltr'><strong>condescensionis,</strong></span> <span class='ocrx_word' id='word_1_90' title='bbox 1442 1418 1525 1472; x_wconf 91' lang='lat' dir='ltr'><strong>vel</strong></span> <span class='ocrx_word' id='word_1_91' title='bbox 1547 1417 1844 1472; x_wconf 89' lang='lat' dir='ltr'><strong>altitudinis</strong></span> <span class='ocrx_word' id='word_1_92' title='bbox 1885 1431 1980 1472; x_wconf 86' lang='lat' dir='ltr'><strong>nc-</strong></span> 
     </span>
    </p>
   </div>
   <div class='ocr_carea' id='block_1_13' title="bbox 399 1502 1976 1578">
    <p class='ocr_par' dir='ltr' id='par_1_13' title="bbox 399 1502 1976 1578">
     <span class='ocr_line' id='line_1_13' title="bbox 399 1502 1976 1578; baseline 0.001 -18"><span class='ocrx_word' id='word_1_93' title='bbox 399 1507 609 1573; x_wconf 87' lang='lat' dir='ltr'><strong>sciunt,</strong></span> <span class='ocrx_word' id='word_1_94' title='bbox 661 1507 936 1562; x_wconf 84' lang='lat' dir='ltr'><strong>audaciter</strong></span> <span class='ocrx_word' id='word_1_95' title='bbox 966 1507 1080 1562; x_wconf 65' lang='lat' dir='ltr'><strong>hmc</strong></span> <span class='ocrx_word' id='word_1_96' title='bbox 1115 1508 1264 1562; x_wconf 89' lang='lat' dir='ltr'><strong>stulti</strong></span> <span class='ocrx_word' id='word_1_97' title='bbox 1295 1509 1714 1578; x_wconf 88' lang='lat' dir='ltr'><strong>reprehendunt.</strong></span> <span class='ocrx_word' id='word_1_98' title='bbox 1750 1502 1816 1561; x_wconf 85' lang='lat' dir='ltr'><strong>Et</strong></span> <span class='ocrx_word' id='word_1_99' title='bbox 1850 1509 1976 1576; x_wconf 88' lang='lat' dir='ltr'><strong>quid</strong></span> 
     </span>
    </p>
   </div>
   <div class='ocr_carea' id='block_1_14' title="bbox 401 1591 1973 1670">
    <p class='ocr_par' dir='ltr' id='par_1_14' title="bbox 401 1591 1973 1670">
     <span class='ocr_line' id='line_1_14' title="bbox 401 1591 1973 1670; baseline 0.001 -19"><span class='ocrx_word' id='word_1_100' title='bbox 401 1605 483 1652; x_wconf 90' lang='lat' dir='ltr'><strong>est</strong></span> <span class='ocrx_word' id='word_1_101' title='bbox 504 1591 710 1668; x_wconf 84' lang='lat' dir='ltr'><strong>justum</strong></span> <span class='ocrx_word' id='word_1_102' title='bbox 756 1598 819 1651; x_wconf 89' lang='lat' dir='ltr'><strong>de</strong></span> <span class='ocrx_word' id='word_1_103' title='bbox 863 1612 959 1652; x_wconf 85' lang='lat' dir='ltr'><strong>sua</strong></span> <span class='ocrx_word' id='word_1_104' title='bbox 1011 1597 1466 1653; x_wconf 87' lang='lat' dir='ltr'><strong>condescensione</strong></span> <span class='ocrx_word' id='word_1_105' title='bbox 1505 1598 1640 1652; x_wconf 86' lang='lat' dir='ltr'><strong>velle</strong></span> <span class='ocrx_word' id='word_1_106' title='bbox 1681 1599 1973 1670; x_wconf 80' lang='lat' dir='ltr'><strong>corrigere,</strong></span> 
     </span>
    </p>
   </div>
   <div class='ocr_carea' id='block_1_15' title="bbox 398 1688 1974 1759">
    <p class='ocr_par' dir='ltr' id='par_1_15' title="bbox 398 1688 1974 1759">
     <span class='ocr_line' id='line_1_15' title="bbox 398 1688 1974 1759; baseline -0.001 -16"><span class='ocrx_word' id='word_1_107' title='bbox 398 1689 500 1744; x_wconf 86' lang='lat' dir='ltr'><strong>nisi</strong></span> <span class='ocrx_word' id='word_1_108' title='bbox 536 1688 844 1743; x_wconf 87' lang='lat' dir='ltr'><strong>inclinatam</strong></span> <span class='ocrx_word' id='word_1_109' title='bbox 868 1704 1048 1743; x_wconf 90' lang='lat' dir='ltr'><strong>arcam</strong></span> <span class='ocrx_word' id='word_1_110' title='bbox 1078 1691 1308 1759; x_wconf 87' lang='lat' dir='ltr'><strong>superba</strong></span> <span class='ocrx_word' id='word_1_111' title='bbox 1337 1689 1771 1758; x_wconf 80' lang='lat' dir='ltr'><strong>reprehensionis</strong></span> <span class='ocrx_word' id='word_1_112' title='bbox 1812 1700 1974 1743; x_wconf 90' lang='lat' dir='ltr'><strong>manu</strong></span> 
     </span>
    </p>
   </div>
   <div class='ocr_carea' id='block_1_16' title="bbox 398 1779 1973 1852">
    <p class='ocr_par' dir='ltr' id='par_1_16' title="bbox 398 1779 1973 1852">
     <span class='ocr_line' id='line_1_16' title="bbox 398 1779 1973 1852; baseline 0.001 -17"><span class='ocrx_word' id='word_1_113' title='bbox 398 1781 668 1836; x_wconf 88' lang='lat' dir='ltr'><strong>relevare?</strong></span> <span class='ocrx_word' id='word_1_114' title='bbox 696 1781 833 1850; x_wconf 88' lang='lat' dir='ltr'><strong>Quid</strong></span> <span class='ocrx_word' id='word_1_115' title='bbox 861 1790 944 1836; x_wconf 90' lang='lat' dir='ltr'><strong>est</strong></span> <span class='ocrx_word' id='word_1_116' title='bbox 963 1779 1170 1850; x_wconf 88' lang='lat' dir='ltr'><strong>justum</strong></span> <span class='ocrx_word' id='word_1_117' title='bbox 1200 1781 1267 1835; x_wconf 91' lang='lat' dir='ltr'><strong>de</strong></span> <span class='ocrx_word' id='word_1_118' title='bbox 1297 1780 1569 1852; x_wconf 85' lang='lat' dir='ltr'><strong>incognita</strong></span> <span class='ocrx_word' id='word_1_119' title='bbox 1601 1781 1870 1836; x_wconf 88' lang='lat' dir='ltr'><strong>locutione</strong></span> <span class='ocrx_word' id='word_1_120' title='bbox 1895 1795 1973 1836; x_wconf 89' lang='lat' dir='ltr'><strong>re-</strong></span> 
     </span>
    </p>
   </div>
   <div class='ocr_carea' id='block_1_17' title="bbox 2091 601 3665 690">
    <p class='ocr_par' dir='ltr' id='par_1_17' title="bbox 2091 601 3665 690">
     <span class='ocr_line' id='line_1_17' title="bbox 2091 601 3665 690; baseline 0.011 -32"><span class='ocrx_word' id='word_1_121' title='bbox 2091 605 2262 660; x_wconf 86' lang='lat' dir='ltr'><strong>divit:</strong></span> <span class='ocrx_word' id='word_1_122' title='bbox 2315 627 2332 660; x_wconf 77' lang='grc' dir='ltr'>ι</span> <span class='ocrx_word' id='word_1_123' title='bbox 2367 601 2568 664; x_wconf 88' lang='lat' dir='ltr'><strong>Ludam</strong></span> <span class='ocrx_word' id='word_1_124' title='bbox 2600 619 2724 666; x_wconf 87' lang='lat' dir='ltr'><strong>ante</strong></span> <span class='ocrx_word' id='word_1_125' title='bbox 2761 608 3045 666; x_wconf 90' lang='lat' dir='ltr'><strong>Dominum</strong></span> <span class='ocrx_word' id='word_1_126' title='bbox 3070 655 3085 678; x_wconf 96' lang='lat'><strong>,</strong></span> <span class='ocrx_word' id='word_1_127' title='bbox 3133 615 3225 683; x_wconf 89' lang='lat' dir='ltr'><strong>qui</strong></span> <span class='ocrx_word' id='word_1_128' title='bbox 3260 615 3421 688; x_wconf 87' lang='lat' dir='ltr'><strong>elegit</strong></span> <span class='ocrx_word' id='word_1_129' title='bbox 3449 634 3533 674; x_wconf 89' lang='lat' dir='ltr'><strong>tne</strong></span> <span class='ocrx_word' id='word_1_130' title='bbox 3564 636 3665 690; x_wconf 87' lang='lat' dir='ltr'><strong>po-</strong></span> 
     </span>
    </p>
   </div>
   <div class='ocr_carea' id='block_1_18' title="bbox 2091 695 3664 776">
    <p class='ocr_par' dir='ltr' id='par_1_18' title="bbox 2091 695 3664 776">
     <span class='ocr_line' id='line_1_18' title="bbox 2091 695 3664 776; baseline 0.013 -30"><span class='ocrx_word' id='word_1_131' title='bbox 2091 713 2110 746; x_wconf 74' lang='lat' dir='ltr'><strong>t</strong></span> <span class='ocrx_word' id='word_1_132' title='bbox 2159 695 2284 759; x_wconf 89' lang='lat' dir='ltr'><strong>tius,</strong></span> <span class='ocrx_word' id='word_1_133' title='bbox 2314 711 2477 766; x_wconf 88' lang='lat' dir='ltr'><strong>quam</strong></span> <span class='ocrx_word' id='word_1_134' title='bbox 2507 707 2718 768; x_wconf 83' lang='lat' dir='ltr'><strong>patrem</strong></span> <span class='ocrx_word' id='word_1_135' title='bbox 2747 708 2918 755; x_wconf 83' lang='lat' dir='ltr'><strong>tuu‘m.</strong></span> <span class='ocrx_word' id='word_1_136' title='bbox 2953 722 2972 754; x_wconf 76' lang='grc' dir='ltr'><strong><em>ι</em></strong></span> <span class='ocrx_word' id='word_1_137' title='bbox 3003 703 3080 767; x_wconf 76' lang='lat' dir='ltr'><strong>Ac</strong></span> <span class='ocrx_word' id='word_1_138' title='bbox 3109 702 3270 773; x_wconf 81' lang='lat' dir='ltr'><strong>paulo</strong></span> <span class='ocrx_word' id='word_1_139' title='bbox 3295 715 3417 776; x_wconf 86' lang='lat' dir='ltr'><strong>post</strong></span> <span class='ocrx_word' id='word_1_140' title='bbox 3443 725 3457 762; x_wconf 90' lang='lat'><strong>:</strong></span> <span class='ocrx_word' id='word_1_141' title='bbox 3504 722 3522 759; x_wconf 66' lang='grc' dir='ltr'><strong><em>ι</em></strong></span> <span class='ocrx_word' id='word_1_142' title='bbox 3555 709 3664 765; x_wconf 78' lang='lat' dir='ltr'><strong>Lu-</strong></span> 
     </span>
    </p>
   </div>
   <div class='ocr_carea' id='block_1_19' title="bbox 2091 786 3661 867">
    <p class='ocr_par' dir='ltr' id='par_1_19' title="bbox 2091 786 3661 867">
     <span class='ocr_line' id='line_1_19' title="bbox 2091 786 3661 867; baseline 0.011 -30"><span class='ocrx_word' id='word_1_143' title='bbox 2091 803 2111 837; x_wconf 72' lang='grc' dir='ltr'><strong><em>ο</em></strong></span> <span class='ocrx_word' id='word_1_144' title='bbox 2155 786 2276 840; x_wconf 90' lang='lat' dir='ltr'><strong>dam</strong></span> <span class='ocrx_word' id='word_1_145' title='bbox 2307 796 2362 842; x_wconf 91' lang='lat' dir='ltr'><strong>et</strong></span> <span class='ocrx_word' id='word_1_146' title='bbox 2389 789 2546 843; x_wconf 90' lang='lat' dir='ltr'><strong>vilior</strong></span> <span class='ocrx_word' id='word_1_147' title='bbox 2583 790 2706 844; x_wconf 85' lang='lat' dir='ltr'><strong>fiam</strong></span> <span class='ocrx_word' id='word_1_148' title='bbox 2743 792 3027 862; x_wconf 86' lang='lat' dir='ltr'><strong>plusquam</strong></span> <span class='ocrx_word' id='word_1_149' title='bbox 3069 793 3244 851; x_wconf 88' lang='lat' dir='ltr'><strong>factus</strong></span> <span class='ocrx_word' id='word_1_150' title='bbox 3273 811 3412 860; x_wconf 87' lang='lat' dir='ltr'><strong>sum,</strong></span> <span class='ocrx_word' id='word_1_151' title='bbox 3457 813 3661 867; x_wconf 89' lang='lat' dir='ltr'><strong>eroque</strong></span> 
     </span>
    </p>
   </div>
   <div class='ocr_carea' id='block_1_20' title="bbox 2090 873 3648 957">
    <p class='ocr_par' dir='ltr' id='par_1_20' title="bbox 2090 873 3648 957">
     <span class='ocr_line' id='line_1_20' title="bbox 2090 873 3648 957; baseline 0.01 -27"><span class='ocrx_word' id='word_1_152' title='bbox 2090 897 2106 929; x_wconf 78' lang='grc' dir='ltr'>ι</span> <span class='ocrx_word' id='word_1_153' title='bbox 2155 873 2372 935; x_wconf 85' lang='lat' dir='ltr'><strong>humilis</strong></span> <span class='ocrx_word' id='word_1_154' title='bbox 2412 881 2465 935; x_wconf 88' lang='lat' dir='ltr'><strong>in</strong></span> <span class='ocrx_word' id='word_1_155' title='bbox 2500 883 2674 937; x_wconf 89' lang='lat' dir='ltr'><strong>oculis</strong></span> <span class='ocrx_word' id='word_1_156' title='bbox 2699 884 2851 938; x_wconf 90' lang='lat' dir='ltr'><strong>meis.</strong></span> <span class='ocrx_word' id='word_1_157' title='bbox 2892 905 2910 936; x_wconf 76' lang='grc' dir='ltr'><strong><em>ι</em></strong></span> <span class='ocrx_word' id='word_1_158' title='bbox 2948 885 3028 941; x_wconf 82' lang='lat' dir='ltr'><strong>Ac‘</strong></span> <span class='ocrx_word' id='word_1_159' title='bbox 3059 888 3102 942; x_wconf 97' lang='lat' dir='ltr'><strong>si</strong></span> <span class='ocrx_word' id='word_1_160' title='bbox 3133 897 3319 957; x_wconf 87' lang='lat' dir='ltr'><strong>aperte</strong></span> <span class='ocrx_word' id='word_1_161' title='bbox 3353 888 3536 944; x_wconf 88' lang='lat' dir='ltr'><strong>dicat:</strong></span> <span class='ocrx_word' id='word_1_162' title='bbox 3568 891 3648 945; x_wconf 70' lang='lat' dir='ltr'><strong>Vi</strong></span> 
     </span>
    </p>
   </div>
   <div class='ocr_carea' id='block_1_21' title="bbox 2081 966 3659 1048">
    <p class='ocr_par' dir='ltr' id='par_1_21' title="bbox 2081 966 3659 1048">
     <span class='ocr_line' id='line_1_21' title="bbox 2081 966 3659 1048; baseline 0.011 -29"><span class='ocrx_word' id='word_1_163' title='bbox 2081 966 2286 1026; x_wconf 89' lang='lat' dir='ltr'><strong>lescere</strong></span> <span class='ocrx_word' id='word_1_164' title='bbox 2313 981 2494 1026; x_wconf 85' lang='lat' dir='ltr'><strong>coram</strong></span> <span class='ocrx_word' id='word_1_165' title='bbox 2535 973 2844 1030; x_wconf 86' lang='lat' dir='ltr'><strong>hominibus</strong></span> <span class='ocrx_word' id='word_1_166' title='bbox 2888 985 3103 1048; x_wconf 89' lang='lat' dir='ltr'><strong>appeto,</strong></span> <span class='ocrx_word' id='word_1_167' title='bbox 3135 979 3258 1047; x_wconf 84' lang='lat' dir='ltr'><strong>quia</strong></span> <span class='ocrx_word' id='word_1_168' title='bbox 3281 991 3502 1036; x_wconf 84' lang='lat' dir='ltr'><strong>servare</strong></span> <span class='ocrx_word' id='word_1_169' title='bbox 3523 983 3659 1036; x_wconf 88' lang='lat' dir='ltr'><strong>mihi</strong></span> 
     </span>
    </p>
   </div>
   <div class='ocr_carea' id='block_1_22' title="bbox 2080 1058 3655 1140">
    <p class='ocr_par' dir='ltr' id='par_1_22' title="bbox 2080 1058 3655 1140">
     <span class='ocr_line' id='line_1_22' title="bbox 2080 1058 3655 1140; baseline 0.01 -30"><span class='ocrx_word' id='word_1_170' title='bbox 2080 1071 2263 1112; x_wconf 91' lang='lat' dir='ltr'><strong>coram</strong></span> <span class='ocrx_word' id='word_1_171' title='bbox 2308 1058 2534 1116; x_wconf 91' lang='lat' dir='ltr'><strong>Domino</strong></span> <span class='ocrx_word' id='word_1_172' title='bbox 2576 1062 2863 1134; x_wconf 81' lang='lat' dir='ltr'><strong>ingenuum</strong></span> <span class='ocrx_word' id='word_1_173' title='bbox 2899 1071 2996 1136; x_wconf 83' lang='lat' dir='ltr'><strong>per</strong></span> <span class='ocrx_word' id='word_1_174' title='bbox 3040 1068 3401 1124; x_wconf 82' lang='lat' dir='ltr'><strong>humilitatem</strong></span> <span class='ocrx_word' id='word_1_175' title='bbox 3449 1080 3655 1140; x_wconf 70' lang='lat' dir='ltr'><strong>qtimro.</strong></span> 
     </span>
    </p>
   </div>
   <div class='ocr_carea' id='block_1_23' title="bbox 2082 1148 3661 1230">
    <p class='ocr_par' dir='ltr' id='par_1_23' title="bbox 2082 1148 3661 1230">
     <span class='ocr_line' id='line_1_23' title="bbox 2082 1148 3661 1230; baseline 0.011 -29"><span class='ocrx_word' id='word_1_176' title='bbox 2082 1148 2219 1204; x_wconf 87' lang='lat' dir='ltr'><strong>Sunt</strong></span> <span class='ocrx_word' id='word_1_177' title='bbox 2241 1166 2370 1206; x_wconf 90' lang='lat' dir='ltr'><strong>vero</strong></span> <span class='ocrx_word' id='word_1_178' title='bbox 2396 1154 2634 1208; x_wconf 87' lang='lat' dir='ltr'><strong>nonnulli</strong></span> <span class='ocrx_word' id='word_1_179' title='bbox 2665 1196 2679 1219; x_wconf 91' lang='lat'><strong>,</strong></span> <span class='ocrx_word' id='word_1_180' title='bbox 2724 1157 2814 1225; x_wconf 90' lang='lat' dir='ltr'><strong>qui</strong></span> <span class='ocrx_word' id='word_1_181' title='bbox 2853 1159 2917 1212; x_wconf 90' lang='lat' dir='ltr'><strong>de</strong></span> <span class='ocrx_word' id='word_1_182' title='bbox 2946 1160 3250 1230; x_wconf 80' lang='lat' dir='ltr'><strong>semetipsis</strong></span> <span class='ocrx_word' id='word_1_183' title='bbox 3275 1158 3497 1216; x_wconf 88' lang='lat' dir='ltr'><strong>humilia</strong></span> <span class='ocrx_word' id='word_1_184' title='bbox 3534 1179 3661 1218; x_wconf 82' lang='lat' dir='ltr'><strong>sen-</strong></span> 
     </span>
    </p>
   </div>
   <div class='ocr_carea' id='block_1_24' title="bbox 2081 1236 3661 1324">
    <p class='ocr_par' dir='ltr' id='par_1_24' title="bbox 2081 1236 3661 1324">
     <span class='ocr_line' id='line_1_24' title="bbox 2081 1236 3661 1324; baseline 0.01 -32"><span class='ocrx_word' id='word_1_185' title='bbox 2081 1236 2238 1304; x_wconf 86' lang='lat' dir='ltr'><strong>tiunt,</strong></span> <span class='ocrx_word' id='word_1_186' title='bbox 2264 1241 2353 1309; x_wconf 88' lang='lat' dir='ltr'><strong>qui</strong></span> <span class='ocrx_word' id='word_1_187' title='bbox 2395 1241 2449 1295; x_wconf 92' lang='lat' dir='ltr'><strong>in</strong></span> <span class='ocrx_word' id='word_1_188' title='bbox 2483 1243 2778 1300; x_wconf 83' lang='lat' dir='ltr'><strong>honoribus</strong></span> <span class='ocrx_word' id='word_1_189' title='bbox 2799 1249 2957 1316; x_wconf 88' lang='lat' dir='ltr'><strong>positi</strong></span> <span class='ocrx_word' id='word_1_190' title='bbox 2993 1249 3124 1304; x_wconf 86' lang='lat' dir='ltr'><strong>nihil</strong></span> <span class='ocrx_word' id='word_1_191' title='bbox 3153 1266 3211 1305; x_wconf 92' lang='lat' dir='ltr'><strong>se</strong></span> <span class='ocrx_word' id='word_1_192' title='bbox 3237 1267 3376 1318; x_wconf 88' lang='lat' dir='ltr'><strong>esse,</strong></span> <span class='ocrx_word' id='word_1_193' title='bbox 3403 1253 3504 1308; x_wconf 92' lang='lat' dir='ltr'><strong>nisi</strong></span> <span class='ocrx_word' id='word_1_194' title='bbox 3534 1254 3661 1324; x_wconf 58' lang='lat' dir='ltr'><strong>pul-</strong></span> 
     </span>
    </p>
   </div>
   <div class='ocr_carea' id='block_1_25' title="bbox 2078 1326 3654 1407">
    <p class='ocr_par' dir='ltr' id='par_1_25' title="bbox 2078 1326 3654 1407">
     <span class='ocr_line' id='line_1_25' title="bbox 2078 1326 3654 1407; baseline 0.013 -28"><span class='ocrx_word' id='word_1_195' title='bbox 2078 1339 2259 1382; x_wconf 86' lang='lat' dir='ltr'><strong>verem</strong></span> <span class='ocrx_word' id='word_1_196' title='bbox 2307 1326 2648 1404; x_wconf 79' lang='lat' dir='ltr'><strong>favillamque</strong></span> <span class='ocrx_word' id='word_1_197' title='bbox 2702 1340 3076 1407; x_wconf 87' lang='lat' dir='ltr'><strong>perpeudunt,</strong></span> <span class='ocrx_word' id='word_1_198' title='bbox 3114 1343 3208 1394; x_wconf 90' lang='lat' dir='ltr'><strong>sed</strong></span> <span class='ocrx_word' id='word_1_199' title='bbox 3247 1349 3422 1397; x_wconf 86' lang='lat' dir='ltr'><strong>tamen</strong></span> <span class='ocrx_word' id='word_1_200' title='bbox 3466 1358 3654 1400; x_wconf 88' lang='lat' dir='ltr'><strong>coram</strong></span> 
     </span>
    </p>
   </div>
   <div class='ocr_carea' id='block_1_26' title="bbox 2077 1418 3652 1499">
    <p class='ocr_par' dir='ltr' id='par_1_26' title="bbox 2077 1418 3652 1499">
     <span class='ocr_line' id='line_1_26' title="bbox 2077 1418 3652 1499; baseline 0.012 -27"><span class='ocrx_word' id='word_1_201' title='bbox 2077 1418 2384 1476; x_wconf 87' lang='lat' dir='ltr'><strong>hominibus</strong></span> <span class='ocrx_word' id='word_1_202' title='bbox 2410 1423 2542 1478; x_wconf 87' lang='lat' dir='ltr'><strong>viles</strong></span> <span class='ocrx_word' id='word_1_203' title='bbox 2584 1441 2845 1494; x_wconf 82' lang='lat' dir='ltr'><strong>apparere</strong></span> <span class='ocrx_word' id='word_1_204' title='bbox 2879 1428 3183 1499; x_wconf 85' lang='lat' dir='ltr'><strong>refugiunt,</strong></span> <span class='ocrx_word' id='word_1_205' title='bbox 3225 1441 3278 1486; x_wconf 93' lang='lat' dir='ltr'><strong>et</strong></span> <span class='ocrx_word' id='word_1_206' title='bbox 3316 1443 3504 1488; x_wconf 87' lang='lat' dir='ltr'><strong>contra</strong></span> <span class='ocrx_word' id='word_1_207' title='bbox 3544 1436 3652 1491; x_wconf 87' lang='lat' dir='ltr'><strong>hoc</strong></span> 
     </span>
    </p>
   </div>
   <div class='ocr_carea' id='block_1_27' title="bbox 2076 1507 3658 1593">
    <p class='ocr_par' dir='ltr' id='par_1_27' title="bbox 2076 1507 3658 1593">
     <span class='ocr_line' id='line_1_27' title="bbox 2076 1507 3658 1593; baseline 0.013 -34"><span class='ocrx_word' id='word_1_208' title='bbox 2076 1507 2216 1576; x_wconf 86' lang='lat' dir='ltr'><strong>quod</strong></span> <span class='ocrx_word' id='word_1_209' title='bbox 2250 1509 2318 1564; x_wconf 86' lang='lat' dir='ltr'><strong>de</strong></span> <span class='ocrx_word' id='word_1_210' title='bbox 2355 1527 2416 1567; x_wconf 89' lang='lat' dir='ltr'><strong>se</strong></span> <span class='ocrx_word' id='word_1_211' title='bbox 2444 1513 2670 1569; x_wconf 90' lang='lat' dir='ltr'><strong>interius</strong></span> <span class='ocrx_word' id='word_1_212' title='bbox 2701 1517 2966 1587; x_wconf 85' lang='lat' dir='ltr'><strong>cogitant,</strong></span> <span class='ocrx_word' id='word_1_213' title='bbox 3005 1520 3157 1589; x_wconf 89' lang='lat' dir='ltr'><strong>quasi</strong></span> <span class='ocrx_word' id='word_1_214' title='bbox 3195 1522 3364 1593; x_wconf 85' lang='lat' dir='ltr'><strong>rigida</strong></span> <span class='ocrx_word' id='word_1_215' title='bbox 3407 1527 3658 1581; x_wconf 84' lang='lat' dir='ltr'><strong>exterius</strong></span> 
     </span>
    </p>
   </div>
   <div class='ocr_carea' id='block_1_28' title="bbox 2075 1602 3657 1684">
    <p class='ocr_par' dir='ltr' id='par_1_28' title="bbox 2075 1602 3657 1684">
     <span class='ocr_line' id='line_1_28' title="bbox 2075 1602 3657 1684; baseline 0.013 -35"><span class='ocrx_word' id='word_1_216' title='bbox 2075 1607 2358 1655; x_wconf 87' lang='lat' dir='ltr'><strong>venustate</strong></span> <span class='ocrx_word' id='word_1_217' title='bbox 2398 1602 2702 1671; x_wconf 89' lang='lat' dir='ltr'><strong>palliantur.</strong></span> <span class='ocrx_word' id='word_1_218' title='bbox 2743 1607 2810 1660; x_wconf 84' lang='lat' dir='ltr'><strong>Et</strong></span> <span class='ocrx_word' id='word_1_219' title='bbox 2845 1617 2972 1663; x_wconf 91' lang='lat' dir='ltr'><strong>sunt</strong></span> <span class='ocrx_word' id='word_1_220' title='bbox 3001 1610 3239 1665; x_wconf 85' lang='lat' dir='ltr'><strong>nonnulli</strong></span> <span class='ocrx_word' id='word_1_221' title='bbox 3273 1613 3366 1684; x_wconf 80' lang='lat' dir='ltr'><strong>qui</strong></span> <span class='ocrx_word' id='word_1_222' title='bbox 3401 1615 3532 1670; x_wconf 81' lang='lat' dir='ltr'><strong>viles</strong></span> <span class='ocrx_word' id='word_1_223' title='bbox 3572 1617 3657 1670; x_wconf 86' lang='lat' dir='ltr'><strong>vi-</strong></span> 
     </span>
    </p>
   </div>
   <div class='ocr_carea' id='block_1_29' title="bbox 2075 1690 3649 1773">
    <p class='ocr_par' dir='ltr' id='par_1_29' title="bbox 2075 1690 3649 1773">
     <span class='ocr_line' id='line_1_29' title="bbox 2075 1690 3649 1773; baseline 0.011 -29"><span class='ocrx_word' id='word_1_224' title='bbox 2075 1690 2190 1745; x_wconf 90' lang='lat' dir='ltr'><strong>deri</strong></span> <span class='ocrx_word' id='word_1_225' title='bbox 2215 1692 2286 1746; x_wconf 86' lang='lat' dir='ltr'><strong>ab</strong></span> <span class='ocrx_word' id='word_1_226' title='bbox 2308 1691 2614 1751; x_wconf 87' lang='lat' dir='ltr'><strong>hominibus</strong></span> <span class='ocrx_word' id='word_1_227' title='bbox 2643 1707 2920 1768; x_wconf 89' lang='lat' dir='ltr'><strong>appetunt,</strong></span> <span class='ocrx_word' id='word_1_228' title='bbox 2953 1710 3114 1772; x_wconf 85' lang='lat' dir='ltr'><strong>atque</strong></span> <span class='ocrx_word' id='word_1_229' title='bbox 3139 1718 3298 1758; x_wconf 86' lang='lat' dir='ltr'><strong>omne</strong></span> <span class='ocrx_word' id='word_1_230' title='bbox 3335 1707 3475 1773; x_wconf 86' lang='lat' dir='ltr'><strong>quod</strong></span> <span class='ocrx_word' id='word_1_231' title='bbox 3503 1717 3649 1773; x_wconf 86' lang='lat' dir='ltr'><strong>sunt,</strong></span> 
     </span>
    </p>
   </div>
   <div class='ocr_carea' id='block_1_30' title="bbox 2077 1780 3652 1869">
    <p class='ocr_par' dir='ltr' id='par_1_30' title="bbox 2077 1780 3652 1869">
     <span class='ocr_line' id='line_1_30' title="bbox 2077 1780 3652 1869; baseline 0.015 -34"><span class='ocrx_word' id='word_1_232' title='bbox 2077 1780 2312 1849; x_wconf 77' lang='lat' dir='ltr'><strong>deiectos</strong></span> <span class='ocrx_word' id='word_1_233' title='bbox 2349 1799 2408 1842; x_wconf 86' lang='lat' dir='ltr'><strong>se</strong></span> <span class='ocrx_word' id='word_1_234' title='bbox 2433 1787 2735 1844; x_wconf 83' lang='lat' dir='ltr'><strong>exhibendo</strong></span> <span class='ocrx_word' id='word_1_235' title='bbox 2757 1799 3134 1860; x_wconf 81' lang='lat' dir='ltr'><strong>contemnunt,</strong></span> <span class='ocrx_word' id='word_1_236' title='bbox 3165 1796 3260 1850; x_wconf 87' lang='lat' dir='ltr'><strong>sed</strong></span> <span class='ocrx_word' id='word_1_237' title='bbox 3293 1803 3470 1853; x_wconf 88' lang='lat' dir='ltr'><strong>tamen</strong></span> <span class='ocrx_word' id='word_1_238' title='bbox 3509 1801 3652 1869; x_wconf 87' lang='lat' dir='ltr'><strong>apud</strong></span> 
     </span>
    </p>
   </div>
   <div class='ocr_carea' id='block_1_31' title="bbox 396 1871 3647 1958">
    <p class='ocr_par' dir='ltr' id='par_1_31' title="bbox 396 1871 3647 1958">
     <span class='ocr_line' id='line_1_31' title="bbox 396 1871 3647 1958; baseline 0.005 -29"><span class='ocrx_word' id='word_1_239' title='bbox 396 1875 760 1958; x_wconf 83' lang='lat' dir='ltr'><strong>prehendere,</strong></span> <span class='ocrx_word' id='word_1_240' title='bbox 805 1874 908 1930; x_wconf 89' lang='lat' dir='ltr'><strong>nisi</strong></span> <span class='ocrx_word' id='word_1_241' title='bbox 957 1881 1133 1928; x_wconf 91' lang='lat' dir='ltr'><strong>motus</strong></span> <span class='ocrx_word' id='word_1_242' title='bbox 1164 1872 1278 1942; x_wconf 80' lang='lat' dir='ltr'><strong>ejus</strong></span> <span class='ocrx_word' id='word_1_243' title='bbox 1326 1871 1694 1928; x_wconf 86' lang='lat' dir='ltr'><strong>fortitudinem</strong></span> <span class='ocrx_word' id='word_1_244' title='bbox 1714 1915 1728 1938; x_wconf 94' lang='lat'><strong>,</strong></span> <span class='ocrx_word' id='word_1_245' title='bbox 1769 1873 1973 1928; x_wconf 85' lang='lat' dir='ltr'><strong>errOris</strong></span> <span class='ocrx_word' id='word_1_246' title='bbox 2006 1878 2045 1936; x_wconf 84' lang='grc' dir='ltr'><strong>Β</strong></span> <span class='ocrx_word' id='word_1_247' title='bbox 2074 1891 2132 1930; x_wconf 93' lang='lat' dir='ltr'><strong>se</strong></span> <span class='ocrx_word' id='word_1_248' title='bbox 2154 1875 2441 1944; x_wconf 73' lang='lat' dir='ltr'><strong>introrstns,</strong></span> <span class='ocrx_word' id='word_1_249' title='bbox 2473 1883 2630 1950; x_wconf 85' lang='lat' dir='ltr'><strong>quasi</strong></span> <span class='ocrx_word' id='word_1_250' title='bbox 2659 1893 2725 1937; x_wconf 82' lang='lat' dir='ltr'><strong>ex</strong></span> <span class='ocrx_word' id='word_1_251' title='bbox 2757 1883 2872 1954; x_wconf 90' lang='lat' dir='ltr'><strong>ipso</strong></span> <span class='ocrx_word' id='word_1_252' title='bbox 2895 1885 3089 1942; x_wconf 88' lang='lat' dir='ltr'><strong>merito</strong></span> <span class='ocrx_word' id='word_1_253' title='bbox 3116 1892 3348 1943; x_wconf 71' lang='lat' dir='ltr'><strong>ostensa:</strong></span> <span class='ocrx_word' id='word_1_254' title='bbox 3378 1890 3647 1958; x_wconf 85' lang='lat' dir='ltr'><strong>utilitatis,</strong></span> 
     </span>
    </p>
   </div>
   <div class='ocr_carea' id='block_1_32' title="bbox 397 1956 1976 2036">
    <p class='ocr_par' dir='ltr' id='par_1_32' title="bbox 397 1956 1976 2036">
     <span class='ocr_line' id='line_1_32' title="bbox 397 1956 1976 2036; baseline 0 -18"><span class='ocrx_word' id='word_1_255' title='bbox 397 1956 606 2034; x_wconf 86' lang='lat' dir='ltr'><strong>lapsum</strong></span> <span class='ocrx_word' id='word_1_256' title='bbox 634 1965 859 2036; x_wconf 84' lang='lat' dir='ltr'><strong>putare?</strong></span> <span class='ocrx_word' id='word_1_257' title='bbox 886 1965 991 2020; x_wconf 87' lang='lat' dir='ltr'><strong>Sed</strong></span> <span class='ocrx_word' id='word_1_258' title='bbox 1019 1965 1198 2036; x_wconf 89' lang='lat' dir='ltr'><strong>perdit</strong></span> <span class='ocrx_word' id='word_1_259' title='bbox 1232 1963 1398 2019; x_wconf 90' lang='lat' dir='ltr'><strong>vitam</strong></span> <span class='ocrx_word' id='word_1_260' title='bbox 1427 1965 1516 2034; x_wconf 87' lang='lat' dir='ltr'><strong>qui</strong></span> <span class='ocrx_word' id='word_1_261' title='bbox 1549 1976 1730 2020; x_wconf 81' lang='lat' dir='ltr'><strong>aream</strong></span> <span class='ocrx_word' id='word_1_262' title='bbox 1768 1960 1863 2020; x_wconf 86' lang='lat' dir='ltr'><strong>Dei</strong></span> <span class='ocrx_word' id='word_1_263' title='bbox 1892 1973 1976 2019; x_wconf 83' lang='lat' dir='ltr'><strong>tu-</strong></span> 
     </span>
    </p>
   </div>
   <div class='ocr_carea' id='block_1_33' title="bbox 395 2053 1975 2126">
    <p class='ocr_par' dir='ltr' id='par_1_33' title="bbox 395 2053 1975 2126">
     <span class='ocr_line' id='line_1_33' title="bbox 395 2053 1975 2126; baseline 0 -17"><span class='ocrx_word' id='word_1_264' title='bbox 395 2057 540 2112; x_wconf 87' lang='lat' dir='ltr'><strong>mide</strong></span> <span class='ocrx_word' id='word_1_265' title='bbox 565 2055 836 2122; x_wconf 88' lang='lat' dir='ltr'><strong>sublevat;</strong></span> <span class='ocrx_word' id='word_1_266' title='bbox 859 2056 983 2126; x_wconf 90' lang='lat' dir='ltr'><strong>quia</strong></span> <span class='ocrx_word' id='word_1_267' title='bbox 1010 2070 1348 2126; x_wconf 89' lang='lat' dir='ltr'><strong>nequaquam</strong></span> <span class='ocrx_word' id='word_1_268' title='bbox 1374 2053 1494 2124; x_wconf 85' lang='lat' dir='ltr'><strong>quis</strong></span> <span class='ocrx_word' id='word_1_269' title='bbox 1519 2064 1829 2110; x_wconf 87' lang='lat' dir='ltr'><strong>sanctorum</strong></span> <span class='ocrx_word' id='word_1_270' title='bbox 1855 2067 1975 2111; x_wconf 84' lang='lat' dir='ltr'><strong>eor-</strong></span> 
     </span>
    </p>
   </div>
   <div class='ocr_carea' id='block_1_34' title="bbox 394 2149 1973 2221">
    <p class='ocr_par' dir='ltr' id='par_1_34' title="bbox 394 2149 1973 2221">
     <span class='ocr_line' id='line_1_34' title="bbox 394 2149 1973 2221; baseline 0 -17"><span class='ocrx_word' id='word_1_271' title='bbox 394 2150 574 2221; x_wconf 74' lang='lat' dir='ltr'><strong>rigere</strong></span> <span class='ocrx_word' id='word_1_272' title='bbox 624 2160 772 2206; x_wconf 91' lang='lat' dir='ltr'><strong>recta</strong></span> <span class='ocrx_word' id='word_1_273' title='bbox 818 2158 1206 2220; x_wconf 65' lang='lat' dir='ltr'><strong>praesumeret,</strong></span> <span class='ocrx_word' id='word_1_274' title='bbox 1251 2149 1355 2204; x_wconf 92' lang='lat' dir='ltr'><strong>nisi</strong></span> <span class='ocrx_word' id='word_1_275' title='bbox 1393 2150 1458 2204; x_wconf 92' lang='lat' dir='ltr'><strong>de</strong></span> <span class='ocrx_word' id='word_1_276' title='bbox 1492 2164 1551 2204; x_wconf 89' lang='lat' dir='ltr'><strong>se</strong></span> <span class='ocrx_word' id='word_1_277' title='bbox 1577 2150 1726 2219; x_wconf 87' lang='lat' dir='ltr'><strong>prius</strong></span> <span class='ocrx_word' id='word_1_278' title='bbox 1753 2149 1973 2204; x_wconf 89' lang='lat' dir='ltr'><strong>meliora</strong></span> 
     </span>
    </p>
   </div>
   <div class='ocr_carea' id='block_1_35' title="bbox 393 2237 1969 2295">
    <p class='ocr_par' dir='ltr' id='par_1_35' title="bbox 393 2237 1969 2295">
     <span class='ocr_line' id='line_1_35' title="bbox 393 2237 1969 2295; baseline 0 -2"><span class='ocrx_word' id='word_1_279' title='bbox 393 2239 671 2295; x_wconf 77' lang='lat' dir='ltr'><strong>sensisset.</strong></span> <span class='ocrx_word' id='word_1_280' title='bbox 711 2238 859 2295; x_wconf 89' lang='lat' dir='ltr'><strong>Unde</strong></span> <span class='ocrx_word' id='word_1_281' title='bbox 901 2248 955 2294; x_wconf 88' lang='lat' dir='ltr'><strong>et</strong></span> <span class='ocrx_word' id='word_1_282' title='bbox 984 2239 1198 2294; x_wconf 85' lang='lat' dir='ltr'><strong>Levites</strong></span> <span class='ocrx_word' id='word_1_283' title='bbox 1239 2239 1378 2293; x_wconf 88' lang='lat' dir='ltr'><strong>idem</strong></span> <span class='ocrx_word' id='word_1_284' title='bbox 1410 2244 1554 2294; x_wconf 89' lang='lat' dir='ltr'><strong>recte</strong></span> <span class='ocrx_word' id='word_1_285' title='bbox 1581 2237 1691 2293; x_wconf 88' lang='lat' dir='ltr'><strong>Oza</strong></span> <span class='ocrx_word' id='word_1_286' title='bbox 1728 2238 1924 2293; x_wconf 89' lang='lat' dir='ltr'><strong>dicitur</strong></span> <span class='ocrx_word' id='word_1_287' title='bbox 1955 2255 1969 2293; x_wconf 92' lang='lat'><strong>:</strong></span> 
     </span>
    </p>
   </div>
   <div class='ocr_carea' id='block_1_36' title="bbox 393 2326 1973 2399">
    <p class='ocr_par' dir='ltr' id='par_1_36' title="bbox 393 2326 1973 2399">
     <span class='ocr_line' id='line_1_36' title="bbox 393 2326 1973 2399; baseline -0.003 -15"><span class='ocrx_word' id='word_1_288' title='bbox 393 2329 535 2399; x_wconf 91' lang='lat' dir='ltr'><strong>quod</strong></span> <span class='ocrx_word' id='word_1_289' title='bbox 567 2328 811 2384; x_wconf 84' lang='lat' dir='ltr'><strong>videlicet</strong></span> <span class='ocrx_word' id='word_1_290' title='bbox 841 2329 1083 2383; x_wconf 82' lang='lat' dir='ltr'><strong>robustus</strong></span> <span class='ocrx_word' id='word_1_291' title='bbox 1131 2328 1344 2382; x_wconf 74' lang='lat' dir='ltr'><strong>Domini</strong></span> <span class='ocrx_word' id='word_1_292' title='bbox 1388 2328 1792 2398; x_wconf 88' lang='lat' dir='ltr'><strong>interpretatur.</strong></span> <span class='ocrx_word' id='word_1_293' title='bbox 1836 2326 1973 2394; x_wconf 81' lang='lat' dir='ltr'><strong>Quia</strong></span> 
     </span>
    </p>
   </div>
   <div class='ocr_carea' id='block_1_37' title="bbox 391 2420 1974 2497">
    <p class='ocr_par' dir='ltr' id='par_1_37' title="bbox 391 2420 1974 2497">
     <span class='ocr_line' id='line_1_37' title="bbox 391 2420 1974 2497; baseline -0.003 -16"><span class='ocrx_word' id='word_1_294' title='bbox 391 2432 814 2497; x_wconf 67' lang='lat' dir='ltr'><strong>praesumptores</strong></span> <span class='ocrx_word' id='word_1_295' title='bbox 857 2423 1083 2494; x_wconf 89' lang='lat' dir='ltr'><strong>quique,</strong></span> <span class='ocrx_word' id='word_1_296' title='bbox 1123 2423 1226 2477; x_wconf 90' lang='lat' dir='ltr'><strong>nisi</strong></span> <span class='ocrx_word' id='word_1_297' title='bbox 1267 2421 1457 2477; x_wconf 89' lang='lat' dir='ltr'><strong>audaci</strong></span> <span class='ocrx_word' id='word_1_298' title='bbox 1503 2430 1685 2476; x_wconf 86' lang='lat' dir='ltr'><strong>mente</strong></span> <span class='ocrx_word' id='word_1_299' title='bbox 1723 2420 1974 2476; x_wconf 88' lang='lat' dir='ltr'><strong>robustos</strong></span> 
     </span>
    </p>
   </div>
   <div class='ocr_carea' id='block_1_38' title="bbox 390 2509 1971 2580">
    <p class='ocr_par' dir='ltr' id='par_1_38' title="bbox 390 2509 1971 2580">
     <span class='ocr_line' id='line_1_38' title="bbox 390 2509 1971 2580; baseline -0.003 -11"><span class='ocrx_word' id='word_1_300' title='bbox 390 2530 450 2569; x_wconf 88' lang='lat' dir='ltr'><strong>se</strong></span> <span class='ocrx_word' id='word_1_301' title='bbox 476 2515 530 2568; x_wconf 89' lang='lat' dir='ltr'><strong>in</strong></span> <span class='ocrx_word' id='word_1_302' title='bbox 557 2513 784 2567; x_wconf 88' lang='lat' dir='ltr'><strong>Domino</strong></span> <span class='ocrx_word' id='word_1_303' title='bbox 810 2512 1116 2575; x_wconf 88' lang='lat' dir='ltr'><strong>crederent,</strong></span> <span class='ocrx_word' id='word_1_304' title='bbox 1148 2525 1490 2580; x_wconf 88' lang='lat' dir='ltr'><strong>nequaquam</strong></span> <span class='ocrx_word' id='word_1_305' title='bbox 1520 2509 1799 2565; x_wconf 85' lang='lat' dir='ltr'><strong>meliorum</strong></span> <span class='ocrx_word' id='word_1_306' title='bbox 1829 2509 1971 2565; x_wconf 79' lang='lat' dir='ltr'><strong>facta</strong></span> 
     </span>
    </p>
   </div>
   <div class='ocr_carea' id='block_1_39' title="bbox 391 2599 1438 2670">
    <p class='ocr_par' dir='ltr' id='par_1_39' title="bbox 391 2599 1438 2670">
     <span class='ocr_line' id='line_1_39' title="bbox 391 2599 1438 2670; baseline -0.004 -12"><span class='ocrx_word' id='word_1_307' title='bbox 391 2603 477 2659; x_wconf 67' lang='lat' dir='ltr'><strong>Vel</strong></span> <span class='ocrx_word' id='word_1_308' title='bbox 498 2604 660 2669; x_wconf 92' lang='lat' dir='ltr'><strong>dicta,</strong></span> <span class='ocrx_word' id='word_1_309' title='bbox 685 2604 832 2657; x_wconf 89' lang='lat' dir='ltr'><strong>velut</strong></span> <span class='ocrx_word' id='word_1_310' title='bbox 854 2601 1088 2666; x_wconf 76' lang='lat' dir='ltr'><strong>infirma,</strong></span> <span class='ocrx_word' id='word_1_311' title='bbox 1110 2599 1438 2670; x_wconf 74' lang='lat' dir='ltr'><strong>iudicarent.</strong></span> 
     </span>
    </p>
   </div>
   <div class='ocr_carea' id='block_1_40' title="bbox 469 2689 1966 2765">
    <p class='ocr_par' dir='ltr' id='par_1_40' title="bbox 469 2689 1966 2765">
     <span class='ocr_line' id='line_1_40' title="bbox 469 2689 1966 2765; baseline 0.001 -21"><span class='ocrx_word' id='word_1_312' title='bbox 469 2709 489 2744; x_wconf 73' lang='grc' dir='ltr'><strong><em>ι</em></strong></span> <span class='ocrx_word' id='word_1_313' title='bbox 523 2692 769 2765; x_wconf 87' lang='lat' dir='ltr'><strong>Ingressa</strong></span> <span class='ocrx_word' id='word_1_314' title='bbox 789 2689 980 2748; x_wconf 77' lang='lat' dir='ltr'><strong>Michol</strong></span> <span class='ocrx_word' id='word_1_315' title='bbox 1003 2689 1108 2746; x_wconf 83' lang='lat' dir='ltr'><strong>tilia</strong></span> <span class='ocrx_word' id='word_1_316' title='bbox 1129 2689 1259 2746; x_wconf 90' lang='lat' dir='ltr'><strong>Saul</strong></span> <span class='ocrx_word' id='word_1_317' title='bbox 1280 2692 1331 2745; x_wconf 94' lang='lat' dir='ltr'><strong>in</strong></span> <span class='ocrx_word' id='word_1_318' title='bbox 1355 2705 1639 2746; x_wconf 90' lang='lat' dir='ltr'><strong>occursum</strong></span> <span class='ocrx_word' id='word_1_319' title='bbox 1662 2691 1847 2757; x_wconf 89' lang='lat' dir='ltr'><strong>David,</strong></span> <span class='ocrx_word' id='word_1_320' title='bbox 1873 2692 1966 2746; x_wconf 91' lang='lat' dir='ltr'><strong>ait:</strong></span> 
     </span>
    </p>
   </div>
   <div class='ocr_carea' id='block_1_41' title="bbox 400 2781 1969 2856">
    <p class='ocr_par' dir='ltr' id='par_1_41' title="bbox 400 2781 1969 2856">
     <span class='ocr_line' id='line_1_41' title="bbox 400 2781 1969 2856; baseline 0 -19"><span class='ocrx_word' id='word_1_321' title='bbox 400 2803 420 2837; x_wconf 75' lang='grc' dir='ltr'>ι</span> <span class='ocrx_word' id='word_1_322' title='bbox 463 2785 636 2854; x_wconf 89' lang='lat' dir='ltr'><strong>Quam</strong></span> <span class='ocrx_word' id='word_1_323' title='bbox 660 2786 926 2856; x_wconf 77' lang='lat' dir='ltr'><strong>gloriosus</strong></span> <span class='ocrx_word' id='word_1_324' title='bbox 946 2783 1046 2838; x_wconf 89' lang='lat' dir='ltr'><strong>fuit</strong></span> <span class='ocrx_word' id='word_1_325' title='bbox 1061 2783 1221 2838; x_wconf 87' lang='lat' dir='ltr'><strong>hodie</strong></span> <span class='ocrx_word' id='word_1_326' title='bbox 1239 2798 1333 2838; x_wconf 90' lang='lat' dir='ltr'><strong>rex</strong></span> <span class='ocrx_word' id='word_1_327' title='bbox 1355 2781 1536 2845; x_wconf 88' lang='lat' dir='ltr'><strong>Israel,</strong></span> <span class='ocrx_word' id='word_1_328' title='bbox 1566 2781 1969 2852; x_wconf 77' lang='lat' dir='ltr'><strong>discoopcriens</strong></span> 
     </span>
    </p>
   </div>
   <div class='ocr_carea' id='block_1_42' title="bbox 396 2873 1970 2940">
    <p class='ocr_par' dir='ltr' id='par_1_42' title="bbox 396 2873 1970 2940">
     <span class='ocr_line' id='line_1_42' title="bbox 396 2873 1970 2940; baseline -0.001 -10"><span class='ocrx_word' id='word_1_329' title='bbox 396 2898 415 2930; x_wconf 72' lang='grc' dir='ltr'>ι</span> <span class='ocrx_word' id='word_1_330' title='bbox 461 2893 520 2933; x_wconf 89' lang='lat' dir='ltr'><strong>se</strong></span> <span class='ocrx_word' id='word_1_331' title='bbox 549 2885 674 2933; x_wconf 87' lang='lat' dir='ltr'><strong>ante</strong></span> <span class='ocrx_word' id='word_1_332' title='bbox 708 2875 931 2932; x_wconf 87' lang='lat' dir='ltr'><strong>ancillas</strong></span> <span class='ocrx_word' id='word_1_333' title='bbox 974 2891 1254 2932; x_wconf 88' lang='lat' dir='ltr'><strong>servorum</strong></span> <span class='ocrx_word' id='word_1_334' title='bbox 1296 2889 1555 2939; x_wconf 89' lang='lat' dir='ltr'><strong>suorum,</strong></span> <span class='ocrx_word' id='word_1_335' title='bbox 1611 2893 1629 2926; x_wconf 70' lang='grc' dir='ltr'><strong><em>ι</em></strong></span> <span class='ocrx_word' id='word_1_336' title='bbox 1673 2880 1776 2929; x_wconf 87' lang='lat' dir='ltr'><strong>etc.</strong></span> <span class='ocrx_word' id='word_1_337' title='bbox 1817 2873 1970 2940; x_wconf 90' lang='lat' dir='ltr'><strong>Quod</strong></span> 
     </span>
    </p>
   </div>
   <div class='ocr_carea' id='block_1_43' title="bbox 389 2960 1970 3022">
    <p class='ocr_par' dir='ltr' id='par_1_43' title="bbox 389 2960 1970 3022">
     <span class='ocr_line' id='line_1_43' title="bbox 389 2960 1970 3022; baseline -0.002 0"><span class='ocrx_word' id='word_1_338' title='bbox 389 2961 560 3022; x_wconf 87' lang='lat' dir='ltr'><strong>David</strong></span> <span class='ocrx_word' id='word_1_339' title='bbox 587 2967 715 3022; x_wconf 89' lang='lat' dir='ltr'><strong>dum</strong></span> <span class='ocrx_word' id='word_1_340' title='bbox 743 2982 924 3022; x_wconf 90' lang='lat' dir='ltr'><strong>arcam</strong></span> <span class='ocrx_word' id='word_1_341' title='bbox 954 2965 1163 3020; x_wconf 89' lang='lat' dir='ltr'><strong>Domini</strong></span> <span class='ocrx_word' id='word_1_342' title='bbox 1196 2960 1497 3020; x_wconf 72' lang='lat' dir='ltr'><strong>Jerusalem</strong></span> <span class='ocrx_word' id='word_1_343' title='bbox 1527 2964 1774 3019; x_wconf 82' lang='lat' dir='ltr'><strong>saltando</strong></span> <span class='ocrx_word' id='word_1_344' title='bbox 1812 2964 1970 3020; x_wconf 49' lang='lat' dir='ltr'><strong>redu‘</strong></span> 
     </span>
    </p>
   </div>
   <div class='ocr_carea' id='block_1_44' title="bbox 391 3051 1970 3123">
    <p class='ocr_par' dir='ltr' id='par_1_44' title="bbox 391 3051 1970 3123">
     <span class='ocr_line' id='line_1_44' title="bbox 391 3051 1970 3123; baseline -0.003 -12"><span class='ocrx_word' id='word_1_345' title='bbox 391 3063 560 3122; x_wconf 88' lang='lat' dir='ltr'><strong>ceret,</strong></span> <span class='ocrx_word' id='word_1_346' title='bbox 589 3073 619 3111; x_wconf 89' lang='lat' dir='ltr'><strong>a</strong></span> <span class='ocrx_word' id='word_1_347' title='bbox 651 3051 869 3123; x_wconf 82' lang='lat' dir='ltr'><strong>Michoi,</strong></span> <span class='ocrx_word' id='word_1_348' title='bbox 894 3054 1002 3110; x_wconf 80' lang='lat' dir='ltr'><strong>filia</strong></span> <span class='ocrx_word' id='word_1_349' title='bbox 1027 3053 1176 3120; x_wconf 90' lang='lat' dir='ltr'><strong>Saul,</strong></span> <span class='ocrx_word' id='word_1_350' title='bbox 1216 3069 1385 3109; x_wconf 85' lang='lat' dir='ltr'><strong>uxore</strong></span> <span class='ocrx_word' id='word_1_351' title='bbox 1419 3069 1516 3109; x_wconf 89' lang='lat' dir='ltr'><strong>sua</strong></span> <span class='ocrx_word' id='word_1_352' title='bbox 1548 3052 1740 3109; x_wconf 90' lang='lat' dir='ltr'><strong>irrisus</strong></span> <span class='ocrx_word' id='word_1_353' title='bbox 1764 3061 1868 3119; x_wconf 91' lang='lat' dir='ltr'><strong>est,</strong></span> <span class='ocrx_word' id='word_1_354' title='bbox 1892 3053 1970 3107; x_wconf 82' lang='lat' dir='ltr'><strong>in-</strong></span> 
     </span>
    </p>
   </div>
   <div class='ocr_carea' id='block_1_45' title="bbox 389 3144 1967 3219">
    <p class='ocr_par' dir='ltr' id='par_1_45' title="bbox 389 3144 1967 3219">
     <span class='ocr_line' id='line_1_45' title="bbox 389 3144 1967 3219; baseline -0.003 -16"><span class='ocrx_word' id='word_1_355' title='bbox 389 3150 530 3205; x_wconf 90' lang='lat' dir='ltr'><strong>tueri</strong></span> <span class='ocrx_word' id='word_1_356' title='bbox 555 3148 685 3204; x_wconf 90' lang='lat' dir='ltr'><strong>libet</strong></span> <span class='ocrx_word' id='word_1_357' title='bbox 711 3155 914 3219; x_wconf 86' lang='lat' dir='ltr'><strong>quanta</strong></span> <span class='ocrx_word' id='word_1_358' title='bbox 946 3144 1210 3202; x_wconf 86' lang='lat' dir='ltr'><strong>virtutum</strong></span> <span class='ocrx_word' id='word_1_359' title='bbox 1250 3161 1472 3201; x_wconf 90' lang='lat' dir='ltr'><strong>munera</strong></span> <span class='ocrx_word' id='word_1_360' title='bbox 1508 3146 1676 3200; x_wconf 89' lang='lat' dir='ltr'><strong>David</strong></span> <span class='ocrx_word' id='word_1_361' title='bbox 1701 3146 1814 3215; x_wconf 87' lang='lat' dir='ltr'><strong>ipse</strong></span> <span class='ocrx_word' id='word_1_362' title='bbox 1840 3161 1967 3216; x_wconf 88' lang='lat' dir='ltr'><strong>per-</strong></span> 
     </span>
    </p>
   </div>
   <div class='ocr_carea' id='block_1_46' title="bbox 2074 1959 3652 2051">
    <p class='ocr_par' dir='ltr' id='par_1_46' title="bbox 2074 1959 3652 2051">
     <span class='ocr_line' id='line_1_46' title="bbox 2074 1959 3652 2051; baseline 0.011 -31"><span class='ocrx_word' id='word_1_363' title='bbox 2074 1959 2461 2036; x_wconf 83' lang='lat' dir='ltr'><strong>intumescunt,</strong></span> <span class='ocrx_word' id='word_1_364' title='bbox 2502 1981 2557 2027; x_wconf 93' lang='lat' dir='ltr'><strong>et</strong></span> <span class='ocrx_word' id='word_1_365' title='bbox 2605 1983 2754 2028; x_wconf 88' lang='lat' dir='ltr'><strong>tanto</strong></span> <span class='ocrx_word' id='word_1_366' title='bbox 2801 1977 2969 2046; x_wconf 81' lang='lat' dir='ltr'><strong>magis</strong></span> <span class='ocrx_word' id='word_1_367' title='bbox 3017 1979 3071 2032; x_wconf 90' lang='lat' dir='ltr'><strong>in</strong></span> <span class='ocrx_word' id='word_1_368' title='bbox 3123 1979 3284 2034; x_wconf 90' lang='lat' dir='ltr'><strong>corde</strong></span> <span class='ocrx_word' id='word_1_369' title='bbox 3322 1981 3446 2036; x_wconf 84' lang='lat' dir='ltr'><strong>elati</strong></span> <span class='ocrx_word' id='word_1_370' title='bbox 3499 1990 3652 2051; x_wconf 87' lang='lat' dir='ltr'><strong>sunt,</strong></span> 
     </span>
    </p>
   </div>
   <div class='ocr_carea' id='block_1_47' title="bbox 2073 2060 3650 2140">
    <p class='ocr_par' dir='ltr' id='par_1_47' title="bbox 2073 2060 3650 2140">
     <span class='ocr_line' id='line_1_47' title="bbox 2073 2060 3650 2140; baseline 0.01 -27"><span class='ocrx_word' id='word_1_371' title='bbox 2073 2067 2273 2130; x_wconf 91' lang='lat' dir='ltr'><strong>quanto</strong></span> <span class='ocrx_word' id='word_1_372' title='bbox 2311 2063 2540 2132; x_wconf 90' lang='lat' dir='ltr'><strong>amplius</strong></span> <span class='ocrx_word' id='word_1_373' title='bbox 2569 2060 2622 2118; x_wconf 85' lang='lat' dir='ltr'><strong>in</strong></span> <span class='ocrx_word' id='word_1_374' title='bbox 2663 2066 2842 2135; x_wconf 84' lang='lat' dir='ltr'><strong>specie</strong></span> <span class='ocrx_word' id='word_1_375' title='bbox 2885 2062 3177 2124; x_wconf 85' lang='lat' dir='ltr'><strong>elationem</strong></span> <span class='ocrx_word' id='word_1_376' title='bbox 3207 2080 3475 2140; x_wconf 89' lang='lat' dir='ltr'><strong>premunt.</strong></span> <span class='ocrx_word' id='word_1_377' title='bbox 3516 2073 3650 2140; x_wconf 73' lang='lat' dir='ltr'><strong>Qua:</strong></span> 
     </span>
    </p>
   </div>
   <div class='ocr_carea' id='block_1_48' title="bbox 2071 2151 3647 2229">
    <p class='ocr_par' dir='ltr' id='par_1_48' title="bbox 2071 2151 3647 2229">
     <span class='ocr_line' id='line_1_48' title="bbox 2071 2151 3647 2229; baseline 0.01 -27"><span class='ocrx_word' id='word_1_378' title='bbox 2071 2156 2300 2218; x_wconf 80' lang='lat' dir='ltr'><strong>utraque</strong></span> <span class='ocrx_word' id='word_1_379' title='bbox 2327 2151 2483 2207; x_wconf 75' lang='lat' dir='ltr'><strong>Unius</strong></span> <span class='ocrx_word' id='word_1_380' title='bbox 2514 2153 2765 2208; x_wconf 85' lang='lat' dir='ltr'><strong>elationis</strong></span> <span class='ocrx_word' id='word_1_381' title='bbox 2796 2155 2961 2220; x_wconf 89' lang='lat' dir='ltr'><strong>bella,</strong></span> <span class='ocrx_word' id='word_1_382' title='bbox 2999 2171 3190 2229; x_wconf 86' lang='lat' dir='ltr'><strong>magna</strong></span> <span class='ocrx_word' id='word_1_383' title='bbox 3221 2157 3384 2214; x_wconf 86' lang='lat' dir='ltr'><strong>David</strong></span> <span class='ocrx_word' id='word_1_384' title='bbox 3410 2163 3647 2217; x_wconf 83' lang='lat' dir='ltr'><strong>circum-</strong></span> 
     </span>
    </p>
   </div>
   <div class='ocr_carea' id='block_1_49' title="bbox 2071 2236 3648 2320">
    <p class='ocr_par' dir='ltr' id='par_1_49' title="bbox 2071 2236 3648 2320">
     <span class='ocr_line' id='line_1_49' title="bbox 2071 2236 3648 2320; baseline 0.01 -26"><span class='ocrx_word' id='word_1_385' title='bbox 2071 2236 2347 2310; x_wconf 82' lang='lat' dir='ltr'><strong>spectione</strong></span> <span class='ocrx_word' id='word_1_386' title='bbox 2372 2243 2758 2313; x_wconf 86' lang='lat' dir='ltr'><strong>deprehendit,</strong></span> <span class='ocrx_word' id='word_1_387' title='bbox 2783 2247 2920 2301; x_wconf 88' lang='lat' dir='ltr'><strong>mira</strong></span> <span class='ocrx_word' id='word_1_388' title='bbox 2948 2248 3149 2304; x_wconf 85' lang='lat' dir='ltr'><strong>virtute</strong></span> <span class='ocrx_word' id='word_1_389' title='bbox 3182 2252 3476 2319; x_wconf 83' lang='lat' dir='ltr'><strong>superavit.</strong></span> <span class='ocrx_word' id='word_1_390' title='bbox 3509 2252 3648 2320; x_wconf 77' lang='lat' dir='ltr'><strong>Quia</strong></span> 
     </span>
    </p>
   </div>
   <div class='ocr_carea' id='block_1_50' title="bbox 2071 2330 3645 2407">
    <p class='ocr_par' dir='ltr' id='par_1_50' title="bbox 2071 2330 3645 2407">
     <span class='ocr_line' id='line_1_50' title="bbox 2071 2330 3645 2407; baseline 0.01 -23"><span class='ocrx_word' id='word_1_391' title='bbox 2071 2330 2215 2384; x_wconf 90' lang='lat' dir='ltr'><strong>enim</strong></span> <span class='ocrx_word' id='word_1_392' title='bbox 2246 2331 2311 2386; x_wconf 91' lang='lat' dir='ltr'><strong>de</strong></span> <span class='ocrx_word' id='word_1_393' title='bbox 2339 2334 2629 2404; x_wconf 87' lang='lat' dir='ltr'><strong>semetipso</strong></span> <span class='ocrx_word' id='word_1_394' title='bbox 2662 2333 2806 2391; x_wconf 91' lang='lat' dir='ltr'><strong>intus</strong></span> <span class='ocrx_word' id='word_1_395' title='bbox 2835 2338 3054 2392; x_wconf 89' lang='lat' dir='ltr'><strong>humilia</strong></span> <span class='ocrx_word' id='word_1_396' title='bbox 3092 2330 3348 2407; x_wconf 84' lang='lat' dir='ltr'><strong>sentiens,</strong></span> <span class='ocrx_word' id='word_1_397' title='bbox 3384 2342 3645 2399; x_wconf 83' lang='lat' dir='ltr'><strong>honorem</strong></span> 
     </span>
    </p>
   </div>
   <div class='ocr_carea' id='block_1_51' title="bbox 2070 2422 3647 2494">
    <p class='ocr_par' dir='ltr' id='par_1_51' title="bbox 2070 2422 3647 2494">
     <span class='ocr_line' id='line_1_51' title="bbox 2070 2422 3647 2494; baseline 0.009 -19"><span class='ocrx_word' id='word_1_398' title='bbox 2070 2422 2309 2476; x_wconf 87' lang='lat' dir='ltr'><strong>exterius</strong></span> <span class='ocrx_word' id='word_1_399' title='bbox 2340 2438 2448 2478; x_wconf 90' lang='lat' dir='ltr'><strong>non</strong></span> <span class='ocrx_word' id='word_1_400' title='bbox 2479 2426 2691 2494; x_wconf 70' lang='lat' dir='ltr'><strong>quaerit,</strong></span> <span class='ocrx_word' id='word_1_401' title='bbox 2724 2426 2960 2482; x_wconf 89' lang='lat' dir='ltr'><strong>insinuat</strong></span> <span class='ocrx_word' id='word_1_402' title='bbox 3007 2427 3196 2484; x_wconf 84' lang='lat' dir='ltr'><strong>dicens</strong></span> <span class='ocrx_word' id='word_1_403' title='bbox 3224 2450 3236 2484; x_wconf 87' lang='lat'><strong>:</strong></span> <span class='ocrx_word' id='word_1_404' title='bbox 3289 2447 3307 2482; x_wconf 71' lang='grc' dir='ltr'><strong><em>ι</em></strong></span> <span class='ocrx_word' id='word_1_405' title='bbox 3357 2425 3561 2486; x_wconf 78' lang='lat' dir='ltr'><strong>Ludam</strong></span> <span class='ocrx_word' id='word_1_406' title='bbox 3590 2439 3647 2489; x_wconf 91' lang='lat' dir='ltr'><strong>et</strong></span> 
     </span>
    </p>
   </div>
   <div class='ocr_carea' id='block_1_52' title="bbox 2069 2511 3648 2590">
    <p class='ocr_par' dir='ltr' id='par_1_52' title="bbox 2069 2511 3648 2590">
     <span class='ocr_line' id='line_1_52' title="bbox 2069 2511 3648 2590; baseline 0.008 -24"><span class='ocrx_word' id='word_1_407' title='bbox 2069 2511 2230 2567; x_wconf 91' lang='lat' dir='ltr'><strong>vilior</strong></span> <span class='ocrx_word' id='word_1_408' title='bbox 2260 2513 2404 2569; x_wconf 83' lang='lat' dir='ltr'><strong>fiam.</strong></span> <span class='ocrx_word' id='word_1_409' title='bbox 2446 2534 2464 2566; x_wconf 85' lang='grc'><strong>›</strong></span> <span class='ocrx_word' id='word_1_410' title='bbox 2517 2515 2586 2570; x_wconf 82' lang='lat' dir='ltr'><strong>Et</strong></span> <span class='ocrx_word' id='word_1_411' title='bbox 2605 2517 2730 2585; x_wconf 91' lang='lat' dir='ltr'><strong>quia</strong></span> <span class='ocrx_word' id='word_1_412' title='bbox 2758 2532 2855 2585; x_wconf 91' lang='lat' dir='ltr'><strong>per</strong></span> <span class='ocrx_word' id='word_1_413' title='bbox 2883 2519 2986 2573; x_wconf 92' lang='lat' dir='ltr'><strong>hoc</strong></span> <span class='ocrx_word' id='word_1_414' title='bbox 3008 2560 3022 2585; x_wconf 93' lang='lat'><strong>,</strong></span> <span class='ocrx_word' id='word_1_415' title='bbox 3054 2521 3194 2590; x_wconf 87' lang='lat' dir='ltr'><strong>quod</strong></span> <span class='ocrx_word' id='word_1_416' title='bbox 3220 2519 3377 2576; x_wconf 88' lang='lat' dir='ltr'><strong>vilem</strong></span> <span class='ocrx_word' id='word_1_417' title='bbox 3411 2538 3468 2576; x_wconf 92' lang='lat' dir='ltr'><strong>se</strong></span> <span class='ocrx_word' id='word_1_418' title='bbox 3495 2534 3648 2579; x_wconf 50' lang='lat' dir='ltr'><strong>ene.</strong></span> 
     </span>
    </p>
   </div>
   <div class='ocr_carea' id='block_1_53' title="bbox 2070 2605 3646 2683">
    <p class='ocr_par' dir='ltr' id='par_1_53' title="bbox 2070 2605 3646 2683">
     <span class='ocr_line' id='line_1_53' title="bbox 2070 2605 3646 2683; baseline 0.006 -24"><span class='ocrx_word' id='word_1_419' title='bbox 2070 2605 2183 2660; x_wconf 89' lang='lat' dir='ltr'><strong>rius</strong></span> <span class='ocrx_word' id='word_1_420' title='bbox 2211 2607 2460 2675; x_wconf 72' lang='lat' dir='ltr'><strong>prcebuit,</strong></span> <span class='ocrx_word' id='word_1_421' title='bbox 2492 2623 2833 2678; x_wconf 89' lang='lat' dir='ltr'><strong>nequaquam</strong></span> <span class='ocrx_word' id='word_1_422' title='bbox 2858 2611 3084 2666; x_wconf 90' lang='lat' dir='ltr'><strong>interius</strong></span> <span class='ocrx_word' id='word_1_423' title='bbox 3106 2613 3432 2678; x_wconf 88' lang='lat' dir='ltr'><strong>intumescit,</strong></span> <span class='ocrx_word' id='word_1_424' title='bbox 3459 2611 3646 2683; x_wconf 64' lang='lat' dir='ltr'><strong>adjuna</strong></span> 
     </span>
    </p>
   </div>
   <div class='ocr_carea' id='block_1_54' title="bbox 2070 2695 3646 2775">
    <p class='ocr_par' dir='ltr' id='par_1_54' title="bbox 2070 2695 3646 2775">
     <span class='ocr_line' id='line_1_54' title="bbox 2070 2695 3646 2775; baseline 0.007 -27"><span class='ocrx_word' id='word_1_425' title='bbox 2070 2695 2148 2766; x_wconf 91' lang='lat' dir='ltr'><strong>git</strong></span> <span class='ocrx_word' id='word_1_426' title='bbox 2181 2707 2194 2750; x_wconf 88' lang='lat'><strong>:</strong></span> <span class='ocrx_word' id='word_1_427' title='bbox 2228 2715 2246 2746; x_wconf 73' lang='grc' dir='ltr'><em>α</em></span> <span class='ocrx_word' id='word_1_428' title='bbox 2284 2696 2496 2766; x_wconf 85' lang='lat' dir='ltr'><strong>Eroque</strong></span> <span class='ocrx_word' id='word_1_429' title='bbox 2523 2698 2739 2753; x_wconf 92' lang='lat' dir='ltr'><strong>humilis</strong></span> <span class='ocrx_word' id='word_1_430' title='bbox 2771 2700 2825 2753; x_wconf 89' lang='lat' dir='ltr'><strong>in</strong></span> <span class='ocrx_word' id='word_1_431' title='bbox 2856 2701 3024 2755; x_wconf 91' lang='lat' dir='ltr'><strong>oculis</strong></span> <span class='ocrx_word' id='word_1_432' title='bbox 3047 2703 3200 2756; x_wconf 89' lang='lat' dir='ltr'><strong>meis.</strong></span> <span class='ocrx_word' id='word_1_433' title='bbox 3241 2722 3258 2754; x_wconf 73' lang='grc' dir='ltr'><strong><em>ι</em></strong></span> <span class='ocrx_word' id='word_1_434' title='bbox 3283 2704 3360 2758; x_wconf 80' lang='lat' dir='ltr'><strong>Ac</strong></span> <span class='ocrx_word' id='word_1_435' title='bbox 3389 2704 3432 2759; x_wconf 92' lang='lat' dir='ltr'><strong>si</strong></span> <span class='ocrx_word' id='word_1_436' title='bbox 3461 2714 3646 2775; x_wconf 88' lang='lat' dir='ltr'><strong>aperte</strong></span> 
     </span>
    </p>
   </div>
   <div class='ocr_carea' id='block_1_55' title="bbox 2069 2787 3645 2862">
    <p class='ocr_par' dir='ltr' id='par_1_55' title="bbox 2069 2787 3645 2862">
     <span class='ocr_line' id='line_1_55' title="bbox 2069 2787 3645 2862; baseline 0.006 -21"><span class='ocrx_word' id='word_1_437' title='bbox 2069 2787 2214 2842; x_wconf 90' lang='lat' dir='ltr'><strong>dicat</strong></span> <span class='ocrx_word' id='word_1_438' title='bbox 2236 2806 2247 2840; x_wconf 90' lang='lat'><strong>:</strong></span> <span class='ocrx_word' id='word_1_439' title='bbox 2280 2787 2500 2855; x_wconf 90' lang='lat' dir='ltr'><strong>Qualem</strong></span> <span class='ocrx_word' id='word_1_440' title='bbox 2525 2804 2611 2845; x_wconf 91' lang='lat' dir='ltr'><strong>me</strong></span> <span class='ocrx_word' id='word_1_441' title='bbox 2629 2792 2867 2846; x_wconf 84' lang='lat' dir='ltr'><strong>exterius</strong></span> <span class='ocrx_word' id='word_1_442' title='bbox 2887 2792 3185 2862; x_wconf 83' lang='lat' dir='ltr'><strong>despiciens</strong></span> <span class='ocrx_word' id='word_1_443' title='bbox 3204 2795 3453 2860; x_wconf 79' lang='lat' dir='ltr'><strong>exhibeo,</strong></span> <span class='ocrx_word' id='word_1_444' title='bbox 3483 2795 3645 2850; x_wconf 89' lang='lat' dir='ltr'><strong>talem</strong></span> 
     </span>
    </p>
   </div>
   <div class='ocr_carea' id='block_1_56' title="bbox 2069 2876 3647 2954">
    <p class='ocr_par' dir='ltr' id='par_1_56' title="bbox 2069 2876 3647 2954">
     <span class='ocr_line' id='line_1_56' title="bbox 2069 2876 3647 2954; baseline 0.005 -21"><span class='ocrx_word' id='word_1_445' title='bbox 2069 2894 2157 2934; x_wconf 91' lang='lat' dir='ltr'><strong>me</strong></span> <span class='ocrx_word' id='word_1_446' title='bbox 2191 2879 2417 2934; x_wconf 88' lang='lat' dir='ltr'><strong>interius</strong></span> <span class='ocrx_word' id='word_1_447' title='bbox 2445 2876 2683 2937; x_wconf 87' lang='lat' dir='ltr'><strong>attendo.</strong></span> <span class='ocrx_word' id='word_1_448' title='bbox 2721 2881 2858 2948; x_wconf 88' lang='lat' dir='ltr'><strong>Quid</strong></span> <span class='ocrx_word' id='word_1_449' title='bbox 2889 2899 3017 2950; x_wconf 82' lang='lat' dir='ltr'><strong>ergo</strong></span> <span class='ocrx_word' id='word_1_450' title='bbox 3039 2884 3210 2938; x_wconf 91' lang='lat' dir='ltr'><strong>acturi</strong></span> <span class='ocrx_word' id='word_1_451' title='bbox 3234 2893 3360 2938; x_wconf 91' lang='lat' dir='ltr'><strong>sunt</strong></span> <span class='ocrx_word' id='word_1_452' title='bbox 3383 2901 3519 2954; x_wconf 91' lang='lat' dir='ltr'><strong>quos</strong></span> <span class='ocrx_word' id='word_1_453' title='bbox 3549 2877 3647 2941; x_wconf 83' lang='lat' dir='ltr'><strong>do-</strong></span> 
     </span>
    </p>
   </div>
   <div class='ocr_carea' id='block_1_57' title="bbox 2070 2969 3643 3037">
    <p class='ocr_par' dir='ltr' id='par_1_57' title="bbox 2070 2969 3643 3037">
     <span class='ocr_line' id='line_1_57' title="bbox 2070 2969 3643 3037; baseline 0.006 -13"><span class='ocrx_word' id='word_1_454' title='bbox 2070 2969 2241 3024; x_wconf 89' lang='lat' dir='ltr'><strong>ctrina</strong></span> <span class='ocrx_word' id='word_1_455' title='bbox 2270 2970 2464 3037; x_wconf 87' lang='lat' dir='ltr'><strong>elevat,</strong></span> <span class='ocrx_word' id='word_1_456' title='bbox 2509 2970 2552 3027; x_wconf 91' lang='lat' dir='ltr'><strong>si</strong></span> <span class='ocrx_word' id='word_1_457' title='bbox 2595 2972 2762 3029; x_wconf 83' lang='lat' dir='ltr'><strong>David</strong></span> <span class='ocrx_word' id='word_1_458' title='bbox 2802 2990 2868 3029; x_wconf 82' lang='lat' dir='ltr'><strong>ex</strong></span> <span class='ocrx_word' id='word_1_459' title='bbox 2899 2989 3059 3030; x_wconf 87' lang='lat' dir='ltr'><strong>carne</strong></span> <span class='ocrx_word' id='word_1_460' title='bbox 3084 2992 3176 3030; x_wconf 92' lang='lat' dir='ltr'><strong>sua</strong></span> <span class='ocrx_word' id='word_1_461' title='bbox 3217 2987 3502 3031; x_wconf 86' lang='lat' dir='ltr'><strong>venturum</strong></span> <span class='ocrx_word' id='word_1_462' title='bbox 3534 2978 3643 3034; x_wconf 85' lang='lat' dir='ltr'><strong>Re-</strong></span> 
     </span>
    </p>
   </div>
   <div class='ocr_carea' id='block_1_58' title="bbox 2070 3059 3646 3136">
    <p class='ocr_par' dir='ltr' id='par_1_58' title="bbox 2070 3059 3646 3136">
     <span class='ocr_line' id='line_1_58' title="bbox 2070 3059 3646 3136; baseline 0.006 -23"><span class='ocrx_word' id='word_1_463' title='bbox 2070 3059 2402 3130; x_wconf 90' lang='lat' dir='ltr'><strong>demptorem</strong></span> <span class='ocrx_word' id='word_1_464' title='bbox 2453 3073 2734 3128; x_wconf 83' lang='lat' dir='ltr'><strong>moverat,</strong></span> <span class='ocrx_word' id='word_1_465' title='bbox 2781 3063 3005 3136; x_wconf 83' lang='lat' dir='ltr'><strong>ejusque</strong></span> <span class='ocrx_word' id='word_1_466' title='bbox 3045 3066 3236 3136; x_wconf 85' lang='lat' dir='ltr'><strong>gaudia</strong></span> <span class='ocrx_word' id='word_1_467' title='bbox 3275 3068 3646 3136; x_wconf 87' lang='lat' dir='ltr'><strong>prophetando</strong></span> 
     </span>
    </p>
   </div>
   <div class='ocr_carea' id='block_1_59' title="bbox 2069 3150 3645 3224">
    <p class='ocr_par' dir='ltr' id='par_1_59' title="bbox 2069 3150 3645 3224">
     <span class='ocr_line' id='line_1_59' title="bbox 2069 3150 3645 3224; baseline 0.006 -21"><span class='ocrx_word' id='word_1_468' title='bbox 2069 3150 2382 3205; x_wconf 83' lang='lat' dir='ltr'><strong>nuntiabat?</strong></span> <span class='ocrx_word' id='word_1_469' title='bbox 2421 3159 2476 3206; x_wconf 92' lang='lat' dir='ltr'><strong>et</strong></span> <span class='ocrx_word' id='word_1_470' title='bbox 2527 3162 2705 3208; x_wconf 90' lang='lat' dir='ltr'><strong>tamen</strong></span> <span class='ocrx_word' id='word_1_471' title='bbox 2755 3154 2806 3208; x_wconf 93' lang='lat' dir='ltr'><strong>in</strong></span> <span class='ocrx_word' id='word_1_472' title='bbox 2855 3155 3143 3224; x_wconf 88' lang='lat' dir='ltr'><strong>semetipso</strong></span> <span class='ocrx_word' id='word_1_473' title='bbox 3174 3157 3439 3210; x_wconf 87' lang='lat' dir='ltr'><strong>cervicem</strong></span> <span class='ocrx_word' id='word_1_474' title='bbox 3465 3155 3645 3212; x_wconf 90' lang='lat' dir='ltr'><strong>cordis</strong></span> 
     </span>
    </p>
   </div>
   <div class='ocr_carea' id='block_1_60' title="bbox 389 3225 3644 3313">
    <p class='ocr_par' dir='ltr' id='par_1_60' title="bbox 389 3225 3644 3313">
     <span class='ocr_line' id='line_1_60' title="bbox 389 3225 3644 3313; baseline 0.002 -20"><span class='ocrx_word' id='word_1_475' title='bbox 389 3247 631 3309; x_wconf 89' lang='lat' dir='ltr'><strong>ceperat,</strong></span> <span class='ocrx_word' id='word_1_476' title='bbox 655 3247 816 3309; x_wconf 90' lang='lat' dir='ltr'><strong>atque</strong></span> <span class='ocrx_word' id='word_1_477' title='bbox 841 3238 896 3292; x_wconf 90' lang='lat' dir='ltr'><strong>in</strong></span> <span class='ocrx_word' id='word_1_478' title='bbox 922 3237 1007 3292; x_wconf 88' lang='lat' dir='ltr'><strong>his</strong></span> <span class='ocrx_word' id='word_1_479' title='bbox 1029 3237 1277 3292; x_wconf 87' lang='lat' dir='ltr'><strong>omnibus</strong></span> <span class='ocrx_word' id='word_1_480' title='bbox 1302 3251 1461 3305; x_wconf 90' lang='lat' dir='ltr'><strong>quam</strong></span> <span class='ocrx_word' id='word_1_481' title='bbox 1493 3235 1685 3291; x_wconf 83' lang='lat' dir='ltr'><strong>fortem</strong></span> <span class='ocrx_word' id='word_1_482' title='bbox 1708 3250 1766 3290; x_wconf 88' lang='lat' dir='ltr'><strong>se</strong></span> <span class='ocrx_word' id='word_1_483' title='bbox 1793 3237 1966 3290; x_wconf 84' lang='lat' dir='ltr'><strong>humi-</strong></span> <span class='ocrx_word' id='word_1_484' title='bbox 1993 3225 2038 3287; x_wconf 89' lang='lat' dir='ltr'><strong><em>C</em></strong></span> <span class='ocrx_word' id='word_1_485' title='bbox 2069 3237 2244 3292; x_wconf 90' lang='lat' dir='ltr'><strong>valida</strong></span> <span class='ocrx_word' id='word_1_486' title='bbox 2277 3240 2639 3309; x_wconf 90' lang='lat' dir='ltr'><strong>despectionis</strong></span> <span class='ocrx_word' id='word_1_487' title='bbox 2664 3241 2811 3297; x_wconf 88' lang='lat' dir='ltr'><strong>calce</strong></span> <span class='ocrx_word' id='word_1_488' title='bbox 2838 3243 3170 3313; x_wconf 88' lang='lat' dir='ltr'><strong>deprimebat</strong></span> <span class='ocrx_word' id='word_1_489' title='bbox 3195 3244 3380 3300; x_wconf 86' lang='lat' dir='ltr'><strong>dicens</strong></span> <span class='ocrx_word' id='word_1_490' title='bbox 3404 3261 3417 3299; x_wconf 89' lang='lat'><strong>:</strong></span> <span class='ocrx_word' id='word_1_491' title='bbox 3454 3263 3472 3296; x_wconf 75' lang='grc' dir='ltr'>ι</span> <span class='ocrx_word' id='word_1_492' title='bbox 3508 3245 3644 3300; x_wconf 64' lang='grc' dir='ltr'><strong>Ενου</strong></span> 
     </span>
    </p>
   </div>
   <div class='ocr_carea' id='block_1_61' title="bbox 386 3322 1968 3392">
    <p class='ocr_par' dir='ltr' id='par_1_61' title="bbox 386 3322 1968 3392">
     <span class='ocr_line' id='line_1_61' title="bbox 386 3322 1968 3392; baseline 0.001 -14"><span class='ocrx_word' id='word_1_493' title='bbox 386 3322 544 3389; x_wconf 89' lang='lat' dir='ltr'><strong>litate</strong></span> <span class='ocrx_word' id='word_1_494' title='bbox 573 3328 841 3381; x_wconf 87' lang='lat' dir='ltr'><strong>servabat.</strong></span> <span class='ocrx_word' id='word_1_495' title='bbox 873 3325 1044 3392; x_wconf 90' lang='lat' dir='ltr'><strong>Quem</strong></span> <span class='ocrx_word' id='word_1_496' title='bbox 1073 3325 1216 3380; x_wconf 91' lang='lat' dir='ltr'><strong>enim</strong></span> <span class='ocrx_word' id='word_1_497' title='bbox 1240 3340 1344 3380; x_wconf 90' lang='lat' dir='ltr'><strong>non</strong></span> <span class='ocrx_word' id='word_1_498' title='bbox 1379 3325 1691 3390; x_wconf 78' lang='lat' dir='ltr'><strong>extolleret,</strong></span> <span class='ocrx_word' id='word_1_499' title='bbox 1724 3340 1818 3380; x_wconf 90' lang='lat' dir='ltr'><strong>ora</strong></span> <span class='ocrx_word' id='word_1_500' title='bbox 1859 3325 1968 3380; x_wconf 90' lang='lat' dir='ltr'><strong>leo-</strong></span> 
     </span>
    </p>
   </div>
   <div class='ocr_carea' id='block_1_62' title="bbox 390 3413 1968 3487">
    <p class='ocr_par' dir='ltr' id='par_1_62' title="bbox 390 3413 1968 3487">
     <span class='ocr_line' id='line_1_62' title="bbox 390 3413 1968 3487; baseline 0.001 -18"><span class='ocrx_word' id='word_1_501' title='bbox 390 3431 520 3470; x_wconf 91' lang='lat' dir='ltr'><strong>num</strong></span> <span class='ocrx_word' id='word_1_502' title='bbox 548 3413 820 3487; x_wconf 84' lang='lat' dir='ltr'><strong>frangere,</strong></span> <span class='ocrx_word' id='word_1_503' title='bbox 859 3429 1108 3470; x_wconf 89' lang='lat' dir='ltr'><strong>ursorum</strong></span> <span class='ocrx_word' id='word_1_504' title='bbox 1134 3415 1355 3470; x_wconf 87' lang='lat' dir='ltr'><strong>brachia</strong></span> <span class='ocrx_word' id='word_1_505' title='bbox 1377 3415 1659 3485; x_wconf 88' lang='lat' dir='ltr'><strong>dissipare,</strong></span> <span class='ocrx_word' id='word_1_506' title='bbox 1699 3413 1968 3486; x_wconf 88' lang='lat' dir='ltr'><strong>despectis</strong></span> 
     </span>
    </p>
   </div>
   <div class='ocr_carea' id='block_1_63' title="bbox 389 3504 1966 3576">
    <p class='ocr_par' dir='ltr' id='par_1_63' title="bbox 389 3504 1966 3576">
     <span class='ocr_line' id='line_1_63' title="bbox 389 3504 1966 3576; baseline 0.001 -18"><span class='ocrx_word' id='word_1_507' title='bbox 389 3505 636 3576; x_wconf 86' lang='lat' dir='ltr'><strong>pluribus</strong></span> <span class='ocrx_word' id='word_1_508' title='bbox 661 3505 916 3561; x_wconf 89' lang='lat' dir='ltr'><strong>fratribus</strong></span> <span class='ocrx_word' id='word_1_509' title='bbox 938 3504 1080 3576; x_wconf 83' lang='lat' dir='ltr'><strong>eligi,</strong></span> <span class='ocrx_word' id='word_1_510' title='bbox 1120 3504 1408 3574; x_wconf 90' lang='lat' dir='ltr'><strong>reprobato</strong></span> <span class='ocrx_word' id='word_1_511' title='bbox 1439 3520 1564 3575; x_wconf 85' lang='lat' dir='ltr'><strong>rege</strong></span> <span class='ocrx_word' id='word_1_512' title='bbox 1593 3505 1659 3560; x_wconf 89' lang='lat' dir='ltr'><strong>ad</strong></span> <span class='ocrx_word' id='word_1_513' title='bbox 1693 3505 1845 3576; x_wconf 88' lang='lat' dir='ltr'><strong>regni</strong></span> <span class='ocrx_word' id='word_1_514' title='bbox 1867 3520 1966 3576; x_wconf 87' lang='lat' dir='ltr'><strong>gu-</strong></span> 
     </span>
    </p>
   </div>
   <div class='ocr_carea' id='block_1_64' title="bbox 389 3592 1967 3668">
    <p class='ocr_par' dir='ltr' id='par_1_64' title="bbox 389 3592 1967 3668">
     <span class='ocr_line' id='line_1_64' title="bbox 389 3592 1967 3668; baseline -0.001 -17"><span class='ocrx_word' id='word_1_515' title='bbox 389 3592 682 3652; x_wconf 78' lang='lat' dir='ltr'><strong>bernacula</strong></span> <span class='ocrx_word' id='word_1_516' title='bbox 724 3595 874 3668; x_wconf 81' lang='lat' dir='ltr'><strong>ungi,</strong></span> <span class='ocrx_word' id='word_1_517' title='bbox 911 3595 1206 3652; x_wconf 86' lang='lat' dir='ltr'><strong>timendum</strong></span> <span class='ocrx_word' id='word_1_518' title='bbox 1260 3596 1488 3660; x_wconf 90' lang='lat' dir='ltr'><strong>cunctis,</strong></span> <span class='ocrx_word' id='word_1_519' title='bbox 1518 3610 1627 3650; x_wconf 89' lang='lat' dir='ltr'><strong>uno</strong></span> <span class='ocrx_word' id='word_1_520' title='bbox 1663 3594 1840 3664; x_wconf 90' lang='lat' dir='ltr'><strong>lapide</strong></span> <span class='ocrx_word' id='word_1_521' title='bbox 1859 3595 1967 3650; x_wconf 84' lang='lat' dir='ltr'><strong>Go-</strong></span> 
     </span>
    </p>
   </div>
   <div class='ocr_carea' id='block_1_65' title="bbox 391 3675 1966 3758">
    <p class='ocr_par' dir='ltr' id='par_1_65' title="bbox 391 3675 1966 3758">
     <span class='ocr_line' id='line_1_65' title="bbox 391 3675 1966 3758; baseline 0.001 -18"><span class='ocrx_word' id='word_1_522' title='bbox 391 3675 526 3742; x_wconf 80' lang='lat' dir='ltr'><strong>Iiath</strong></span> <span class='ocrx_word' id='word_1_523' title='bbox 555 3693 829 3752; x_wconf 85' lang='lat' dir='ltr'><strong>sternere,</strong></span> <span class='ocrx_word' id='word_1_524' title='bbox 860 3699 892 3744; x_wconf 85' lang='lat' dir='ltr'><strong>a</strong></span> <span class='ocrx_word' id='word_1_525' title='bbox 922 3703 1046 3758; x_wconf 81' lang='lat' dir='ltr'><strong>rege</strong></span> <span class='ocrx_word' id='word_1_526' title='bbox 1078 3686 1351 3758; x_wconf 89' lang='lat' dir='ltr'><strong>proposita</strong></span> <span class='ocrx_word' id='word_1_527' title='bbox 1389 3687 1642 3741; x_wconf 79' lang='lat' dir='ltr'><strong>extinctis</strong></span> <span class='ocrx_word' id='word_1_528' title='bbox 1673 3684 1966 3757; x_wconf 83' lang='lat' dir='ltr'><strong>Allophylis</strong></span> 
     </span>
    </p>
   </div>
   <div class='ocr_carea' id='block_1_66' title="bbox 391 3775 1965 3850">
    <p class='ocr_par' dir='ltr' id='par_1_66' title="bbox 391 3775 1965 3850">
     <span class='ocr_line' id='line_1_66' title="bbox 391 3775 1965 3850; baseline 0.001 -19"><span class='ocrx_word' id='word_1_529' title='bbox 391 3795 680 3835; x_wconf 89' lang='lat' dir='ltr'><strong>nmnerosa</strong></span> <span class='ocrx_word' id='word_1_530' title='bbox 725 3775 985 3850; x_wconf 66' lang='lat' dir='ltr'><strong>praeputia</strong></span> <span class='ocrx_word' id='word_1_531' title='bbox 1029 3786 1342 3849; x_wconf 89' lang='lat' dir='ltr'><strong>reportare,</strong></span> <span class='ocrx_word' id='word_1_532' title='bbox 1383 3779 1706 3848; x_wconf 89' lang='lat' dir='ltr'><strong>promissum</strong></span> <span class='ocrx_word' id='word_1_533' title='bbox 1746 3778 1965 3833; x_wconf 87' lang='lat' dir='ltr'><strong>tandem</strong></span> 
     </span>
    </p>
   </div>
   <div class='ocr_carea' id='block_1_67' title="bbox 389 3868 1968 3942">
    <p class='ocr_par' dir='ltr' id='par_1_67' title="bbox 389 3868 1968 3942">
     <span class='ocr_line' id='line_1_67' title="bbox 389 3868 1968 3942; baseline -0.003 -16"><span class='ocrx_word' id='word_1_534' title='bbox 389 3887 614 3942; x_wconf 84' lang='lat' dir='ltr'><strong>regnum</strong></span> <span class='ocrx_word' id='word_1_535' title='bbox 635 3872 929 3942; x_wconf 86' lang='lat' dir='ltr'><strong>percipere,</strong></span> <span class='ocrx_word' id='word_1_536' title='bbox 959 3877 1320 3939; x_wconf 85' lang='lat' dir='ltr'><strong>cunctumque</strong></span> <span class='ocrx_word' id='word_1_537' title='bbox 1339 3869 1689 3925; x_wconf 88' lang='lat' dir='ltr'><strong>Israeliticum</strong></span> <span class='ocrx_word' id='word_1_538' title='bbox 1711 3868 1968 3938; x_wconf 89' lang='lat' dir='ltr'><strong>populum</strong></span> 
     </span>
    </p>
   </div>
   <div class='ocr_carea' id='block_1_68' title="bbox 387 3952 1964 4031">
    <p class='ocr_par' dir='ltr' id='par_1_68' title="bbox 387 3952 1964 4031">
     <span class='ocr_line' id='line_1_68' title="bbox 387 3952 1964 4031; baseline -0.003 -13"><span class='ocrx_word' id='word_1_539' title='bbox 387 3962 507 4018; x_wconf 86' lang='lat' dir='ltr'><strong>sine</strong></span> <span class='ocrx_word' id='word_1_540' title='bbox 537 3961 642 4017; x_wconf 80' lang='lat' dir='ltr'><strong>ulla</strong></span> <span class='ocrx_word' id='word_1_541' title='bbox 683 3961 1104 4018; x_wconf 84' lang='lat' dir='ltr'><strong>contradictione</strong></span> <span class='ocrx_word' id='word_1_542' title='bbox 1141 3952 1448 4031; x_wconf 79' lang='lat' dir='ltr'><strong>possidere?</strong></span> <span class='ocrx_word' id='word_1_543' title='bbox 1498 3960 1566 4015; x_wconf 84' lang='lat' dir='ltr'><strong>Et</strong></span> <span class='ocrx_word' id='word_1_544' title='bbox 1613 3969 1791 4015; x_wconf 90' lang='lat' dir='ltr'><strong>tamen</strong></span> <span class='ocrx_word' id='word_1_545' title='bbox 1842 3975 1964 4014; x_wconf 90' lang='lat' dir='ltr'><strong>cum</strong></span> 
     </span>
    </p>
   </div>
   <div class='ocr_carea' id='block_1_69' title="bbox 392 4048 1966 4120">
    <p class='ocr_par' dir='ltr' id='par_1_69' title="bbox 392 4048 1966 4120">
     <span class='ocr_line' id='line_1_69' title="bbox 392 4048 1966 4120; baseline -0.003 -13"><span class='ocrx_word' id='word_1_546' title='bbox 392 4068 575 4109; x_wconf 90' lang='lat' dir='ltr'><strong>arcam</strong></span> <span class='ocrx_word' id='word_1_547' title='bbox 601 4053 696 4108; x_wconf 90' lang='lat' dir='ltr'><strong>Dei</strong></span> <span class='ocrx_word' id='word_1_548' title='bbox 727 4050 1025 4108; x_wconf 80' lang='lat' dir='ltr'><strong>Jerusalem</strong></span> <span class='ocrx_word' id='word_1_549' title='bbox 1062 4060 1312 4116; x_wconf 87' lang='lat' dir='ltr'><strong>revocat,</strong></span> <span class='ocrx_word' id='word_1_550' title='bbox 1360 4051 1510 4120; x_wconf 90' lang='lat' dir='ltr'><strong>quasi</strong></span> <span class='ocrx_word' id='word_1_551' title='bbox 1552 4050 1750 4106; x_wconf 91' lang='lat' dir='ltr'><strong>oblitus</strong></span> <span class='ocrx_word' id='word_1_552' title='bbox 1776 4048 1966 4119; x_wconf 68' lang='lat' dir='ltr'><strong>prmia-</strong></span> 
     </span>
    </p>
   </div>
   <div class='ocr_carea' id='block_1_70' title="bbox 387 4139 1962 4212">
    <p class='ocr_par' dir='ltr' id='par_1_70' title="bbox 387 4139 1962 4212">
     <span class='ocr_line' id='line_1_70' title="bbox 387 4139 1962 4212; baseline -0.004 -14"><span class='ocrx_word' id='word_1_553' title='bbox 387 4151 503 4198; x_wconf 89' lang='lat' dir='ltr'><strong>tum</strong></span> <span class='ocrx_word' id='word_1_554' title='bbox 533 4159 590 4199; x_wconf 89' lang='lat' dir='ltr'><strong>se</strong></span> <span class='ocrx_word' id='word_1_555' title='bbox 623 4145 906 4210; x_wconf 90' lang='lat' dir='ltr'><strong>omnibus,</strong></span> <span class='ocrx_word' id='word_1_556' title='bbox 941 4141 1222 4212; x_wconf 85' lang='lat' dir='ltr'><strong>adjunctus</strong></span> <span class='ocrx_word' id='word_1_557' title='bbox 1247 4141 1457 4212; x_wconf 89' lang='lat' dir='ltr'><strong>populis</strong></span> <span class='ocrx_word' id='word_1_558' title='bbox 1483 4148 1608 4194; x_wconf 91' lang='lat' dir='ltr'><strong>ante</strong></span> <span class='ocrx_word' id='word_1_559' title='bbox 1642 4155 1822 4195; x_wconf 90' lang='lat' dir='ltr'><strong>arcam</strong></span> <span class='ocrx_word' id='word_1_560' title='bbox 1855 4139 1962 4193; x_wconf 85' lang='lat' dir='ltr'><strong>sal-</strong></span> 
     </span>
    </p>
   </div>
   <div class='ocr_carea' id='block_1_71' title="bbox 388 4228 1962 4304">
    <p class='ocr_par' dir='ltr' id='par_1_71' title="bbox 388 4228 1962 4304">
     <span class='ocr_line' id='line_1_71' title="bbox 388 4228 1962 4304; baseline -0.005 -13"><span class='ocrx_word' id='word_1_561' title='bbox 388 4238 490 4291; x_wconf 83' lang='lat' dir='ltr'><strong>tat.</strong></span> <span class='ocrx_word' id='word_1_562' title='bbox 538 4235 605 4288; x_wconf 85' lang='lat' dir='ltr'><strong>Et</strong></span> <span class='ocrx_word' id='word_1_563' title='bbox 629 4234 753 4304; x_wconf 89' lang='lat' dir='ltr'><strong>quia</strong></span> <span class='ocrx_word' id='word_1_564' title='bbox 796 4249 978 4289; x_wconf 90' lang='lat' dir='ltr'><strong>coram</strong></span> <span class='ocrx_word' id='word_1_565' title='bbox 1020 4248 1144 4288; x_wconf 90' lang='lat' dir='ltr'><strong>arca</strong></span> <span class='ocrx_word' id='word_1_566' title='bbox 1175 4228 1402 4296; x_wconf 90' lang='lat' dir='ltr'><strong>saltare,</strong></span> <span class='ocrx_word' id='word_1_567' title='bbox 1437 4240 1499 4286; x_wconf 89' lang='lat' dir='ltr'><strong>ut</strong></span> <span class='ocrx_word' id='word_1_568' title='bbox 1531 4232 1790 4296; x_wconf 85' lang='lat' dir='ltr'><strong>creditur,</strong></span> <span class='ocrx_word' id='word_1_569' title='bbox 1817 4229 1962 4300; x_wconf 82' lang='lat' dir='ltr'><strong>vulgi</strong></span> 
     </span>
    </p>
   </div>
   <div class='ocr_carea' id='block_1_72' title="bbox 387 4323 1959 4394">
    <p class='ocr_par' dir='ltr' id='par_1_72' title="bbox 387 4323 1959 4394">
     <span class='ocr_line' id='line_1_72' title="bbox 387 4323 1959 4394; baseline -0.007 -9"><span class='ocrx_word' id='word_1_570' title='bbox 387 4336 508 4385; x_wconf 85' lang='lat' dir='ltr'><strong>mos</strong></span> <span class='ocrx_word' id='word_1_571' title='bbox 531 4324 726 4390; x_wconf 85' lang='lat' dir='ltr'><strong>fuerat,</strong></span> <span class='ocrx_word' id='word_1_572' title='bbox 773 4340 867 4380; x_wconf 79' lang='lat' dir='ltr'><strong>rex</strong></span> <span class='ocrx_word' id='word_1_573' title='bbox 908 4338 967 4380; x_wconf 87' lang='lat' dir='ltr'><strong>se</strong></span> <span class='ocrx_word' id='word_1_574' title='bbox 1008 4325 1063 4380; x_wconf 90' lang='lat' dir='ltr'><strong>in</strong></span> <span class='ocrx_word' id='word_1_575' title='bbox 1092 4325 1270 4380; x_wconf 88' lang='lat' dir='ltr'><strong>divino</strong></span> <span class='ocrx_word' id='word_1_576' title='bbox 1298 4325 1557 4394; x_wconf 89' lang='lat' dir='ltr'><strong>obsequio</strong></span> <span class='ocrx_word' id='word_1_577' title='bbox 1583 4336 1680 4392; x_wconf 92' lang='lat' dir='ltr'><strong>per</strong></span> <span class='ocrx_word' id='word_1_578' title='bbox 1705 4323 1959 4378; x_wconf 89' lang='lat' dir='ltr'><strong>saltatum</strong></span> 
     </span>
    </p>
   </div>
   <div class='ocr_carea' id='block_1_73' title="bbox 388 4413 1963 4485">
    <p class='ocr_par' dir='ltr' id='par_1_73' title="bbox 388 4413 1963 4485">
     <span class='ocr_line' id='line_1_73' title="bbox 388 4413 1963 4485; baseline -0.005 -14"><span class='ocrx_word' id='word_1_579' title='bbox 388 4423 552 4473; x_wconf 83' lang='lat' dir='ltr'><strong>rotat.</strong></span> <span class='ocrx_word' id='word_1_580' title='bbox 590 4416 734 4471; x_wconf 87' lang='lat' dir='ltr'><strong>Ecce</strong></span> <span class='ocrx_word' id='word_1_581' title='bbox 755 4429 916 4485; x_wconf 89' lang='lat' dir='ltr'><strong>quem</strong></span> <span class='ocrx_word' id='word_1_582' title='bbox 945 4415 1202 4470; x_wconf 87' lang='lat' dir='ltr'><strong>Dominus</strong></span> <span class='ocrx_word' id='word_1_583' title='bbox 1224 4415 1432 4469; x_wconf 90' lang='lat' dir='ltr'><strong>cunctis</strong></span> <span class='ocrx_word' id='word_1_584' title='bbox 1459 4413 1800 4483; x_wconf 86' lang='lat' dir='ltr'><strong>singulariter</strong></span> <span class='ocrx_word' id='word_1_585' title='bbox 1826 4425 1963 4480; x_wconf 77' lang='lat' dir='ltr'><strong>pra:-</strong></span> 
     </span>
    </p>
   </div>
   <div class='ocr_carea' id='block_1_74' title="bbox 390 4503 1959 4578">
    <p class='ocr_par' dir='ltr' id='par_1_74' title="bbox 390 4503 1959 4578">
     <span class='ocr_line' id='line_1_74' title="bbox 390 4503 1959 4578; baseline -0.006 -14"><span class='ocrx_word' id='word_1_586' title='bbox 390 4508 533 4574; x_wconf 84' lang='lat' dir='ltr'><strong>tulit,</strong></span> <span class='ocrx_word' id='word_1_587' title='bbox 560 4523 619 4563; x_wconf 91' lang='lat' dir='ltr'><strong>se</strong></span> <span class='ocrx_word' id='word_1_588' title='bbox 645 4523 858 4578; x_wconf 89' lang='lat' dir='ltr'><strong>quoque</strong></span> <span class='ocrx_word' id='word_1_589' title='bbox 883 4507 981 4563; x_wconf 82' lang='lat' dir='ltr'><strong>sub</strong></span> <span class='ocrx_word' id='word_1_590' title='bbox 1004 4507 1248 4572; x_wconf 91' lang='lat' dir='ltr'><strong>Domino,</strong></span> <span class='ocrx_word' id='word_1_591' title='bbox 1280 4515 1330 4561; x_wconf 84' lang='lat' dir='ltr'><strong>et</strong></span> <span class='ocrx_word' id='word_1_592' title='bbox 1353 4505 1681 4574; x_wconf 83' lang='lat' dir='ltr'><strong>exaequanda</strong></span> <span class='ocrx_word' id='word_1_593' title='bbox 1702 4503 1959 4564; x_wconf 90' lang='lat' dir='ltr'><strong>minimis,</strong></span> 
     </span>
    </p>
   </div>
   <div class='ocr_carea' id='block_1_75' title="bbox 389 4600 1961 4674">
    <p class='ocr_par' dir='ltr' id='par_1_75' title="bbox 389 4600 1961 4674">
     <span class='ocr_line' id='line_1_75' title="bbox 389 4600 1961 4674; baseline -0.003 -15"><span class='ocrx_word' id='word_1_594' title='bbox 389 4611 446 4659; x_wconf 93' lang='lat' dir='ltr'><strong>et</strong></span> <span class='ocrx_word' id='word_1_595' title='bbox 467 4603 674 4674; x_wconf 88' lang='lat' dir='ltr'><strong>ahjecte</strong></span> <span class='ocrx_word' id='word_1_596' title='bbox 698 4603 1000 4660; x_wconf 81' lang='lat' dir='ltr'><strong>exhibendo</strong></span> <span class='ocrx_word' id='word_1_597' title='bbox 1033 4603 1347 4657; x_wconf 89' lang='lat' dir='ltr'><strong>contemnit.</strong></span> <span class='ocrx_word' id='word_1_598' title='bbox 1385 4601 1502 4655; x_wconf 88' lang='lat' dir='ltr'><strong>Non</strong></span> <span class='ocrx_word' id='word_1_599' title='bbox 1533 4608 1774 4671; x_wconf 87' lang='lat' dir='ltr'><strong>potestas</strong></span> <span class='ocrx_word' id='word_1_600' title='bbox 1807 4600 1961 4669; x_wconf 84' lang='lat' dir='ltr'><strong>regni</strong></span> 
     </span>
    </p>
   </div>
   <div class='ocr_carea' id='block_1_76' title="bbox 389 4691 1961 4760">
    <p class='ocr_par' dir='ltr' id='par_1_76' title="bbox 389 4691 1961 4760">
     <span class='ocr_line' id='line_1_76' title="bbox 389 4691 1961 4760; baseline -0.002 -11"><span class='ocrx_word' id='word_1_601' title='bbox 389 4696 458 4749; x_wconf 88' lang='lat' dir='ltr'><strong>ad</strong></span> <span class='ocrx_word' id='word_1_602' title='bbox 501 4694 816 4748; x_wconf 86' lang='lat' dir='ltr'><strong>memoriam</strong></span> <span class='ocrx_word' id='word_1_603' title='bbox 869 4693 1164 4757; x_wconf 85' lang='lat' dir='ltr'><strong>reducitur,</strong></span> <span class='ocrx_word' id='word_1_604' title='bbox 1216 4708 1319 4746; x_wconf 91' lang='lat' dir='ltr'><strong>non</strong></span> <span class='ocrx_word' id='word_1_605' title='bbox 1372 4691 1732 4760; x_wconf 88' lang='lat' dir='ltr'><strong>subjectorum</strong></span> <span class='ocrx_word' id='word_1_606' title='bbox 1789 4693 1961 4746; x_wconf 90' lang='lat' dir='ltr'><strong>oculis</strong></span> 
     </span>
    </p>
   </div>
   <div class='ocr_carea' id='block_1_77' title="bbox 384 4781 1958 4852">
    <p class='ocr_par' dir='ltr' id='par_1_77' title="bbox 384 4781 1958 4852">
     <span class='ocr_line' id='line_1_77' title="bbox 384 4781 1958 4852; baseline -0.004 -8"><span class='ocrx_word' id='word_1_607' title='bbox 384 4786 628 4844; x_wconf 87' lang='lat' dir='ltr'><strong>saltando</strong></span> <span class='ocrx_word' id='word_1_608' title='bbox 655 4784 916 4841; x_wconf 79' lang='lat' dir='ltr'><strong>vilescere</strong></span> <span class='ocrx_word' id='word_1_609' title='bbox 960 4785 1166 4849; x_wconf 88' lang='lat' dir='ltr'><strong>metuit,</strong></span> <span class='ocrx_word' id='word_1_610' title='bbox 1217 4799 1320 4838; x_wconf 93' lang='lat' dir='ltr'><strong>non</strong></span> <span class='ocrx_word' id='word_1_611' title='bbox 1362 4799 1421 4838; x_wconf 88' lang='lat' dir='ltr'><strong>se</strong></span> <span class='ocrx_word' id='word_1_612' title='bbox 1451 4783 1653 4837; x_wconf 90' lang='lat' dir='ltr'><strong>honore</strong></span> <span class='ocrx_word' id='word_1_613' title='bbox 1677 4781 1958 4852; x_wconf 60' lang='lat' dir='ltr'><strong>praelatum</strong></span> 
     </span>
    </p>
   </div>
   <div class='ocr_carea' id='block_1_78' title="bbox 386 4872 1960 4946">
    <p class='ocr_par' dir='ltr' id='par_1_78' title="bbox 386 4872 1960 4946">
     <span class='ocr_line' id='line_1_78' title="bbox 386 4872 1960 4946; baseline -0.004 -14"><span class='ocrx_word' id='word_1_614' title='bbox 386 4877 596 4932; x_wconf 82' lang='lat' dir='ltr'><strong>caeteris</strong></span> <span class='ocrx_word' id='word_1_615' title='bbox 622 4885 746 4932; x_wconf 89' lang='lat' dir='ltr'><strong>ante</strong></span> <span class='ocrx_word' id='word_1_616' title='bbox 771 4875 888 4946; x_wconf 85' lang='lat' dir='ltr'><strong>ejus</strong></span> <span class='ocrx_word' id='word_1_617' title='bbox 916 4889 1118 4942; x_wconf 87' lang='lat' dir='ltr'><strong>arcam,</strong></span> <span class='ocrx_word' id='word_1_618' title='bbox 1145 4873 1236 4946; x_wconf 88' lang='lat' dir='ltr'><strong>qui</strong></span> <span class='ocrx_word' id='word_1_619' title='bbox 1263 4875 1520 4929; x_wconf 90' lang='lat' dir='ltr'><strong>honorem</strong></span> <span class='ocrx_word' id='word_1_620' title='bbox 1544 4872 1787 4937; x_wconf 87' lang='lat' dir='ltr'><strong>dederat,</strong></span> <span class='ocrx_word' id='word_1_621' title='bbox 1815 4888 1960 4927; x_wconf 82' lang='lat' dir='ltr'><strong>reco-</strong></span> 
     </span>
    </p>
   </div>
   <div class='ocr_carea' id='block_1_79' title="bbox 386 4962 1957 5038">
    <p class='ocr_par' dir='ltr' id='par_1_79' title="bbox 386 4962 1957 5038">
     <span class='ocr_line' id='line_1_79' title="bbox 386 4962 1957 5038; baseline -0.003 -16"><span class='ocrx_word' id='word_1_622' title='bbox 386 4967 617 5038; x_wconf 76' lang='lat' dir='ltr'><strong>gnoscit.</strong></span> <span class='ocrx_word' id='word_1_623' title='bbox 645 4965 840 5023; x_wconf 88' lang='lat' dir='ltr'><strong>Coram</strong></span> <span class='ocrx_word' id='word_1_624' title='bbox 872 4962 983 5022; x_wconf 86' lang='lat' dir='ltr'><strong>Deo</strong></span> <span class='ocrx_word' id='word_1_625' title='bbox 1006 4966 1117 5038; x_wconf 75' lang='lat' dir='ltr'><strong>egit</strong></span> <span class='ocrx_word' id='word_1_626' title='bbox 1141 4963 1335 5021; x_wconf 84' lang='lat' dir='ltr'><strong>debilia</strong></span> <span class='ocrx_word' id='word_1_627' title='bbox 1360 4963 1444 5019; x_wconf 88' lang='lat' dir='ltr'><strong>vel</strong></span> <span class='ocrx_word' id='word_1_628' title='bbox 1479 4970 1743 5029; x_wconf 80' lang='lat' dir='ltr'><strong>extrema,</strong></span> <span class='ocrx_word' id='word_1_629' title='bbox 1782 4971 1842 5018; x_wconf 91' lang='lat' dir='ltr'><strong>ut</strong></span> <span class='ocrx_word' id='word_1_630' title='bbox 1869 4963 1957 5018; x_wconf 87' lang='lat' dir='ltr'><strong>illa</strong></span> 
     </span>
    </p>
   </div>
   <div class='ocr_carea' id='block_1_80' title="bbox 386 5054 1959 5128">
    <p class='ocr_par' dir='ltr' id='par_1_80' title="bbox 386 5054 1959 5128">
     <span class='ocr_line' id='line_1_80' title="bbox 386 5054 1959 5128; baseline -0.002 -15"><span class='ocrx_word' id='word_1_631' title='bbox 386 5074 454 5114; x_wconf 83' lang='lat' dir='ltr'><strong>ex</strong></span> <span class='ocrx_word' id='word_1_632' title='bbox 478 5055 780 5112; x_wconf 85' lang='lat' dir='ltr'><strong>humilitate</strong></span> <span class='ocrx_word' id='word_1_633' title='bbox 806 5057 1078 5122; x_wconf 85' lang='lat' dir='ltr'><strong>solidaret,</strong></span> <span class='ocrx_word' id='word_1_634' title='bbox 1103 5069 1221 5128; x_wconf 69' lang='lat' dir='ltr'><strong>qua:</strong></span> <span class='ocrx_word' id='word_1_635' title='bbox 1242 5071 1421 5112; x_wconf 90' lang='lat' dir='ltr'><strong>coram</strong></span> <span class='ocrx_word' id='word_1_636' title='bbox 1447 5054 1756 5110; x_wconf 87' lang='lat' dir='ltr'><strong>hominibus</strong></span> <span class='ocrx_word' id='word_1_637' title='bbox 1779 5069 1959 5126; x_wconf 85' lang='lat' dir='ltr'><strong>gesse-</strong></span> 
     </span>
    </p>
   </div>
   <div class='ocr_carea' id='block_1_81' title="bbox 387 5143 1956 5216">
    <p class='ocr_par' dir='ltr' id='par_1_81' title="bbox 387 5143 1956 5216">
     <span class='ocr_line' id='line_1_81' title="bbox 387 5143 1956 5216; baseline -0.004 -12"><span class='ocrx_word' id='word_1_638' title='bbox 387 5155 474 5204; x_wconf 86' lang='lat' dir='ltr'><strong>rat</strong></span> <span class='ocrx_word' id='word_1_639' title='bbox 515 5143 694 5205; x_wconf 83' lang='lat' dir='ltr'><strong>fortia.</strong></span> <span class='ocrx_word' id='word_1_640' title='bbox 745 5145 881 5216; x_wconf 89' lang='lat' dir='ltr'><strong>Quid</strong></span> <span class='ocrx_word' id='word_1_641' title='bbox 935 5148 1002 5203; x_wconf 88' lang='lat' dir='ltr'><strong>de</strong></span> <span class='ocrx_word' id='word_1_642' title='bbox 1037 5146 1152 5215; x_wconf 87' lang='lat' dir='ltr'><strong>ejus</strong></span> <span class='ocrx_word' id='word_1_643' title='bbox 1195 5143 1349 5201; x_wconf 87' lang='lat' dir='ltr'><strong>factis</strong></span> <span class='ocrx_word' id='word_1_644' title='bbox 1399 5143 1465 5199; x_wconf 88' lang='lat' dir='ltr'><strong>ab</strong></span> <span class='ocrx_word' id='word_1_645' title='bbox 1514 5144 1636 5200; x_wconf 90' lang='lat' dir='ltr'><strong>aliis</strong></span> <span class='ocrx_word' id='word_1_646' title='bbox 1669 5144 1956 5210; x_wconf 87' lang='lat' dir='ltr'><strong>sentiatur,</strong></span> 
     </span>
    </p>
   </div>
   <div class='ocr_carea' id='block_1_82' title="bbox 387 5232 1961 5310">
    <p class='ocr_par' dir='ltr' id='par_1_82' title="bbox 387 5232 1961 5310">
     <span class='ocr_line' id='line_1_82' title="bbox 387 5232 1961 5310; baseline -0.003 -16"><span class='ocrx_word' id='word_1_647' title='bbox 387 5233 596 5310; x_wconf 87' lang='lat' dir='ltr'><strong>ignoro.</strong></span> <span class='ocrx_word' id='word_1_648' title='bbox 637 5232 750 5310; x_wconf 76' lang='lat' dir='ltr'><strong>Ego</strong></span> <span class='ocrx_word' id='word_1_649' title='bbox 787 5235 956 5293; x_wconf 89' lang='lat' dir='ltr'><strong>David</strong></span> <span class='ocrx_word' id='word_1_650' title='bbox 985 5237 1268 5293; x_wconf 90' lang='lat' dir='ltr'><strong>saltantem</strong></span> <span class='ocrx_word' id='word_1_651' title='bbox 1296 5236 1415 5304; x_wconf 88' lang='lat' dir='ltr'><strong>plus</strong></span> <span class='ocrx_word' id='word_1_652' title='bbox 1447 5243 1636 5306; x_wconf 77' lang='lat' dir='ltr'><strong>stupeo</strong></span> <span class='ocrx_word' id='word_1_653' title='bbox 1672 5250 1833 5304; x_wconf 89' lang='lat' dir='ltr'><strong>quam</strong></span> <span class='ocrx_word' id='word_1_654' title='bbox 1861 5250 1961 5304; x_wconf 87' lang='lat' dir='ltr'><strong>pu-</strong></span> 
     </span>
    </p>
   </div>
   <div class='ocr_carea' id='block_1_83' title="bbox 388 5325 1959 5402">
    <p class='ocr_par' dir='ltr' id='par_1_83' title="bbox 388 5325 1959 5402">
     <span class='ocr_line' id='line_1_83' title="bbox 388 5325 1959 5402; baseline -0.003 -18"><span class='ocrx_word' id='word_1_655' title='bbox 388 5336 662 5402; x_wconf 85' lang='lat' dir='ltr'><strong>gnantem.</strong></span> <span class='ocrx_word' id='word_1_656' title='bbox 713 5327 1007 5400; x_wconf 84' lang='lat' dir='ltr'><strong>Pugnando</strong></span> <span class='ocrx_word' id='word_1_657' title='bbox 1044 5328 1240 5398; x_wconf 83' lang='lat' dir='ltr'><strong>quippe</strong></span> <span class='ocrx_word' id='word_1_658' title='bbox 1281 5327 1492 5382; x_wconf 81' lang='lat' dir='ltr'><strong>hostem</strong></span> <span class='ocrx_word' id='word_1_659' title='bbox 1538 5325 1807 5391; x_wconf 86' lang='lat' dir='ltr'><strong>subdidit,</strong></span> <span class='ocrx_word' id='word_1_660' title='bbox 1851 5325 1959 5380; x_wconf 83' lang='lat' dir='ltr'><strong>sal-</strong></span> 
     </span>
    </p>
   </div>
   <div class='ocr_carea' id='block_1_84' title="bbox 386 5417 1958 5487">
    <p class='ocr_par' dir='ltr' id='par_1_84' title="bbox 386 5417 1958 5487">
     <span class='ocr_line' id='line_1_84' title="bbox 386 5417 1958 5487; baseline -0.003 -11"><span class='ocrx_word' id='word_1_661' title='bbox 386 5420 549 5476; x_wconf 83' lang='lat' dir='ltr'><strong>tando</strong></span> <span class='ocrx_word' id='word_1_662' title='bbox 569 5427 747 5475; x_wconf 91' lang='lat' dir='ltr'><strong>autem</strong></span> <span class='ocrx_word' id='word_1_663' title='bbox 777 5433 957 5475; x_wconf 90' lang='lat' dir='ltr'><strong>coram</strong></span> <span class='ocrx_word' id='word_1_664' title='bbox 985 5419 1211 5474; x_wconf 90' lang='lat' dir='ltr'><strong>Domino</strong></span> <span class='ocrx_word' id='word_1_665' title='bbox 1237 5418 1584 5487; x_wconf 88' lang='lat' dir='ltr'><strong>semetipsum</strong></span> <span class='ocrx_word' id='word_1_666' title='bbox 1606 5417 1755 5472; x_wconf 89' lang='lat' dir='ltr'><strong>vicit.</strong></span> <span class='ocrx_word' id='word_1_667' title='bbox 1787 5417 1958 5484; x_wconf 89' lang='lat' dir='ltr'><strong>Quem</strong></span> 
     </span>
    </p>
   </div>
   <div class='ocr_carea' id='block_1_85' title="bbox 388 5506 1954 5580">
    <p class='ocr_par' dir='ltr' id='par_1_85' title="bbox 388 5506 1954 5580">
     <span class='ocr_line' id='line_1_85' title="bbox 388 5506 1954 5580; baseline -0.004 -11"><span class='ocrx_word' id='word_1_668' title='bbox 388 5506 582 5569; x_wconf 81' lang='lat' dir='ltr'><strong>Michol</strong></span> <span class='ocrx_word' id='word_1_669' title='bbox 612 5513 719 5568; x_wconf 86' lang='lat' dir='ltr'><strong>filia</strong></span> <span class='ocrx_word' id='word_1_670' title='bbox 747 5511 877 5567; x_wconf 89' lang='lat' dir='ltr'><strong>Saul</strong></span> <span class='ocrx_word' id='word_1_671' title='bbox 906 5511 1082 5566; x_wconf 88' lang='lat' dir='ltr'><strong>adhuc</strong></span> <span class='ocrx_word' id='word_1_672' title='bbox 1115 5525 1182 5565; x_wconf 86' lang='lat' dir='ltr'><strong>ex</strong></span> <span class='ocrx_word' id='word_1_673' title='bbox 1219 5519 1426 5565; x_wconf 91' lang='lat' dir='ltr'><strong>tumore</strong></span> <span class='ocrx_word' id='word_1_674' title='bbox 1456 5510 1587 5580; x_wconf 79' lang='lat' dir='ltr'><strong>regii</strong></span> <span class='ocrx_word' id='word_1_675' title='bbox 1619 5509 1831 5580; x_wconf 88' lang='lat' dir='ltr'><strong>generis</strong></span> <span class='ocrx_word' id='word_1_676' title='bbox 1874 5509 1954 5563; x_wconf 49' lang='lat' dir='ltr'><strong>in-</strong></span> 
     </span>
    </p>
   </div>
   <div class='ocr_carea' id='block_1_86' title="bbox 389 5601 1958 5671">
    <p class='ocr_par' dir='ltr' id='par_1_86' title="bbox 389 5601 1958 5671">
     <span class='ocr_line' id='line_1_86' title="bbox 389 5601 1958 5671; baseline -0.003 -11"><span class='ocrx_word' id='word_1_677' title='bbox 389 5619 542 5671; x_wconf 82' lang='lat' dir='ltr'><strong>sana,</strong></span> <span class='ocrx_word' id='word_1_678' title='bbox 570 5621 691 5662; x_wconf 91' lang='lat' dir='ltr'><strong>cum</strong></span> <span class='ocrx_word' id='word_1_679' title='bbox 731 5603 1088 5659; x_wconf 88' lang='lat' dir='ltr'><strong>humilitatem</strong></span> <span class='ocrx_word' id='word_1_680' title='bbox 1130 5602 1431 5671; x_wconf 89' lang='lat' dir='ltr'><strong>despiceret</strong></span> <span class='ocrx_word' id='word_1_681' title='bbox 1469 5602 1652 5656; x_wconf 88' lang='lat' dir='ltr'><strong>dicens</strong></span> <span class='ocrx_word' id='word_1_682' title='bbox 1685 5619 1699 5654; x_wconf 86' lang='lat'><strong>:</strong></span> <span class='ocrx_word' id='word_1_683' title='bbox 1737 5619 1756 5652; x_wconf 72' lang='grc' dir='ltr'>ι</span> <span class='ocrx_word' id='word_1_684' title='bbox 1787 5601 1958 5667; x_wconf 89' lang='lat' dir='ltr'><strong>Quam</strong></span> 
     </span>
    </p>
   </div>
   <div class='ocr_carea' id='block_1_87' title="bbox 395 5689 1960 5767">
    <p class='ocr_par' dir='ltr' id='par_1_87' title="bbox 395 5689 1960 5767">
     <span class='ocr_line' id='line_1_87' title="bbox 395 5689 1960 5767; baseline 0.001 -21"><span class='ocrx_word' id='word_1_685' title='bbox 395 5713 414 5746; x_wconf 80' lang='grc' dir='ltr'>ι</span> <span class='ocrx_word' id='word_1_686' title='bbox 459 5695 727 5767; x_wconf 82' lang='lat' dir='ltr'><strong>gloriosus</strong></span> <span class='ocrx_word' id='word_1_687' title='bbox 764 5694 865 5750; x_wconf 88' lang='lat' dir='ltr'><strong>fuit</strong></span> <span class='ocrx_word' id='word_1_688' title='bbox 907 5693 1068 5750; x_wconf 89' lang='lat' dir='ltr'><strong>hodie</strong></span> <span class='ocrx_word' id='word_1_689' title='bbox 1112 5705 1206 5748; x_wconf 80' lang='lat' dir='ltr'><strong>rex</strong></span> <span class='ocrx_word' id='word_1_690' title='bbox 1247 5690 1408 5746; x_wconf 87' lang='lat' dir='ltr'><strong>Israel</strong></span> <span class='ocrx_word' id='word_1_691' title='bbox 1457 5689 1854 5762; x_wconf 73' lang='lat' dir='ltr'><strong>disempcriens</strong></span> <span class='ocrx_word' id='word_1_692' title='bbox 1900 5706 1960 5747; x_wconf 91' lang='lat' dir='ltr'><strong>se</strong></span> 
     </span>
    </p>
   </div>
   <div class='ocr_carea' id='block_1_88' title="bbox 398 5781 1956 5849">
    <p class='ocr_par' dir='ltr' id='par_1_88' title="bbox 398 5781 1956 5849">
     <span class='ocr_line' id='line_1_88' title="bbox 398 5781 1956 5849; baseline -0.004 -7"><span class='ocrx_word' id='word_1_693' title='bbox 398 5799 417 5835; x_wconf 72' lang='grc' dir='ltr'>ι</span> <span class='ocrx_word' id='word_1_694' title='bbox 462 5793 586 5842; x_wconf 75' lang='lat' dir='ltr'><strong>ante</strong></span> <span class='ocrx_word' id='word_1_695' title='bbox 620 5785 841 5842; x_wconf 85' lang='lat' dir='ltr'><strong>ancillas</strong></span> <span class='ocrx_word' id='word_1_696' title='bbox 877 5798 1153 5841; x_wconf 86' lang='lat' dir='ltr'><strong>servorum</strong></span> <span class='ocrx_word' id='word_1_697' title='bbox 1200 5795 1442 5846; x_wconf 89' lang='lat' dir='ltr'><strong>suorum,</strong></span> <span class='ocrx_word' id='word_1_698' title='bbox 1484 5790 1537 5838; x_wconf 87' lang='lat' dir='ltr'><strong>ct</strong></span> <span class='ocrx_word' id='word_1_699' title='bbox 1579 5781 1811 5838; x_wconf 85' lang='lat' dir='ltr'><strong>nudatus</strong></span> <span class='ocrx_word' id='word_1_700' title='bbox 1851 5789 1956 5849; x_wconf 82' lang='lat' dir='ltr'><strong>est,</strong></span> 
     </span>
    </p>
   </div>
   <div class='ocr_carea' id='block_1_89' title="bbox 2071 3327 2950 3400">
    <p class='ocr_par' dir='ltr' id='par_1_89' title="bbox 2071 3327 2950 3400">
     <span class='ocr_line' id='line_1_89' title="bbox 2071 3327 2950 3400; baseline 0.001 -16"><span class='ocrx_word' id='word_1_701' title='bbox 2071 3343 2175 3400; x_wconf 89' lang='lat' dir='ltr'><strong>que</strong></span> <span class='ocrx_word' id='word_1_702' title='bbox 2199 3327 2419 3386; x_wconf 88' lang='lat' dir='ltr'><strong>humilis</strong></span> <span class='ocrx_word' id='word_1_703' title='bbox 2452 3330 2505 3385; x_wconf 90' lang='lat' dir='ltr'><strong>in</strong></span> <span class='ocrx_word' id='word_1_704' title='bbox 2533 3331 2704 3387; x_wconf 88' lang='lat' dir='ltr'><strong>oculis</strong></span> <span class='ocrx_word' id='word_1_705' title='bbox 2730 3332 2885 3387; x_wconf 90' lang='lat' dir='ltr'><strong>meis.</strong></span> <span class='ocrx_word' id='word_1_706' title='bbox 2931 3348 2950 3385; x_wconf 72' lang='grc' dir='ltr'><strong><em>ι</em></strong></span> 
     </span>
    </p>
   </div>
   <div class='ocr_carea' id='block_1_90' title="bbox 2662 3469 3033 3526">
    <p class='ocr_par' dir='ltr' id='par_1_90' title="bbox 2662 3469 3033 3526">
     <span class='ocr_line' id='line_1_90' title="bbox 2662 3469 3033 3526; baseline -0.005 0"><span class='ocrx_word' id='word_1_707' title='bbox 2662 3469 2887 3526; x_wconf 78' lang='lat' dir='ltr'><strong>CAPUT</strong></span> <span class='ocrx_word' id='word_1_708' title='bbox 2926 3469 3033 3524; x_wconf 81' lang='lat' dir='ltr'><strong>VII.</strong></span> 
     </span>
    </p>
   </div>
   <div class='ocr_carea' id='block_1_91' title="bbox 2070 3558 3641 3632">
    <p class='ocr_par' dir='ltr' id='par_1_91' title="bbox 2070 3558 3641 3632">
     <span class='ocr_line' id='line_1_91' title="bbox 2070 3558 3641 3632; baseline 0.001 -18"><span class='ocrx_word' id='word_1_709' title='bbox 2070 3558 2225 3632; x_wconf 67' lang='lat' dir='ltr'><strong>Quod</strong></span> <span class='ocrx_word' id='word_1_710' title='bbox 2250 3559 2543 3632; x_wconf 77' lang='lat' dir='ltr'><strong>David_Deo</strong></span> <span class='ocrx_word' id='word_1_711' title='bbox 2569 3559 2781 3632; x_wconf 84' lang='lat' dir='ltr'><strong>domum</strong></span> <span class='ocrx_word' id='word_1_712' title='bbox 2813 3559 3290 3632; x_wconf 16' lang='lat' dir='ltr'><strong>a’diﬁcareﬂvolens,</strong></span> <span class='ocrx_word' id='word_1_713' title='bbox 3323 3579 3356 3615; x_wconf 89' lang='lat' dir='ltr'><strong>a</strong></span> <span class='ocrx_word' id='word_1_714' title='bbox 3390 3562 3641 3632; x_wconf 59' lang='lat' dir='ltr'><strong>prophetia</strong></span> 
     </span>
    </p>
   </div>
   <div class='ocr_carea' id='block_1_92' title="bbox 2139 3628 3644 3702">
    <p class='ocr_par' dir='ltr' id='par_1_92' title="bbox 2139 3628 3644 3702">
     <span class='ocr_line' id='line_1_92' title="bbox 2139 3628 3644 3702; baseline 0.001 -18"><span class='ocrx_word' id='word_1_715' title='bbox 2139 3629 2367 3702; x_wconf 46' lang='lat' dir='ltr'><strong>lict/tari</strong></span> <span class='ocrx_word' id='word_1_716' title='bbox 2405 3629 2615 3702; x_wconf 79' lang='lat' dir='ltr'><strong>Domini</strong></span> <span class='ocrx_word' id='word_1_717' title='bbox 2663 3647 2896 3702; x_wconf 75' lang='lat' dir='ltr'><strong>sermone</strong></span> <span class='ocrx_word' id='word_1_718' title='bbox 2925 3629 3218 3702; x_wconf 68' lang='lat' dir='ltr'><strong>prohibitus</strong></span> <span class='ocrx_word' id='word_1_719' title='bbox 3265 3641 3363 3702; x_wconf 69' lang='lat' dir='ltr'><strong>est,</strong></span> <span class='ocrx_word' id='word_1_720' title='bbox 3390 3628 3455 3702; x_wconf 71' lang='lat' dir='ltr'><strong>eo</strong></span> <span class='ocrx_word' id='word_1_721' title='bbox 3484 3628 3644 3702; x_wconf 59' lang='lat' dir='ltr'><strong>quod</strong></span> 
     </span>
    </p>
   </div>
   <div class='ocr_carea' id='block_1_93' title="bbox 2139 3696 3641 3770">
    <p class='ocr_par' dir='ltr' id='par_1_93' title="bbox 2139 3696 3641 3770">
     <span class='ocr_line' id='line_1_93' title="bbox 2139 3696 3641 3770; baseline 0.005 -20"><span class='ocrx_word' id='word_1_722' title='bbox 2139 3698 2282 3770; x_wconf 68' lang='lat' dir='ltr'><strong>ﬁlius</strong></span> <span class='ocrx_word' id='word_1_723' title='bbox 2316 3696 2429 3770; x_wconf 84' lang='lat' dir='ltr'><strong>ejus</strong></span> <span class='ocrx_word' id='word_1_724' title='bbox 2456 3700 2551 3754; x_wconf 80' lang='lat' dir='ltr'><strong>hoc</strong></span> <span class='ocrx_word' id='word_1_725' title='bbox 2593 3696 2941 3770; x_wconf 79' lang='lat' dir='ltr'><strong>completurus</strong></span> <span class='ocrx_word' id='word_1_726' title='bbox 2987 3709 3139 3764; x_wconf 79' lang='lat' dir='ltr'><strong>esset,</strong></span> <span class='ocrx_word' id='word_1_727' title='bbox 3184 3699 3277 3754; x_wconf 82' lang='lat' dir='ltr'><strong>Dei</strong></span> <span class='ocrx_word' id='word_1_728' title='bbox 3313 3696 3641 3768; x_wconf 70' lang='lat' dir='ltr'><strong>providentia</strong></span> 
     </span>
    </p>
   </div>
   <div class='ocr_carea' id='block_1_94' title="bbox 2137 3769 2460 3840">
    <p class='ocr_par' dir='ltr' id='par_1_94' title="bbox 2137 3769 2460 3840">
     <span class='ocr_line' id='line_1_94' title="bbox 2137 3769 2460 3840; baseline 0.003 -18"><span class='ocrx_word' id='word_1_729' title='bbox 2137 3769 2460 3840; x_wconf 76' lang='lat' dir='ltr'><strong>disponente.</strong></span> 
     </span>
    </p>
   </div>
   <div class='ocr_carea' id='block_1_95' title="bbox 2138 3873 3628 3950">
    <p class='ocr_par' dir='ltr' id='par_1_95' title="bbox 2138 3873 3628 3950">
     <span class='ocr_line' id='line_1_95' title="bbox 2138 3873 3628 3950; baseline 0.002 -17"><span class='ocrx_word' id='word_1_730' title='bbox 2138 3877 2288 3950; x_wconf 76' lang='lat' dir='ltr'><strong>(CAP.</strong></span> <span class='ocrx_word' id='word_1_731' title='bbox 2316 3879 2438 3950; x_wconf 86' lang='lat' dir='ltr'><strong>vn.)</strong></span> <span class='ocrx_word' id='word_1_732' title='bbox 2483 3897 2501 3930; x_wconf 70' lang='grc' dir='ltr'><strong><em>ι</em></strong></span> <span class='ocrx_word' id='word_1_733' title='bbox 2544 3873 2769 3934; x_wconf 86' lang='lat' dir='ltr'><strong>Factum</strong></span> <span class='ocrx_word' id='word_1_734' title='bbox 2812 3888 2894 3934; x_wconf 91' lang='lat' dir='ltr'><strong>est</strong></span> <span class='ocrx_word' id='word_1_735' title='bbox 2921 3889 3097 3934; x_wconf 85' lang='lat' dir='ltr'><strong>autem</strong></span> <span class='ocrx_word' id='word_1_736' title='bbox 3118 3896 3239 3936; x_wconf 89' lang='lat' dir='ltr'><strong>cum</strong></span> <span class='ocrx_word' id='word_1_737' title='bbox 3262 3879 3490 3936; x_wconf 88' lang='lat' dir='ltr'><strong>sedisset</strong></span> <span class='ocrx_word' id='word_1_738' title='bbox 3531 3894 3628 3936; x_wconf 76' lang='lat' dir='ltr'><strong>rex</strong></span> 
     </span>
    </p>
   </div>
   <div class='ocr_carea' id='block_1_96' title="bbox 2072 3967 3641 4041">
    <p class='ocr_par' dir='ltr' id='par_1_96' title="bbox 2072 3967 3641 4041">
     <span class='ocr_line' id='line_1_96' title="bbox 2072 3967 3641 4041; baseline 0.003 -20"><span class='ocrx_word' id='word_1_739' title='bbox 2072 3990 2090 4021; x_wconf 73' lang='grc' dir='ltr'><strong>α</strong></span> <span class='ocrx_word' id='word_1_740' title='bbox 2137 3970 2189 4024; x_wconf 92' lang='lat' dir='ltr'><strong>in</strong></span> <span class='ocrx_word' id='word_1_741' title='bbox 2223 3967 2380 4026; x_wconf 90' lang='lat' dir='ltr'><strong>domo</strong></span> <span class='ocrx_word' id='word_1_742' title='bbox 2409 3985 2526 4036; x_wconf 90' lang='lat' dir='ltr'><strong>sua,</strong></span> <span class='ocrx_word' id='word_1_743' title='bbox 2553 3978 2606 4024; x_wconf 91' lang='lat' dir='ltr'><strong>et</strong></span> <span class='ocrx_word' id='word_1_744' title='bbox 2635 3970 2894 4024; x_wconf 85' lang='lat' dir='ltr'><strong>Dominus</strong></span> <span class='ocrx_word' id='word_1_745' title='bbox 2925 3971 3159 4025; x_wconf 87' lang='lat' dir='ltr'><strong>dedisset</strong></span> <span class='ocrx_word' id='word_1_746' title='bbox 3183 3971 3230 4025; x_wconf 93' lang='lat' dir='ltr'><strong>ei</strong></span> <span class='ocrx_word' id='word_1_747' title='bbox 3273 3971 3510 4041; x_wconf 89' lang='lat' dir='ltr'><strong>requiem</strong></span> <span class='ocrx_word' id='word_1_748' title='bbox 3533 3987 3641 4026; x_wconf 88' lang='lat' dir='ltr'><strong>un-</strong></span> 
     </span>
    </p>
   </div>
   <div class='ocr_carea' id='block_1_97' title="bbox 2073 4059 3639 4131">
    <p class='ocr_par' dir='ltr' id='par_1_97' title="bbox 2073 4059 3639 4131">
     <span class='ocr_line' id='line_1_97' title="bbox 2073 4059 3639 4131; baseline 0.003 -20"><span class='ocrx_word' id='word_1_749' title='bbox 2073 4077 2090 4111; x_wconf 73' lang='lat' dir='ltr'><strong>c</strong></span> <span class='ocrx_word' id='word_1_750' title='bbox 2137 4059 2296 4131; x_wconf 85' lang='lat' dir='ltr'><strong>dique</strong></span> <span class='ocrx_word' id='word_1_751' title='bbox 2321 4061 2388 4114; x_wconf 87' lang='lat' dir='ltr'><strong>ab</strong></span> <span class='ocrx_word' id='word_1_752' title='bbox 2428 4060 2698 4116; x_wconf 84' lang='lat' dir='ltr'><strong>universis</strong></span> <span class='ocrx_word' id='word_1_753' title='bbox 2724 4060 2956 4114; x_wconf 91' lang='lat' dir='ltr'><strong>inimicis</strong></span> <span class='ocrx_word' id='word_1_754' title='bbox 2983 4062 3118 4125; x_wconf 91' lang='lat' dir='ltr'><strong>suis,</strong></span> <span class='ocrx_word' id='word_1_755' title='bbox 3150 4061 3285 4114; x_wconf 77' lang='lat' dir='ltr'><strong>dixit</strong></span> <span class='ocrx_word' id='word_1_756' title='bbox 3329 4060 3394 4114; x_wconf 92' lang='lat' dir='ltr'><strong>ad</strong></span> <span class='ocrx_word' id='word_1_757' title='bbox 3420 4059 3639 4115; x_wconf 87' lang='lat' dir='ltr'><strong>Nathan</strong></span> 
     </span>
    </p>
   </div>
   <div class='ocr_carea' id='block_1_98' title="bbox 2070 4147 3640 4221">
    <p class='ocr_par' dir='ltr' id='par_1_98' title="bbox 2070 4147 3640 4221">
     <span class='ocr_line' id='line_1_98' title="bbox 2070 4147 3640 4221; baseline 0.004 -21"><span class='ocrx_word' id='word_1_758' title='bbox 2070 4168 2089 4200; x_wconf 76' lang='grc' dir='ltr'>ι</span> <span class='ocrx_word' id='word_1_759' title='bbox 2133 4151 2450 4221; x_wconf 89' lang='lat' dir='ltr'><strong>prophetam</strong></span> <span class='ocrx_word' id='word_1_760' title='bbox 2485 4164 2500 4204; x_wconf 95' lang='lat'><strong>:</strong></span> <span class='ocrx_word' id='word_1_761' title='bbox 2537 4147 2770 4204; x_wconf 82' lang='lat' dir='ltr'><strong>Videsne</strong></span> <span class='ocrx_word' id='word_1_762' title='bbox 2799 4151 2941 4218; x_wconf 89' lang='lat' dir='ltr'><strong>quod</strong></span> <span class='ocrx_word' id='word_1_763' title='bbox 2970 4165 3070 4220; x_wconf 81' lang='lat' dir='ltr'><strong>ego</strong></span> <span class='ocrx_word' id='word_1_764' title='bbox 3109 4151 3348 4206; x_wconf 83' lang='lat' dir='ltr'><strong>habitem</strong></span> <span class='ocrx_word' id='word_1_765' title='bbox 3381 4152 3435 4205; x_wconf 92' lang='lat' dir='ltr'><strong>in</strong></span> <span class='ocrx_word' id='word_1_766' title='bbox 3477 4152 3640 4206; x_wconf 90' lang='lat' dir='ltr'><strong>domo</strong></span> 
     </span>
    </p>
   </div>
   <div class='ocr_carea' id='block_1_99' title="bbox 2071 4239 3640 4310">
    <p class='ocr_par' dir='ltr' id='par_1_99' title="bbox 2071 4239 3640 4310">
     <span class='ocr_line' id='line_1_99' title="bbox 2071 4239 3640 4310; baseline 0.003 -20"><span class='ocrx_word' id='word_1_767' title='bbox 2071 4257 2088 4290; x_wconf 83' lang='grc'><strong>‹</strong></span> <span class='ocrx_word' id='word_1_768' title='bbox 2136 4239 2372 4304; x_wconf 91' lang='lat' dir='ltr'><strong>cedrina,</strong></span> <span class='ocrx_word' id='word_1_769' title='bbox 2403 4247 2459 4294; x_wconf 90' lang='lat' dir='ltr'><strong>et</strong></span> <span class='ocrx_word' id='word_1_770' title='bbox 2500 4253 2625 4293; x_wconf 90' lang='lat' dir='ltr'><strong>arca</strong></span> <span class='ocrx_word' id='word_1_771' title='bbox 2655 4239 2746 4294; x_wconf 89' lang='lat' dir='ltr'><strong>Dei</strong></span> <span class='ocrx_word' id='word_1_772' title='bbox 2781 4240 2956 4310; x_wconf 88' lang='lat' dir='ltr'><strong>posita</strong></span> <span class='ocrx_word' id='word_1_773' title='bbox 2987 4241 3058 4293; x_wconf 90' lang='lat' dir='ltr'><strong>sit</strong></span> <span class='ocrx_word' id='word_1_774' title='bbox 3086 4240 3138 4294; x_wconf 92' lang='lat' dir='ltr'><strong>in</strong></span> <span class='ocrx_word' id='word_1_775' title='bbox 3179 4240 3354 4295; x_wconf 89' lang='lat' dir='ltr'><strong>medio</strong></span> <span class='ocrx_word' id='word_1_776' title='bbox 3380 4239 3640 4310; x_wconf 82' lang='lat' dir='ltr'><strong>pellium?</strong></span> 
     </span>
    </p>
   </div>
   <div class='ocr_carea' id='block_1_100' title="bbox 2069 4330 3639 4402">
    <p class='ocr_par' dir='ltr' id='par_1_100' title="bbox 2069 4330 3639 4402">
     <span class='ocr_line' id='line_1_100' title="bbox 2069 4330 3639 4402; baseline 0.002 -19"><span class='ocrx_word' id='word_1_777' title='bbox 2069 4350 2087 4383; x_wconf 72' lang='grc' dir='ltr'>ι</span> <span class='ocrx_word' id='word_1_778' title='bbox 2134 4331 2383 4402; x_wconf 80' lang='lat' dir='ltr'><strong>Dixitque</strong></span> <span class='ocrx_word' id='word_1_779' title='bbox 2435 4330 2644 4386; x_wconf 86' lang='lat' dir='ltr'><strong>Nathan</strong></span> <span class='ocrx_word' id='word_1_780' title='bbox 2695 4333 2763 4386; x_wconf 90' lang='lat' dir='ltr'><strong>ad</strong></span> <span class='ocrx_word' id='word_1_781' title='bbox 2813 4345 2994 4401; x_wconf 79' lang='lat' dir='ltr'><strong>regem</strong></span> <span class='ocrx_word' id='word_1_782' title='bbox 3031 4330 3240 4386; x_wconf 87' lang='lat' dir='ltr'><strong>:Omne</strong></span> <span class='ocrx_word' id='word_1_783' title='bbox 3269 4333 3412 4402; x_wconf 90' lang='lat' dir='ltr'><strong>quod</strong></span> <span class='ocrx_word' id='word_1_784' title='bbox 3457 4341 3542 4386; x_wconf 88' lang='lat' dir='ltr'><strong>est</strong></span> <span class='ocrx_word' id='word_1_785' title='bbox 3581 4333 3639 4387; x_wconf 90' lang='lat' dir='ltr'><strong>in</strong></span> 
     </span>
    </p>
   </div>
   <div class='ocr_carea' id='block_1_101' title="bbox 2069 4420 3642 4491">
    <p class='ocr_par' dir='ltr' id='par_1_101' title="bbox 2069 4420 3642 4491">
     <span class='ocr_line' id='line_1_101' title="bbox 2069 4420 3642 4491; baseline 0.001 -16"><span class='ocrx_word' id='word_1_786' title='bbox 2069 4441 2088 4475; x_wconf 85' lang='grc'><strong>‹</strong></span> <span class='ocrx_word' id='word_1_787' title='bbox 2133 4422 2295 4476; x_wconf 88' lang='lat' dir='ltr'><strong>corde</strong></span> <span class='ocrx_word' id='word_1_788' title='bbox 2320 4430 2430 4487; x_wconf 90' lang='lat' dir='ltr'><strong>tuo,</strong></span> <span class='ocrx_word' id='word_1_789' title='bbox 2454 4422 2612 4486; x_wconf 89' lang='lat' dir='ltr'><strong>vade,</strong></span> <span class='ocrx_word' id='word_1_790' title='bbox 2639 4420 2740 4486; x_wconf 88' lang='lat' dir='ltr'><strong>fac,</strong></span> <span class='ocrx_word' id='word_1_791' title='bbox 2759 4421 2883 4491; x_wconf 89' lang='lat' dir='ltr'><strong>quia</strong></span> <span class='ocrx_word' id='word_1_792' title='bbox 2900 4421 3159 4476; x_wconf 87' lang='lat' dir='ltr'><strong>Dominus</strong></span> <span class='ocrx_word' id='word_1_793' title='bbox 3191 4430 3369 4476; x_wconf 85' lang='lat' dir='ltr'><strong>tecum</strong></span> <span class='ocrx_word' id='word_1_794' title='bbox 3395 4430 3498 4476; x_wconf 91' lang='lat' dir='ltr'><strong>est.</strong></span> <span class='ocrx_word' id='word_1_795' title='bbox 3532 4421 3642 4476; x_wconf 78' lang='lat' dir='ltr'><strong>Fa-</strong></span> 
     </span>
    </p>
   </div>
   <div class='ocr_carea' id='block_1_102' title="bbox 2071 4510 3640 4575">
    <p class='ocr_par' dir='ltr' id='par_1_102' title="bbox 2071 4510 3640 4575">
     <span class='ocr_line' id='line_1_102' title="bbox 2071 4510 3640 4575; baseline 0.003 -13"><span class='ocrx_word' id='word_1_796' title='bbox 2071 4527 2089 4562; x_wconf 73' lang='lat' dir='ltr'><strong>t</strong></span> <span class='ocrx_word' id='word_1_797' title='bbox 2135 4522 2282 4566; x_wconf 89' lang='lat' dir='ltr'><strong>ctum</strong></span> <span class='ocrx_word' id='word_1_798' title='bbox 2311 4517 2394 4566; x_wconf 85' lang='lat' dir='ltr'><strong>est</strong></span> <span class='ocrx_word' id='word_1_799' title='bbox 2439 4520 2617 4566; x_wconf 88' lang='lat' dir='ltr'><strong>autem</strong></span> <span class='ocrx_word' id='word_1_800' title='bbox 2659 4513 2717 4566; x_wconf 82' lang='lat' dir='ltr'><strong>in</strong></span> <span class='ocrx_word' id='word_1_801' title='bbox 2740 4520 2898 4566; x_wconf 84' lang='lat' dir='ltr'><strong>nocte</strong></span> <span class='ocrx_word' id='word_1_802' title='bbox 2928 4510 3037 4575; x_wconf 86' lang='lat' dir='ltr'><strong>illa,</strong></span> <span class='ocrx_word' id='word_1_803' title='bbox 3068 4526 3194 4566; x_wconf 84' lang='lat' dir='ltr'><strong>ecce</strong></span> <span class='ocrx_word' id='word_1_804' title='bbox 3219 4526 3400 4567; x_wconf 88' lang='lat' dir='ltr'><strong>sermo</strong></span> <span class='ocrx_word' id='word_1_805' title='bbox 3421 4511 3640 4567; x_wconf 86' lang='lat' dir='ltr'><strong>Domini</strong></span> 
     </span>
    </p>
   </div>
   <div class='ocr_carea' id='block_1_103' title="bbox 2070 4600 3638 4670">
    <p class='ocr_par' dir='ltr' id='par_1_103' title="bbox 2070 4600 3638 4670">
     <span class='ocr_line' id='line_1_103' title="bbox 2070 4600 3638 4670; baseline 0.002 -16"><span class='ocrx_word' id='word_1_806' title='bbox 2070 4621 2088 4654; x_wconf 77' lang='grc' dir='ltr'>ι</span> <span class='ocrx_word' id='word_1_807' title='bbox 2133 4604 2200 4657; x_wconf 88' lang='lat' dir='ltr'><strong>ad</strong></span> <span class='ocrx_word' id='word_1_808' title='bbox 2229 4601 2461 4668; x_wconf 82' lang='lat' dir='ltr'><strong>Nathan,</strong></span> <span class='ocrx_word' id='word_1_809' title='bbox 2497 4602 2680 4658; x_wconf 90' lang='lat' dir='ltr'><strong>dicens</strong></span> <span class='ocrx_word' id='word_1_810' title='bbox 2718 4620 2732 4656; x_wconf 87' lang='lat'><strong>:</strong></span> <span class='ocrx_word' id='word_1_811' title='bbox 2767 4602 2916 4656; x_wconf 84' lang='lat' dir='ltr'><strong>Vade</strong></span> <span class='ocrx_word' id='word_1_812' title='bbox 2961 4609 3016 4656; x_wconf 88' lang='lat' dir='ltr'><strong>et</strong></span> <span class='ocrx_word' id='word_1_813' title='bbox 3057 4601 3278 4670; x_wconf 89' lang='lat' dir='ltr'><strong>loquere</strong></span> <span class='ocrx_word' id='word_1_814' title='bbox 3315 4600 3382 4654; x_wconf 88' lang='lat' dir='ltr'><strong>ad</strong></span> <span class='ocrx_word' id='word_1_815' title='bbox 3419 4615 3638 4657; x_wconf 84' lang='lat' dir='ltr'><strong>servum</strong></span> 
     </span>
    </p>
   </div>
   <div class='ocr_carea' id='block_1_104' title="bbox 2068 4691 3640 4760">
    <p class='ocr_par' dir='ltr' id='par_1_104' title="bbox 2068 4691 3640 4760">
     <span class='ocr_line' id='line_1_104' title="bbox 2068 4691 3640 4760; baseline 0.001 -16"><span class='ocrx_word' id='word_1_816' title='bbox 2068 4711 2086 4744; x_wconf 76' lang='grc' dir='ltr'>ι</span> <span class='ocrx_word' id='word_1_817' title='bbox 2132 4708 2310 4747; x_wconf 89' lang='lat' dir='ltr'><strong>meum</strong></span> <span class='ocrx_word' id='word_1_818' title='bbox 2361 4691 2547 4747; x_wconf 90' lang='lat' dir='ltr'><strong>David.</strong></span> <span class='ocrx_word' id='word_1_819' title='bbox 2593 4691 2719 4746; x_wconf 70' lang='lat' dir='ltr'><strong>Haec</strong></span> <span class='ocrx_word' id='word_1_820' title='bbox 2767 4692 2899 4746; x_wconf 90' lang='lat' dir='ltr'><strong>dicit</strong></span> <span class='ocrx_word' id='word_1_821' title='bbox 2944 4691 3202 4746; x_wconf 91' lang='lat' dir='ltr'><strong>Dominus</strong></span> <span class='ocrx_word' id='word_1_822' title='bbox 3239 4691 3534 4760; x_wconf 86' lang='lat' dir='ltr'><strong>:Nunquid</strong></span> <span class='ocrx_word' id='word_1_823' title='bbox 3581 4701 3640 4746; x_wconf 91' lang='lat' dir='ltr'><strong>tu</strong></span> 
     </span>
    </p>
   </div>
   <div class='ocr_carea' id='block_1_105' title="bbox 2068 4779 3639 4849">
    <p class='ocr_par' dir='ltr' id='par_1_105' title="bbox 2068 4779 3639 4849">
     <span class='ocr_line' id='line_1_105' title="bbox 2068 4779 3639 4849; baseline 0.001 -15"><span class='ocrx_word' id='word_1_824' title='bbox 2068 4801 2086 4834; x_wconf 86' lang='grc'>‹</span> <span class='ocrx_word' id='word_1_825' title='bbox 2130 4782 2420 4837; x_wconf 79' lang='lat' dir='ltr'><strong>tedificabis</strong></span> <span class='ocrx_word' id='word_1_826' title='bbox 2463 4781 2596 4836; x_wconf 90' lang='lat' dir='ltr'><strong>mihi</strong></span> <span class='ocrx_word' id='word_1_827' title='bbox 2638 4781 2854 4836; x_wconf 90' lang='lat' dir='ltr'><strong>domum</strong></span> <span class='ocrx_word' id='word_1_828' title='bbox 2891 4781 2960 4835; x_wconf 90' lang='lat' dir='ltr'><strong>ad</strong></span> <span class='ocrx_word' id='word_1_829' title='bbox 3006 4780 3402 4836; x_wconf 83' lang='lat' dir='ltr'><strong>habitandum?</strong></span> <span class='ocrx_word' id='word_1_830' title='bbox 3453 4779 3639 4849; x_wconf 85' lang='lat' dir='ltr'><strong>Neque</strong></span> 
     </span>
    </p>
   </div>
   <div class='ocr_carea' id='block_1_106' title="bbox 2067 4870 3639 4940">
    <p class='ocr_par' dir='ltr' id='par_1_106' title="bbox 2067 4870 3639 4940">
     <span class='ocr_line' id='line_1_106' title="bbox 2067 4870 3639 4940; baseline 0.003 -18"><span class='ocrx_word' id='word_1_831' title='bbox 2067 4889 2085 4922; x_wconf 75' lang='grc' dir='ltr'>ι</span> <span class='ocrx_word' id='word_1_832' title='bbox 2131 4872 2274 4926; x_wconf 89' lang='lat' dir='ltr'><strong>enim</strong></span> <span class='ocrx_word' id='word_1_833' title='bbox 2301 4871 2534 4926; x_wconf 87' lang='lat' dir='ltr'><strong>habitavi</strong></span> <span class='ocrx_word' id='word_1_834' title='bbox 2554 4871 2609 4926; x_wconf 92' lang='lat' dir='ltr'><strong>in</strong></span> <span class='ocrx_word' id='word_1_835' title='bbox 2636 4871 2794 4926; x_wconf 90' lang='lat' dir='ltr'><strong>domo</strong></span> <span class='ocrx_word' id='word_1_836' title='bbox 2808 4885 2873 4926; x_wconf 81' lang='lat' dir='ltr'><strong>ex</strong></span> <span class='ocrx_word' id='word_1_837' title='bbox 2897 4871 2983 4926; x_wconf 89' lang='lat' dir='ltr'><strong>die</strong></span> <span class='ocrx_word' id='word_1_838' title='bbox 3006 4885 3111 4940; x_wconf 89' lang='lat' dir='ltr'><strong>qua</strong></span> <span class='ocrx_word' id='word_1_839' title='bbox 3131 4871 3291 4925; x_wconf 84' lang='lat' dir='ltr'><strong>eduxi</strong></span> <span class='ocrx_word' id='word_1_840' title='bbox 3318 4871 3456 4926; x_wconf 87' lang='lat' dir='ltr'><strong>filios</strong></span> <span class='ocrx_word' id='word_1_841' title='bbox 3469 4870 3639 4926; x_wconf 79' lang='lat' dir='ltr'><strong>Israel</strong></span> 
     </span>
    </p>
   </div>
   <div class='ocr_carea' id='block_1_107' title="bbox 2068 4962 3634 5034">
    <p class='ocr_par' dir='ltr' id='par_1_107' title="bbox 2068 4962 3634 5034">
     <span class='ocr_line' id='line_1_107' title="bbox 2068 4962 3634 5034; baseline 0.001 -20"><span class='ocrx_word' id='word_1_842' title='bbox 2068 4981 2086 5014; x_wconf 89' lang='grc'><strong>‹</strong></span> <span class='ocrx_word' id='word_1_843' title='bbox 2130 4964 2194 5019; x_wconf 88' lang='lat' dir='ltr'><strong>de</strong></span> <span class='ocrx_word' id='word_1_844' title='bbox 2223 4973 2366 5018; x_wconf 86' lang='lat' dir='ltr'><strong>terra</strong></span> <span class='ocrx_word' id='word_1_845' title='bbox 2391 4962 2635 5034; x_wconf 63' lang='lat' dir='ltr'><strong>Egypti,</strong></span> <span class='ocrx_word' id='word_1_846' title='bbox 2659 4977 2829 5031; x_wconf 86' lang='lat' dir='ltr'><strong>usque</strong></span> <span class='ocrx_word' id='word_1_847' title='bbox 2859 4962 2912 5017; x_wconf 93' lang='lat' dir='ltr'><strong>in</strong></span> <span class='ocrx_word' id='word_1_848' title='bbox 2939 4962 3079 5017; x_wconf 90' lang='lat' dir='ltr'><strong>diem</strong></span> <span class='ocrx_word' id='word_1_849' title='bbox 3112 4962 3273 5026; x_wconf 90' lang='lat' dir='ltr'><strong>hanc,</strong></span> <span class='ocrx_word' id='word_1_850' title='bbox 3314 4963 3408 5016; x_wconf 86' lang='lat' dir='ltr'><strong>sed</strong></span> <span class='ocrx_word' id='word_1_851' title='bbox 3438 4963 3634 5016; x_wconf 88' lang='lat' dir='ltr'><strong>ambu-</strong></span> 
     </span>
    </p>
   </div>
   <div class='ocr_carea' id='block_1_108' title="bbox 2066 5052 3637 5122">
    <p class='ocr_par' dir='ltr' id='par_1_108' title="bbox 2066 5052 3637 5122">
     <span class='ocr_line' id='line_1_108' title="bbox 2066 5052 3637 5122; baseline 0.001 -16"><span class='ocrx_word' id='word_1_852' title='bbox 2066 5073 2085 5106; x_wconf 88' lang='grc'><strong><em>‹</em></strong></span> <span class='ocrx_word' id='word_1_853' title='bbox 2132 5054 2307 5109; x_wconf 88' lang='lat' dir='ltr'><strong>labam</strong></span> <span class='ocrx_word' id='word_1_854' title='bbox 2353 5055 2406 5109; x_wconf 88' lang='lat' dir='ltr'><strong>in</strong></span> <span class='ocrx_word' id='word_1_855' title='bbox 2433 5052 2782 5108; x_wconf 86' lang='lat' dir='ltr'><strong>tabernaculo</strong></span> <span class='ocrx_word' id='word_1_856' title='bbox 2828 5060 2884 5107; x_wconf 88' lang='lat' dir='ltr'><strong>et</strong></span> <span class='ocrx_word' id='word_1_857' title='bbox 2929 5053 2984 5106; x_wconf 88' lang='lat' dir='ltr'><strong>in</strong></span> <span class='ocrx_word' id='word_1_858' title='bbox 3023 5052 3252 5107; x_wconf 90' lang='lat' dir='ltr'><strong>tentorio</strong></span> <span class='ocrx_word' id='word_1_859' title='bbox 3298 5066 3395 5122; x_wconf 91' lang='lat' dir='ltr'><strong>per</strong></span> <span class='ocrx_word' id='word_1_860' title='bbox 3439 5061 3637 5108; x_wconf 86' lang='lat' dir='ltr'><strong>cuncta</strong></span> 
     </span>
    </p>
   </div>
   <div class='ocr_carea' id='block_1_109' title="bbox 2065 5139 3632 5215">
    <p class='ocr_par' dir='ltr' id='par_1_109' title="bbox 2065 5139 3632 5215">
     <span class='ocr_line' id='line_1_109' title="bbox 2065 5139 3632 5215; baseline -0.003 -19"><span class='ocrx_word' id='word_1_861' title='bbox 2065 5162 2085 5196; x_wconf 84' lang='grc'><strong><em>‹</em></strong></span> <span class='ocrx_word' id='word_1_862' title='bbox 2129 5143 2268 5208; x_wconf 87' lang='lat' dir='ltr'><strong>loca,</strong></span> <span class='ocrx_word' id='word_1_863' title='bbox 2313 5159 2432 5215; x_wconf 71' lang='lat' dir='ltr'><strong>qua:</strong></span> <span class='ocrx_word' id='word_1_864' title='bbox 2482 5142 2704 5196; x_wconf 80' lang='lat' dir='ltr'><strong>transivi</strong></span> <span class='ocrx_word' id='word_1_865' title='bbox 2752 5157 2873 5197; x_wconf 92' lang='lat' dir='ltr'><strong>cum</strong></span> <span class='ocrx_word' id='word_1_866' title='bbox 2925 5142 3175 5197; x_wconf 89' lang='lat' dir='ltr'><strong>omnibus</strong></span> <span class='ocrx_word' id='word_1_867' title='bbox 3226 5141 3351 5195; x_wconf 85' lang='lat' dir='ltr'><strong>ﬁliis</strong></span> <span class='ocrx_word' id='word_1_868' title='bbox 3392 5139 3581 5204; x_wconf 87' lang='lat' dir='ltr'><strong>Israel,</strong></span> <span class='ocrx_word' id='word_1_869' title='bbox 3611 5161 3632 5192; x_wconf 74' lang='grc' dir='ltr'><strong><em>ι</em></strong></span> 
     </span>
    </p>
   </div>
   <div class='ocr_carea' id='block_1_110' title="bbox 2059 5234 3636 5305">
    <p class='ocr_par' dir='ltr' id='par_1_110' title="bbox 2059 5234 3636 5305">
     <span class='ocr_line' id='line_1_110' title="bbox 2059 5234 3636 5305; baseline -0.004 -13"><span class='ocrx_word' id='word_1_870' title='bbox 2059 5247 2165 5293; x_wconf 88' lang='lat' dir='ltr'><strong>etc.</strong></span> <span class='ocrx_word' id='word_1_871' title='bbox 2213 5237 2365 5304; x_wconf 90' lang='lat' dir='ltr'><strong>Quod</strong></span> <span class='ocrx_word' id='word_1_872' title='bbox 2419 5234 2691 5304; x_wconf 85' lang='lat' dir='ltr'><strong>Propheta</strong></span> <span class='ocrx_word' id='word_1_873' title='bbox 2744 5235 3106 5305; x_wconf 80' lang='lat' dir='ltr'><strong>interrogatus</strong></span> <span class='ocrx_word' id='word_1_874' title='bbox 3159 5249 3190 5288; x_wconf 89' lang='lat' dir='ltr'><strong>a</strong></span> <span class='ocrx_word' id='word_1_875' title='bbox 3247 5247 3374 5303; x_wconf 83' lang='lat' dir='ltr'><strong>rege</strong></span> <span class='ocrx_word' id='word_1_876' title='bbox 3413 5247 3636 5300; x_wconf 88' lang='lat' dir='ltr'><strong>respon-</strong></span> 
     </span>
    </p>
   </div>
   <div class='ocr_carea' id='block_1_111' title="bbox 2060 5321 3636 5394">
    <p class='ocr_par' dir='ltr' id='par_1_111' title="bbox 2060 5321 3636 5394">
     <span class='ocr_line' id='line_1_111' title="bbox 2060 5321 3636 5394; baseline -0.004 -11"><span class='ocrx_word' id='word_1_877' title='bbox 2060 5329 2137 5383; x_wconf 91' lang='lat' dir='ltr'><strong>dit</strong></span> <span class='ocrx_word' id='word_1_878' title='bbox 2167 5341 2181 5380; x_wconf 89' lang='lat'><strong>:</strong></span> <span class='ocrx_word' id='word_1_879' title='bbox 2217 5347 2234 5379; x_wconf 84' lang='grc'><strong>‹</strong></span> <span class='ocrx_word' id='word_1_880' title='bbox 2269 5327 2458 5392; x_wconf 88' lang='lat' dir='ltr'><strong>Omne,</strong></span> <span class='ocrx_word' id='word_1_881' title='bbox 2488 5326 2630 5394; x_wconf 89' lang='lat' dir='ltr'><strong>quod</strong></span> <span class='ocrx_word' id='word_1_882' title='bbox 2651 5333 2733 5380; x_wconf 91' lang='lat' dir='ltr'><strong>est</strong></span> <span class='ocrx_word' id='word_1_883' title='bbox 2763 5326 2820 5381; x_wconf 89' lang='lat' dir='ltr'><strong>in</strong></span> <span class='ocrx_word' id='word_1_884' title='bbox 2845 5324 3008 5381; x_wconf 85' lang='lat' dir='ltr'><strong>corde</strong></span> <span class='ocrx_word' id='word_1_885' title='bbox 3033 5335 3145 5391; x_wconf 91' lang='lat' dir='ltr'><strong>tuo,</strong></span> <span class='ocrx_word' id='word_1_886' title='bbox 3176 5326 3328 5388; x_wconf 85' lang='lat' dir='ltr'><strong>vade,</strong></span> <span class='ocrx_word' id='word_1_887' title='bbox 3364 5321 3480 5386; x_wconf 89' lang='lat' dir='ltr'><strong>fac;</strong></span> <span class='ocrx_word' id='word_1_888' title='bbox 3530 5342 3550 5374; x_wconf 69' lang='grc' dir='ltr'><strong><em>ι</em></strong></span> <span class='ocrx_word' id='word_1_889' title='bbox 3582 5332 3636 5377; x_wconf 82' lang='lat' dir='ltr'><strong>et</strong></span> 
     </span>
    </p>
   </div>
   <div class='ocr_carea' id='block_1_112' title="bbox 2063 5406 3638 5490">
    <p class='ocr_par' dir='ltr' id='par_1_112' title="bbox 2063 5406 3638 5490">
     <span class='ocr_line' id='line_1_112' title="bbox 2063 5406 3638 5490; baseline -0.006 -16"><span class='ocrx_word' id='word_1_890' title='bbox 2063 5428 2246 5490; x_wconf 87' lang='lat' dir='ltr'><strong>postea</strong></span> <span class='ocrx_word' id='word_1_891' title='bbox 2275 5434 2304 5472; x_wconf 91' lang='lat' dir='ltr'><strong>a</strong></span> <span class='ocrx_word' id='word_1_892' title='bbox 2351 5419 2576 5473; x_wconf 91' lang='lat' dir='ltr'><strong>Domino</strong></span> <span class='ocrx_word' id='word_1_893' title='bbox 2614 5418 2921 5473; x_wconf 86' lang='lat' dir='ltr'><strong>admonitus</strong></span> <span class='ocrx_word' id='word_1_894' title='bbox 2953 5406 3138 5471; x_wconf 84' lang='lat' dir='ltr'><strong>eadem</strong></span> <span class='ocrx_word' id='word_1_895' title='bbox 3189 5413 3468 5485; x_wconf 89' lang='lat' dir='ltr'><strong>prohibuit</strong></span> <span class='ocrx_word' id='word_1_896' title='bbox 3515 5427 3638 5481; x_wconf 59' lang='lat' dir='ltr'><strong>quae</strong></span> 
     </span>
    </p>
   </div>
   <div class='ocr_carea' id='block_1_113' title="bbox 2065 5499 3640 5576">
    <p class='ocr_par' dir='ltr' id='par_1_113' title="bbox 2065 5499 3640 5576">
     <span class='ocr_line' id='line_1_113' title="bbox 2065 5499 3640 5576; baseline -0.005 -16"><span class='ocrx_word' id='word_1_897' title='bbox 2065 5515 2189 5561; x_wconf 92' lang='lat' dir='ltr'><strong>ante</strong></span> <span class='ocrx_word' id='word_1_898' title='bbox 2225 5505 2511 5570; x_wconf 89' lang='lat' dir='ltr'><strong>concessit,</strong></span> <span class='ocrx_word' id='word_1_899' title='bbox 2559 5514 2711 5574; x_wconf 89' lang='lat' dir='ltr'><strong>patet</strong></span> <span class='ocrx_word' id='word_1_900' title='bbox 2750 5504 3018 5576; x_wconf 86' lang='lat' dir='ltr'><strong>profecto,</strong></span> <span class='ocrx_word' id='word_1_901' title='bbox 3047 5504 3189 5574; x_wconf 85' lang='lat' dir='ltr'><strong>quod</strong></span> <span class='ocrx_word' id='word_1_902' title='bbox 3213 5501 3506 5574; x_wconf 70' lang='lat' dir='ltr'><strong>prophetia:</strong></span> <span class='ocrx_word' id='word_1_903' title='bbox 3528 5499 3640 5568; x_wconf 89' lang='lat' dir='ltr'><strong>spi-</strong></span> 
     </span>
    </p>
   </div>
   <div class='ocr_carea' id='block_1_114' title="bbox 2063 5590 3635 5666">
    <p class='ocr_par' dir='ltr' id='par_1_114' title="bbox 2063 5590 3635 5666">
     <span class='ocr_line' id='line_1_114' title="bbox 2063 5590 3635 5666; baseline -0.004 -17"><span class='ocrx_word' id='word_1_904' title='bbox 2063 5598 2198 5651; x_wconf 88' lang='lat' dir='ltr'><strong>ritus</strong></span> <span class='ocrx_word' id='word_1_905' title='bbox 2209 5596 2587 5666; x_wconf 87' lang='lat' dir='ltr'><strong>prophetarum</strong></span> <span class='ocrx_word' id='word_1_906' title='bbox 2611 5603 2819 5650; x_wconf 88' lang='lat' dir='ltr'><strong>mentes</strong></span> <span class='ocrx_word' id='word_1_907' title='bbox 2840 5609 2947 5648; x_wconf 91' lang='lat' dir='ltr'><strong>non</strong></span> <span class='ocrx_word' id='word_1_908' title='bbox 2975 5607 3193 5664; x_wconf 88' lang='lat' dir='ltr'><strong>semper</strong></span> <span class='ocrx_word' id='word_1_909' title='bbox 3214 5592 3458 5656; x_wconf 79' lang='lat' dir='ltr'><strong>irradiat,</strong></span> <span class='ocrx_word' id='word_1_910' title='bbox 3481 5590 3635 5660; x_wconf 87' lang='lat' dir='ltr'><strong>quia,</strong></span> 
     </span>
    </p>
   </div>
   <div class='ocr_carea' id='block_1_115' title="bbox 2064 5677 3638 5758">
    <p class='ocr_par' dir='ltr' id='par_1_115' title="bbox 2064 5677 3638 5758">
     <span class='ocr_line' id='line_1_115' title="bbox 2064 5677 3638 5758; baseline -0.008 -15"><span class='ocrx_word' id='word_1_911' title='bbox 2064 5689 2203 5743; x_wconf 87' lang='lat' dir='ltr'><strong>sicut</strong></span> <span class='ocrx_word' id='word_1_912' title='bbox 2229 5689 2295 5744; x_wconf 81' lang='lat' dir='ltr'><strong>de</strong></span> <span class='ocrx_word' id='word_1_913' title='bbox 2324 5687 2528 5758; x_wconf 90' lang='lat' dir='ltr'><strong>Spiritu</strong></span> <span class='ocrx_word' id='word_1_914' title='bbox 2551 5695 2738 5742; x_wconf 89' lang='lat' dir='ltr'><strong>sancto</strong></span> <span class='ocrx_word' id='word_1_915' title='bbox 2759 5686 3018 5756; x_wconf 88' lang='lat' dir='ltr'><strong>scriptum</strong></span> <span class='ocrx_word' id='word_1_916' title='bbox 3047 5695 3131 5739; x_wconf 87' lang='lat' dir='ltr'><strong>est</strong></span> <span class='ocrx_word' id='word_1_917' title='bbox 3156 5701 3170 5737; x_wconf 90' lang='lat'><strong>:</strong></span> <span class='ocrx_word' id='word_1_918' title='bbox 3204 5702 3221 5734; x_wconf 76' lang='grc' dir='ltr'>ι</span> <span class='ocrx_word' id='word_1_919' title='bbox 3251 5683 3341 5737; x_wconf 91' lang='lat' dir='ltr'><strong>ubi</strong></span> <span class='ocrx_word' id='word_1_920' title='bbox 3365 5681 3501 5744; x_wconf 89' lang='lat' dir='ltr'><strong>vult,</strong></span> <span class='ocrx_word' id='word_1_921' title='bbox 3523 5677 3638 5748; x_wconf 83' lang='lat' dir='ltr'><strong>spi-</strong></span> 
     </span>
    </p>
   </div>
   <div class='ocr_carea' id='block_1_116' title="bbox 2067 5773 3630 5852">
    <p class='ocr_par' dir='ltr' id='par_1_116' title="bbox 2067 5773 3630 5852">
     <span class='ocr_line' id='line_1_116' title="bbox 2067 5773 3630 5852; baseline -0.008 -16"><span class='ocrx_word' id='word_1_922' title='bbox 2067 5787 2150 5836; x_wconf 88' lang='lat' dir='ltr'><strong>rat</strong></span> <span class='ocrx_word' id='word_1_923' title='bbox 2183 5778 2363 5852; x_wconf 73' lang='lat' dir='ltr'><strong>(Joan.</strong></span> <span class='ocrx_word' id='word_1_924' title='bbox 2396 5777 2499 5852; x_wconf 85' lang='lat' dir='ltr'><strong>ut).</strong></span> <span class='ocrx_word' id='word_1_925' title='bbox 2537 5797 2556 5831; x_wconf 71' lang='grc' dir='ltr'><strong>ν</strong></span> <span class='ocrx_word' id='word_1_926' title='bbox 2601 5779 2736 5834; x_wconf 76' lang='lat' dir='ltr'><strong>[line</strong></span> <span class='ocrx_word' id='word_1_927' title='bbox 2765 5784 2856 5833; x_wconf 88' lang='lat' dir='ltr'><strong>est</strong></span> <span class='ocrx_word' id='word_1_928' title='bbox 2877 5775 3022 5831; x_wconf 86' lang='lat' dir='ltr'><strong>enim</strong></span> <span class='ocrx_word' id='word_1_929' title='bbox 3069 5775 3212 5846; x_wconf 87' lang='lat' dir='ltr'><strong>quod</strong></span> <span class='ocrx_word' id='word_1_930' title='bbox 3244 5773 3467 5830; x_wconf 71' lang='lat' dir='ltr'><strong>Elisazus</strong></span> <span class='ocrx_word' id='word_1_931' title='bbox 3505 5783 3630 5827; x_wconf 85' lang='lat' dir='ltr'><strong>cum</strong></span> 
     </span>
    </p>
   </div>
  </div>
