4010 6194
239 421 312 478 89
1074 421 1423 479 COMMENT.
1461 423 1528 478 ΙΝ
1569 423 1814 479 LIBROS
1848 423 1916 480 IV
1952 424 2212 481 REGUM.
2251 456 2324 466 —
2360 426 2426 481 ΙΝ
2465 419 2593 482 LIB.
2635 421 2698 484 ιι.
3438 435 3509 492 90

244 533 532 589 mulierem
572 533 793 591 ﬂentem
815 546 1064 593 cerneret
1099 553 1426 608 causamque
1451 539 1732 602 nescisset,
1763 537 1831 593 ad
1855 550 1909 608 Α
1935 537 2204 610 aﬂligendi
2230 549 2284 595 et
2310 542 2669 610 opprimendi,
2694 541 2834 598 sicut
2855 549 3098 614 tempore
3125 539 3374 602 Jndiwm
3397 546 3516 605 fue-

244 626 630 695 prohibentem
661 628 802 682 hanc
853 635 1078 697 puerum
1135 621 1308 681 dixit:
1349 648 1365 680 ι
1420 623 1641 682 Dimitte
1684 643 1826 693 eam,

246 716 374 785 quia
403 717 588 770 anima
617 715 737 784 ejus
769 717 824 771 in
853 717 1211 772 amaritudine
1231 729 1335 784 est,
1366 726 1420 773 et
1457 714 1714 773 Dominus
1743 733 1833 773 ce-

248 805 382 860 lavit
407 823 438 861 a
484 824 594 873 me,
637 817 695 862 et
734 824 841 863 non
883 808 1139 864 indicavit
1167 809 1297 864 mihi
1339 809 1444 882 (IV
1496 810 1624 878 Reg.
1670 809 1744 880 tv)
1807 829 1825 862 ι

251 900 402 965 Quod
427 905 777 969 omnipotens
806 900 949 956 Deus
981 915 1046 956 ex
1077 918 1274 972 magna
1311 903 1528 972 pietatis
1554 904 1835 972 dispensa-

253 997 394 1046 tione
447 993 878 1063 disponit:quia
938 995 1064 1050 dum
1099 997 1395 1066 prophetia:
1443 997 1688 1066 spiritum
1731 994 1828 1048 aii-

257 1083 466 1150 quando
494 1083 612 1146 dat,
669 1091 724 1138 et
765 1083 1050 1153 aliquando
1075 1085 1364 1150 subtrahit,
1393 1085 1832 1156 prophetnntium

259 1183 462 1228 mentes
488 1183 545 1227 et
571 1168 745 1229 elevat
781 1176 834 1230 in
859 1171 1194 1240 celsitudine,
1227 1184 1280 1231 et
1313 1177 1546 1232 custodit
1573 1177 1624 1231 in
1652 1171 1834 1230 liumi-

257 1259 422 1326 litate,
475 1270 536 1318 ut
565 1269 620 1320 et
659 1260 987 1336 accipientes
1035 1262 1307 1338 spiritum,
1363 1261 1640 1321 inveniant
1689 1267 1834 1337 quod

255 1344 320 1408 de
349 1351 457 1407 Deo
482 1353 614 1419 sint,
647 1365 702 1410 et
751 1365 963 1411 rhrsum
994 1357 1294 1428 prophetiae
1331 1356 1580 1428 spiritum
1598 1375 1704 1414 non
1734 1360 1834 1414 ha-

255 1436 444 1496 bentes
484 1456 816 1513 cognoscant
861 1446 988 1516 quid
1029 1445 1135 1502 sint
1192 1447 1257 1502 de
1301 1448 1626 1517 semetipsis.
1681 1448 1834 1516 Quod

258 1536 432 1588 autem
473 1533 639 1589 David
687 1531 992 1606 prohibitus
1016 1544 1099 1592 est
1147 1539 1364 1594 domum
1398 1539 1496 1594 Dei
1537 1521 1828 1606 :ediﬁcare,

257 1626 377 1694 quia
405 1626 488 1678 vir
515 1627 836 1695 sanguinum
869 1632 1030 1690 esset,
1075 1623 1320 1680 innuitnr
1371 1627 1648 1682 moraliter
1691 1629 1835 1698 quod

259 1716 482 1771 mundus
511 1714 566 1770 in
618 1734 678 1772 se
719 1731 840 1772 esse
876 1734 906 1772 a
934 1713 1077 1774 vitiis
1106 1714 1287 1785 debet,
1325 1706 1420 1789 qui
1451 1729 1605 1775 curat
1658 1717 1832 1775 aliena

256 1809 544 1876 corrigere.
581 1806 652 1863 Ut
683 1817 896 1862 terrena
930 1825 1034 1864 non
1061 1804 1282 1880 cogitet,
1304 1820 1362 1863 ut
1390 1804 1672 1865 desideriis
1707 1810 1830 1864 inﬁ-

1936 639 2056 685 rant
2083 632 2324 700 oppressi
2345 642 2401 686 et
2425 632 2626 686 aﬁlicti.

2011 739 2030 774 ι
2076 722 2174 788 Qui
2209 723 2254 776 si
2296 723 2480 792 inique
2515 723 2719 794 aliquid
2748 725 2997 794 gesserit,
3035 741 3257 795 arguam
3286 737 3408 782 etim
3453 728 3510 784 in

1940 831 1959 864 ‹
2007 813 2153 882 virga
2185 814 2443 877 virorum,
2473 822 2523 868 et
2551 814 2604 867 in
2629 813 2800 885 plagis
2824 814 3052 868 ﬁliorum
3082 817 3380 882 hominum,
3405 839 3422 870 ι
3455 831 3512 874 et

1935 911 2150 958 Caetera.
2203 903 2422 971 Virgam
2475 904 2713 959 virorum
2765 905 2999 972 gladium
3065 913 3225 959 vocat
3271 908 3512 963 inimico-

1935 1005 2075 1049 rum.
2114 993 2289 1064 Plaga:
2314 1011 2447 1050 vero
2475 995 2704 1049 ﬁliorum
2736 996 3012 1050 hominum
3041 1006 3164 1052 sunt
3219 999 3516 1053 incommo-

1934 1085 2131 1140 ditates
2159 1096 2452 1154 corporum
2480 1085 2869 1150 humanorum,
2918 1087 3113 1155 quibus
3153 1103 3250 1155 pro
3275 1091 3514 1157 peccatis

1936 1178 2049 1232 suis
2077 1194 2107 1232 a
2139 1177 2366 1232 Domino
2394 1179 2587 1231 merito
2611 1178 2856 1232 homines
2885 1178 3240 1249 ﬁageliantur.
3268 1181 3391 1236 Haec
3427 1197 3510 1238 se-

1935 1268 2168 1322 cundum
2201 1268 2483 1323 histeriam
2509 1271 2674 1335 dicta,
2722 1271 2793 1324 ita
2829 1273 3019 1326 sentiri
3070 1283 3310 1343 possunt.
3344 1273 3515 1329 Caete-

1935 1369 2056 1413 rum
2106 1358 2233 1428 quid
2288 1360 2585 1414 secdudUm
2638 1357 2948 1432 allegoriam
3004 1363 3299 1428 insinuent,
3354 1366 3514 1419 altius

1935 1451 2383 1524 perscrutandum
2427 1459 2530 1506 est.
2587 1453 2696 1523 (Ea:
2737 1454 3078 1524 Augustino.)
3103 1454 3236 1510 Cum
3262 1459 3516 1527 ergoregi

1936 1541 2103 1597 David
2149 1541 2312 1594 multa
2335 1551 2592 1610 prospera
2620 1544 3014 1612 provenissent,
3045 1546 3304 1614 cogitavit
3334 1547 3513 1601 facere

1937 1631 2162 1688 Domino
2192 1632 2409 1686 domum
2439 1649 2451 1685 :
2484 1627 2740 1702 templum
2775 1630 2904 1690 illud
2939 1629 3149 1691 scilicet
3173 1637 3516 1691 excellentis-

1935 1719 2072 1780 sime
2125 1721 2483 1790 diﬁ‘amatum,
2533 1726 2674 1794 quod
2714 1739 2745 1780 a
2773 1739 2897 1796 rege
2928 1723 3220 1782 Salomone
3248 1727 3360 1781 ﬁlio
3397 1729 3514 1796 ejus

1937 1818 2122 1886 postea
2159 1811 2480 1870 fabricatum
2509 1823 2612 1870 est.
2661 1809 2774 1872 Hoc
2800 1833 2866 1871 eo
2905 1818 3176 1888 Cogitante
3206 1813 3406 1873 factum
3434 1827 3521 1873 est

254 1899 356 1954 mis
377 1913 485 1952 non
516 1899 852 1965 succumbat,
909 1909 1175 1969 quatenus
1200 1901 1252 1955 in
1291 1908 1440 1955 tanto
1465 1893 1828 1970 perspicacius
1859 1901 1904 1959 Β
1931 1906 2155 1960 verbum
2183 1904 2396 1959 Domini
2419 1904 2483 1958 ad
2510 1904 2721 1960 Nathan
2759 1907 3100 1976 pr0phetam,
3136 1908 3278 1977 quod
3307 1909 3519 1980 perfer-

255 1991 374 2046 aiiis
404 1991 656 2063 fugienda
683 1992 883 2058 videat,
922 2003 1124 2062 quanto
1147 1994 1264 2048 haec
1286 1993 1401 2063 ipse
1427 2008 1524 2064 per
1545 1993 1828 2049 scientiam

255 2087 307 2136 et
338 2082 507 2136 vitam
535 2083 716 2137 verius
741 2083 992 2137 declinat.
1027 2083 1374 2154 Nequaquam
1402 2099 1536 2154 pure
1564 2084 1831 2140 maculam

256 2168 307 2228 in
340 2171 586 2228 membro
636 2175 939 2229 considerat
965 2175 1172 2242 oculus,
1204 2190 1363 2246 quem
1395 2177 1569 2246 pulvis
1614 2186 1828 2248 gravat.

255 2259 319 2320 Et
359 2259 695 2335 superiectas
743 2266 931 2323 sordes
993 2269 1206 2338 tergere
1243 2283 1349 2322 non
1396 2267 1576 2324 valent
1614 2284 1832 2336 manus,

257 2365 369 2424 qlia:
418 2355 596 2409 lutum
626 2359 825 2410 tenent.
859 2352 1048 2423 Quoad
1077 2359 1313 2427 antiQuaa
1345 2359 1713 2414 translationis
1746 2373 1834 2413 se-

257 2446 408 2511 riem,
435 2445 578 2502 bene
599 2448 663 2501 ad
686 2446 853 2503 David
879 2463 1007 2520 erga
1039 2443 1306 2505 eXteriOra
1331 2445 1470 2506 bella
1495 2446 1832 2508 laborantem

257 2551 346 2606 per
379 2535 834 2609 significationem
889 2535 1067 2594 divina
1113 2555 1218 2597 vox
1269 2540 1447 2597 innuit
1485 2559 1608 2597 cum
1640 2538 1772 2598 dicit
1813 2560 1828 2598 :

261 2647 279 2680 ι
321 2627 435 2682 Non
467 2641 524 2682 tu
573 2627 870 2684 aediﬁcabis
899 2631 1028 2686 mihi
1081 2633 1375 2702 templum:
1408 2633 1535 2703 quia
1565 2634 1652 2687 vit‘
1707 2650 1834 2688 san-

257 2718 468 2786 guinum
497 2733 578 2773 es.
628 2739 648 2771 ι
684 2719 779 2774 Dei
816 2720 1072 2789 templum
1117 2717 1364 2786 aediﬁcat,
1422 2715 1514 2792 qui
1556 2722 1833 2791 corrigenc

258 2806 336 2860 dis
356 2807 620 2861 institutis
645 2808 1011 2877 proximorum
1039 2811 1309 2866 mentibus
1335 2813 1510 2865 Vacat.
1544 2804 1830 2880 Templum

264 2893 344 2948 Dei
369 2897 570 2966 quippe
593 2913 692 2952 nos
729 2915 938 2964 sumus,
970 2901 1094 2970 quia
1125 2900 1194 2956 ad-
1220 2917 1404 2956 veram
1428 2902 1593 2956 vitam
1623 2914 1689 2957 ex
1715 2900 1833 2974 ejus

264 2986 642 3043 inhabitatione
663 2993 1048 3058 eonstruimur,
1081 2993 1246 3048 Paulo
1277 2998 1569 3050 attestante
1599 2995 1689 3065 qui
1708 2997 1785 3052 ait
1813 3013 1826 3050 :

267 3097 284 3132 ι
322 3077 605 3152 Templum
632 3081 724 3136 Dei
753 3092 998 3138 sanctum
1029 3093 1130 3151 est,
1164 3087 1306 3156 quod
1336 3087 1467 3141 estis
1498 3104 1594 3143 vos
1619 3088 1670 3159 (1
1702 3087 1827 3146 Cor.

260 3173 352 3246 ιιι).
394 3196 412 3228 ι
457 3172 568 3230 Sed
618 3175 702 3229 vir
747 3177 1071 3246 Sanguinum
1116 3178 1374 3249 templum
1409 3179 1507 3234 Dei
1555 3181 1831 3237 aedificare

1935 1999 2021 2046 ret
2073 1992 2140 2046 ad
2172 2003 2373 2060 regem.
2416 1993 2516 2048 Ubi
2563 2009 2684 2048 cum
2744 1995 2970 2053 dixisset
3017 1997 3178 2062 Deus,
3235 1999 3378 2066 quod
3411 2013 3518 2052 non

1933 2083 2002 2137 ab
2069 2082 2184 2151 ipso
2235 2082 2402 2136 David
2461 2083 2565 2137 sibi
2621 2083 2982 2140 mdiﬁcaretur
3039 2086 3278 2151 domus,
3342 2101 3519 2156 neque

1929 2186 2030 2240 per
2076 2180 2286 2226 tantum
2331 2181 2542 2242 tempus
2589 2175 2959 2230 remandasset
3001 2177 3254 2245 cuiquam
3310 2178 3362 2231 in
3411 2193 3516 2248 po-

1931 2267 2059 2336 pulo
2109 2281 2207 2320 suo
2267 2273 2352 2318 ut"
2371 2267 2474 2320 sibi
2527 2265 2730 2321 faceret
2755 2267 2972 2322 domum
3015 2269 3336 2324 cedrinam:

2009 2373 2027 2406 ι
2074 2353 2142 2408 Et
2171 2369 2334 2420 nunc,
2369 2355 2565 2424 inquit,
2597 2356 2711 2410 hac
2747 2357 2893 2412 dices
2927 2369 3084 2412 servo
3132 2373 3254 2413 meo
3298 2359 3466 2434 David
3498 2377 3514 2415 ε

1938 2461 1957 2497 ι
2002 2442 2128 2498 Htec
2179 2444 2312 2499 dicit
2358 2444 2619 2500 Dominus
2683 2446 3025 2515 omnipotens
3061 2466 3072 2501 :
3103 2446 3304 2518 Accepi
3351 2457 3403 2504 te
3450 2452 3517 2505 de

1939 2553 1957 2586 ‹
2001 2529 2129 2590 ovili
2187 2535 2390 2602 ovium,
2453 2541 2511 2591 ut
2563 2552 2711 2591 esses
2743 2539 2796 2592 in
2831 2537 3023 2594 ducam
3063 2550 3225 2609 super
3261 2541 3515 2610 populum

1938 2645 1956 2678 ι
1999 2641 2178 2681 meum
2239 2626 2438 2692 lsrael;
2495 2634 2553 2682 et
2597 2641 2746 2682 eram
2786 2636 2962 2684 tecum
3008 2629 3060 2684 in
3093 2631 3346 2686 omnibus
3390 2631 3513 2700 qui-

1940 2734 1958 2768 c
2002 2717 2102 2772 bus
2128 2717 2550 2788 ingrediebaris;
2581 2727 2637 2774 et
2660 2721 3020 2775 exterminavi
3049 2735 3241 2776 omnes
3268 2722 3518 2778 inimicos

1940 2825 1959 2858 ι
2005 2813 2125 2862 tuos
2163 2823 2192 2860 a
2223 2807 2361 2862 facie
2389 2816 2497 2873 tua,
2530 2816 2585 2862 et
2612 2808 2712 2864 feci
2741 2817 2793 2863 te
2827 2809 3163 2865 nominatum
3212 2813 3510 2866 secundum

1940 2916 1959 2949 ι
2003 2908 2200 2951 nomen
2261 2911 2578 2965 magnorum
2633 2899 2726 2967 qui
2775 2907 2903 2953 sunt
2953 2915 3117 2970 super
3171 2909 3396 2955 terram.
3449 2902 3517 2956 Et

1940 3008 1959 3040 ι
2003 3001 2199 3059 ponam
2224 2990 2400 3045 locum
2423 2989 2618 3059 populo
2641 3005 2761 3046 meo
2780 2991 2967 3055 israel,
2998 2992 3322 3063 etplantabo
3345 2993 3514 3060 illum,

1941 3100 1960 3134 ‹
2004 3087 2060 3135 et
2082 3077 2406 3136 inhabitabit
2433 3094 2708 3146 seorsum;
2746 3091 2801 3136 et
2821 3098 2927 3136 non
2954 3082 3217 3138 sollicitus
3246 3085 3350 3138 crit
3370 3084 3512 3138 ultra

1941 3191 1960 3224 ε
2001 3179 2056 3227 et
2093 3187 2198 3227 non
2253 3181 2487 3243 apponet
2534 3172 2678 3228 ﬁlius
2713 3173 3016 3242 iniquitatis
3069 3172 3355 3226 humiliare
3386 3187 3512 3228 eum

257 3265 587 3334 prohibetur,
615 3265 740 3336 quia
767 3257 857 3334 qui
882 3268 1056 3320 adhuc
1081 3264 1289 3322 actibus
1320 3269 1632 3325 carnalibus
1678 3270 1829 3326 incu-
1855 3259 1901 3322 C
1938 3285 1956 3318 ι
2001 3265 2141 3321 sicut
2169 3265 2238 3320 ab
2267 3265 2422 3320 initio
2450 3280 2480 3318 a
2511 3265 2718 3329 diebus,
2781 3263 2976 3333 quibus
3018 3264 3274 3319 constitui
3301 3262 3514 3332 judices

258 3354 361 3417 bat,
385 3369 608 3408 necesse
630 3363 715 3408 est
744 3361 803 3407 ut
825 3354 1108 3410 instituere
1154 3353 1508 3426 spiritualiter
1551 3357 1830 3428 proximo-

260 3451 368 3496 rum
397 3451 609 3497 mentes
648 3443 951 3499 erubescat.
1317 3452 1320 3454 '

327 3548 346 3583 ι
392 3527 497 3586 Per
521 3537 740 3596 cuncta,
779 3528 1102 3604 inquitloca,
1125 3545 1244 3604 quae
1267 3535 1491 3591 transivi
1509 3551 1632 3594 cum
1655 3536 1829 3592 omni-

263 3639 281 3673 ι
313 3625 408 3679 bus
423 3623 547 3679 ﬁliis
568 3624 752 3679 lsrael.
777 3646 794 3676 ›
815 3625 1088 3691 Ηιηῡιοοιι,
1106 3639 1204 3697 per
1226 3638 1347 3696 Qum
1363 3640 1422 3683 se
1436 3629 1696 3683 transisse
1723 3629 1828 3684 Do-

263 3714 428 3769 minus
448 3715 601 3779 dicit,
635 3715 976 3786 inteliigenda
1006 3727 1132 3772 sunt
1151 3714 1300 3789 Sylo,
1324 3713 1547 3790 Galgalo
1572 3728 1626 3774 et
1650 3715 1822 3785 Nobe,

260 3815 306 3860 et
341 3816 534 3862 cetera
564 3809 705 3876 loca,
753 3809 844 3863 ubi
896 3811 1300 3866 tabernaculum
1335 3819 1404 3883 ret
1457 3828 1581 3868 arca
1611 3808 1824 3868 Domini

260 3899 504 3953 collocata
530 3907 676 3954 sunt.

326 4004 342 4040 ι
385 3989 638 4060 Nunquid
696 3989 923 4060 loquens
949 3989 1159 4046 locutus
1191 4007 1308 4046 sum
1365 3993 1522 4048 alicui
1558 3992 1725 4062 judici
1760 3995 1828 4050 de

262 4094 280 4132 t
317 4083 562 4138 tribubus
607 4083 792 4142 lsrael.
832 4083 915 4138 cui
953 4087 1180 4156 prmcepi
1209 4095 1534 4156 utpasceret
1569 4089 1825 4160 populum

261 4190 279 4222 ι
319 4189 492 4227 meum
529 4173 719 4240 Israel,
757 4174 982 4229 dicens:
1014 4174 1190 4241 Quare
1237 4191 1341 4230 non
1371 4177 1650 4232 aediﬁcasti
1694 4179 1827 4234 mihi

260 4280 278 4313 ι
315 4262 532 4318 domum
568 4263 882 4317 cedrinam?
929 4283 947 4315 ι
992 4263 1197 4319 Idcirco
1229 4280 1259 4318 a
1294 4265 1696 4336 nuiiojudicum
1722 4266 1826 4321 sibi

253 4354 501 4410 adiﬁcari
549 4356 767 4409 domum
802 4355 1075 4410 cedrinam
1096 4356 1280 4426 jussit,
1309 4357 1436 4425 quia
1465 4357 1534 4412 ab
1573 4357 1827 4414 omnibus

254 4455 432 4500 mntra
457 4448 646 4501 hostes
671 4455 965 4517 pugnatum
996 4445 1116 4512 fuit,
1136 4455 1192 4501 et
1215 4463 1404 4503 omnes
1423 4447 1686 4504 eﬁ'usores
1713 4448 1826 4503 fue-

254 4545 369 4592 runt
389 4539 734 4609 sanguiuum.
759 4537 927 4592 Filius
947 4546 1126 4593 tamen
1147 4547 1270 4593 tuus
1294 4541 1379 4595 cui
1409 4555 1513 4594 non
1539 4541 1821 4595 instabunt

1938 3376 1957 3410 ι
2001 3373 2165 3426 super
2177 3357 2431 3428 populum
2446 3368 2623 3410 meum
2634 3355 2829 3419 lsrael;
2855 3363 2909 3409 et
2925 3355 3164 3424 requiem
3182 3355 3322 3410 dabo
3337 3354 3430 3409 tibi
3446 3355 3516 3410 ab

1935 3465 1954 3499 ι
1996 3449 2248 3504 omnibus
2275 3447 2510 3504 inimicis
2559 3447 2685 3510 tuis,
2720 3455 2775 3502 et
2796 3446 3066 3501 nuntiabit
3093 3445 3191 3500 tibi
3223 3445 3510 3512 Dominus,

1935 3554 1954 3587 ι
1996 3535 2253 3605 quoniam
2284 3535 2502 3589 domum
2525 3535 2818 3589 aediﬁeabis
2847 3535 2970 3604 ipsi.
3017 3532 3086 3588 Et
3113 3533 3250 3598 erit,
3275 3549 3399 3588 cum
3424 3548 3510 3589 re-

1934 3645 1954 3679 ι
1997 3626 2127 3696 pleti
2181 3626 2381 3681 fuerint
2421 3626 2539 3681 dies
2589 3625 2686 3691 tui,
2735 3634 2790 3680 et
2824 3625 3062 3680 dormies
3103 3639 3226 3680 cum
3269 3624 3517 3695 patribus

1935 3738 1952 3772 ι
1997 3719 2123 3781 tuis,
2157 3719 2434 3774 suscitabo
2473 3733 2655 3785 semen
2695 3727 2848 3772 tuum
2882 3724 3006 3788 post
3056 3725 3130 3781 te,
3181 3717 3276 3786 qui
3314 3719 3418 3771 erit
3447 3717 3514 3772 de

1934 3827 1952 3862 ι
1994 3815 2184 3863 Ventre
2216 3815 2326 3873 tuo,
2360 3815 2417 3862 et
2451 3807 2766 3878 praeparabo
2799 3821 3024 3878 regnum
3067 3805 3204 3875 ejus.
3236 3805 3334 3860 Hic
3382 3807 3515 3862 tedi-

1933 3921 1952 3955 ι
2001 3902 2185 3957 ﬁcabit
2211 3902 2430 3956 domum
2468 3900 2674 3955 nomini
2707 3913 2851 3963 meo,
2883 3907 2939 3953 et
2976 3897 3206 3968 dirigam
3255 3897 3510 3952 thronum

1933 4009 1952 4044 ι
1999 3992 2141 4047 illius
2190 4005 2359 4061 usque
2389 3991 2443 4045 ln
2471 3999 2756 4045 aeternum.
2814 3989 2926 4059 Ego
2962 4002 3057 4042 ero
3086 3986 3162 4041 illi
3191 3987 3246 4042 in
3275 3994 3510 4056 patrem,

1933 4101 1953 4134 ‹
1997 4092 2052 4137 et
2080 4081 2167 4137 ille
2195 4081 2302 4136 erit
2327 4081 2458 4135 mihi
2494 4081 2547 4134 in
2574 4079 2763 4133 ﬁlium.
2813 4079 2880 4132 Et
2909 4093 3032 4134 cum
3067 4079 3279 4134 venerit
3308 4078 3509 4147 iniqui.

1933 4189 1952 4223 ‹
1999 4179 2080 4224 tas
2105 4167 2237 4236 ejus,
2275 4151 2594 4239 redarguam
2623 4167 2772 4221 illum
2801 4167 2856 4220 in
2897 4167 3049 4236 virga
3070 4167 3332 4227 virorum,
3365 4173 3421 4221 et
3451 4165 3508 4220 in

1933 4281 1952 4312 σ
1997 4261 2169 4332 plagis
2215 4253 2446 4314 ﬁliorum
2495 4261 2796 4314 hominum.
2850 4258 3273 4314 Misericordiam
3321 4267 3508 4314 autem

1933 4375 1952 4407 ι
1995 4372 2171 4411 meam
2211 4371 2318 4411 non
2341 4356 2603 4410 amovebo
2639 4355 2707 4408 ab
2733 4368 2818 4420 eo,
2876 4355 3020 4409 sicut
3058 4352 3200 4407 movi
3229 4368 3256 4405 ιι
3287 4353 3512 4422 quibus-

1933 4466 1952 4499 ι
1993 4449 2138 4510 dam,
2186 4461 2324 4515 quos
2378 4445 2555 4500 amovi
2584 4461 2613 4498 a
2642 4445 2784 4499 facie
2815 4457 2952 4498 mea.
2986 4444 3053 4497 Et
3084 4441 3255 4497 ﬁdelis
3277 4442 3384 4496 erit
3414 4442 3511 4510 do-

1933 4557 1953 4589 ‹
1997 4553 2119 4594 mus
2163 4537 2300 4606 ejus,
2346 4546 2401 4592 et
2419 4550 2642 4607 regnum
2689 4534 2806 4604 ejus
2842 4549 3013 4605 usque
3043 4535 3096 4589 in
3127 4543 3390 4589 attemum
3419 4549 3513 4588 eo-

253 4626 378 4682 bella
403 4601 637 4684 hostium
655 4636 710 4682 et
726 4629 815 4697 qui
843 4641 948 4683 non
969 4612 1179 4684 erit'vir
1199 4631 1675 4701 sanguinum,ipse
1695 4601 1903 4686 :edi-D
1933 4654 1951 4686 ι
2000 4649 2114 4688 ram
2159 4641 2362 4689 me:et
2408 4635 2635 4688 thronus
2677 4632 2795 4701 ejus
2841 4632 2946 4687 erit
2984 4639 3198 4687 erectus
3244 4631 3300 4686 in
3342 4641 3509 4686 aeter-

252 4717 429 4774 ﬁcabit
458 4720 590 4776 mibi
624 4720 864 4774 domum.

319 4829 338 4860 ι
388 4808 452 4864 ει
479 4825 622 4864 nunc
647 4813 762 4866 haec
781 4813 928 4866 dices
956 4824 1112 4866 servo
1157 4826 1279 4867 meo
1309 4811 1476 4867 David
1507 4809 1670 4868 :ilaac
1696 4813 1825 4869 dicit

254 4917 275 4951 ι
312 4900 573 4957 Dominus
611 4904 944 4958 exercituum
973 4921 986 4957 :
1017 4902 1127 4974 Ego
1157 4905 1253 4959 tuli
1297 4913 1348 4958 te
1371 4907 1436 4959 de
1483 4907 1700 4974 pascuis
1735 4923 1821 4960 se-

255 5007 273 5042 ι
311 5004 564 5063 quentem
598 5009 806 5065 greges.
840 5015 858 5046 ι
889 4992 953 5048 Et
986 5004 1108 5065 post
1136 5012 1302 5066 pauca
1345 5010 1358 5047 :
1394 5013 1412 5046 ι
1459 4993 1694 5067 Fecique
1725 4994 1820 5052 tibi

254 5097 270 5131 ι
312 5098 507 5136 nomen
537 5082 740 5154 grande
762 5083 917 5151 juxta
950 5097 1141 5138 nomen
1175 5101 1509 5156 ntagnorum,
1556 5091 1647 5156 qui
1693 5098 1820 5142 sunt

249 5186 269 5222 ι
309 5174 367 5227 in
408 5182 572 5228 terra.
610 5195 627 5226 ι
677 5193 694 5224 ι
731 5174 878 5239 Feci,
923 5175 1115 5245 inquit,
1180 5176 1277 5230 tibi
1325 5177 1582 5233 Dominus
1625 5195 1819 5249 nomen

243 5266 466 5333 grande,
499 5287 518 5318 ι
554 5266 607 5320 id
638 5271 739 5330 est,
776 5268 914 5322 sicut
945 5268 1047 5322 feci
1094 5269 1392 5333 Abraham,
1431 5268 1602 5337 lsaac,
1649 5281 1702 5326 et
1730 5269 1820 5327 Ja-

242 5357 359 5418 cob,
391 5365 446 5410 et
465 5356 658 5428 Moysi,
687 5367 741 5412 et
765 5357 926 5413 Josue
953 5372 1182 5430 quorum
1210 5360 1429 5414 nomina
1455 5359 1815 5416 famosissima

243 5454 370 5499 sunt
393 5445 445 5498 in
472 5453 638 5500 terra.

312 5554 332 5586 ι
382 5536 446 5590 Et
466 5553 667 5606 ponam
690 5537 862 5593 locum
884 5541 1078 5610 populo
1114 5557 1234 5597 meo
1257 5540 1442 5606 lsrael,
1476 5549 1530 5595 et
1559 5541 1814 5612 piantabo

247 5641 264 5673 ι
305 5641 452 5691 eum,
502 5635 560 5682 et
599 5626 862 5682 habitabit
911 5631 1010 5684 sub
1049 5647 1132 5685 eo.
1170 5651 1188 5684 ι
1226 5631 1339 5685 Hoc
1363 5631 1416 5684 in
1453 5631 1572 5685 loco
1606 5639 1818 5700 tempus

242 5715 548 5774 Salomonis
576 5734 758 5773 sermo
803 5719 1059 5775 describit
1107 5722 1339 5787 divinus,
1381 5736 1489 5791 quo
1515 5721 1609 5775 ﬁlii
1647 5720 1816 5776 lsraei

238 5821 420 5878 pacem
449 5820 636 5866 essent
667 5809 902 5866 habituri
939 5827 1034 5882 per
1060 5811 1366 5880 circuitum,
1413 5823 1468 5868 ct
1493 5826 1598 5867 non
1635 5820 1820 5868 essent

1933 4741 1952 4774 ι
1997 4736 2147 4775 num.
2215 4739 2234 4773 ι
2281 4721 2434 4775 Hanc
2486 4728 2595 4774 tam
2640 4720 2898 4790 grandem
2947 4720 3363 4790 promissionem
3413 4719 3508 4790 qui

1923 4822 2080 4883 putat
2117 4812 2171 4865 in
2229 4810 2516 4865 Salomone
2547 4809 2716 4864 fuisse
2755 4809 3100 4878 completam,
3143 4809 3374 4864 multum
3427 4826 3511 4864 er-

1924 4911 2026 4958 rat.
2051 4901 2298 4957 Attendit
2329 4902 2472 4956 enim
2503 4901 2644 4970 quod
2680 4901 2881 4954 dictum
2915 4910 2998 4954 est
3029 4919 3040 4953 :
3079 4919 3098 4951 ‹
3137 4899 3234 4954 Hic
3260 4901 3498 4955 tediﬁca«

1923 4995 2004 5049 bit
2043 4994 2176 5048 mihi
2230 4993 2447 5046 domum
2497 5011 2512 5045 :
2570 5010 2588 5043 ι
2644 4992 2900 5061 quoniam
2959 4991 3212 5046 Salomon
3247 4992 3505 5061 templum

1921 5083 2053 5141 illud
2102 5083 2281 5139 nobile
2329 5084 2559 5147 struxit;
2612 5091 2666 5136 et
2711 5097 2816 5136 non
2861 5081 3088 5136 attendit
3128 5081 3269 5150 quod
3321 5083 3501 5137 dicit:

1928 5195 1946 5228 ι
1990 5173 2191 5231 Fidelis
2236 5177 2342 5230 erit
2375 5176 2565 5230 domus
2595 5171 2710 5242 ejus
2753 5185 2808 5228 et
2831 5189 3055 5244 regnum
3095 5173 3213 5242 ejus
3245 5190 3415 5244 usque
3443 5175 3498 5228 in

1921 5275 2180 5321 :etcrnum
2235 5281 2414 5320 coram
2463 5281 2570 5318 me.
2625 5283 2642 5313 ι
2692 5263 2949 5317 Attendat
2995 5277 3126 5333 ergo
3169 5273 3226 5317 et
3269 5263 3500 5332 aspiciat

1923 5357 2230 5411 Salomonis
2277 5357 2494 5410 domum
2536 5353 2749 5424 plenam
2817 5352 3132 5408 mulieribus
3177 5352 3492 5422 alienigenis

1920 5447 2220 5502 colentibus
2269 5447 2398 5500 deos
2426 5446 2611 5510 falsos,
2661 5452 2715 5500 et
2755 5445 2930 5515 ipsum
2981 5445 3049 5499 ab
3075 5444 3154 5499 eis
3177 5458 3358 5514 regem
3393 5440 3494 5494 ali-

1919 5537 2135 5607 quando
2157 5537 2452 5608 sapientem
2479 5537 2529 5589 in
2558 5535 2804 5591 eamdem
2832 5534 3186 5589 idololatriam
3211 5533 3490 5586 seductum

1920 5637 2082 5698 atque
2108 5627 2374 5696 dejectnm
2398 5635 2579 5680 etnon
2616 5625 2812 5679 audeat
2848 5624 3159 5676 existimare
3188 5621 3376 5682 Deum,
3411 5613 3497 5673 vel

1919 5719 2022 5774 hoc
2069 5717 2382 5789 promisisse
2429 5716 2778 5778 mendaciter,
2833 5713 2917 5767 vel
2968 5712 3128 5766 talem
3183 5709 3491 5764 Salomonis

1918 5812 2138 5868 domum
2182 5825 2304 5866 eum
2355 5809 2589 5864 futuram
2635 5822 2742 5862 non
2777 5804 3015 5875 potuisse
3057 5802 3330 5875 praescire.
3376 5801 3493 5857 Non
