2013 3101
245 205 278 234 91
559 202 589 229 Β.
610 199 738 229 RABANI
757 199 867 235 MAUth
886 197 1045 234 ARCHIEP.
1069 196 1223 225 MOGUNT.
1243 195 1385 224 OPERUM
1405 195 1493 223 PARS
1512 195 1531 222 Ι.
1674 233 1678 235 α
1838 197 1875 225 92

243 261 308 290 hinc
334 260 464 288 debemus
490 258 605 294 amplius
629 257 777 292 ambigere,
801 264 861 284 cum
877 256 905 282 in
923 255 1033 283 Christo
1048 261 1075 290 Α
1086 259 1217 281 aeternum
1233 253 1364 288 speranda
1377 259 1427 284 est,
1451 252 1477 279 in
1490 260 1542 287 qua
1568 252 1721 282 certissima
1735 260 1783 288 spe
1807 253 1881 280 dici-

243 308 358 336 Domino
377 311 482 338 nostro,
502 315 511 331 ‹
530 305 574 339 qui
589 304 675 331 factus
695 307 737 334 est
762 311 795 330 ex
821 303 924 330 semine
950 301 1034 334 David

245 353 394 382 secundum
408 358 518 382 carnem
543 349 629 385 (Rom.
645 349 676 382 ι),
702 359 711 374 ›
733 348 789 383 jam
812 348 961 375 viderimus
984 348 1034 374 ista

245 397 386 432 compleri,
398 404 431 423 ne
444 403 513 422 vane
526 399 607 428 atque
630 394 749 425 inaniter
763 394 807 422 hic
817 393 905 421 alium.
916 392 1033 427 aliquem

246 443 416 478 requiramus
436 441 508 468 sicut
530 440 626 467 inanes
640 439 735 467 Judzci.
751 439 819 470 Nam
834 442 863 466 et
881 438 932 473 ipsi
951 445 1037 472 usque

246 489 314 515 adeo
336 487 432 517 filium,
459 493 539 520 quem
551 485 611 512 loco
625 485 677 513 isto
693 484 749 519 regi
765 484 854 520 [David
871 483 1035 519 promissum

245 533 344 567 legant,
363 531 516 565 intelligunt
530 538 582 557 non
598 530 680 556 fuisse
693 529 877 561 Salonlonem,
898 533 927 556 ut
941 536 973 556 eo
988 528 1035 564 qui

245 578 395 613 promissus
408 580 450 603 est
470 579 544 602 tanta
563 574 621 609 jam
643 574 862 603 manifestatione
889 573 1036 606 declarato,

246 624 334 651 adhuc
359 622 474 651 mirabili
492 621 614 649 cmcitatc
635 620 719 647 alium
743 627 853 655 sperare
878 627 908 646 se
933 619 1035 646 dicant.

247 669 330 697 Facta
348 673 389 695 est
409 668 518 702 quidem
531 666 658 694 nonnulla
681 666 769 701 imago
790 665 830 692 rei
845 665 942 692 futurae
955 664 1038 705 etiam

247 717 275 744 in
287 715 443 745 Salomone,
466 714 492 740 in
509 721 542 740 oo
555 711 626 747 quod
644 711 770 746 templum
795 710 936 739 aediﬁcavit
951 714 978 737 et
988 717 1038 744 pa,-

247 770 307 789 ocm
320 760 414 788 habuit
430 752 579 792 secundum
597 764 695 784 nomen
711 763 799 783 suum.
819 755 1039 790 Salomonquip—

247 816 284 844 pe
295 807 420 842 paciﬁcus
435 795 477 833 est
495 805 601 832 Latine.
618 803 651 831 Et
666 803 693 830 in
704 803 816 831 exordio
832 801 907 836 regni
932 801 974 828 sui
988 801 1040 835 mi-

248 855 371 882 rabiliter
384 851 526 880 laudabilis
541 850 600 877 fuit.
627 849 682 878 Sed
695 849 789 881 eadem
801 855 849 875 sua
865 854 983 882 persona
992 854 1040 883 per

248 901 372 928 umbram
390 898 481 926 futura
497 895 707 932 prtenuntiabat,
727 894 811 923 etiam.
821 894 879 928 ipse
901 892 1039 926 Christum

1087 301 1140 328 tur,
1159 306 1168 322 ‹
1184 296 1255 329 Fiat,
1272 296 1327 327 liat,
1347 306 1354 321 ι
1376 297 1445 323 sicut
1458 296 1484 322 in
1497 295 1599 330 psalmo
1616 297 1782 332 octogesimo
1796 302 1876 324 octa-

1085 351 1122 377 vo
1134 343 1269 378 scriptum,
1288 342 1314 369 in
1328 342 1379 369 ﬁne
1394 347 1436 369 est
1460 351 1466 368 :
1485 352 1492 368 ι
1514 342 1688 375 Benedictus,
1705 343 1802 379 inquit,
1821 345 1876 371 Do-

1087 388 1175 416 minus
1188 387 1214 414 in
1236 392 1375 416 aeternum.
1391 387 1461 419 Fiat,
1484 386 1541 414 ﬁat.
1562 397 1570 412 ι
1586 387 1660 414 illius
1673 388 1746 415 enim
1760 388 1816 423 spei
1833 393 1878 417 est

1087 431 1267 466 conﬁrmatio,
1283 431 1357 458 verbi
1378 432 1458 466 hujus
1473 431 1590 458 iteratio.
1616 432 1673 459 Hoc
1698 423 1763 467 ergo
1778 434 1881 461 intelli-

1088 485 1154 512 gens
1171 477 1254 504 David
1268 477 1306 504 ait
1320 477 1346 503 in
1359 476 1477 511 secundo
1493 477 1596 512 Regum
1612 477 1681 504 libro
1696 487 1702 504 :
1723 488 1731 503 ‹
1750 478 1783 505 Ει
1802 478 1881 506 locu—

1090 528 1132 551 tus
1143 531 1172 550 es
1184 531 1232 558 pro
1244 523 1323 550 domo
1337 523 1408 551 servi
1424 523 1462 550 tui
1476 522 1502 549 in
1514 523 1703 560 longinquum.
1724 534 1731 549 ι
1752 524 1814 551 Ideo
1829 533 1881 552 au-

1089 573 1143 595 tem
1159 572 1220 603 post
1241 567 1379 602 paululum
1401 568 1458 595 ait:
1475 577 1483 592 ι
1502 567 1578 595 Nunc
1597 568 1695 603 incipe,
1717 573 1745 595 et
1765 569 1881 597 benedic

1089 613 1198 641 domum
1224 614 1295 641 servi
1318 613 1354 640 tui
1374 621 1458 649 usque
1476 614 1503 640 in
1531 618 1673 646 mternum,
1699 619 1752 652 etc.
1782 625 1791 641 ›
1811 615 1881 649 Quia

1090 663 1154 690 tunc
1178 659 1319 695 geniturus
1341 663 1400 686 erat
1416 659 1510 691 ﬁlium,
1534 667 1568 686 ex
1590 667 1644 694 quo
1659 661 1802 695 progenies
1822 661 1883 695 ejus

1091 705 1234 732 duceretur
1247 705 1279 732 ad
1293 703 1441 738 Christum,
1459 712 1506 739 per
1520 712 1599 739 quem
1614 704 1704 732 futura
1714 710 1774 733 erat
1783 706 1883 735 domus

1090 749 1149 784 ejus
1172 754 1283 781 :eterna,
1308 750 1457 784 eademque
1480 750 1576 781 domus
1596 751 1655 777 Dei.
1679 751 1780 779 Domus
1807 752 1882 779 enim

1090 795 1177 832 David.
1189 799 1299 830 propter
1317 803 1401 831 genus
1415 796 1519 830 David;
1539 796 1635 824 domus
1660 801 1749 824 autem
1772 797 1819 825 Dei
1835 806 1883 826 ea-

1090 840 1151 868 dem
1166 840 1224 875 ipsa
1243 845 1353 876 propter
1374 841 1502 875 templum
1523 841 1581 873 Dei,
1600 841 1634 869 de
1656 842 1813 872 heminibus
1841 843 1883 870 la-

1092 890 1178 918 ctum,
1201 894 1255 915 non
1284 886 1317 913 de
1337 886 1479 921 lapidibus,
1498 887 1544 914 ubi
1563 887 1667 915 habitet
1702 888 1730 915 in
1748 893 1882 917 aeternum

249 945 391 973 Dominum
400 951 452 971 non
462 942 616 970 exhibebat.
627 941 702 970 Unde
708 940 870 976 quaedamdc
878 938 923 966 illo
931 939 966 965 ita
974 937 1040 965 scri-

1097 934 1205 968 populus
1215 941 1277 961 cum
1287 934 1352 969 Deo,
1367 937 1394 961 et
1406 933 1433 960 in
1441 933 1496 961 Deo
1506 942 1565 967 suo,
1578 938 1605 968 et
1616 935 1688 962 Deus
1699 943 1759 972 cum
1772 936 1882 970 populo,

248 995 296 1026 pta
308 993 380 1022 sunt,
396 988 475 1024 quasi
489 988 587 1022 deipso
597 987 646 1014 ista
662 986 790 1021 przedicta
804 985 869 1016 sint,
888 992 950 1011 cum
966 983 1040 1010 Scri-

249 1040 328 1071 ptura
341 1038 435 1062 sancta
450 1034 532 1061 etiam
544 1033 578 1060 de
591 1033 674 1060 rebus
684 1032 767 1067 gestis
786 1030 961 1065 prophetans,
977 1036 1041 1063 quo-

250 1080 394 1109 dammodo
412 1080 486 1107 ineo
504 1078 618 1114 ﬁguram
639 1078 757 1105 detineat
780 1076 943 1104 futurorum.
972 1075 1040 1102 Nam

250 1130 349 1162 praeter
372 1125 458 1153 libros
469 1125 566 1153 divinte
585 1123 716 1156 historixe,
739 1123 784 1152 ubi
803 1129 931 1158 regnasse
944 1128 1040 1151 narra-

251 1176 305 1204 tur,
334 1172 456 1207 psalmus
474 1171 557 1198 etiam
581 1169 808 1205 septuagesimus,
837 1168 943 1203 primus
964 1166 1041 1198 titulo

250 1217 369 1245 nominis
386 1217 444 1251 ejus
466 1216 615 1250 inscriptus
633 1219 686 1247 est,
709 1214 735 1242 in
751 1221 805 1249 quo
822 1218 877 1241 tam
903 1212 988 1240 multa
1002 1211 1042 1249 di-

250 1266 349 1290 cuntur
367 1270 428 1296 qua:
439 1261 550 1288 omnino
565 1260 591 1288 ei
620 1259 767 1287 convenire
781 1266 834 1285 non
849 1262 976 1295 possunt,
988 1257 1043 1287 Do-

251 1307 327 1337 mino
347 1312 438 1334 autem
450 1306 559 1333 Christo
583 1305 724 1339 aptissima
738 1303 932 1339 perspicuitate
945 1308 1044 1329 conve-

253 1354 331 1381 niunt
347 1362 353 1379 :
367 1357 397 1379 ut
405 1352 544 1380 evidenter
559 1354 690 1386 appareat
701 1350 772 1385 quod
784 1350 811 1377 in
830 1349 876 1377 illo
890 1349 1045 1384 qualiscun-

251 1406 305 1434 que
318 1398 479 1425 adumbrata
491 1397 527 1424 sit
545 1405 552 1423 :
574 1397 601 1423 in
615 1396 668 1434 isto
681 1399 772 1423 autem
785 1395 842 1431 ipsa
859 1390 958 1422 veritas
973 1401 1044 1428 pne-

253 1447 367 1474 sentata.
384 1443 482 1470 Notum
505 1446 549 1470 est
574 1443 645 1469 enim
662 1442 760 1476 quibus
780 1440 904 1468 terminis
931 1447 1044 1475 regnum

252 1487 408 1516 conclusum
419 1487 508 1515 fuerat
521 1486 673 1514 Salomonis
685 1494 692 1519 ;
706 1490 733 1513 et
742 1490 833 1515 tamen
847 1485 875 1512 in
893 1492 925 1512 eo
939 1484 1045 1520 psalmo

252 1536 351 1571 legitur
381 1540 412 1563 ut
427 1536 479 1563 alia
505 1540 628 1563 taceam:
647 1544 656 1560 ‹
673 1533 859 1562 Dominabitur
879 1540 895 1559 a
918 1532 988 1561 mari
1001 1539 1046 1564 us-

253 1590 307 1617 que
321 1582 354 1609 ad
368 1589 454 1614 mare,
471 1585 500 1609 et
514 1589 529 1608 a
542 1581 651 1607 ﬂumine
665 1587 749 1614 usque
769 1579 802 1606 ad
816 1578 947 1606 terminos
972 1577 1046 1610 orbis

256 1632 337 1654 terra:
352 1635 359 1653 :
379 1636 388 1652 ι
405 1626 476 1661 quod
488 1626 514 1653 in
523 1626 632 1653 Christo
644 1625 765 1659 videmus
777 1624 892 1660 impleri.
903 1623 926 1651 A
937 1623 1047 1659 ﬂumipo

254 1671 355 1706 quippe
367 1670 523 1698 dominandi
538 1670 655 1705 sumpsit
667 1670 824 1702 exordium,
837 1669 883 1697 ubi
895 1669 1048 1707 baptizatps

255 1723 273 1743 a
286 1715 401 1747 Joanne,
416 1716 511 1744 eodem
528 1720 708 1750 monstrante,
719 1716 802 1750 cmpit
812 1715 921 1751 agnosci
936 1722 953 1742 a
964 1715 1048 1750 disci-

255 1761 338 1797 pulis,
354 1761 399 1796 qui
415 1769 468 1789 non
493 1761 580 1788 solum
591 1761 762 1796 magistrum,
777 1769 872 1788 verum
894 1761 978 1788 etiam
991 1760 1045 1790 D0-

256 1797 360 1834 miuutn
387 1807 601 1842 appellaverunt.
616 1808 671 1835 Nec
695 1808 730 1836 ob
748 1808 821 1835 aliud
840 1806 948 1842 vivente
960 1806 1049 1841 adhuc

255 1859 332 1889 patre
349 1862 399 1883 suo
409 1854 503 1887 Darid,
522 1861 636 1889 regnare
649 1853 777 1881 Salomon
788 1853 872 1888 cepit
888 1852 971 1888 (quod
982 1852 1048 1886 ualli

257 1908 350 1936 regrtm
368 1900 475 1927 illorum
492 1899 629 1936 contigit),
652 1899 704 1927 nisi
720 1903 750 1926 ut
766 1899 829 1931 huic
855 1905 962 1933 quoque
983 1897 1050 1925 satis

255 1946 372 1979 eluceat,
391 1954 445 1974 non
459 1953 520 1974 esse
543 1946 629 1980 ipsum
650 1952 729 1980 quem
751 1944 893 1979 prophetia
909 1944 963 1971 ista
978 1950 1049 1980 prte-

257 1991 355 2025 signat,
380 1998 440 2025 quae
453 1991 488 2018 ad
499 1989 558 2024 cjus
571 1993 675 2025 patrem
700 1990 831 2025 loquitur,
845 1989 940 2016 dicens
956 1998 962 2015 :
985 1998 994 2014 ι
1013 1988 1047 2019 Et

256 2037 321 2069 erit,
340 2044 401 2066 cum
429 2036 523 2070 repleti
549 2036 650 2063 fuerint
669 2036 727 2063 dies
751 2036 790 2063 tui
812 2039 839 2063 et
852 2035 971 2065 dormies
984 2042 1047 2066 cum

257 2082 381 2117 patribus
402 2082 464 2113 tuis,
484 2086 512 2109 et
526 2081 663 2109 suscitabo
677 2089 770 2111 semen
792 2085 867 2112 tuum
877 2085 939 2115 post
952 2084 988 2113 tc,
1002 2080 1049 2115 qui

258 2128 312 2154 erit
333 2127 366 2154 de
382 2131 477 2155 ventre
500 2131 557 2159 tuo,
576 2131 604 2154 et
620 2127 780 2161 praeparabo
799 2133 910 2161 regnum
935 2125 1017 2152 illius.
1038 2134 1046 2150 ι

258 2173 400 2206 Quomodo
417 2180 482 2208 ergo
492 2176 603 2207 propter
617 2173 644 2199 id
657 2172 728 2207 quod
743 2172 879 2207 sequitur,
895 2181 904 2196 ι
923 2171 973 2199 Hic
987 2170 1050 2199 redi-

259 2219 352 2246 licabit
375 2218 441 2246 mihi
455 2219 577 2251 domum,
593 2227 602 2243 ι
620 2218 671 2247 iste
684 2217 811 2246 Salomon
836 2217 975 2252 potabitur
985 2224 1050 2251 pro-

257 2264 395 2300 phetatus,
414 2269 442 2292 et
463 2272 515 2292 non
532 2264 622 2299 potius
644 2267 755 2298 propter
770 2263 797 2290 id
811 2263 882 2297 quod
897 2262 1024 2297 prtecedit
1040 2271 1046 2288 :

261 2320 271 2335 ‹
292 2309 360 2338 Cum
372 2309 466 2344 repleti
479 2309 580 2336 fuerint
598 2308 656 2335 dies
670 2308 720 2339 tui,
738 2311 766 2335 et
787 2307 905 2335 dormies
927 2314 990 2335 cum
1002 2314 1049 2341 pa-

259 2355 347 2382 tribus
357 2353 422 2385 tuis,
434 2353 570 2380 suscitabo
580 2360 672 2380 semen
681 2357 756 2379 tuum
767 2356 829 2386 post
838 2355 881 2378 te:
897 2361 905 2376 ι
919 2351 987 2379 alius
999 2359 1050 2386 pa-

259 2398 355 2426 ciﬁcus
368 2397 530 2433 intelligitur
539 2404 599 2425 esse
609 2397 769 2432 promissus,
781 2396 827 2432 qui
842 2404 895 2424 non
909 2401 984 2429 ante,
999 2396 1052 2424 sic-

260 2447 292 2470 ut
314 2443 376 2475 iste,
404 2443 451 2470 sed
474 2446 536 2477 post
562 2447 677 2469 mortem
701 2441 783 2469 David
801 2442 996 2477 prmnuntiatus
1011 2445 1052 2475 est

260 2488 449 2516 suscitandus?
457 2487 621 2521 .Quamlibet
632 2487 704 2517 enim
716 2487 796 2523 longo
809 2487 969 2521 interposito
985 2491 1052 2513 tem-

260 2541 326 2569 pore
341 2533 466 2561 Christus
479 2532 557 2562 Jesus
572 2533 688 2565 veniret,
703 2533 795 2569 procul
805 2533 887 2560 dubio
903 2538 964 2567 post
977 2540 1050 2560 mor-

260 2584 317 2607 tem
332 2580 403 2615 regis
417 2579 512 2612 David,
530 2580 574 2608 cui
592 2580 633 2607 sic
646 2583 689 2607 est
705 2580 869 2614 promissus,
882 2587 944 2606 eum
956 2579 1051 2611 venire

260 2625 406 2660 oportebat
419 2625 464 2660 qui
477 2625 623 2654 aediﬁcaret
653 2625 761 2652 domum
775 2625 840 2659 Deo,
856 2632 909 2658 non
921 2626 953 2653 de
969 2625 1049 2661 lignis

259 2675 290 2698 et
308 2670 452 2705 lapidibus.
473 2670 520 2698 sed
536 2670 569 2697 de
582 2670 746 2703 hominibus,
763 2670 871 2705 qualem
893 2670 969 2698 illum
983 2670 1050 2697 mdi-

262 2715 347 2745 licare
359 2715 516 2750 gaudemus.
547 2714 615 2742 Huic
628 2716 700 2743 enim
716 2715 808 2747 domui
820 2715 886 2743 dicit
896 2715 1050 2751 Apostolus,

263 2762 317 2791 hoc
343 2765 395 2793 est,
422 2760 546 2791 fidelibus
572 2760 695 2788 Christi:
713 2771 722 2786 ι
739 2761 880 2796 Templum
899 2761 972 2789 enim
1002 2761 1050 2790 Dei

262 2811 387 2836 nanctum
400 2810 451 2838 est,
472 2806 542 2840 quod
556 2806 623 2834 estis
635 2813 683 2833 vos
699 2805 725 2841 (Ι
751 2805 813 2833 Cor.
829 2805 883 2839 tu).
903 2815 912 2832 ι
937 2806 1051 2834 Benedi-

263 2854 318 2881 ctio
331 2853 437 2882 Domini
449 2853 548 2887 quippe
559 2852 587 2880 in
604 2852 707 2883 semine
719 2852 813 2884 David,
830 2859 883 2879 non
899 2852 932 2879 ad
944 2852 1053 2888 aliquod

265 2903 381 2932 tempus,
402 2898 491 2933 qualis
515 2897 610 2926 diebus
628 2897 780 2930 Salomonis
801 2897 937 2933 apparuit,
964 2898 1010 2926 sed
1026 2899 1051 2926 in

1092 984 1119 1007 et
1134 980 1160 1007 in
1173 980 1271 1018 populo
1282 988 1331 1007 suo
1347 990 1353 1007 :
1373 980 1410 1007 ita
1425 985 1454 1007 ut
1476 980 1547 1008 Deus
1560 981 1596 1015 sit
1619 981 1735 1021 impleas
1755 982 1883 1016 populum

1092 1034 1171 1053 suum
1199 1030 1228 1053 et
1245 1025 1360 1062 populus
1379 1025 1480 1061 plenus
1494 1027 1549 1061 Deo
1566 1034 1626 1060 suo,
1657 1036 1666 1052 ‹
1691 1026 1725 1053 Et
1743 1027 1814 1055 Deus
1830 1027 1885 1054 erit

1092 1073 1181 1106 omnia
1194 1073 1221 1100 in
1246 1073 1371 1100 omnibus
1385 1072 1429 1110 (II
1439 1072 1504 1112 _Cor.
1520 1073 1578 1109 xv).
1596 1084 1609 1100 ι,
1620 1073 1679 1109 Ipse
1694 1074 1719 1101 in
1734 1082 1800 1109 pace
1811 1082 1885 1112 prm-

1093 1118 1187 1150 mium,
1209 1117 1261 1152 qui,
1275 1118 1361 1152 virtus
1371 1108 1398 1145 in
1418 1108 1498 1146 bello.
1516 1108 1577 1146 Ideo
1592 1108 1652 1146 cum
1665 1108 1818 1146 scctuidumﬁ
1836 1108 1884 1147 Se-

1093 1163 1231 1202 ptuaginta
1255 1164 1282 1191 in
1307 1164 1397 1192 verbis
1419 1164 1526 1195 Nathan
1547 1164 1654 1201 dictum
1664 1165 1719 1200 sit:
1736 1175 1744 1191 ι
1761 1165 1794 1192 Et
1816 1174 1887 1192 nun—

1093 1209 1170 1236 tiabit
1198 1209 1246 1237 tibi
1267 1209 1407 1243 Dominus,
1438 1210 1573 1246 quoniam,
1595 1210 1705 1249 domum
1724 1206 1884 1251 iaediﬁvcabis

1094 1255 1145 1290 ipsi
1160 1264 1167 1282 :
1184 1266 1192 1281 ι
1209 1262 1301 1291 postea
1316 1257 1416 1289 dictum
1430 1262 1472 1293 est
1484 1258 1581 1292 verbis
1594 1258 1679 1294 David
1700 1267 1706 1285 :
1726 1268 1735 1284 (
1752 1255 1888 1292 Quoniam

1095 1306 1123 1328 tu
1146 1302 1278 1334 Dominus
1286 1304 1456 1338 omnipotens
1469 1304 1539 1332 Deus
1549 1304 1644 1337 Israel,
1659 1304 1782 1332 revelasti
1794 1308 1888 1331 autem

1095 1355 1173 1374 servo
1198 1352 1255 1381 tuo,
1283 1349 1398 1377 dicens:
1413 1350 1526 1376 Domum
1549 1350 1687 1377 :edilicabo
1708 1350 1767 1383 tibi.
1785 1359 1794 1375 ι
1811 1349 1890 1377 Hanc

1094 1393 1168 1419 enim
1181 1392 1291 1421 domum
1304 1398 1332 1421 et
1357 1402 1407 1423 nos
1422 1395 1617 1422 axliﬁcabimus
1640 1395 1707 1422 bene
1722 1395 1845 1426 vivendo,
1859 1398 1890 1422 et

1095 1435 1162 1470 Deo,
1177 1440 1208 1464 ut
1223 1437 1292 1465 bene
1308 1438 1442 1470 vivamus,
1468 1439 1642 1474 opitulando;
1660 1439 1722 1474 quia
1741 1448 1749 1464 ι
1770 1438 1822 1466 nisi
1836 1438 1891 1466 Do-

1096 1482 1186 1512 minus
1199 1482 1374 1513 :cdiﬁcaverit
1389 1483 1509 1518 domum,
1525 1483 1552 1510 in
1573 1491 1673 1511 vanum
1688 1484 1814 1511 laborant
1825 1483 1892 1511 tedi-

1097 1527 1211 1557 ﬁcautes
1225 1536 1285 1556 eam
1298 1528 1387 1565 (Psal.
1403 1529 1505 1565 cxxvr).
1535 1539 1544 1556 ι
1559 1530 1643 1565 Cujus
1659 1530 1759 1563 domus.
1773 1537 1834 1557 cum
1845 1537 1893 1557 ve-

1091 1574 1170 1605 nerit
1182 1574 1276 1605 ultima
1288 1574 1433 1611 dedicatio,
1448 1579 1512 1611 tunc
1523 1575 1569 1602 ﬁet
1594 1575 1670 1610 illud,
1694 1575 1766 1610 quod
1781 1575 1825 1602 hic
1841 1582 1893 1611 per

1060 1613 1082 1643 C
1099 1619 1204 1646 Nathan
1216 1619 1322 1653 locutus
1330 1623 1372 1647 est
1381 1620 1463 1652 Deus,
1480 1621 1573 1648 dicens
1586 1629 1592 1647 :

1138 1674 1147 1690 ‹
1170 1664 1203 1692 Et
1215 1672 1314 1699 ponam
1330 1665 1418 1693 locum
1439 1666 1538 1701 populo
1554 1674 1614 1695 meo
1629 1663 1724 1700 Israel',
1743 1670 1771 1694 et
1785 1666 1893 1701 planta—

1101 1720 1111 1736 ι
1132 1710 1259 1743 boillum,
1275 1715 1302 1738 ct
1317 1711 1480 1739 inhabitabit
1496 1719 1635 1745 seorsum;
1650 1716 1677 1740 et
1693 1720 1747 1741 non
1759 1712 1893 1740 sollicitus

1102 1765 1113 1787 r
1133 1755 1185 1785 erit
1199 1755 1280 1789 ultra,
1294 1760 1321 1786 et
1340 1764 1393 1785 non
1408 1762 1525 1792 apponet
1548 1757 1619 1788 ﬁlius
1634 1758 1788 1793 iniquitatis
1802 1758 1893 1798 humi-

1102 1812 1113 1828 ι
1133 1802 1199 1835 liare
1216 1810 1287 1836 eum,
1301 1803 1370 1832 sicut
1386 1803 1420 1831 ab
1431 1804 1508 1831 initio
1519 1812 1533 1832 a
1549 1803 1642 1832 diebus
1655 1804 1753 1838 quibus
1762 1804 1893 1832 constitui

1102 1858 1112 1874 ‹
1128 1850 1237 1883 judices
1260 1857 1341 1884 super
1354 1849 1482 1885 populum
1499 1858 1588 1878 meum
1614 1850 1706 1885 Israel.
1738 1860 1746 1876 ι
1764 1850 1819 1879 Hoc
1834 1854 1892 1877 tam

1100 1902 1226 1929 magnum
1242 1894 1341 1922 bonum
1361 1895 1484 1930 quisquis
1505 1896 1531 1923 in
1547 1896 1597 1924 hoc
1612 1896 1710 1924 saeculo
1737 1900 1764 1931 et
1788 1896 1815 1924 in
1838 1896 1892 1924 hac

1100 1944 1172 1966 terra
1183 1944 1286 1975 sperat,
1307 1941 1465 1975 insipienter
1478 1941 1557 1976 sapit.
1571 1941 1641 1968 Ante
1661 1941 1795 1976 quispiam
1810 1946 1891 1976 puta-

1099 1986 1139 2015 bit
1157 1985 1184 2012 in
1203 1994 1269 2021 pace
1285 1986 1438 2016 Salomonis
1457 1987 1483 2014 id
1505 1995 1565 2016 esse
1590 1987 1767 2022 completum.
1793 1987 1893 2015 Pacem

1100 2031 1199 2066 quippe
1222 2031 1294 2059 illam
1317 2031 1457 2066 Scriptura
1474 2032 1501 2059 in
1529 2032 1624 2059 umbra
1645 2031 1727 2059 futuri
1747 2032 1894 2060 excellenti

1100 2077 1290 2110 pnedicatione
1304 2077 1485 2109 commendat.
1503 2076 1553 2105 Cui
1578 2078 1725 2113 suspicioni
1747 2078 1894 2114 vigilanter

1100 2129 1243 2149 occursum
1270 2124 1323 2152 est.
1351 2129 1412 2149 cum
1431 2126 1607 2161 posteaquam
1626 2122 1728 2150 dictum
1754 2127 1812 2152 est:
1831 2133 1840 2148 ι
1859 2123 1895 2151 Et

1101 2175 1154 2203 non
1166 2172 1282 2202 apponet
1295 2167 1365 2199 ﬁlius
1380 2168 1530 2203 iniquitatis
1540 2168 1685 2195 humiliare
1698 2176 1759 2201 eum
1775 2177 1783 2195 :
1802 2178 1811 2194 ι
1827 2176 1895 2195 con-

1101 2214 1177 2241 tinuo
1201 2213 1372 2248 subjunctum
1395 2218 1458 2241 est:
1478 2223 1487 2240 ς
1515 2213 1592 2242 Sicut
1613 2214 1649 2249 ab
1670 2214 1748 2242 initio
1762 2222 1778 2250 a
1797 2213 1894 2241 diebus

1100 2258 1199 2293 quibus
1224 2258 1350 2286 constitui
1372 2259 1477 2294 iudices
1501 2266 1582 2294 super
1600 2259 1728 2294 populum
1749 2252 1839 2288 meum
1857 2259 1895 2287 ls-

1101 2304 1167 2331 rael.
1187 2314 1195 2330 ι
1212 2304 1320 2332 Judices
1338 2312 1454 2339 namque
1474 2305 1549 2340 prius
1566 2313 1647 2341 quam
1666 2313 1744 2342 rcges
1774 2305 1811 2333 ibi
1833 2313 1895 2334 esse

1102 2354 1252 2384 eruperunt,
1272 2357 1352 2385 super
1367 2350 1441 2377 illum
1463 2351 1591 2385 populum
1614 2351 1722 2379 fuerant
1740 2351 1892 2383 constituti,

1101 2403 1134 2423 ex
1147 2403 1200 2430 quo
1218 2400 1318 2425 terram
1341 2396 1528 2432 promissionis
1548 2397 1663 2431 accepit.
1678 2397 1712 2424 Et
1725 2397 1820 2432 utique
1841 2397 1894 2424 hu-

1102 2441 1223 2468 miliabat
1242 2449 1303 2469 eum
1324 2441 1394 2468 ﬁlius
1408 2441 1570 2476 iniquitatis,
1584 2443 1636 2469 hoc
1649 2447 1701 2474 est,
1719 2443 1805 2470 hostis
1825 2442 1894 2470 alie-

1102 2487 1201 2522 nigena
1215 2495 1263 2522 per
1275 2487 1414 2520 intervalla
1428 2491 1589 2522 temporum,
1601 2487 1697 2522 quibus
1708 2487 1834 2523 leguntur
1846 2495 1895 2524 pa-

1101 2540 1148 2561 ces
1171 2533 1320 2561 alternasse
1333 2540 1395 2560 cum
1408 2532 1497 2565 bellis,
1508 2536 1536 2561 et
1549 2533 1725 2560 inveniuntur
1737 2533 1791 2561 illic
1814 2526 1891 2569 pacis

1102 2582 1223 2613 tempora
1240 2578 1385 2614 prolixiora
1403 2585 1484 2612 quam
1504 2577 1632 2606 SalomOn
1650 2578 1754 2611 habuit,
1769 2578 1814 2613 qui
1826 2586 1896 2612 qua-
1936 2597 1940 2602 -

1101 2624 1224 2662 draginta
1251 2624 1374 2659 regnavit
1388 2632 1484 2652 annos.
1517 2624 1585 2651 Nam
1610 2625 1659 2652 sub
1681 2632 1713 2652 eo
1729 2624 1831 2658 judice,
1846 2624 1894 2659 qui

1102 2674 1144 2697 est
1172 2669 1320 2704 appellatus
1334 2669 1421 2702 Ahod,
1438 2670 1575 2705 octoginta
1601 2669 1663 2697 anni
1687 2670 1762 2704 pacis
1785 2669 1897 2696 fuerunt

1105 2714 1180 2750 (Jud.
1202 2714 1254 2749 Ill).
1270 2713 1348 2742 Absit
1368 2722 1434 2750 ergo
1448 2719 1479 2741 ut
1493 2714 1646 2742 Salomonis
1663 2708 1785 2750 tempora
1802 2714 1830 2742 in
1842 2715 1896 2747 hac

1103 2760 1283 2796 promissione
1297 2760 1427 2794 promissa
1445 2767 1506 2788 esse
1518 2760 1684 2790 credantur:
1697 2760 1782 2788 multo
1804 2760 1896 2797 minus

1104 2806 1196 2841 itaque
1209 2805 1352 2841 cujuslibet
1366 2806 1436 2841 regis
1454 2805 1575 2833 alterius.
1593 2805 1652 2834 Non
1667 2806 1739 2839 enim
1751 2806 1897 2844 quisquam

1105 2859 1199 2879 eorum
1223 2852 1249 2879 in
1275 2855 1359 2883 tanta,
1386 2843 1488 2887 quanta
1513 2851 1568 2884 ille,
1595 2859 1663 2886 pace
1683 2842 1823 2893 regnavit;
1845 2842 1897 2880 nec

1106 2905 1224 2933 unquam
1248 2897 1358 2926 omnino
1369 2904 1437 2932 gens
1456 2896 1499 2924 illa
1515 2897 1551 2924 ita
1564 2905 1675 2933 rcgnum
1691 2898 1788 2931 tenuit.
1804 2901 1832 2926 ut
1845 2897 1897 2926 sol-
