4026 6202
281 436 358 497 93

1042 392 1045 393 γ
1118 432 1473 491 COMMENT.
1511 431 1583 489 IN
1616 421 1863 489 annos
1898 430 1966 487 tv
2007 432 2269 490 necum.
2306 465 2373 476 -
2411 433 2482 489 nt
2517 434 2645 491 un.
2672 430 2744 494 ιι.
3499 442 3570 498 ςη

281 551 443 608 licita
486 564 602 605 non
643 545 809 603 fuerit
859 561 928 607 nc
963 519 1215 603 hostibus
1259 547 1602 611 subderetur,
1651 544 1778 615 quia
1827 544 1880 599 in
1910 559 1960 619 Α
1984 556 2040 601 et
2068 548 2190 603 tulit
2220 548 2358 605 Getb
2400 559 2455 607 et
2479 548 2755 620 flliasejus
2795 551 2863 607 de
2888 566 3049 609 manu
3103 568 3294 611 eorum
3341 554 3398 628 (1
3437 552 3575 615 Per.

286 652 454 700 tanta
495 641 862 698 mutabilitate
914 655 1119 705 rerum,
1160 639 1289 694 nulli
1343 639 1633 710 aliquando
1687 637 1885 709 populo

286 747 563 789 concessa
601 740 692 787 est
730 738 879 787 tanta
924 731 1212 795 securitas,
1238 739 1296 784 ut
1329 729 1455 785 huic
1500 730 1620 783 vitae
1659 727 1903 783 hostiles

289 843 404 883 non
436 824 759 880 formidaret
785 823 1057 878 incursus.
1107 822 1282 877 Locus
1308 838 1438 892 ergo
1466 822 1560 891 qui
1608 818 1886 891 promitti-

288 930 386 975 tur
411 928 529 975 tam
550 927 761 990 pacata:
781 932 845 971 ac
866 931 1073 972 secura:
1103 916 1473 978 habitationis,
1515 925 1753 969 aeternus
1777 920 1882 978 est,

288 1012 628 1081 aeternisque
655 1009 907 1073 debetur,
954 1007 1009 1062 in
1043 1015 1217 1061 matre
1242 1003 1541 1061 Jerusalem
1563 1004 1751 1069 libera,
1790 1002 1903 1060 ubi'

287 1104 394 1157 erit
422 1104 699 1158 veraciter
720 1099 948 1173 populus
968 1097 1155 1154 Israel.
1180 1096 1292 1153 Hoc
1321 1098 1465 1153 enim
1495 1106 1692 1153 nomen
1710 1098 1883 1152 inter-

287 1201 547 1262 pretatur
573 1193 753 1249 ridens
796 1190 985 1245 Deum.
1038 1187 1205 1257 Cujus
1248 1188 1462 1261 praemii
1501 1187 1769 1245 desiderio
1791 1187 1897 1258 pia'

288 1298 391 1351 per
421 1281 589 1337 ﬁdem
618 1281 732 1335 vita
752 1280 806 1335 in
833 1280 938 1335 hac
972 1293 1278 1334 aerumnosa
1311 1277 1753 1351 peregrinatione
1780 1278 1882 1332 du-

287 1372 489 1428 cenda.
1576 1364 1581 1371 ’

368 1483 388 1516 ε
432 1464 721 1534 Ingressus
746 1470 832 1517 est
861 1460 1046 1531 itaque
1078 1474 1171 1514 rex
1201 1456 1393 1537 David,
1432 1463 1487 1511 et
1515 1455 1658 1512 sedit
1697 1470 1880 1513 coram

296 1576 332 1609 ις
358 1557 614 1619 Domino.
646 1564 702 1609 et
732 1553 869 1629 dixit
898 1571 911 1607 :
949 1550 1082 1620 Quis
1119 1565 1219 1623 ego
1248 1566 1391 1615 sum,
1444 1550 1669 1605 Domine
1714 1549 1879 1615 Deus,

296 1665 316 1699 ι
362 1656 423 1703 et
470 1661 592 1717 quae
632 1646 828 1701 domus
880 1658 1022 1703 mea.
1079 1642 1204 1714 quia
1245 1640 1515 1697 adduxisti
1548 1657 1634 1697 me
1660 1642 1767 1697 huc
1799 1630 1919 1696 us.“

295 1760 315 1793 ι
359 1739 514 1809 que?
551 1736 658 1792 Sed
686 1736 871 1792 ethoc
900 1750 1091 1806 parum
1133 1742 1223 1808 est
1257 1734 1435 1788 visum
1480 1733 1534 1788 in
1589 1740 1907 1803 conspectu

291 1851 312 1883 ¢
355 1841 478 1897 tuo,
504 1826 732 1887 Domine
759 1826 925 1892 Deus,
953 1826 1057 1883 nisi
1099 1823 1401 1895 loquereris
1436 1824 1598 1880 etiam
1623 1825 1690 1879 de
1720 1824 1881 1879 domo

1989 639 2165 711 xvm).
2219 660 2239 693 ι

2064 748 2084 781 ι
2129 731 2194 785 Et
2224 733 2492 802 percussit
2512 733 2693 801 Moab,
2733 742 2788 792 et
2815 750 3036 792 mensus
3072 745 3158 792 est
3184 751 3280 794 eos
3306 737 3569 809 funiculo,

1994 838 2015 872 r
2057 837 2346 892 coaequans
2391 834 2567 880 teme.
2617 825 2831 881 Mensus
2857 836 2943 883 est
2973 836 3153 883 antem
3183 828 3320 885 duos
3347 830 3567 886 funicu-

1994 926 2019 962 ‹
2059 908 2141 966 los
2168 930 2181 965 :
2211 925 2376 966 unum
2409 914 2476 968 ad
2502 914 2876 980 occidendum,
2905 924 2960 971 et
2990 931 3155 971 unum
3192 918 3259 972 ad
3286 917 3574 976 viviﬁcan-

1993 1022 2013 1056 ι
2059 1006 2206 1059 dum.
2240 1005 2545 1075 Factusque
2580 1015 2664 1060 est
2692 1005 2848 1063 Moab
2878 1006 3048 1062 David
3076 1010 3322 1065 serviens
3346 1011 3447 1066 sub
3469 1011 3573 1066 tri-

1992 1114 2012 1147 ‹
2055 1095 2203 1155 huto,
2244 1114 2263 1149 ι
2324 1105 2430 1150 etc.
2459 1095 2614 1163 Quod
2662 1097 2923 1166 scriptum
2969 1098 3146 1151 estde
3192 1098 3383 1165 David,
3420 1117 3438 1149 ι
3502 1100 3571 1154 Et

1984 1187 2251 1260 percussit
2301 1185 2475 1251 Moab,
2521 1196 2576 1241 et
2626 1202 2845 1242 mensus
2889 1196 2975 1242 est
3028 1202 3124 1242 eos
3176 1187 3438 1255 funiculo,
3471 1205 3568 1245 eo-

1984 1292 2203 1347 :equans
2226 1285 2414 1343 terrm,
2440 1297 2458 1329 ι
2487 1277 2831 1349 hyperbolice
2861 1277 3020 1331 debet
3042 1276 3234 1348 accipi.
3268 1277 3385 1332 Non
3414 1278 3563 1333 enim

1984 1368 2104 1425 ﬁeri
2138 1376 2371 1440 poterat,
2403 1375 2463 1423 ut
2513 1367 2763 1423 homines
2794 1368 2849 1423 in
2904 1377 3049 1424 terra
3076 1369 3324 1425 viventes
3359 1371 3412 1425 in
3440 1378 3564 1425 tan-

1984 1466 2098 1512 tum
2133 1457 2574 1523 humiliarentur,
2608 1458 2779 1513 donec
2815 1458 2985 1529 ipsius
3013 1466 3173 1514 terra:
3199 1459 3384 1525 dorso,
3422 1460 3568 1516 luni-

1982 1550 2105 1606 culo
2140 1560 2531 1620 superextenso
2571 1548 2976 1619 comprobante,
3033 1556 3358 1620 apparerent
3382 1566 3566 1619 atqua-

1981 1642 2061 1698 les
2086 1660 2100 1710 ;
2135 1645 2228 1697 sed
2269 1642 2589 1700 immensam
2613 1641 3041 1697 humiliationem
3067 1651 3238 1713 captae
3267 1652 3323 1697 et
3345 1658 3569 1713 expres~

1982 1748 2056 1789 ste
2083 1734 2258 1805 gentis
2298 1733 2466 1787 voluit
2498 1732 2781 1803 Scriptura
2840 1732 2949 1787 hoc
2978 1734 3147 1789 verbo
3198 1735 3566 1801 accumulare,

1980 1832 2040 1883 ut
2066 1826 2269 1881 diceret
2296 1834 2603 1896 cozequatos
2630 1840 2724 1880 eos
2750 1834 2911 1881 teme
2944 1840 2959 1879 :
2994 1827 3147 1895 quasi
3196 1825 3330 1881 adeo
3379 1833 3567 1882 essent

290 1940 311 1972 ι
358 1920 513 1975 servi
550 1919 626 1973 tui
659 1918 713 1972 in
754 1917 1130 1989 longinquum.
1158 1915 1263 1971 lsta
1289 1926 1377 1971 est
1399 1916 1544 1970 enim
1572 1916 1656 1970 lex
1679 1914 1872 1982 Adam,
1906 1915 1955 1976 Β
1981 1916 2170 1972 evirati
2198 1925 2360 1986 atque
2387 1916 2705 1987 contempti,
2730 1924 2789 1972 ut
2846 1917 2899 1971 in
2925 1917 3073 1972 nullo
3127 1918 3360 1988 amplius
3389 1918 3571 1973 homi-

290 2031 310 2062 σ
354 2010 595 2071 Domine
611 2010 771 2065 Deus.
827 2028 845 2059 ι
877 2005 984 2080 (Ea:
1012 2004 1283 2077 Hebrive.)
1313 2007 1422 2062 lsta
1451 2012 1535 2062 est
1564 2006 1652 2062 lex
1683 2005 1875 2074 Adam,

283 2101 522 2158 Domine
550 2098 835 2169 De_us,boc
849 2106 954 2161 est,
972 2097 1058 2153 lex
1082 2097 1319 2152 hominis
1338 2100 1443 2162 est,
1466 2097 1691 2152 Domine
1712 2097 1876 2164 Deus,

283 2201 347 2247 ut
382 2191 490 2246 tibi
516 2191 571 2246 in
590 2188 935 2261 simplicitate
949 2187 1147 2254 cordis,
1168 2196 1223 2244 et
1248 2188 1482 2259 puritate
1503 2182 1725 2252 serviat,
1752 2197 1806 2242 et
1822 2195 1876 2243 tu

282 2282 466 2337 facias
491 2281 541 2336 ei
556 2281 708 2351 juxta
728 2277 1158 2336 misericordiam
1184 2287 1353 2345 tuam,
1379 2278 1520 2334 sicut
1540 2262 1671 2334 mihi
1696 2279 1878 2352 digna-

286 2382 377 2429 tus
405 2388 472 2428 es
500 2371 685 2429 facere
711 2386 869 2447 servo
898 2379 1012 2426 tuo.
1033 2369 1331 2443 Sequitur:

365 2481 386 2513 ι
429 2460 574 2527 Quid
593 2473 723 2531 ergo
747 2458 950 2515 addere
972 2458 1361 2529 poteritadhuc
1386 2458 1579 2526 David,
1603 2470 1664 2515 ut
1687 2460 1877 2531 loqua-

288 2572 310 2604 ι
358 2561 454 2607 tur
493 2552 562 2607 ad
593 2551 680 2607 te?
728 2548 808 2605 Tu
839 2550 985 2606 enim
1035 2551 1141 2608 seis
1172 2567 1387 2606 servum
1430 2561 1605 2619 tuum,
1650 2550 1878 2608 Domine

287 2662 308 2695 σ
356 2644 525 2698 Deus.
571 2640 800 2712 Propter
836 2640 1065 2697 verbum
1112 2649 1281 2704 tuum,
1336 2650 1392 2697 et
1438 2644 1736 2699 secundum
1782 2658 1878 2699 cor

286 2754 309 2787 ο
357 2744 514 2790 tuum
544 2732 721 2790 fecisti
754 2733 936 2789 omnia
965 2731 1233 2805 magualia
1258 2734 1397 2793 haec.
1436 2754 1455 2787 ›
1492 2733 1724 2806 Propter
1753 2751 1875 2791 ver-

281 2828 419 2883 bum
442 2833 617 2889 tuum,
640 2825 785 2895 quod
805 2824 1100 2895 promisisti
1120 2820 1418 2889 Abraham,
1440 2825 1589 2881 lsaac
1605 2834 1661 2880 et
1680 2822 1872 2893 Iacob,

283 2917 465 2974 fecisti
501 2916 689 2973 omnia
712 2916 828 2971 haec
853 2915 985 2977 mihi
1016 2930 1176 2971 servo
1208 2923 1319 2971 tuo.
1362 2914 1513 2983 Quod
1546 2917 1697 2982 dicit,
1736 2937 1754 2968 ι
1790 2933 1875 2973 se-

282 3008 526 3064 cundum
556 3022 654 3063 cor
689 3015 840 3061 tuum
888 3024 907 3057 ι
942 3005 1281 3078 intelligitur,
1336 3000 1635 3079 secundum
1662 3006 1876 3065 miseri-

284 3100 532 3169 cordiam
575 3106 745 3155 tuam.
840 3156 849 3163 ,

361 3210 382 3243 ι
428 3189 565 3258 Quia
598 3204 706 3259 non
732 3197 814 3245 est
838 3188 1030 3244 similis
1065 3188 1168 3254 tui,
1214 3204 1388 3259 neque
1430 3189 1575 3244 enim
1600 3196 1681 3247 est
1728 3188 1872 3246 Deus

289 3305 310 3339 ι
352 3292 515 3341 extra
568 3292 625 3340 te
682 3283 739 3339 in
799 3272 1063 3340 omnibus
1117 3298 1237 3352 qua:
1289 3282 1595 3338 audivimus
1648 3264 1944 3340 auribusc

289 3395 310 3430 ε
353 3374 586 3431 nostris.
642 3394 662 3426 ι
714 3374 831 3435 Non
897 3381 1030 3441 est,
1081 3373 1299 3443 inquit,
1341 3373 1484 3429 Deus
1531 3373 1725 3429 similis
1775 3374 1876 3439 tui,

284 3468 383 3538 qui
434 3465 628 3523 fecerit
644 3465 913 3537 magnalia
937 3482 1058 3538 quae
1083 3467 1387 3523 audivimus
1411 3465 1633 3523 auribus
1654 3467 1875 3523 nostris.

362 3575 384 3609 ι
427 3555 477 3611 Δ
497 3555 842 3627 facie.p0puli
863 3556 963 3622 tui,
998 3572 1161 3626 quem
1185 3555 1463 3613 redemisti
1490 3555 1589 3612 tibi
1613 3571 1681 3611 ex
1707 3552 1880 3628 Egy-

292 3666 315 3698 ι
342 3655 441 3719 pto
462 3656 678 3719 gentem
699 3656 756 3703 et
774 3646 943 3702 Deum
973 3647 1108 3717 ejus.
1135 3666 1154 3698 ι
1186 3646 1444 3702 Ηρῦτωιιε
1471 3647 1635 3702 habet
1659 3665 1672 3699 :
1700 3645 1879 3714 Genti-

1980 2022 2078 2062 nes
2116 2007 2170 2063 in
2225 2015 2372 2063 terra
2424 1993 2706 2079 degentes,
2736 2024 2897 2078 quam
2936 2016 3083 2063 terra
3130 2023 3193 2063 ea
3243 2024 3363 2077 qua:
3388 2008 3570 2065 nullos

1977 2099 2205 2154 haberet
2253 2098 2518 2163 homines,
2573 2106 2794 2169 possent
2845 2098 3045 2153 valere.
3076 2097 3388 2167 Cuiusmodi
3415 2098 3571 2155 locu-

1978 2191 2143 2249 tionis
2167 2192 2323 2264 plura
2352 2191 2521 2247 habes
2543 2191 2783 2262 exempla
2817 2190 2869 2246 in
2901 2189 3222 2261 Scripturis,
3252 2190 3413 2261 quale
3434 2190 3565 2246 illud

1976 2282 2253 2356 Evangelii
2291 2300 2304 2337 :
2343 2300 2361 2333 ι
2394 2281 2537 2336 Sunt
2595 2290 2776 2336 autem
2829 2289 2884 2336 et
2930 2270 3035 2335 alia
3085 2281 3254 2336 multa
3289 2297 3410 2353 qum
3435 2279 3568 2359 fecit

1976 2373 2155 2441 Jesus,
2188 2390 2307 2445 quae
2339 2373 2383 2430 si
2408 2373 2715 2429 scribantur
2742 2386 2839 2443 per
2863 2372 3093 2443 singula,
3133 2388 3237 2427 nec
3275 2373 3449 2442 ipsum
3475 2386 3565 2426 ar-

1976 2467 2149 2524 bitror
2174 2465 2432 2522 mundum
2459 2479 2654 2537 capere
2681 2480 2775 2521 eos
2809 2466 2903 2536 qui
2935 2463 3205 2519 scribendi
3246 2471 3372 2518 sunt
3397 2461 3565 2518 libros

1978 2556 2161 2630 (Joan.
2190 2554 2330 2631 xm).
2382 2575 2400 2609 ι
2435 2554 2717 2623 Quomodo
2754 2555 2899 2609 enim
2949 2561 3168 2623 caperet
3214 2553 3450 2607 mundus
3499 2552 3567 2606 li-

1976 2649 2127 2714 bros,
2158 2646 2249 2718 qui
2281 2646 2444 2702 scribi
2475 2646 2777 2718 potuissent
2804 2644 2858 2699 in
2911 2644 3158 2700 mundo?
3196 2642 3311 2699 Sed
3328 2644 3397 2699 ad
3431 2643 3568 2699 insi-

1975 2736 2250 2795 nuandam
2302 2736 2733 2808 magnitudinem
2764 2749 2828 2790 ac
2880 2734 3283 2790 multitudinem
3339 2747 3562 2804 operum

1974 2825 2214 2891 Domini,
2244 2814 2339 2880 tali
2368 2825 2533 2881 verbo
2567 2823 2740 2878 voluit
2789 2822 2867 2877 uti
2900 2821 3202 2891 Scriptura.
3233 2820 3301 2877 Et
3329 2821 3384 2877 in
3411 2821 3565 2892 plan-

1978 2926 2068 2973 ctu
2096 2915 2265 2971 David
2296 2932 2309 2968 :
2356 2932 2374 2965 ι
2414 2913 2625 2984 Aquilis
2651 2912 2968 2977 velociores,
3023 2913 3270 2968 leonibus
3308 2911 3563 2968 fortiores

1977 3004 2063 3079 (11
2092 3004 2219 3079 Reg.
2254 3002 2317 3078 ι).
2353 3024 2373 3057 ι
2408 3003 2508 3061 Cui
2554 3003 2884 3059 simillimum
2918 3011 3003 3058 est
3069 3002 3203 3073 illud
3252 3011 3310 3057 et
3335 3002 3561 3058 satculab

1972 3098 2115 3161 rium
2148 3098 2450 3153 litterarum
2476 3114 2491 3150 :

2097 3208 2187 3269 Qui
2206 3208 2415 3258 candore
2434 3206 2577 3258 nives
2597 3209 2859 3269 anteirent,
2885 3206 3109 3269 cursibus
3133 3198 3289 3256 auras.

2716 3267 2874 3332 (Virg.
2902 3267 3095 3321 Λῖηεὶά.
3119 3269 3230 3331 xu.)

1978 3371 2129 3441 Quod
2159 3382 2342 3428 autem
2368 3358 2586 3429 mensos
2633 3388 2728 3428 eos
2757 3372 2997 3428 funiculo
3048 3372 3205 3440 dixit,
3258 3372 3557 3428 funiculum

1977 3464 2262 3535 allegorice
2313 3478 2413 3534 pro
2464 3473 2609 3520 sorte
2668 3465 2872 3534 posuit,
2913 3480 2981 3519 ex
3010 3464 3154 3535 quod
3205 3464 3442 3521 funiculo
3472 3481 3563 3522 so-

1978 3554 2123 3611 leant
2172 3570 2427 3628 agrorum
2480 3555 2651 3626 spatia
2690 3555 2888 3610 metiri.
2946 3554 3100 3612 Unde
3133 3552 3395 3626 scriptum
3427 3563 3556 3611 est:

1985 3665 2004 3697 ι
2040 3646 2109 3701 Ει
2131 3656 2280 3703 sorte
2305 3647 2487 3703 divisit
2515 3647 2596 3702 eis
2621 3655 2824 3703 terram
2880 3646 2937 3701 in
2965 3644 3203 3700 funiculo
3232 3647 3566 3703 distributio-

1978 3735 2063 3792 nis
2087 3735 2259 3808 (Psal.
2288 3735 2514 3810 Lxxvn).
2555 3757 2573 3789 ι
2609 3735 2895 3809 Signiﬁcat
2946 3746 3128 3791 autem
3181 3738 3325 3808 quod
3357 3747 3468 3792 tam
3500 3737 3565 3794 li-

1977 3829 2107 3885 bera
2133 3828 2485 3898 dispositione
2515 3828 2687 3887 David
2734 3828 2984 3896 regiones
3013 3827 3368 3883 Moabitarum
3398 3826 3565 3883 haere-

287 3920 695 3992 AEgyptiornm,
749 3935 886 3991 quos
914 3921 972 3978 in
998 3921 1131 3977 mari
1156 3921 1342 3978 Rubro
1362 3922 1686 3995 peremisti;
1729 3920 1878 3979 etde
1979 3915 2135 3971 dibus
2161 3916 2357 3987 quibus
2402 3916 2567 3971 vellet
2620 3914 2907 3981 divideret,
2969 3930 3131 3985 quam
3185 3914 3230 3969 si
3282 3930 3565 3984 possessor

287 4014 401 4068 diis
421 4027 636 4077 eorum,
667 4012 723 4071 in
753 4011 949 4082 quibus
996 4010 1199 4081 judicia
1224 4011 1426 4068 fecisti.
1960 3996 2203 4081 “quilibet
2227 4023 2385 4080 agros
2414 4009 2665 4079 proprios
2716 4000 2784 4063 ad
2816 4015 3005 4064 nutum
3030 4022 3186 4063 suum
3242 4006 3404 4063 ducto
3437 4008 3564 4065 hinc

364 4124 386 4156 ι
430 4104 570 4172 Quia
600 4112 679 4171 tu,
704 4105 930 4167 Domine
955 4105 1309 4168 exercituum,
1338 4105 1482 4175 Deus
1508 4104 1699 4171 Israel,
1724 4119 1880 4163 reve-
1979 4098 2105 4156 inde
2130 4094 2368 4156 funiculo
2406 4099 2706 4153 dirimeret.
2743 4100 2764 4151 ό
2821 4097 3039 4154 Mensas
3078 4106 3166 4153 est
3196 4106 3376 4153 autem
3428 4099 3566 4156 duos

289 4214 312 4246 ι
358 4193 491 4249 lasti
518 4208 706 4249 aurem
728 4193 871 4250 servi
892 4194 1004 4269 tui,
1057 4193 1285 4251 dicens:
1316 4194 1545 4250 Domum
1599 4194 1879 4252 aedificabo
1979 4188 2270 4257 funiculos,
2310 4206 2477 4246 unum
2506 4190 2574 4246 ad
2624 4189 3007 4256 occidendum,
3040 4198 3095 4246 et
3121 4206 3288 4246 unum
3328 4190 3395 4244 ad
3422 4190 3566 4245 vivi-

294 4302 314 4335 σ
362 4282 484 4338 tibi.
539 4281 767 4358 Propter
794 4283 898 4339 hoc
923 4282 1129 4339 invenit
1152 4298 1346 4339 servus
1402 4292 1540 4355 tuus,
1567 4300 1663 4342 cor
1691 4300 1871 4352 suum,
1909 4337 1913 4341 .
1980 4284 2271 4356 ﬁcandum.
2310 4304 2328 4336 ι
2390 4282 2460 4339 Et
2490 4282 2595 4338 hoc
2624 4281 2915 4354 allegorice
2962 4283 3169 4340 dictum
3226 4281 3564 4353 signiﬁcans,

294 4393 314 4425 ι
355 4381 418 4429 ut
445 4382 630 4430 oraret
657 4382 711 4429 te
739 4373 1006 4439 oratione,
1041 4392 1059 4424 ι
1098 4382 1205 4428 etc.
1236 4372 1435 4429 Aurem
1464 4374 1582 4444 ejus
1611 4376 1874 4433 Dominus
1980 4377 2123 4447 quod
2153 4376 2208 4430 in
2234 4372 2356 4431 "sua
2386 4373 2559 4429 David
2596 4382 2870 4446 potestate
2896 4372 3173 4440 habuerit,
3205 4374 3351 4429 nullo
3375 4374 3566 4446 utique

286 4480 392 4537 per
415 4466 737 4537 prophetam
767 4463 1120 4529 revelaverat,
1148 4479 1207 4519 se
1229 4463 1301 4518 illi
1336 4464 1554 4519 domum
1580 4466 1878 4522 tedilicatu-
1981 4464 2408 4531 contradicente,
2438 4478 2574 4534 quos
2606 4480 2795 4520 eorum
2834 4464 2954 4520 neci
2998 4464 3153 4520 daret
3188 4472 3562 4531 contumaces,

288 4569 417 4610 runt
444 4571 458 4608 :
481 4552 686 4610 idcirco
710 4553 880 4609 David
919 4553 1191 4608 invenisse
1215 4568 1275 4608 se
1315 4552 1449 4608 dicit
1467 4568 1565 4609 cor
1592 4570 1771 4621 suum,
1822 4554 1881 4611 id
1902 4607 1954 4628 ἣ
1981 4556 2176 4628 quibus
2206 4564 2455 4627 parceret
2480 4555 2763 4628 subjectis.
2800 4556 2955 4626 Quod
2982 4565 3163 4613 autem
3188 4558 3357 4614 David
3380 4557 3559 4625 Moab,

288 4651 397 4709 est,
428 4642 637 4698 invenit
681 4642 961 4698 audaciam
1010 4642 1068 4697 in
1096 4642 1259 4698 corde
1287 4652 1409 4709 suo,
1450 4650 1513 4699 ut
1537 4654 1722 4729 oraret
1752 4659 1877 4701 eum
1902 4607 1956 4667 Β
1981 4607 2070 4717 (ἰυί
2098 4607 2490 4717 interpretatur
2532 4607 2599 4703 αξ
2623 4657 2793 4717 patre,
2807 4607 2905 4703 ‘et
2954 4647 3171 4719 Syriam
3228 4649 3476 4704 Damasci
3506 4607 3564 4705 et

291 4732 543 4788 oratione
558 4732 691 4788 hac.
1980 4743 2206 4791 czeteras
2228 4736 2478 4809 regiones
2506 4734 2699 4792 ditioni
2732 4752 2842 4792 suae
2866 4738 3182 4810 subjugans,
3234 4737 3362 4793 fecit
3390 4740 3563 4795 tribu-

1166 4794 1299 4857 Vl".
1664 4820 1671 4829 ⁸
1942 4826 2144 4857 "on-dno
2172 4841 2292 4857 noon
2345 4827 2568 4857 messibus
2597 4828 2862 4857 annm--.
2918 4829 3061 4857 -nnA
3091 4827 3341 4857 (VL-Jan..-
3371 4844 3561 4857 ..............

731 4891 744 4904 .
768 4888 783 4904 .
898 4826 1299 4904 ιτέιτιέξωνξξι·
1448 4898 1465 4904 _
1626 4892 1639 4904 .
1664 4826 1726 4904 '__
1806 4893 1852 4904 η
1942 4826 2148 4882 "tarias
2172 4841 2314 4893 esse,
2344 4827 2568 4899 mystice
2597 4828 2868 4898 significat
2916 4829 3061 4899 quod
3091 4827 3343 4885 Christus
3370 4844 3565 4887 omnes

295 4890 379 4946 De
397 4907 573 4963 pugna
612 4888 783 4944 David
818 4898 1000 4944 contra
1032 4884 1386 4954 Philistum,
1410 4898 1465 4945 et
1499 4892 1639 4963 quod
1673 4892 1880 4948 Moabi-

334 4972 345 4976 ’
369 4970 450 5014 tas
465 4960 757 5014 percutiens
777 4971 989 5014 mensas
1008 4968 1084 5014 est
1111 4960 1375 5014 funiculo;
1395 4974 1674 5014 manem
1696 4974 1871 5014 terra.

1981 4921 2168 4985 gentes
2217 4884 2318 4969 sub
2376 4884 2474 4969 sua
2520 4884 2896 4997 dominatione
2932 4884 3147 4981 leuens,
3179 4915 3311 4972 facit
3335 4932 3563 4988 pensum

369 4960 450 5015 res
464 4960 757 5031 percutiens
777 4971 989 5014 mensas
1008 4968 1084 5015 est
1109 4960 1375 5044 funiculo,
1395 4960 1674 5044 manans
1696 4974 1871 5019 (errat.

803 5027 968 5112 Syros
995 5042 1250 5112 percussu
1277 5048 1335 5085 ut
1361 5031 1499 5087 naue
1538 5031 1872 5101 Salanartmt,

1981 4960 2167 4985 νην-
2217 4960 2316 4969 -_-
2376 4960 2474 4969 -....
2526 4960 2896 4971 --...-..--.-..-
2940 4960 3147 4981 .-..-..-,
3180 4960 3563 4988 ...-.-,,-..-.....

1981 5005 2254 5061 servitutis
2284 5005 2529 5069 reddere,
2576 4990 2702 5061 dum
2733 4991 2956 5077 singulae
2980 5024 3207 5079 quaeque
3234 5011 3480 5067 nationes
3506 5010 3564 5067 ln

372 5045 591 5084 necnon
612 5045 760 5112 quod
785 5045 968 5153 οῗέωε
995 5045 1250 5111 percussu
1277 5048 1335 5085 ut
1361 5045 1499 5087 satis
1538 5045 1872 5101 salinarum,
1978 5045 2054 5061 νυ·
2079 5045 2254 5108 ’Τις-ὐ
2286 5045 2529 5107 ζων-νην
2576 5045 2702 5109 υζω·
2733 5045 2955 5077 σι’-δυ·αί
2980 5045 3207 5079 ιιυουιυυ
3235 5045 3480 5067 ἰαιιυυυδ
3508 5045 3563 5067 ιι·

368 5109 418 5156 et
445 5099 513 5154 de
544 5097 672 5170 μηδ
700 5098 783 5154 Da
893 5100 1274 5156 sacerdotibus.
1328 5158 1333 5165 ,
1981 5108 2217 5151 nominis
2255 5110 2373 5165 ejus
2402 5095 2743 5153 confessrone
2770 5098 3042 5165 adunatae,
3092 5101 3285 5155 devote
3342 5116 3563 5157 sensum

370 5187 525 5260 (Cn.
563 5190 762 5260 7111)(
803 5187 1026 5247 Factum
1046 5198 1325 5247 estautem
1350 5201 1471 5261 post
1495 5191 1631 5258 tunc,
1660 5209 1876 5266 percus—
1977 5187 2244 5243 bonorum
2294 5202 2519 5258 operum
2574 5188 2648 5243 illi
2698 5189 3005 5245 exsolvunt.
3064 5191 3363 5247 Damascus
3414 5193 3563 5248 enim

286 3740 389 3797 bu
430 3750 479 3796 at
502 3741 607 3797 diis
637 3757 838 3796 sarum.
868 3740 934 3796 Et
956 3749 1041 3797 est
1068 3756 1264 3797 sensus
1289 3758 1303 3795 :
1329 3740 1376 3795 Δ
1400 3736 1540 3797 facie
1564 3741 1751 3813 populi
1773 3740 1871 3803 tui,

287 3845 456 3900 quem
503 3829 779 3887 redemisti
811 3828 909 3886 tibi
955 3844 1024 3885 ex
1051 3829 1306 3901 Egypto,
1365 3830 1623 3909 demanu
1672 3829 1881 3885 scilicet

296 5277 373 5336 sit
394 5278 567 5333 David
593 5277 945 5344 Philistbiim,
966 5287 1022 5334 et
1040 5281 1353 5337 bumiliavit
1381 5298 1474 5339 eos
1499 5302 1513 5336 :
1536 5292 1592 5338 et
1624 5282 1745 5339 tulit
1774 5284 1878 5340 Da-

297 5366 623 5422 vidfrenum
645 5367 831 5423 tributi
859 5368 926 5423 de
966 5384 1131 5424 manu
1160 5369 1507 5441 Philisthiim,
1542 5392 1562 5426 ι
1596 5382 1703 5430 etc.
1735 5374 1873 5431 Fre-

297 5473 432 5514 nunt
456 5456 644 5513 tributi
668 5457 904 5528 quinque
932 5466 1087 5515 erant
1114 5459 1362 5539 civitates
1393 5450 1873 5541 Dbilistbinorum:

298 5546 426 5620 qui:
471 5547 785 5618 frequenter
812 5549 977 5606 Israel
1023 5551 1125 5607 sibi
1182 5538 1526 5611 tributarium
1579 5538 1879 5626 faciebant,

299 5654 442 5710 quas
463 5638 544 5695 eis
574 5640 700 5695 tulit
725 5641 919 5707 David,
947 5651 1002 5697 et
1032 5632 1335 5700 humiliavit
1359 5662 1473 5713 eos,
1511 5649 1750 5721 fecitque
1777 5650 1881 5705 sibi

302 5730 640 5787 tributarios.
713 5731 864 5789 Unde
918 5743 973 5789 et
1021 5736 1075 5790 in
1121 5734 1571 5808 Paralipomenon
1620 5738 1819 5811 legitur
1862 5760 1877 5797 :

307 5838 329 5870 ‹
374 5819 648 5877 Percussit
688 5822 859 5880 David
908 5824 1255 5895 Philisthiim,
1293 5836 1348 5884 et
1389 5826 1693 5887 humiliavit
1742 5847 1878 5899 eos;

1980 5278 2176 5335 nobilis
2202 5287 2286 5334 est
2336 5279 2466 5335 urbs
2497 5278 2772 5337 Phtenicis
2825 5281 3013 5337 eodem
3042 5285 3326 5348 vocabulo,
3373 5300 3481 5355 quo
3508 5294 3566 5338 et

1979 5374 2157 5432 Masec
2212 5376 2420 5431 ancilla:
2468 5375 2745 5432 Abraham
2788 5364 2933 5432 filius
2993 5377 3293 5448 appellatus
3342 5388 3462 5444 est;
3506 5386 3564 5431 et

1984 5465 2282 5524 Damascus
2314 5467 2699 5538 interpretatur
2749 5467 3021 5539 sanguinis
3070 5467 3312 5538 poculum
3349 5456 3369 5531 ξ
3402 5465 3561 5536 Syria

1984 5573 2114 5613 vero
2139 5558 2526 5630 interpretatur
2560 5558 2824 5625 sublimis,
2877 5560 2991 5614 sive
3038 5560 3299 5612 humecta.
3332 5556 3400 5611 Et
3424 5556 3564 5615 bene

1986 5665 2106 5720 quae
2130 5651 2281 5721 prius
2304 5649 2556 5707 humecta
2608 5651 2850 5716 libidine,
2898 5651 3127 5722 superba
3185 5649 3401 5719 spiritu,
3434 5664 3596 5712 sam,

1986 5740 2199 5812 guinem
2250 5738 2547 5795 humanum
2601 5738 3054 5811 inexplicabiliter
3108 5737 3353 5792 sitiebat.
3419 5752 3595 5797 nune‘

1987 5831 2243 5887 mundata
2272 5831 2593 5902 baptismate
2634 5831 2853 5898 Christi,
2884 5831 3129 5887 sublimis
3176 5835 3417 5902 proiectu
3449 5830 3560 5888 vir-
