4026 6202
472 455 542 512 95
1105 448 1165 506 B.
1209 446 1462 504 BADA‘NI
1501 443 1718 500 MAURI
1755 440 2069 496 ARCHIEP.
2111 437 2420 494 MOGUNI‘.
2460 435 2744 494 OPERUM
2781 431 2960 490 PARS
2996 433 3038 487 Ι.
3637 433 3706 488 96

467 575 672 628 tutum,
702 563 978 634 sanguinis
1017 559 1136 629 ejus
1161 555 1410 626 poculum
1440 553 1709 608 desiderat
1733 550 2030 621 percipere.
2062 553 2110 612 Α
2137 546 2324 602 cersiri
2349 544 2530 613 jussit,
2582 561 2704 602 cum
2742 543 3141 634 przedestinatio
3161 554 3214 599 et
3243 547 3579 634 praesclentia
3611 547 3705 602 Dei

469 656 606 722 Quid
636 662 814 707 autem
845 649 1109 721 signiﬁcat
1138 647 1277 715 quod
1303 644 1468 698 David
1496 659 1623 696 vasa
1656 656 1816 694 aurea
1859 648 1915 692 et
1941 654 2033 692 ar-

467 753 659 815 gentea
704 751 864 810 atque
923 753 1063 793 aerea
1091 752 1210 805 qua:
1237 736 1433 788 tulerat
1472 734 1538 787 de
1589 731 1858 786 universis
1903 745 2033 795 gen-

464 835 612 888 tibus
679 828 1032 886 sanctiﬁcavit
1089 825 1359 886 Domino,
1440 821 1542 877 nisi
1600 821 1741 889 quod
1788 817 2035 873 Christus

467 935 656 977 omnes
707 933 843 988 quos
893 918 962 971 de
1022 913 1288 971 universis
1341 912 1591 980 gentibus
1644 915 1911 964 convocat
1965 906 2037 960 ad

466 1013 626 1066 ﬁdem
665 1025 836 1070 suam,
867 1007 1003 1062 alios
1031 1005 1148 1059 auri
1201 1003 1338 1065 loco,
1370 1002 1472 1056 hoc
1499 1008 1602 1064 est,
1657 1012 1821 1058 sensu
1877 993 2036 1066 spiri-

469 1103 595 1156 tuali
628 1099 934 1170 prmelaros,
967 1097 1102 1150 alios
1152 1094 1379 1165 argenti,
1413 1093 1518 1146 hoc
1576 1101 1682 1155 est,
1713 1089 2034 1164 eloquentia:

468 1192 646 1245 nitore
669 1188 1029 1257 splendentes,
1083 1184 1217 1238 alios
1260 1197 1389 1236 vero
1438 1177 1828 1250 prmdicatione
1857 1174 2039 1234 divina

468 1294 693 1336 sonoros
723 1278 990 1347 signiﬁcat
1037 1273 1284 1336 Domino,
1314 1279 1373 1335 ut
1424 1271 1477 1322 in
1516 1267 1860 1322 tabernaculo
1903 1264 2036 1320 ﬁde-

471 1372 596 1425 liter
626 1367 1024 1429 deservieutes,
1055 1364 1222 1434 ipsius
1251 1359 1553 1416 ministerio
1580 1359 1632 1412 in
1662 1349 1923 1424 aeternum
1945 1355 2040 1410 de-

470 1461 780 1517 centissime
807 1457 1216 1527 perfungantur.

546 1570 565 1602 ε
610 1549 760 1604 Fecit
787 1563 1000 1617 quoque
1027 1545 1128 1600 sibi
1175 1542 1342 1599 David
1370 1554 1590 1605 nomen,
1644 1550 1768 1594 cum
1805 1545 2045 1593 reverte-

477 1659 496 1691 σ
543 1648 713 1703 retur,
741 1646 895 1706 capta
923 1635 1076 1707 Syria
1098 1634 1152 1688 in
1175 1632 1310 1688 valle
1333 1631 1639 1687 Salinarum
1668 1629 1825 1685 cmsis
1853 1629 2040 1684 decem

478 1747 496 1780 ι
545 1737 602 1784 et
619 1738 742 1784 octo
792 1725 1044 1789 millibus,
1084 1743 1103 1776 ›
1139 1732 1195 1778 et
1219 1731 1436 1778 caetera.
1491 1718 1600 1792 (Ea;
1637 1716 1906 1789 Hebmo.)
1937 1716 2042 1773 Fe-

473 1820 612 1872 cisse
638 1817 741 1872 sibi
771 1829 964 1870 nomen
1013 1813 1230 1876 dicitur,
1259 1811 1383 1880 quia
1405 1809 1460 1864 in
1521 1807 1659 1864 valle
1710 1806 2036 1869 Salinarum,

2136 651 2278 699 eum,
2308 651 2470 704 quem
2506 636 2574 689 ad
2597 635 2780 690 seculi
2807 630 3106 689 ministeria
3137 643 3192 688 et
3230 633 3498 688 mundana
3546 651 3710 708 nego-

2136 727 2212 780 tia
2233 725 2537 780 exercenda
2565 725 2813 783 sermone
2840 732 2895 778 et
2923 721 3133 778 actione
3161 721 3392 778 debilem
3417 723 3707 794 consmcit,

2136 817 2205 871 ad
2234 818 2472 874 divinum
2507 817 2863 871 ministerium
2895 811 3056 886 elegit
3088 832 3101 868 :
3133 811 3257 884 quia
3287 826 3446 884 quem
3477 816 3710 872 mundus

2136 891 2234 979 per
2262 907 2459 962 fastum
2497 907 2746 961 elationis
2797 904 3044 976 spernit,
3099 905 3246 958 hunc
3299 904 3442 958 Deus
3485 913 3711 974 propter

2135 997 2472 1055 devotionem
2503 997 2822 1053 humilitatis
2850 997 3100 1065 acquirit.
3148 995 3540 1064 Interpretatur
3563 995 3707 1051 enim

2139 1085 2490 1160 Miphihoscth
2523 1087 2585 1142 de
2612 1103 2700 1140 ore
2744 1086 3054 1156 ignominia.
3085 1083 3136 1138 Is
3164 1100 3290 1153 ergo
3315 1083 3467 1152 cujus
3518 1083 3710 1154 loque-

2139 1181 2244 1236 lam
2269 1189 2320 1235 et
2351 1179 2692 1248 praesentiam
2715 1176 2966 1247 superbia
2990 1175 3177 1229 mundi
3207 1174 3456 1244 despicit,
3485 1174 3582 1227 Dei
3615 1175 3710 1228 do-

2139 1285 2210 1323 no
2236 1268 2382 1323 utilis
2411 1267 2476 1322 ad
2506 1266 2784 1338 spirituale
2808 1265 3168 1320 ministerium
3192 1264 3244 1318 in
3271 1263 3510 1319 Ecclesia
3542 1279 3710 1333 appa-

2139 1358 2299 1413 rebit.
2350 1357 2489 1424 Quid
2541 1368 2627 1412 est
2655 1372 2784 1428 ergo
2829 1356 2972 1425 quod
3013 1352 3181 1409 David
3229 1353 3440 1419 Sibam,
3495 1372 3709 1410 servum

2142 1445 2293 1511 Saul,
2323 1447 2388 1500 de
2415 1446 2585 1516 stirpe
2601 1443 2730 1500 Saul
2757 1444 3068 1514 quaesitans,
3099 1459 3163 1498 eo
3193 1443 3488 1508 revelante,
3519 1443 3712 1514 Miphi-

2139 1538 2328 1592 boscth
2362 1537 2588 1603 invenit,
2614 1532 2717 1590 nisi
2768 1535 2911 1604 quod
2951 1533 3280 1605 Redemptor
3308 1541 3492 1589 noster
3517 1536 3713 1590 electo-

2141 1641 2260 1682 rum
2287 1639 2570 1682 numerum
2612 1622 2950 1681 discutiendo
2974 1625 3118 1679 inter
3145 1635 3239 1679 eos
3293 1625 3384 1694 qui
3413 1625 3708 1696 contempti

2141 1717 2398 1772 mundum
2430 1715 2784 1786 reliquerunt,
2811 1715 2880 1770 ad
2909 1728 2968 1770 se
2993 1713 3180 1769 venire
3201 1713 3372 1769 fecit?
3413 1709 3538 1770 Siba
3566 1716 3714 1770 enim

2142 1819 2374 1877 egressus
2399 1801 2534 1860 venit
2578 1806 2982 1875 interpretatur.
3014 1803 3383 1873 Interrogatus
3429 1819 3558 1875 ergo
3584 1797 3713 1860 Siba

473 1910 630 1963 ansis
679 1907 864 1960 decem
913 1912 970 1959 et
995 1912 1116 1958 octo
1145 1899 1396 1962 millibus,
1435 1897 1608 1954 erexit
1643 1897 1745 1953 sibi
1777 1896 2036 1951 fornicem
2067 1901 2113 1960 Β
2140 1914 2170 1952 a
2199 1913 2342 1969 rege,
2403 1895 2760 1968 Miphiboseth
2800 1895 2968 1950 ﬁlium
3015 1889 3261 1951 Jonathae
3313 1897 3369 1951 in
3417 1897 3574 1953 domo
3605 1897 3716 1953 Ma-

473 1997 875 2067 triumphalem.
913 1995 1066 2050 Fecit
1114 1993 1277 2048 etiam
1311 1991 1416 2046 sibi
1472 2003 1689 2053 nomen,
1730 1988 1856 2057 quia
1899 1987 2044 2041 victa

474 2089 631 2159 Syria
651 2087 923 2151 Damasci,
959 2093 1013 2140 et
1038 2083 1194 2157 Syria
1241 2079 1408 2146 Saba,
1431 2079 1672 2135 erexisse
1701 2077 1820 2134 ‘sibi
1846 2076 2045 2132 dicitur

475 2179 699 2234 alteram
738 2177 999 2232 fornicem
1050 2171 1450 2244 triumphalem.
1477 2172 1546 2225 Et
1579 2170 1622 2226 si
1645 2185 1806 2239 quem
1839 2172 2042 2233 movet,

472 2270 621 2340 quod
661 2269 715 2322 in
769 2267 1044 2337 plerisque
1095 2265 1413 2319 Latinorum
1459 2261 1736 2316 codicibus
1772 2254 2046 2341 invenitur

479 2359 645 2416 David
693 2374 800 2412 non
828 2357 1011 2411 decem
1043 2363 1097 2410 et
1121 2354 1244 2409 octo
1267 2352 1433 2407 millia
1463 2351 1519 2405 in
1545 2349 1684 2404 valle
1710 2345 2044 2415 Salinarum,

477 2452 572 2507 sed
630 2448 910 2505 duodecim
959 2446 1125 2502 millia
1171 2446 1447 2507 cecidisse,
1507 2443 1723 2499 noverit
1777 2442 1883 2498 hoc
1911 2442 2046 2496 vitio

476 2541 811 2611 Scriptorum
843 2540 895 2593 in
944 2538 1146 2592 eisdem
1176 2537 1452 2592 codicibus
1481 2534 1725 2588 molitum
1778 2548 1918 2587 esse.
1947 2533 2050 2587 Vc-

411 2633 431 2640 “
480 2631 680 2686 raciter
707 2639 885 2681 tamen
915 2621 1082 2680 David
1129 2627 1182 2678 in
1207 2625 1395 2678 eadem
1430 2622 1567 2677 valle
1605 2621 1918 2676 Salinarum
1957 2621 2048 2674 de-

477 2736 596 2776 cem
627 2727 682 2774 ct
707 2726 831 2774 octo
854 2717 1018 2770 millia
1043 2715 1257 2780 cecidit,
1285 2713 1416 2768 Joab
1467 2726 1595 2766 vero
1621 2702 1905 2765 duodecim
1931 2708 2051 2762 mil-

477 2807 575 2871 lia,
603 2807 744 2860 sicut
771 2807 825 2860 in
855 2804 1010 2859 titulo
1038 2799 1471 2873 quinquagesimi
1496 2799 1671 2854 octavi
1696 2797 1889 2868 psalmi
1913 2797 2049 2852 scri-

479 2900 642 2955 bitur.
669 2898 807 2966 Quid
838 2899 892 2952 in
926 2910 1180 2967 percussa
1203 2910 1233 2948 a
1263 2893 1431 2948 David
1461 2890 1806 2946 multitudine
1831 2889 1887 2943 in
1911 2887 2050 2943 valle

462 2988 789 3046 .Saliuarum
837 2989 1168 3058 designatur,
1202 2985 1304 3040 nisi
1338 2983 1461 3054 quia
1515 2981 1840 3050 Redemptor
1865 2988 2052 3035 noster

481 3081 563 3135 sui
595 3080 863 3135 examinis
920 3077 1278 3141 districtione,
1313 3075 1366 3129 in
1398 3074 1481 3128 his
1517 3070 1610 3143 qui
1665 3071 1729 3126 de
1758 3070 1849 3125 illo
1873 3085 2042 3141 prava

481 3169 744 3234 sentiunt,
775 3167 1054 3222 stultitiam
1084 3162 1419 3221 immoderati
1461 3160 1672 3231 soporis
1704 3159 2048 3230 exstinguit?

2147 1989 2266 2044 chir
2312 1987 2404 2043 ﬁlii
2435 1985 2667 2043 Ammiel
2706 1989 2760 2042 in
2785 1982 3034 2043 Lodabar
3059 2002 3179 2044 esse
3233 1989 3529 2060 respondit.
3583 1991 3714 2057 Quae

2145 2094 2234 2136 res
2262 2079 2514 2153 prmsenti
2562 2080 2883 2152 expositioni
2919 2080 3054 2136 bene
3088 2083 3359 2136 convenit.
3386 2081 3717 2153 Interpreta-

2145 2175 2233 2228 tur
2251 2171 2394 2226 enim
2417 2171 2622 2226 Machir
2647 2171 2888 2234 vendens,
2907 2170 2989 2225 vel
3016 2170 3079 2224 de
3099 2171 3435 2239 inﬁrmitate;
3459 2172 3714 2238 Ammicl,

2145 2260 2366 2332 populus
2385 2261 2498 2330 ejus
2527 2260 2668 2314 Deus
2693 2277 2711 2324 ;
2738 2259 3004 2324 Lodabar,
3035 2259 3144 2329 ipse
3191 2260 3419 2314 verbum.
3475 2261 3716 2332 Denique

2147 2348 2316 2404 David
2362 2355 2550 2403 noster
2597 2348 3031 2417 contemptibiles
3076 2345 3236 2415 hujus
3287 2349 3493 2413 mundi,
3543 2359 3597 2404 et
3646 2364 3711 2404 ea

2147 2455 2268 2511 quae
2293 2454 2399 2494 non
2427 2447 2552 2494 sunt
2583 2439 2787 2509 eligens
2809 2478 2823 2501 ,
2852 2445 2912 2493 ut
2954 2453 3019 2493 ea
3071 2451 3192 2507 quae
3232 2447 3359 2493 sunt
3395 2439 3637 2494 destruat
3663 2435 3716 2509 (1

2149 2529 2271 2584 Cor.
2304 2529 2366 2601 ι),
2401 2545 2497 2584 eos
2521 2529 2818 2585 vendibiles
2843 2529 3044 2584 mundo
3066 2537 3120 2584 et
3155 2529 3206 2583 in
3239 2528 3552 2585 inﬁrmitate
3581 2547 3716 2586 cou-

2150 2620 2388 2684 stitutos,
2419 2619 2737 2690 reperienda
2763 2616 2958 2690 populo
2998 2631 3096 2675 suo
3137 2617 3348 2689 dignos,
3381 2620 3547 2674 verbo
3581 2635 3718 2689 ριξη-

2149 2704 2435 2764 ἁὶεειὶοιιίε
2463 2708 2671 2774 ascivit,
2695 2709 2882 2778 eisque
2911 2709 3118 2779 regium
3169 2709 3430 2763 honorem
3483 2709 3623 2762 inter
3651 2710 3715 2762 ﬁ-

2151 2798 2254 2853 lios
2281 2797 2480 2852 habere
2508 2798 2795 2854 concessit.
2845 2797 3000 2854 Unde
3051 2806 3106 2852 et
3129 2796 3296 2854 David
3322 2814 3480 2870 agros
3515 2798 3641 2853 Saul
3664 2807 3719 2852 et

2152 2889 2373 2946 servitia
2438 2889 2796 2960 Miphiboseth
2845 2891 3071 2955 donans,
3128 2891 3303 2960 ipsum
3357 2891 3716 2962 Miphiboscth

2151 2981 2429 3035 convivam
2459 2995 2615 3034 suum
2637 2995 2799 3052 super
2828 2996 3070 3037 mensam
3113 2997 3266 3037 suam
3297 2982 3455 3037 simul
3499 2998 3619 3038 cum
3656 2973 3720 3037 ﬁs

2152 3067 2240 3125 liis
2262 3085 2379 3124 esse
2407 3070 2680 3138 praecepit.

2228 3159 2363 3227 Quia
2414 3161 2727 3216 mediatoris
2779 3161 2951 3216 nostri
3005 3165 3199 3233 gratia,
3249 3175 3369 3232 qua!
3421 3161 3716 3217 secundum

484 3258 640 3312 Unde
687 3266 742 3311 et
795 3271 892 3326 per
927 3256 1214 3326 quemdam
1261 3253 1558 3323 sapientem
1614 3249 1850 3304 dicitur:
1890 3267 1912 3300 ι
1940 3248 2048 3305 Cor
2075 3252 2120 3313 C
2151 3247 2336 3304 Mariae
2356 3266 2569 3317 vocem,
2602 3270 2621 3303 ι
2655 3251 2903 3321 deposuit
2946 3260 3194 3323 potentes
3230 3253 3294 3307 de
3317 3252 3464 3316 sede,
3492 3261 3548 3306 et
3566 3251 3720 3307 exal-

482 3346 675 3399 durum
698 3345 836 3398 male
862 3345 1079 3398 habebit
1103 3344 1158 3396 in
1200 3342 1518 3406 novissimo,
1547 3348 1602 3395 et
1628 3339 1719 3409 qui
1747 3339 2052 3409 amatrperi-

485 3434 686 3499 culum,
717 3435 770 3487 in
795 3431 887 3490 illo
912 3433 1108 3502 peribit
1130 3430 1298 3504 (Eccl.
1326 3432 1431 3500 ιιι).
1463 3448 1486 3484 ι

556 3541 579 3575 ί
624 3522 746 3577 Filii
770 3531 948 3578 autem
984 3521 1152 3576 David
1177 3521 1484 3576 sacerdotes
1510 3525 1686 3574 erant.
1728 3536 1746 3571 ι

1073 3673 1299 3730 CAPUT
1355 3670 1446 3726 IX.

485 3789 755 3858 Quantum
781 3783 988 3860 pietatis
1014 3784 1502 3860 exhibuerit_Darid
1535 3779 1902 3856 Mipltiboseth,
1941 3783 2052 3854 ﬁlio

1003 3857 1248 3912 lauat/ta:
1275 3856 1487 3910 claudo.

557 3995 708 4067 (CAP.
743 3994 842 4066 Ix.)
886 4013 904 4046 ι
950 3994 1016 4048 Et
1059 3995 1195 4050 dixit
1218 3995 1388 4050 David
1420 4012 1433 4048 :
1467 3993 1702 4050 Putasne
1737 4000 1821 4048 est
1858 3991 2054 4063 aliquis

489 4107 508 4140 ε
555 4089 646 4157 qui
673 4089 993 4143 remanserit
1019 4089 1085 4142 de
1115 4088 1275 4143 domo
1304 4087 1458 4153 Saul,
1509 4088 1569 4142 ut
1596 4086 1794 4143 faciam
1826 4102 1949 4142 cum
1985 4101 2052 4142 eo

487 4197 508 4230 ι
552 4178 974 4233 misericordiam
1004 4186 1224 4246 propter
1267 4176 1576 4232 Jonathan?
1606 4177 1738 4232 Erat
1766 4186 1947 4232 autem
1986 4175 2054 4231 de

491 4287 510 4319 ι
555 4269 715 4324 domo
745 4268 874 4322 Saul
917 4283 1105 4322 servus
1151 4269 1367 4322 nomine
1402 4267 1549 4324 Siba.
1588 4267 1759 4336 Quem
1788 4284 1918 4324 cum
1951 4284 2050 4322 vo-

489 4380 506 4411 σ
545 4369 721 4416 casset
748 4375 842 4416 rex
883 4351 951 4414 ad
983 4375 1062 4425 se,
1094 4361 1229 4416 dixit
1254 4361 1302 4416 ei
1333 4379 1346 4416 :
1378 4361 1531 4418 Tune
1577 4379 1637 4418 es
1663 4362 1832 4418 Siba?
1862 4362 1930 4417 Et
1962 4362 2053 4418 ille

487 4471 508 4504 ι
556 4452 872 4522 respondit:
922 4451 1034 4524 Ego
1091 4467 1209 4506 sum
1261 4463 1449 4506 servus
1505 4460 1652 4506 tuus.
1702 4447 1771 4506 Et
1805 4446 1880 4507 ait
1908 4465 2049 4506 rex:

485 4561 505 4592 ι
554 4543 802 4613 Nunquid
829 4551 1072 4612 superest
1094 4542 1286 4612 aliquis
1311 4543 1378 4598 de
1404 4543 1562 4598 domo
1591 4541 1740 4607 Saul,
1771 4553 1832 4598 ut
1854 4543 2050 4597 faciam

487 4651 506 4684 ι
551 4649 672 4688 cum
703 4647 768 4687 eo
817 4631 1238 4686 misericordiam
1267 4630 1405 4683 Dei?
1436 4631 1686 4700 Dixitque
1731 4631 1859 4685 Siba
1886 4631 1997 4703 regi
2029 4649 2045 4698 ;

485 4740 506 4771 ι
553 4721 808 4788 Superest
837 4718 977 4772 ﬁlius
999 4717 1290 4782 Jonathan,
1318 4717 1510 4773 debilis
1536 4719 1784 4788 pedibus.
1825 4740 1844 4774 ι

551 4809 690 4864 Ecce
716 4807 888 4872 David
917 4823 1023 4863 non
1049 4807 1246 4862 oblitus
1265 4805 1565 4875 juramenti
1593 4823 1658 4864 ac
1689 4807 1912 4866 fmderis
1936 4809 2044 4877 sui,

481 4903 623 4970 quod
652 4917 772 4956 cum
803 4899 1034 4955 Jonatha
1061 4900 1187 4954 olim
1216 4900 1488 4970 pepigerat
1525 4899 1579 4971 (I
1609 4899 1741 4970 Reg.
1773 4900 1866 4970 XX)
1895 4919 1908 4956 :
1956 4903 2050 4958 sed

481 4992 924 5055 misericordiam,
957 5007 1116 5060 quam
1151 4991 1290 5060 patri
1340 4991 1683 5060 promiserat,
1719 4987 1961 5061 implevit
1993 4993 2047 5046 in

482 5081 611 5136 ﬁlio.
645 5082 773 5148 Qua:
799 5097 886 5135 res
918 5091 970 5135 et
1006 5082 1314 5135 ﬁdelitatem
1352 5081 1598 5150 probavit
1647 5083 1941 5136 secundum
1969 5083 2051 5136 hi-

480 5173 706 5227 storiam
761 5174 816 5226 in
871 5173 1005 5238 viro,
1037 5181 1091 5227 et
1145 5179 1480 5251 sacramenta
1527 5169 1682 5239 juxta
1737 5173 2048 5244 allegoriam

479 5264 715 5318 ostendit
743 5265 795 5318 in
827 5263 988 5318 facto.
1028 5263 1180 5333 Saepe
1214 5264 1358 5319 cnim
1387 5265 1586 5319 dictum
1617 5273 1700 5318 est
1725 5266 1895 5318 David
1929 5280 2051 5334 per-

481 5367 670 5407 sonam
694 5353 891 5408 Christi
923 5352 1174 5422 ﬁgurare,
1225 5369 1324 5407 nec
1355 5370 1459 5408 non
1506 5363 1564 5407 et
1594 5353 1647 5406 in
1677 5355 2051 5424 superioribus

479 5451 957 5496 commemoratum
988 5451 1070 5496 est
1096 5440 1386 5509 Jonathan,
1434 5444 1524 5511 qui
1552 5443 1936 5512 interpretatur
1963 5461 2051 5498 co-

478 5533 671 5588 lumbae
718 5533 933 5599 donum,
985 5535 1070 5589 vel
1096 5533 1308 5588 Domini
1358 5536 1578 5596 donum,
1633 5543 1814 5604 typum
1863 5543 2050 5590 tenere

477 5625 668 5694 gratim
699 5622 932 5693 Spiritus
962 5624 1161 5679 sancti.
1197 5622 1394 5675 llabuit
1419 5637 1548 5692 ergo
1575 5621 1845 5676 Jonathan
1883 5622 2052 5676 ﬁlium

480 5713 762 5784 parvulum
809 5715 1025 5769 nomine
1071 5713 1453 5781 Mipbiboseth,
1481 5722 1709 5782 utroque
1733 5715 1868 5782 pede
1899 5713 2051 5768 clau-

481 5805 630 5864 dum,
668 5815 724 5859 ut
755 5805 1026 5873 Scriptura
1059 5813 1300 5859 testatur.
1355 5801 1524 5870 Quem
1572 5803 1739 5859 David
1774 5805 1838 5859 ad
1870 5823 1928 5861 se
1960 5823 2050 5861 ac-

2151 3341 2288 3394 tavit
2339 3341 2568 3397 humiles
2627 3341 2777 3413 (Luc.
2824 3341 2896 3414 I),
2962 3361 2982 3395 »
3041 3351 3118 3406 et,
3176 3341 3329 3410 juxta
3383 3343 3717 3413 prophetiam

2151 3429 2342 3497 Annae,
2379 3448 2398 3482 ι
2435 3432 2701 3487 suscitans
2752 3431 2821 3487 de
2856 3432 3076 3502 pulvere
3111 3446 3362 3503 egenum,
3392 3441 3448 3486 et
3482 3434 3546 3487 de
3581 3444 3721 3486 ster-

2151 3533 2281 3576 core
2316 3522 2475 3592 erigit
2500 3537 2811 3592 pauperem,
2861 3530 2921 3576 ut
2954 3523 3139 3577 sedeat
3185 3538 3309 3577 cum
3361 3523 3716 3592 principibus,

2151 3617 2206 3663 et
2230 3609 2424 3664 solium
2453 3610 2635 3680 gloria:
2665 3618 2846 3664 teneat
2869 3610 2921 3680 (Ι
2961 3609 3090 3681 Reg.
3117 3610 3201 3682 ιι),
3235 3629 3254 3664 ι
3287 3611 3720 3680 contemptibiles

2151 3715 2410 3769 personas
2439 3701 2506 3756 de
2534 3701 2734 3756 mundo
2774 3701 3043 3767 auferens,
3090 3716 3429 3770 possessores
3458 3702 3722 3758 virtutum

2151 3787 2332 3854 eiiicit,
2359 3798 2414 3843 et
2445 3791 2671 3844 scientia
2705 3790 2971 3861 spirittrali
2995 3805 3158 3861 super
3183 3805 3426 3846 mensam
3471 3789 3706 3861 Scriptu-

2155 3892 2338 3932 rarum
2372 3886 2680 3933 sanctarum
2700 3879 2940 3949 quotidie
2966 3895 3148 3936 secum
3186 3877 3382 3935 reﬁcit.
3424 3879 3578 3935 Unde
3601 3895 3708 3934 eve-

2153 3969 2254 4033 nit,
2306 3977 2366 4022 ut
2414 3968 2550 4024 tales
2599 3969 2837 4024 sobolem
2885 3971 3119 4041 gignant,
3169 3985 3288 4040 qum
3334 3965 3713 4039 interpretatur

2153 4059 2346 4116 Micha.
2387 4061 2564 4114 Micha
2615 4061 2760 4116 enim
2788 4062 2907 4132 quis
2950 4071 3026 4116 est
3073 4063 3180 4116 iste
3222 4061 3412 4116 Latine
3457 4071 3714 4115 resonat.

2155 4151 2279 4218 quia
2329 4149 2641 4219 fi'equenter
2690 4151 2742 4205 in
2773 4152 3181 4206 admirationem
3226 4150 3406 4221 populi
3437 4150 3574 4204 tales
3624 4166 3706 4205 ve-

2152 4244 2325 4305 niunt,
2357 4244 2449 4312 qui
2471 4258 2640 4312 nuper
2680 4243 2747 4297 de
2780 4243 3033 4314 despectu
3085 4244 3269 4298 mundi
3303 4243 3465 4299 ablati
3499 4243 3712 4314 gloriosi

2154 4331 2210 4386 in
2240 4331 2480 4387 Ecclesia
2509 4331 2602 4386 Dci
2627 4332 2766 4386 dono
2791 4333 3146 4402 apparebunt.

2755 4464 2982 4523 CAPUT
3009 4464 3075 4520 Χ.

2078 4581 2130 4640 D
2155 4573 2233 4628 De
2254 4592 2428 4645 pugna
2464 4575 2634 4630 David
2663 4586 2844 4630 contra
2874 4575 3095 4628 Ammon
3141 4590 3305 4642 regem
3338 4574 3524 4645 filium
3597 4573 3712 4626 Amo

2226 4643 2367 4768 triton,
2390 4662 2448 4699 eo
2472 4647 2608 4717 quod
2637 4647 3068 4701 dehonestavisset
3094 4645 3302 4698 nuntios
3326 4643 3497 4696 Ηιιι-ἱά
3535 4644 3715 4697 missos

2226 4732 2256 4765 a
2332 4732 2405 4768 se.

2225 4732 2292 4768 aa
2332 4732 2405 4768 δε.

2228 4805 2379 4876 (CAP.
2417 4805 2497 4875 x.)
2541 4824 2559 4857 ‹
2602 4804 2826 4860 Factum
2869 4812 2953 4860 est
2980 4812 3157 4859 autem
3187 4804 3472 4873 posthaec,
3522 4810 3580 4856 ut
3605 4817 3712 4855 mo-

2161 4915 2180 4948 ι
2219 4906 2429 4952 reretur
2456 4911 2549 4950 rex
2596 4894 2849 4959 Ammon,
2895 4903 2952 4950 et
2994 4902 3247 4965 regnaret
3293 4893 3521 4947 Ammon
3578 4891 3718 4947 ﬁlius

2163 5004 2182 5038 ι
2227 4985 2347 5054 ejus
2376 5001 2475 5054 pro
2498 4996 2582 5038 eo.
2617 4983 2870 5052 Dixitque
2920 4983 3088 5037 David
3119 4999 3133 5036 :
3165 4982 3386 5036 Faciam
3414 4981 3699 5038 misericor

2158 5093 2178 5126 ι
2219 5076 2364 5131 diam
2385 5088 2507 5128 cum
2533 5073 2760 5128 Ammon
2791 5071 2902 5127 lilio
2923 5071 3085 5138 Naas,
3114 5072 3253 5126 sicut
3279 5070 3407 5125 iecit
3423 5079 3580 5139 pater
3602 5070 3720 5140 ejus

2158 5187 2176 5220 ‹
2221 5181 2433 5222 mecum
2460 5163 2900 5227 misericordiam,
2940 5182 2959 5216 ι
2997 5171 3102 5216 etc.
3133 5161 3357 5228 Quando
3383 5160 3520 5230 fugit
3548 5160 3716 5214 David

2153 5276 2183 5314 a
2215 5259 2348 5315 facie
2376 5255 2542 5312 Achis
2576 5256 2717 5325 regis
2740 5254 2901 5320 Geht,
2923 5253 3071 5308 venit
3101 5253 3168 5307 ad
3197 5251 3337 5307 Naas
3372 5266 3553 5322 regem
3589 5251 3718 5304 Am-

2151 5365 2298 5414 mon,
2331 5348 2422 5418 qui
2451 5347 2578 5402 fecit
2597 5359 2720 5400 cum
2745 5361 2810 5400 eo
2839 5343 3262 5400 misericordiam
3317 5342 3558 5404 multam,
3611 5341 3714 5394 im-

2151 5439 2390 5510 pertiens
2411 5437 2458 5491 ei
2487 5438 2629 5492 bona
2659 5435 2712 5507 (ι
2746 5434 2870 5505 Reg.
2915 5432 3071 5505 xxn).
3111 5433 3186 5486 De
3211 5431 3354 5484 Naas
3406 5430 3588 5499 itaque
3621 5442 3719 5483 ve-

2153 5531 2233 5585 nit
2267 5531 2319 5583 in
2344 5529 2651 5598 speluncam
2674 5526 2939 5591 Odollam,
2969 5525 3060 5579 ubi
3094 5531 3354 5577 venerunt
3385 5522 3448 5575 ad
3472 5536 3593 5574 eum
3622 5534 3720 5588 pa-

2153 5630 2235 5677 ter
2260 5619 2394 5689 ejus,
2423 5628 2478 5674 et
2503 5629 2697 5683 mater,
2748 5627 2804 5673 et
2824 5617 3001 5672 omnis
3029 5616 3219 5670 domus
3260 5613 3396 5682 ejus.
3445 5612 3570 5666 Inde
3599 5625 3718 5682 per-

2151 5713 2299 5767 venit
2322 5711 2387 5766 ad
2413 5712 2584 5775 Moab,
2633 5719 2689 5766 et
2710 5709 2912 5766 dimisit
2941 5707 3079 5778 apud
3108 5720 3230 5761 eum
3283 5714 3488 5775 patrem
3524 5711 3580 5757 et
3610 5709 3722 5755 ma-

2157 5813 2316 5870 trem,
2365 5812 2420 5858 ct
2467 5816 2680 5858 omnem
2733 5801 2950 5855 domum
3004 5812 3176 5853 suam.
3234 5794 3384 5861 Quod
3421 5807 3549 5848 vero
3579 5791 3714 5845 dixit
