4010 6194
290 339 351 390 υτ
1114 323 1460 380 σοιιιιεκτ.
1501 323 1567 378 ll‘i
1608 322 1850 380 uanos

1993 321 2251 378 ιιεθυιι.
2289 355 2358 365 -
2393 324 2458 378 IN
2493 326 2620 381 [ΑΒ.
2659 327 2720 382 ll.
3460 339 3529 395 93

294 439 458 496 Arltis
512 451 606 490 rex
671 436 813 492 Getb
863 453 874 488 :
916 455 933 486 1
996 435 1214 492 lliccine
1273 407 1608 508 ingredieturt
1645 439 1864 492 domum
1894 439 1938 498 Α

294 545 470 584 meam
526 526 579 598 (1
603 526 734 596 Reg.
768 526 903 598 xxx),
958 546 974 579 ι
1009 526 1139 581 abiit
1170 528 1295 582 inde
1320 528 1506 590 David,
1541 537 1598 583 et
1644 528 1782 599 fugit
1811 529 1865 582 in

295 621 608 690 speluncam
641 616 903 679 Odollam,
939 627 1042 672 etc.
1073 617 1220 674 Abiit
1245 619 1388 683 inde,
1416 620 1866 685 subaudiendum,

301 727 319 759 ι
353 709 420 761 de
440 709 596 760 domo
627 705 800 769 Naas,
838 726 856 759 ι
889 715 946 761 et
973 707 1097 761 inde
1147 706 1348 779 fugisse
1393 711 1542 765 illum
1568 711 1621 764 in
1651 709 1870 781 spelun-

296 814 414 852 cam
439 796 704 851 Odollam.
736 797 792 851 Si
824 811 953 850 vero
983 797 1246 866 quaeritur
1285 813 1384 852 cur
1409 800 1476 854 ad
1501 814 1646 864 eum,
1677 800 1729 854 id
1762 807 1866 864 est,

299 888 361 943 ad
390 887 558 942 Acltis
585 886 753 940 David
778 885 1020 949 redierit,
1070 894 1192 941 ante
1219 886 1372 958 cujus
1409 886 1602 943 faciem
1629 886 1865 958 fugerat,

302 977 679 1048 intelligendus
703 985 788 1030 est
815 975 918 1030 iste
940 975 1104 1031 Acltis
1148 976 1289 1032 illius
1317 977 1485 1034 fuisse
1511 978 1656 1034 illius
1678 979 1865 1042 Achis,

299 1082 326 1119 a
364 1081 476 1134 quo
511 1064 647 1134 fugit
672 1064 858 1118 David.
892 1061 1046 1120 Unde
1086 1073 1144 1119 et
1186 1065 1240 1120 in
1283 1067 1632 1136 sequentibus
1679 1067 1866 1132 Achis,

300 1169 420 1208 cum
466 1169 574 1222 quo
601 1152 770 1207 David
803 1153 856 1206 in
881 1151 1126 1222 praelium
1178 1162 1366 1208 contra
1395 1153 1521 1209 Saul
1570 1156 1867 1212 descende-

300 1246 406 1306 bat,
435 1245 579 1300 ﬁlius
609 1243 776 1298 fuisse
821 1243 1018 1298 dicitur
1065 1241 1274 1298 Maoch.
1324 1243 1440 1299 Non
1465 1246 1609 1300 enim
1644 1263 1674 1300 a
1709 1257 1868 1316 patre

301 1338 402 1392 hoc
457 1349 660 1390 nomen
698 1333 1146 1403 patmnymieum,
1192 1333 1286 1388 sed
1335 1349 1366 1388 a
1393 1344 1567 1392 matre
1613 1340 1866 1408 sumpsit,

300 1441 418 1498 quae
445 1424 670 1478 Inacha
725 1422 1039 1487 vocabatur,
1067 1430 1122 1476 et
1154 1423 1356 1481 idcirco
1386 1442 1494 1482 non
1533 1443 1565 1481 a
1588 1437 1742 1498 patre
1766 1429 1869 1484 hoc

301 1521 525 1591 sumpsit
553 1533 772 1582 nomen,
802 1533 870 1573 eo
894 1519 1038 1587 quod
1064 1517 1233 1572 David
1259 1533 1289 1570 a
1312 1531 1370 1571 se
1391 1515 1669 1584 abiecerit.
1702 1517 1870 1587 Igitur

297 1609 524 1664 Ammon
562 1621 658 1662 rex
679 1606 1114 1660 Ammonitarum
1143 1605 1312 1659 David
1346 1606 1566 1661 nuntios
1593 1607 1735 1662 male
1764 1615 1869 1662 tra-

300 1709 470 1764 ctans,
507 1718 526 1750 ι
582 1698 722 1752 rasit
774 1697 1049 1752 dimidiam
1081 1707 1289 1767 partem
1349 1697 1530 1752 barbae
1571 1708 1869 1764 eorum,.ct

2553 437 2781 495 CAPUT
2833 441 2919 496 XI.

1968 523 2048 578 De
2097 524 2286 579 delicto
2337 525 2504 580 David
2553 530 2692 611 quod
2729 533 3066 611 commiserat
3120 535 3175 589 in
3226 535 3533 611 Betiualw,

2451 596 2612 650 uxore
2646 596 2787 653 Uriw
2812 601 3004 656 lit/uri.

2047 721 2066 756 t
2114 702 2246 758 Cum
2276 703 2388 759 lucc
2419 717 2729 776 agerentur,
2758 711 2955 765 accidit
2991 723 3050 768 ut
3091 728 3337 786 surgeret
3370 719 3536 778 David

1975 807 1994 840 ι
2037 790 2105 844 de
2136 799 2308 844 stratu
2354 808 2452 847 suo
2491 804 2613 864 post
2668 799 2968 862 meridiem,
2997 809 3052 855 et
3083 804 3453 864 deambularet
3481 812 3534 866 in

1973 896 1992 929 ‹
2039 879 2236 935 solario
2277 880 2468 937 domtts
2515 885 2695 954 regire.
2728 886 2977 958 Viditque
3024 892 3304 949 mulierem
3357 914 3415 953 se
3460 899 3535 954 la-

1974 984 1992 1016 t
2038 977 2253 1024 vautem
2285 984 2350 1023 ex
2405 971 2656 1036 adverso.
2711 990 2871 1046 super
2899 980 3157 1036 solarium
3187 999 3365 1039 suum.
3409 989 3538 1046 Erat

1974 1076 1992 1108 ι
2039 1067 2218 1114 autem
2266 1062 2461 1120 mulier
2500 1064 2723 1135 pulchra
2770 1069 2944 1124 valde.
2994 1071 3133 1126 Misit
3161 1091 3290 1146 ergo
3336 1094 3452 1145 rex,
3483 1091 3539 1136 et

1975 1165 1993 1196 ι
2038 1149 2320 1217 requisivit
2361 1166 2480 1220 quae
2510 1163 2653 1208 esset
2692 1157 2927 1212 mulier?
2977 1159 3395 1236 Nuntiatumque
3451 1178 3538 1224 cst

1976 1257 1994 1288 ι
2040 1240 2088 1294 ei
2117 1242 2259 1310 quod
2309 1243 2423 1312 ipsa
2475 1255 2620 1302 esset
2667 1248 2952 1315 Bersabee,
2989 1251 3096 1312 ﬁlia
3144 1256 3338 1323 Eliam,
3403 1277 3538 1316 uxor

1975 1346 1993 1378 ‹
2040 1329 2180 1386 Uria:
2221 1332 2412 1388 Ethmi.
2447 1335 2727 1406 Missisque
2774 1338 2941 1396 David
2968 1346 3187 1410 nuntiis,
3235 1333 3368 1407 tulit.
3395 1367 3535 1407 eam.

1975 1437 1993 1468 ι
2039 1420 2170 1486 Qua:
2198 1437 2320 1476 cum
2352 1423 2591 1496 ingressa
2623 1438 2768 1485 esset
2817 1433 2884 1486 ad
2917 1434 3088 1502 illum,
3132 1439 3384 1499 dormivit
3412 1461 3535 1500 cum

1975 1525 1995 1557 ι
2034 1523 2117 1564 ea.
2146 1509 2447 1582 Statimque
2474 1517 2808 1574 sanetiticata
2837 1531 2922 1576 est
2945 1525 3013 1579 ab
3039 1525 3377 1586 immunditia
3399 1550 3493 1588 sua
3519 1549 3534 1588 :

1976 1615 1995 1649 ‹
2047 1607 2102 1654 et
2155 1614 2371 1657 reversa
2410 1613 2493 1660 est
2530 1605 2747 1662 domum
2801 1625 2976 1678 suam,
3013 1628 3274 1688 concepto
3321 1621 3456 1688 fetu,
3508 1643 3528 1676 ι

1970 1697 2078 1744 etc.
2137 1689 2267 1760 (Ea:
2321 1691 2576 1768 Isidoro.)
2653 1696 2806 1754 Nunc
2867 1709 2922 1756 et
2981 1715 3262 1774 peccatum
3327 1711 3534 1778 David,

303 1811 322 1842 ο
361 1792 630 1862 pneseidit
651 1799 830 1844 vestes
865 1791 1071 1844 medias
1092 1805 1264 1859 usque
1291 1790 1358 1844 ad
1388 1798 1562 1855 nates,
1586 1798 1642 1845 et
1661 1791 1867 1845 dimisit
1892 1779 1940 1839 Β
1967 1779 2092 1848 qu“
2131 1780 2184 1836 ίη
2214 1783 2493 1851 Prophelia
2539 1787 2851 1858 signaverit,
2878 1802 3077 1862 quanta
3127 1811 3344 1867 possum
3368 1800 3540 1858 brevi-

301 1902 320 1934 σ
360 1897 477 1938 eos.
523 1882 677 1948 Quod
725 1896 852 1935 cum
883 1881 1182 1934 nuntiatum
1235 1889 1383 1936 esset
1411 1879 1604 1944 David,
1633 1880 1782 1936 misit
1808 1881 1863 1935 in

300 1991 324 2028 ι,
364 1987 652 2027 occursare
673 1985 884 2026 eorum.
913 1971 1080 2026 Erant
1104 1973 1248 2026 enim
1271 1972 1371 2025 viri
1397 1972 1604 2027 confusi
1639 1973 1868 2042 turpiter

301 2083 322 2120 t
359 2065 542 2133 valde,
567 2075 624 2121 et
655 2065 932 2122 mandavit
978 2062 1058 2120 eis
1084 2061 1254 2118 David
1283 2062 1471 2118 dicens
1500 2080 1513 2116 :
1546 2062 1755 2118 Manete
1777 2061 1864 2118 ιε-

302 2179 322 2212 c
365 2160 541 2223 rieho,
567 2158 739 2214 donec
765 2165 975 2212 crescat
1006 2157 1172 2211 barba
1217 2162 1418 2219 vestra,
1461 2161 1516 2208 et
1541 2160 1668 2222 tunc
1691 2169 1867 2208 rever-

302 2266 322 2300 t
363 2247 564 2310 tintini,
631 2266 650 2300 ι
681 2256 789 2301 etc.
819 2246 972 2313 Quod
1023 2252 1202 2298 autem
1248 2243 1579 2314 signiﬁcant,
1619 2243 1721 2297 nisi
1747 2243 1857 2298 bel-

293 2338 400 2392 lum
435 2335 638 2392 diaboli
663 2336 921 2392 adversus
950 2333 1290 2390 Ecclesiam?
1324 2333 1554 2388 Ammon
1582 2335 1744 2398 enim,
1773 2334 1864 2403 qui

297 2426 692 2495 interpretatur
729 2424 882 2481 dolor
908 2439 1108 2488 eorum,
1137 2426 1258 2492 quis
1292 2423 1484 2478 melius
1511 2421 1730 2493 intelligi
1770 2437 1862 2492 po-

296 2525 398 2572 test
426 2531 594 2587 quam
641 2515 930 2571 diabolus?
955 2515 1094 2582 Quia
1138 2516 1567 2574 Ammonitarum
1607 2516 1862 2586 spiritua-

291 2610 454 2672 lium,
490 2609 545 2662 id
567 2616 686 2673 est,
715 2608 1070 2676 malignorum
1119 2606 1425 2676 spirituum,
1482 2613 1660 2660 rector
1710 2605 1860 2662 vide-

295 2709 380 2752 tur
424 2712 569 2760 esse,
621 2695 802 2766 populi
855 2695 1107 2751 videlicet
1148 2695 1398 2750 maeroris
1446 2703 1502 2749 et
1551 2709 1767 2764 semper
1806 2695 1861 2750 in

293 2790 537 2857 angustia
564 2787 871 2853 constituti,
899 2789 992 2858 qui
1013 2788 1372 2858 comprimere
1394 2787 1477 2845 vel
1502 2794 1862 2856 coangustare

295 2881 537 2935 homines
571 2880 862 2935 desiderat.
896 2879 1058 2934 Radit
1096 2894 1226 2950 ergo
1273 2878 1504 2935 Ammon
1529 2879 1750 2934 barbam
1779 2879 1860 2934 di-

293 2972 509 3026 midiam
538 2970 858 3024 nuntiorum
887 2968 1076 3032 David,
1116 2983 1237 3023 cum
1257 2967 1511 3037 antiquus
1536 2959 1706 3022 hostis
1727 2982 1860 3036 quo-

292 3063 533 3116 rumdam
566 3060 976 3130 praedicatorum
1004 3058 1154 3114 verbi
1176 3059 1268 3113 Dei
1299 3072 1600 3115 sermonem
1632 3057 1715 3112 vel
1736 3072 1859 3112 cono

1972 1877 2081 1927 tate
2095 1873 2482 1940 perstringam.
2512 1876 2740 1932 Nomina
2771 1882 2967 1952 quippe
3013 1884 3129 1953 ipsa
3156 1886 3534 1960 interpretata,

1967 1961 2100 2052 satis
2122 1962 2434 2052 ostendunt,
2481 1968 2623 2040 quod
2671 1969 2832 2025 etiam
2861 1973 2965 2028 hoc
2996 1973 3197 2032 factum
3225 1982 3537 2052 praeﬁgura-

1966 2051 2125 2141 verit.
2163 2051 2352 2119 David,
2385 2063 2446 2109 ut
2491 2057 2742 2125 diximus,
2792 2062 3180 2134 interpretatur
3215 2051 3532 2141 munitionis

1965 2140 2079 2196 sive
2104 2141 2487 2202 desiderabilis.
2518 2146 2783 2205 Bersabee
2832 2152 3219 2227 interpretatur
3239 2140 3424 2229 puteus
3442 2181 3534 2218 sa-

1965 2232 2181 2298 tietatis,
2210 2234 2322 2288 sive
2346 2245 2530 2305 puteus
2557 2239 2828 2309 septimus.
2885 2241 3191 2312 Quamlibet
3217 2257 3394 2305 autem
3433 2251 3534 2307 ba-

1963 2338 2084 2377 rum
2115 2324 2350 2380 nominis
2373 2325 2490 2396 ejus
2513 2326 3007 2398 interpretationem
3035 2334 3088 2390 in
3115 2335 3168 2393 id
3194 2340 3335 2406 quod
3357 2340 3536 2397 dicere

1965 2411 2322 2481 intendimus,
2369 2431 2726 2481 assumamus,
2787 2422 2920 2477 satis
2981 2428 3247 2496 congruit.
3304 2429 3438 2485 Nam
3479 2433 3534 2487 in

1965 2503 2188 2560 Cantica
2249 2508 2582 2563 canticorum
2638 2525 2867 2580 sponsa,
2929 2529 3049 2583 quae
3095 2517 3240 2573 illius
3285 2519 3528 2578 Ecclesia

1963 2605 2070 2662 est,
2133 2608 2362 2652 vocatur
2407 2611 2594 2670 puteus
2657 2619 2808 2672 aqua:
2855 2605 2981 2660 viva:
3024 2607 3225 2677 (Cant.
3274 2613 3411 2681 tv);
3477 2622 3533 2667 et

1962 2688 2090 2742 huic
2150 2697 2314 2758 puteo
2357 2692 2646 2760 septenarii
2682 2694 2892 2749 numeri
2934 2710 3153 2762 nomen,
3195 2698 3250 2754 in
3301 2698 3530 2770 Spiritus

1963 2780 2136 2836 sancti
2183 2781 2574 2852 significatione
2619 2785 2962 2857 conjttngitur
3007 2799 3226 2860 propter
3268 2794 3530 2850 rationem

1962 2865 2329 2934 Pentecostes,
2355 2887 2461 2944 quo
2490 2873 2574 2926 die
2603 2873 2668 2928 de
2711 2874 2870 2938 caelo
2905 2877 3100 2936 missus
3153 2880 3385 2955 Spiritus
3409 2900 3537 2939 san-

1962 2966 2080 3014 ctus
2103 2961 2248 3015 venit
2291 2960 2430 3033 (Act.
2460 2961 2543 3034 ιι).
2571 2963 2652 3016 Ad
2688 2966 3043 3040 quadraginta
3091 2979 3274 3029 autem
3315 2988 3531 3034 novem.

1963 3051 2106 3120 quod
2127 3059 2210 3106 est
2235 3053 2434 3126 septies
2465 3063 2695 3126 septem,
2739 3073 2904 3114 unum
2949 3058 3181 3125 additur,
3227 3076 3332 3130 quo
3352 3064 3534 3119 unitas

292 3122 654 3212 τεηπιίσηξεω
695 3153 1090 3224 corrumpendo
1137 3152 1372 3208 macula;
1423 3167 1487 3206 ac
1515 3151 1852 3208 dehonestat.
1885 3122 1929 3185 C
1961 3122 2396 3200 commendatur.
2427 3144 2484 3200 ln
2524 3122 2638 3201 vitae
2683 3122 2893 3204 ratione
2931 3149 3066 3203 vivit
3121 3122 3412 3220 apostolica
3436 3153 3532 3208 illa

292 3246 540 3302 Praecidit
581 3261 713 3300 vero
755 3245 968 3300 tunicas
1003 3259 1173 3314 usque
1207 3244 1274 3298 ad
1325 3242 1565 3312 inguina,
1601 3233 1724 3297 cum
1751 3251 1862 3296 tur-

292 3335 376 3406 pia
409 3336 577 3398 facta,
608 3350 728 3404 quae
757 3335 870 3404 ipse
895 3341 1258 3404 persuaserat,
1301 3333 1354 3388 in
1381 3331 1553 3387 oculis
1583 3331 1858 3387 hominum

293 3426 511 3479 revelat.
544 3424 652 3479 Sed
689 3438 910 3478 necesse
961 3431 1046 3478 est
1077 3424 1273 3478 talibus
1319 3437 1458 3492 quos
1505 3421 1748 3477 diabolus
1782 3421 1856 3475 ita

291 3511 592 3574 confundit,
639 3521 699 3566 ut
741 3511 965 3565 sedeant
1000 3511 1053 3564 in
1104 3509 1346 3575 Jericho,
1390 3510 1561 3565 donec
1608 3518 1858 3565 crescant

293 3601 467 3654 barba:
491 3616 708 3666 eorum,
732 3601 785 3656 id
818 3609 925 3665 est,
960 3601 1070 3654 sint
1095 3601 1442 3670 opprobrium
1472 3609 1528 3655 et
1563 3601 1854 3670 ignominia

295 3691 594 3755 meliorum,
633 3699 798 3761 atque
822 3689 1127 3745 etiiciantur
1155 3683 1441 3748 anathema
1466 3693 1726 3758 omnium,
1755 3692 1854 3748 do-

294 3797 388 3838 nec
437 3797 536 3852 per
597 3782 835 3838 studium
877 3782 1078 3853 bonum
1133 3781 1418 3837 barbarum
1467 3784 1695 3854 species,
1751 3785 1855 3840 boc

291 3882 390 3937 est,
420 3874 683 3926 virtutum
715 3873 1052 3928 incrementa
1084 3873 1137 3928 in
1164 3874 1242 3929 eis
1267 3883 1583 3940 nascantur,
1627 3886 1683 3930 et
1706 3876 1850 3947 digni

290 3963 590 4018 habeantur
620 3961 905 4032 praesentia
936 3963 1079 4032 regis
1104 3963 1210 4019 sui.
1239 3963 1352 4018 Nec
1399 3964 1726 4023 credendum
1769 3974 1854 4022 est

289 4050 487 4118 utique,
513 4049 660 4119 quod
690 4049 860 4106 David
893 4058 1078 4105 noster
1103 4051 1302 4107 milites
1330 4066 1456 4106 suos
1496 4051 1694 4108 multos
1731 4067 1852 4110 esse

287 4141 540 4209 patiatur,
570 4140 703 4210 quin
762 4140 944 4194 hostes
973 4155 1100 4195 suos
1126 4141 1373 4196 exercitu
1409 4152 1734 4213 congregato
1757 4158 1850 4198 su-

286 4241 435 4301 perat
488 4246 554 4286 ac
591 4230 829 4286 vindicat
862 4229 1110 4300 injuriam
1164 4245 1404 4299 suorum,
1441 4247 1565 4289 cum
1618 4249 1725 4294 non
1761 4249 1850 4291 so-

285 4323 390 4378 lum
430 4323 775 4378 adversarios
822 4338 948 4378 suos
982 4339 1126 4378 nunc
1165 4338 1262 4395 per
1289 4333 1597 4380 sanctorum
1625 4341 1849 4381 suorum

283 4413 566 4471 victoriam
586 4411 887 4477 confundit,
921 4413 1014 4468 sed
1055 4413 1218 4468 etiam
1259 4413 1314 4468 in
1358 4422 1604 4469 extremo
1643 4414 1850 4484 judicio

282 4520 371 4576 per
396 4505 598 4574 justam
635 4506 954 4564 sententiam
986 4505 1258 4581 perpetuis
1295 4506 1506 4579 ignibus
1530 4510 1848 4566 cruciandos

282 4598 472 4670 iudet.

347 4687 498 4760 (Car.
547 4688 651 4754 ιι.)
694 4704 713 4738 t
758 4685 982 4742 Factum
1021 4697 1104 4744 est
1143 4704 1292 4760 ergo,
1319 4697 1560 4745 vertente
1607 4705 1748 4746 anno
1780 4707 1845 4745 eo

284 4799 304 4833 ι
345 4791 588 4851 tempore
636 4795 743 4850 quo
785 4780 959 4835 solent
1006 4795 1160 4851 reges
1221 4781 1288 4836 ad
1333 4781 1472 4836 bella
1528 4783 1839 4852 procedere.

281 4889 304 4922 ι
341 4871 484 4928 misit
521 4869 693 4926 υπίύ
715 4867 875 4933 .loab,
907 4877 961 4922 et
995 4883 1178 4926 servos
1199 4884 1325 4925 suos
1351 4886 1473 4925 cum
1496 4885 1582 4935 eo,
1610 4891 1628 4924 ›
1660 4880 1714 4927 et
1741 4888 1838 4926 cae-

277 4969 410 5016 tera.
453 4959 564 5030 (Ea:
605 4957 879 5030 Hebraeo.)
914 4959 972 5013 In
1026 4958 1248 5015 Hebraeo
1294 4961 1369 5014 ita
1402 4960 1601 5031 legitur
1647 4980 1711 5015 ε(
1759 4963 1837 5017 Eo

277 5059 536 5118 tentpore,
567 5062 702 5118 .quo
749 5063 904 5118 reges
943 5048 1010 5102 ad
1061 5048 1197 5103 bella
1239 5060 1635 5118 processerant,
1685 5053 1833 5107 misit

273 5139 436 5196 David
481 5138 640 5216 hab,
673 5148 779 5194 etc.
815 5159 833 5192 ι
870 5137 979 5194 llos
1008 5155 1160 5211 reges
1207 5141 1358 5205 dixit,
1417 5143 1509 5214 qui
1558 5160 1837 5213 processe-

272 5235 396 5288 I'ullt
415 5238 610 5286 contra
635 5229 824 5302 “David
862 5229 915 5283 in
952 5247 1205 5301 pugnant,
1243 5232 1446 5287 scilicet
1473 5250 1649 5304 regem
1683 5235 1835 5290 Roob

272 5325 324 5374 et
347 5317 504 5384 built,
532 5327 592 5374 et
629 5305 798 5382 Seba,
825 5327 878 5374 et
917 5318 1160 5394 Maacha,
1189 5320 1280 5390 qui
1320 5321 1504 5391 utique
1553 5338 1706 5394 reges
1735 5323 1833 5394 Sy-

269 5409 606 5469 ricl'nertmt
647 5418 705 5464 et
737 5424 976 5482 pugnare
1032 5412 1314 5468 voluerunt
1347 5429 1362 5467 :
1406 5418 1654 5472 conducti
1695 5436 1834 5473 mer-

269 5489 391 5556 cede
421 5515 452 5560 ι
478 5513 610 5578 rege
671 5498 828 5555 Moab
855 5510 1039 5564 contra
1067 5501 1265 5570 David,
1303 5519 1331 5558 a
1366 5521 1472 5575 quo
1512 5509 1828 5582 triumphati

268 5604 380 5648 ease
401 5591 680 5662 Ita-antur.

1958 3231 2249 3288 sententia.
2304 3250 2323 3285 ι
2382 3232 2719 3293 Sutl‘erentes
2766 3237 2994 3295 invicem
3045 3239 3112 3294 ad
3161 3241 3527 3308 dilectionem,

1957 3321 2234 3378 studentes
2255 3337 2476 3379 servare
2506 3325 2765 3383 unitatem
2813 3326 3048 3400 Spiritus
3098 3329 3152 3384 in
3191 3331 3406 3388 vinculo
3430 3349 3528 3405 pa-

1955 3411 2034 3470 cis
2065 3409 2276 3485 (Ephes.
2307 3413 2404 3483 tv).
2449 3433 2468 3466 ι
2515 3412 2665 3471 Dono
2710 3416 2894 3488 itaque
2939 3419 3227 3488 spirituali,
3276 3423 3380 3477 hoc
3421 3431 3524 3490 est,

1955 3502 2262 3570 septenario
2320 3503 2463 3558 facta
2524 3515 2606 3562 est
2657 3505 2894 3563 Ecclesia
2968 3518 3164 3579 puteus
3215 3513 3523 3572 satietatis:

1954 3593 2080 3664 quia
2106 3593 2284 3652 factus
2319 3605 2402 3652 est
2443 3597 2502 3652 in
2540 3613 2603 3655 ea
2639 3617 2658 3651 ς
2689 3598 2810 3657 fons
2839 3617 2992 3672 aqua:
3016 3606 3150 3660 vivae
3194 3606 3443 3664 salientis
3473 3609 3528 3664 in

1955 3683 2120 3739 vitam
2165 3692 2442 3752 aeternam,
2495 3683 2655 3756 quem
2698 3691 2788 3762 qui
2837 3691 3110 3760 habuerit,
3142 3711 3246 3750 non
3287 3697 3436 3754 sitiet
3472 3698 3528 3755 in

1952 3781 2216 3829 aeternum
2281 3776 2461 3849 (Joan.
2506 3780 2601 3852 tv).
2640 3800 2660 3835 ι
2709 3780 2828 3840 Jam
2865 3799 2993 3840 vero
3031 3787 3122 3858 qui
3152 3787 3316 3843 fuerit
3363 3791 3529 3846 mari-

1955 3871 2042 3921 tus
2083 3865 2220 3934 ejus,
2265 3867 2399 3936 quid
2431 3870 2574 3924 aliud
2624 3886 2788 3942 quam
2832 3873 3101 3932 diabolum
3133 3876 3370 3938 nominis
3406 3877 3526 3949 ejus

1953 3953 2327 4026 interpretatio
2401 3959 2729 4028 signiﬁcat?
2811 3960 2982 4030 Hujus
3056 3973 3214 4022 erant
3287 3968 3524 4039 pessimo

1951 4044 2199 4116 conjugio
2245 4047 2464 4118 deligati
2493 4064 2713 4116 omnes,
2773 4065 2909 4121 quos
2962 4055 3134 4124 gratia
3166 4055 3259 4111 Dei
3307 4058 3520 4126 liberat,

1950 4145 2011 4189 ut
2040 4136 2278 4198 Ecclesia
2317 4156 2336 4190 ι
2375 4139 2492 4196 sine
2531 4139 2741 4196 macula
2767 4150 2824 4195 et
2850 4156 2980 4214 ruga
3027 4142 3238 4215 (Epiros.
3272 4145 3324 4218 v)
3358 4165 3376 4200 ι
3411 4149 3526 4206 Sal.

1951 4229 2124 4283 vatori
2145 4229 2324 4301 primo
2380 4231 2676 4302 copuletur.
2724 4231 2882 4289 Urias
2928 4234 3072 4292 enim
3137 4235 3524 4308 interpretatur

1951 4319 2043 4375 lita:
2106 4339 2221 4378 mea
2279 4322 2415 4388 Dei;
2463 4321 2685 4378 Ethzeus
2731 4332 2910 4378 autem
2957 4324 3218 4382 abscissus
3262 4339 3357 4394 est,
3407 4330 3522 4386 sive

1951 4412 2077 4482 quia
2112 4430 2129 4464 ι
2164 4414 2219 4468 in
2243 4413 2470 4469 veritate
2490 4428 2600 4469 non
2630 4413 2781 4470 stetit
2805 4413 2986 4492 (Joan.
3011 4415 3108 4486 tt);
3149 4436 3167 4470 ι
3195 4417 3290 4475 sed
3337 4434 3368 4473 a
3396 4419 3518 4477 luce

1953 4516 2050 4556 sua
2074 4517 2329 4572 superna,
2352 4517 2514 4573 quam
2537 4502 2603 4558 de
2645 4502 2754 4558 Deo
2790 4503 3042 4575 habebat,
3091 4507 3357 4582 superbiae
3399 4523 3517 4566 me-

1955 4592 2060 4648 rito
2086 4593 2360 4648 abscissus
2383 4601 2497 4660 est;
2541 4593 2656 4648 sive
2677 4594 2802 4665 quia
2831 4593 3093 4659 cadendo,
3118 4595 3264 4652 veris
3309 4597 3517 4656 viribus

1949 4685 2200 4756 perditis,
2236 4703 2254 4736 ι
2289 4686 2638 4756 transﬁgurat
2663 4700 2721 4743 se
2748 4685 2804 4740 in
2845 4685 3096 4756 angelum
3144 4686 3278 4744 lucis
3305 4685 3356 4760 (1
3389 4687 3512 4743 Cor.

1950 4774 2050 4846 XI),
2084 4795 2102 4827 ›
2158 4776 2362 4834 audens
2387 4775 2498 4830 Deo
2538 4775 2759 4831 dicere:
2793 4773 2910 4828 Lux
2952 4792 3064 4829 mea
3111 4775 3209 4830 Dei
3231 4785 3324 4832 est.
3372 4777 3516 4848 Ergo

1949 4866 2052 4920 iste
2077 4866 2294 4934 quidem
2341 4865 2507 4919 David
2552 4865 2788 4934 graviter
2837 4865 3201 4937 scelerateque
3247 4870 3510 4938 peccavit.

1945 4953 2098 5019 Quod
2133 4952 2312 5007 scelus
2338 4951 2453 5021 ejus
2500 4954 2664 5006 etiam
2720 4967 2819 5022 per
2841 4956 3156 5024 prophetam
3221 4954 3362 5010 Deus
3423 4971 3513 5014 ar-

1943 5043 2057 5115 guit
2084 5043 2430 5112 increpando,
2457 5051 2512 5097 ct
2559 5043 2672 5111 ipse
2694 5043 2862 5098 abluit
2900 5044 3228 5113 pmttitendo.
3280 5043 3508 5100 Verum-

1943 5142 2120 5186 tamen
2166 5131 2253 5185 ille
2291 5150 2307 5182 ι
2345 5131 2715 5187 desiderabilis
2750 5133 2999 5188 omnibus
3050 5135 3298 5205 gentibus
3351 5134 3502 5207 (Agg.

1944 5224 2028 5294 tt),
2073 5242 2091 5274 ι
2123 5221 2275 5291 quasi
2321 5221 2373 5275 in
2435 5221 2632 5280 salario
2653 5222 2998 5279 deambulans
3026 5263 3040 5289 ,
3088 5225 3212 5297 quia
3249 5243 3267 5277 ι
3311 5225 3366 5280 in
3395 5227 3506 5281 sole

1943 5313 2124 5383 posuit
2174 5313 2578 5368 tabernaculum
2622 5328 2776 5368 suum
2802 5311 2971 5387 (Psal.
3010 5315 3190 5387 xvtn),
3236 5335 3256 5369 ι
3289 5316 3508 5370 adama-

1942 5406 2019 5461 vit
2067 5404 2362 5459 Ecclesiam
2423 5418 2584 5474 super
2633 5411 2833 5458 tectum
2879 5419 2938 5460 se
2977 5403 3266 5472 lavantem,
3322 5405 3500 5468 idest,

1940 5498 2288 5552 mundantem
2319 5510 2377 5550 se
2404 5511 2433 5549 a
2457 5495 2704 5553 sordibus
2730 5496 2932 5564 saeculi,
2965 5506 3018 5551 et
3061 5497 3277 5552 domum
3302 5496 3501 5550 luteam

1941 5589 2204 5659 spirituali
2275 5588 2724 5659 contemplatione
2797 5588 3266 5642 transcendentem
3336 5595 3500 5654 atque

1942 5682 2238 5736 calcantem
2265 5698 2279 5734 :
2312 5690 2365 5734 et
2400 5681 2643 5735 inchoata
2683 5696 2802 5735 cum
2849 5679 2932 5732 illa
2965 5679 3155 5747 prima:
3182 5679 3503 5732 conventio-
