4026 6202
475 343 542 400 99
1113 328 1174 382 Β.
1214 321 1466 380 nsum
1502 317 1720 374 ιιΑυιιι
1757 285 2085 369 Att-cuine!

2199 303 2431 362 iGUNT.
2471 294 2759 357 OPERUM
2797 292 2977 350 PARS
3013 291 3056 347 ι.

1387 437 1492 491 itus
1520 440 1832 504 separatum
1861 426 2047 482 diabo-
2065 424 2101 484 -Λ

2199 401 2548 482 immeritum?
2576 416 2641 469 Et
2663 412 2804 482 quid
2831 417 2914 464 est
2953 406 3164 469 vitium,
3200 401 3305 457 nisi
3332 399 3562 456 vulnus?
3596 397 3735 464 Quia

468 456 558 514 nis
584 452 798 515 notitia,
842 455 1030 518 postea
1083 443 1238 497 abeo
1277 453 1380 509 pen

3627 282 3730 337 HO

530 486 558 510 δ
585 486 774 508 "aut...
914 486 1030 501 πυ..
1083 486 1150 497 ...,
1172 486 1234 496 ν-
1318 486 1488 494 --.μη
1522 486 1605 504 με

471 486 586 604 iiiin
617 486 1098 607 occidit,:amque
1146 533 1250 588 sibi
1278 486 1559 600 rperpetuo
1586 521 1860 581 connubio
1881 531 2049 586 copu-
2149 525 2281 580 ergo
2309 523 2410 563 nos
2430 507 2496 563 de
2519 504 2913 560 medicamento
2963 495 3158 550 vulnus
3187 490 3440 554 facimus,
3467 487 3601 591 facit
3645 486 3739 543 ille

474 579 586 604 lusu
617 579 820 600 vvvuuo
867 579 988 595 vanu
1032 579 1097 591 -ν
1147 579 1250 588 ..υ--
1337 579 1380 583 ν-
1438 579 1548 583 --ν-
1604 579 1643 581 ,-
1950 579 1964 586 _
2224 579 2233 580 ί

474 639 628 695 lavit.
677 581 964 691 Oderimus
993 579 1148 695 “ergo
1200 579 1504 692 peccatum,
1557 616 1650 671 sed
1713 607 2054 682 prophetiam
2149 597 2955 658 devulneremedicamentum,
2977 595 3036 642 ut
3049 585 3355 656 quivirtute
3376 579 3740 652 percutimur,

2195 693 2201 695 ·
2235 692 2246 695 ‘
2604 686 2646 695 -·
3035 680 3046 690 ο
3088 685 3254 695 μέμ-ΔΑ
3293 674 3419 695 J‘n‘
3455 688 3482 695 _
3508 684 3716 695 λιι--..η

481 1013 595 1056 tam
637 1011 802 1068 grave
865 993 919 1048 in
949 1006 1008 1046 se
1037 968 1233 1044 vulnus
1298 981 1598 1053 iniquitatis
1627 993 1696 1033 ex
1739 969 2061 1030 humilitatis
2160 972 2221 1020 ut
2244 969 2456 1028 servet;
2493 968 2555 1014 ut

485 1033 595 1056 tu...
655 1033 801 1051 -ηινν
951 1033 1008 1046 ην
1047 1033 1232 1044 ......--

480 1033 819 1145 confessione
853 1079 1084 1137 sanavit.
1147 1075 1258 1147 (Ex
1283 1033 1581 1142 Grejgorio.)
1613 1067 1698 1121 Ad
1723 1066 1833 1120 hoc
1852 1075 1980 1130 ergo
2007 1059 2062 1112 in
2153 1054 2352 1111 saltem
2385 1052 2639 1108 cadentes
2663 1048 3000 1130 haereamus.
3025 1041 3130 1097 Sed
3157 1039 3444 1118 interhmc
3461 1033 3750 1090 sciendum

485 1179 768 1247 scriptura
791 1185 947 1227 sacra
982 1132 1224 1222 virorum
1271 1163 1484 1225 talium,
1539 1159 1594 1212 id
1648 1163 1752 1218 est,
1801 1149 1974 1206 David
1999 1154 2066 1201 tet
2161 1145 2412 1216 estquod
2445 1143 2694 1214 plerique
2710 1139 2988 1196 hominum
3009 1136 3136 1206 quia
3167 1135 3223 1188 in
3254 1132 3442 1194 multis
3467 1137 3749 1190 corruunt.

1609 1246 1616 1247 κ
1719 1244 1728 1247 -
1849 1241 1860 1247 -
2273 1237 2302 1247 γ.
2400 1235 2431 1247 ιο
2550 1241 2560 1247 .
2683 1229 2719 1247 η
2777 1245 2808 1247 -_
2827 1243 2918 1247 μ---
2959 1242 3043 1247 ----
3076 1225 3329 1247 -..ΑΞ,--...Α
3354 1221 3521 1247 ιιιιηιῖιι
3555 1235 3616 1247 Au
3643 1233 3749 1247 ...ειη

485 1221 642 1332 Petri
685 1269 908 1334 peccata
967 1265 1094 1313 sunt
1139 1253 1334 1317 indita,
1363 1259 1422 1304 ut
1447 1221 1658 1303 cautela
1689 1244 1758 1298 sit
1793 1241 2066 1296 minorum
2168 1237 2373 1296 arctius
2398 1235 2654 1305 ligantur.
2681 1229 2924 1298 Cumque
2952 1242 3048 1301 eos
3074 1225 3333 1292 antiquus
3354 1221 3525 1277 hostis
3553 1235 3620 1282 ex
3643 1233 3754 1272 ιιηο

2206 1330 2258 1334 --
2519 1326 2551 1334 ..
2654 1333 2660 1334 ,
2861 1319 2909 1334 ..
2989 1326 3002 1334 ,
3070 1333 3079 1334 ,
3301 1328 3503 1334 ,λη-η,
3535 1312 3658 1334 ιε--.

486 1312 648 1414 ruina
688 1312 986 1420 rmajorum.
1027 1346 1138 1400 'Ad
1166 1345 1269 1399 hoc
1290 1312 1422 1396 vero
1452 1348 1809 1404 utrorumque
1858 1329 1972 1386 illic
2012 1337 2069 1383 et
2166 1330 2300 1384 vitio
2326 1326 2561 1398 percutit
2611 1333 2670 1380 ut
2723 1319 3029 1382 concidant,
3059 1333 3125 1372 ex
3153 1315 3260 1370 alio
3294 1328 3508 1383 quoque
3535 1312 3664 1382 ligat
3686 1324 3757 1364 ne

488 1446 809 1523 poenitentia
843 1442 1147 1498 insinuatur
1170 1445 1226 1490 et
1251 1435 1430 1498 venia,
1458 1440 1519 1486 ut
1551 1443 1678 1500 spes
1725 1422 2068 1496 pereuntium
2157 1451 2162 1457 ς

493 1514 564 1599 sit
588 1537 938 1611 recuperatio
975 1531 1329 1602 perditorum.
1381 1525 1454 1580 De
1485 1532 1627 1578 statu
1669 1533 1798 1589 ergo
1831 1530 1930 1571 suo
1958 1514 2063 1568 Da-

2168 1428 2413 1490 surgant.
2437 1415 2764 1473 .Consideret
2785 1413 2968 1480 itaque
2993 1411 3156 1466 homo
3183 1423 3308 1466 cum
3362 1422 3470 1477 quo
3503 1405 3759 1458 adversa-

2173 1515 2256 1570 rio
2283 1512 2484 1567 bellum
2511 1515 2684 1580 gerat.
2714 1505 2784 1560 Et
2823 1505 2870 1559 si
2902 1501 3015 1571 jam
3059 1515 3122 1558 se
3171 1501 3230 1555 in
3258 1499 3440 1569 aliquo
3467 1496 3761 1566 deliquisse

1127 1618 1429 1691 superbiat,
1486 1615 1552 1670 de
1594 1588 1751 1682 lapsu
1770 1609 1936 1664 etiam
1975 1617 2072 1660 suo
2170 1605 2474 1679 perpendit,
2507 1599 2704 1656 saltem
2732 1597 2803 1654 ad
2822 1595 3037 1666 culpam
3076 1592 3324 1664 pertrahi
3349 1608 3417 1646 ex
3445 1588 3602 1659 culpa
3634 1602 3763 1658 per-

494 1723 666 1780 David
699 1726 955 1789 surgente
977 1727 1134 1769 nemo
1157 1711 1428 1779 desperet.
1471 1705 1610 1760 Ecce
1639 1715 1802 1789 quam
1851 1694 2075 1789 mirabi-

2179 1678 2451 1760 timeseat,
2473 1703 2553 1750 ut.
2579 1692 2822 1748 studiose
2849 1690 3090 1744 vitentur
3137 1685 3386 1748 vulnera,
3435 1681 3633 1753 quibus
3654 1678 3764 1732 frc-

683 1769 962 1877 Scriptura
1004 1816 1160 1857 sacra
1209 1769 1401 1854 eodem
1431 1794 1616 1849 verbo
1639 1769 1871 1846 humiles
1911 1785 2072 1840 levat.
2103 1769 2150 1830 Β
2177 1783 2776 1861 quenter-interﬂua:
2808 1781 2936 1850 quia
2969 1777 3126 1835 valde
3149 1791 3335 1831 rarum
3354 1783 3459 1839 est,
3487 1772 3632 1842 quod
3665 1771 3769 1826 ho—

500 1904 676 1961 Unam
707 1875 941 1967 namque
959 1909 1076 1950 rem
1105 1900 1317 1963 gestam
1346 1885 1551 1949 retulit,
1579 1891 1630 1937 ct
1677 1881 1892 1936 diverso
1915 1875 2078 1931 modo

500 1995 763 2066 superbos
783 1989 1000 2060 quidem
1023 1986 1088 2041 ad
1116 1980 1438 2039 humilitatis
1459 1975 1822 2037 iormidinem,
1844 1968 2078 2026 humiles

499 2059 630 2142 vero
661 2085 729 2140 ad
755 2059 867 2154 spei
897 2078 1149 2135 ﬁduciam
1174 2059 2078 2130 revocavit.0inzestimabile'novi

502 2176 720 2250 generis
751 2151 1230 2230 medicamentum,
1255 2163 1400 2234 quod
1424 2159 1862 2224 uno-eodemque
1891 2151 2082 2208 ordine

500 2241 858 2340 propositum,
891 2269 947 2315 et
987 2253 1282 2327 premendo
1307 2249 1569 2306 tumentia
1596 2246 1857 2309 exsiccat,
1879 2251 1936 2297 et
1957 2241 2085 2296 sub-

501 2331 735 2413 levando
778 2349 988 2405 arentia
1045 2344 1280 2400 infundit
1300 2344 1320 2396 ε.
1345 2343 1422 2397 De
1460 2336 1748 2407 "majorum
1797 2348 1896 2388 nos
1930 2331 2082 2402 lapsu

501 2444 742 2509 terruit;
771 2440 868 2496 sed
919 2438 987 2493 de
1030 2435 1373 2505 reparatione
1427 2427 1721 2485 reboravit.
1767 2423 1860 2480 Sic
1889 2423 2087 2493 quippe

443 2539 446 2543 ’
504 2549 739 2607 semper,
774 2535 861 2588 sic
906 2546 1005 2586 nos
1032 2529 1227 2584 divinae
1253 2521 1683 2595 dispensationis
1705 2513 2087 2573 misericordia

506 2635 565 2682 et
611 2605 986 2693 superbientes
1025 2615 1310 2686 reprimit;
1351 2621 1407 2667 et
1439 2626 1508 2666 ne
1553 2605 2088 2677 ad-deSperationem

510 2729 850 2779 corruamus,
879 2711 1058 2767 fovet.
1093 2707 1219 2764 Sed
1269 2706 1419 2777 quia,
1461 2705 1714 2774 exigente
1760 2713 1944 2764 causa,
1978 2697 2089 2752 Da-

509 2807 600 2862 vid
638 2805 706 2861 ad
761 2803 999 2859 medium
1062 2799 1314 2864 deducto,
1364 2795 1505 2851 tanti
1563 2790 1849 2848 facinoris.
1885 2802 2092 2844 memo-

517 2901 654 2956 riam
693 2897 942 2964 fecimus,
1007 2893 1227 2950 lectoris
1293 2892 1526 2947 fortasse
1581 2888 1795 2943 animus
1865 2898 2098 2939 movea—

515 3003 624 3056 tur,
651 3007 654 3011 '
679 3003 778 3045 cur
821 2987 1162 3056 omnipotens
1199 2984 1341 3039 Deus
1389 2996 1482 3036 eos
1521 2973 1657 3050 quos
1687 2977 2094 3046 inperpetuum

2178 1885 2284 1941 stis
2296 1889 2485 1937 noster
2509 1877 2821 1934 electorum
2832 1873 2994 1930 saluti
3013 1871 3191 1928 etiam.
3204 1864 3766 1924 vulneribusserviat.

2177 1975 2261 2031 Ad
2307 1969 2664 2028 erudiendum
2708 1966 2876 2030 enim,
2909 1965 3063 2018 sicut.
3096 1959 3351 2024 diximus,
3390 1956 3598 2012 electos
3639 1968 3770 2009 suos

2157 2061 2446 2117 Dominus
2472 2071 2618 2128 sape
2642 2053 2901 2111 tentatori
2929 2050 3168 2121 subjicit.
3199 2047 3362 2110 Sicut.
3381 2053 3504 2116 post
3527 2041 3770 2115 paradisi

2182 2155 2442 2217 claustra,
2469 2157 2600 2220 post
2621 2147 2763 2203 tertii
2795 2144 2919 2202 coeli
2941 2150 3151 2198 secreta
3179 2157 3250 2200 ne
3278 2137 3628 2206 revelatiouis
3654 2148 3773 2196 rna-

2155 2282 2158 2284 η
2184 2244 2466 2316 gnitudiue
2485 2239 2686 2295 Paulus
2706 2235 2893 2292 extolli
2920 2235 3204 2305 potuisset,
3223 2229 3522 2290 ei.S.atanm
3547 2226 3774 2298 angelus

2180 2336 2346 2391 .datus
2370 2339 2455 2386 est
2483 2328 2566 2401 (ΙΙ
2603 2327 2728 2382 Cor.
2758 2325 2883 2396 xu).
2910 2324 3038 2390 Sed,
3069 2332 3133 2380 ut
3185 2320 3394 2392 prmfati
3421 2334 3628 2382 sumus,
3654 2321 3777 2387 ipsa

2187 2427 2294 2482 hac
2340 2421 2637 2478 tentatione
2673 2417 2999 2489 disponitur,
3031 2423 3091 2470 ut
3109 2414 3210 2483 .qui
3259 2411 3388 2470 elati
3418 2409 3596 2480 perire
3617 2415 3778 2479 pote-

2191 2525 2338 2582 runt,
2365 2511 2636 2570 humiliati
2671 2525 2704 2565 a
2721 2508 3042 2580 perditione
3061 2513 3370 2561 serventur.
3399 2502 3620 2578 Secreto
3645 2513 3782 2569 ergo

2195 2576 2614 2676 dispensationis
2657 2576 2869 2660 ordine,
2909 2598 3052 2652 unde
3091 2593 3283 2649 smvire
3311 2576 3639 2663 permittitur
3668 2586 3782 2642 ini-

2164 2697 2375 2768 quitas
2403 2692 2631 2757 diaboli,
2680 2689 2820 2745 inde
2859 2689 2954 2758 pie.
2989 2685 3278 2758 perﬁcitur
3325 2678 3780 2752 benignitaSDei.

2167 2790 2331 2859 «Quia
2381 2784 2728 2842 adversarius
2763 2789 2961 2836 noster
3010 2779 3135 2834 inde
3183 2777 3525 2845 obtemperat
3561 2772 3784 2830 nutibus

2195 2897 2446 2954 superum
2468 2880 2676 2951 gratim,
2693 2877 2847 2931 unde
2871 2882 3091 2929 exercet
3138 2873 3276 2928 iram
3315 2870 3663 2940 nequissima:
3686 2883 3786 2922 vo-

2197 2973 2421 3029 luntatis
2443 2986 2573 3026 suae.
2587 2968 2784 3023 "Potest
2806 2974 2988 3020 autem
3014 2971 3070 3019 et
3097 2963 3255 3018 aliter
3278 2958 3790 3030 secundummysti-

513 3084 700 3155 elegit,
745 3096 882 3150 quos
931 3077 998 3132 ad
1036 3078 1315 3132 donorum
1342 3085 1558 3142 quoque
1601 3066 1929 3139 spiritalium
1981 3061 2098 3118 eul-
2124 3131 2164 3155 η
2198 3081 2298 3121 cos
2319 3077 2512 3119 sensus
2535 3063 2652 3115 haec
2683 3059 2872 3114 eadem
2910 3071 3000 3111 res
3051 3053 3247 3124 accipi,
3283 3059 3332 3113 si
3359 3066 3617 3124 quacum
3648 3064 3790 3120 puro

518 3131 700 3155 ν-νοη,
751 3131 878 3150 τίη
936 3131 981 3132 η
1045 3131 1056 3132 κ
1360 3131 1377 3142 .
1470 3131 1488 3141 -
1633 3131 1648 3139 -

515 3191 642 3232 men
667 3173 915 3237 assumit,
943 3171 1136 3225 illaesos
1165 3183 1196 3221 a
1226 3165 1594 3236 corporalibus
1615 3163 1762 3216 vitiis
1791 3176 1898 3215 non
1921 3167 2098 3215 custo-
2123 3131 2166 3194 Ο
2200 3155 2473 3212 intellectu
2500 3152 2705 3208 rimare
2735 3148 2986 3204 voluerit.
3013 3145 3180 3216 Cujus
3204 3153 3388 3200 autem
3416 3141 3584 3197 Davi-l
3607 3140 3784 3195 in-so-

518 3266 618 3321 dit.
645 3264 800 3320 Unde
826 3262 953 3332 quia
1000 3259 1134 3316 satis
1179 3257 1298 3312 fieri
1345 3256 1506 3312 citius
1535 3254 1829 3319 credimus,
1859 3251 2100 3307 breviter

521 3355 960 3426 respondeamus.
992 3347 1246 3405 Nonnulli
1271 3348 1415 3402 enim
1445 3361 1545 3417 per
1569 3351 1794 3414 accepta
1813 3342 1956 3396 dona
1989 3340 2102 3394 vir-

521 3455 718 3510 tutum,
749 3459 847 3514 per
901 3443 1196 3511 impensam
1236 3439 1469 3509 gratiam
1495 3437 1757 3491 bonorum
1783 3446 2006 3502 operum
2047 3431 2102 3484 in

526 3535 791 3608 superbiae
817 3535 1006 3587 vitium
1038 3531 1268 3594 cadunt;
1309 3527 1422 3583 sed
1449 3534 1627 3580 tamen
1652 3537 1759 3593 quo
1781 3520 2100 3585 ceciderint,

527 3641 636 3682 non
659 3630 976 3695 agnoscunt.
1008 3619 1242 3675 Proinde
1282 3624 1475 3672 contra
1505 3613 1798 3670 eoshostis
1821 3611 2101 3680 antiquus,

524 3715 618 3787 qui
648 3714 760 3783 jam
816 3711 1046 3767 interius
1094 3708 1420 3772 dominatur,
1455 3704 1699 3760 exterius
1727 3703 1892 3757 etiam
1922 3699 2106 3754 subire

521 3803 880 3878 permittitur,
903 3810 962 3854 ut
984 3799 1077 3868 qui
1092 3799 1158 3852 in
1181 3795 1510 3867 cogitatione
1535 3792 1662 3848 elati
1697 3799 1844 3855 sunt,
1865 3804 1966 3858 per
1985 3803 2106 3842 car—

526 3893 906 3951 nisiuxuriam
951 3896 1388 3960 prosternuntur.
1415 3885 1630 3942 Scimus
1650 3894 1831 3938 autem
1852 3883 1980 3952 quia
2005 3880 2108 3935 ali.

479 3999 482 4004 ·
529 3985 742 4057 quando
791 3983 968 4037 minus
995 3989 1080 4034 est
1107 3980 1161 4034 in
1197 3977 1440 4048 corporis
1466 3974 1866 4045 mrruptionem
1888 3971 2106 4036 cadere,

529 4091 690 4147 quam
719 4073 1044 4144 cogitatione
1068 4070 1231 4125 tacita
1266 4084 1336 4123 ex
1382 4067 1677 4122 deliberata
1718 4065 1951 4119 elatione
1980 4076 2108 4133 pec—

529 4181 676 4222 care.
705 4164 812 4219 Sed
851 4178 973 4217 cum
1002 4161 1181 4218 minus
1209 4159 1380 4229 turpis
1417 4156 1666 4228 superbia
1700 4154 1960 4219 creditur,
2001 4153 2108 4207 mi-

531 4276 634 4315 nus
679 4260 909 4313 vitatur.”
955 4256 1253 4310 Luxuriam
1298 4267 1429 4308 vero
1467 4267 1532 4308 eo
1562 4251 1736 4322 magis
1783 4251 2112 4306 erubescunt

531 4351 801 4415 homines,
832 4348 956 4417 quia
989 4345 1148 4401 simul
1187 4343 1376 4400 omnes
1403 4353 1617 4413 turpem
1643 4348 1928 4397 noverunt.
1960 4338 2112 4394 Unde

532 4444 588 4499 fit
615 4443 932 4513 plerumque
953 4449 1019 4494 ut
1037 4436 1284 4493 nonnulli
1297 4444 1418 4507 post
1437 4435 1746 4504 superbiam
1772 4433 1826 4486 in
1842 4429 2108 4484 luxuriam

533 4539 852 4590 corruentes
888 4545 958 4585 ex
1010 4538 1197 4598 aperto
1229 4525 1650 4580 ‘casu'malum'
1682 4521 1852 4590 culpa:
1887 4520 2108 4575 latentis

533 4624 887 4684 erubescant,
943 4627 999 4672 et
1049 4626 1179 4670 tunc
1211 4615 1385 4668 etiam
1426 4611 1633 4680 majora
1662 4611 1954 4681 corrigunt,
1985 4623 2109 4664 cum

534 4710 793 4784 prostrati
840 4709 895 4762 in
940 4706 1178 4760 minimis
1224 4703 1442 4774 gravius
1485 4700 1914 4756 confunduntur.
1967 4699 2110 4755 Reos

534 4803 681 4859 enim
705 4818 763 4857 se
799 4802 944 4854 inter
967 4798 1176 4852 minora
1207 4795 1564 4866 conspiciunt,
1595 4793 1687 4864 qui
1716 4808 1776 4848 se
1798 4793 1996 4848 liberos
2022 4794 2108 4848 in-

535 4900 622 4948 ter
654 4892 900 4965 graviora
944 4888 1306 4944 crediderunt.
1333 4885 1438 4940 ‘Pia
1481 4899 1610 4956 ergo
1636 4885 1849 4940 Domini
1890 4885 2111 4955 diSpen-

538 4987 749 5042 satione
796 4986 1008 5040 laxatus
1060 4996 1445 5050 nonnunquam
1499 4979 1766 5052 malignds
1801 4979 2024 5049 spiritus
2050 4980 2116 5036 de

537 5077 695 5147 culpa
721 5077 788 5133 ad
836 5075 1049 5145 culpam
1081 5074 1263 5128 trahit.
1305 5073 1374 5127 Et
1400 5074 1526 5127 dum
1563 5071 1683 5141 plus
1706 5073 1960 5142 percutit,
1992 5071 2117 5127 inde

539 5183 664 5226 eum
708 5184 868 5239 quem
915 5174 1199 5236 acceperat
1245 5165 1474 5230 amittit;
1514 5173 1676 5239 atque
1726 5165 1869 5220 unde
1919 5163 2119 5221 vicisse

540 5237 804 5323 cernitur,
854 5255 978 5311 inde
1025 5265 1330 5324 superatur.
1371 5237 1731 5309 Considerare
1779 5253 1912 5308 libet
1977 5255 2118 5310 intra

543 5351 808 5407 munitum
851 5348 1036 5419 gratiae
1082 5348 1283 5412 sinum,
1314 5355 1516 5416 quanto
1550 5345 1690 5407 Deus
1731 5347 2116 5402 misericordia:

544 5443 728 5496 favore
765 5455 864 5494 nos
899 5437 1156 5492 continet.
1180 5438 1320 5492 Ecce
1346 5436 1436 5506 qui
1474 5437 1539 5491 de
1573 5437 1773 5492 virtute
1793 5453 1852 5492 se
1886 5437 2117 5504 extollit,

545 5547 644 5604 per
667 5530 859 5585 vitium
887 5527 954 5582 ad
993 5527 1352 5583 humilitatem
1398 5527 1552 5582 redit.
1578 5527 1680 5594 Qui
1719 5544 1850 5583 vero
1886 5529 2121 5599 acceptis

547 5623 838 5679 virtutibus
861 5619 1156 5684 extollitur,
1186 5635 1294 5673 non
1320 5619 1516 5692 gladio,
1541 5621 1658 5685 sed,
1690 5629 1748 5674 ut
1772 5621 1844 5674 ita
1867 5621 2119 5686 dixerim,

551 5722 942 5778 medicamento
977 5719 1306 5774 vulneratur.
1349 5715 1487 5784 Quid
1531 5727 1614 5772 est
1643 5717 1838 5786 virtus,
1869 5718 1971 5772 nisi
2007 5733 2120 5773 tue-
2152 5709 2158 5716 ’

2198 3241 2805 3304 larium-deambulans
2844 3249 3037 3311 typum
3059 3245 3252 3301 tenet,
3285 3235 3391 3290 nisi
3437 3233 3554 3303 eius
3585 3233 3653 3287 de
3669 3245 3792 3300 :quo

2197 3341 2462 3410 scriptum
2501 3344 2627 3391 est:
2659 3351 2677 3385 ι
2712 3333 2772 3387 ιιι
2801 3331 2916 3387 sole
2959 3329 3144 3400 posuit
3187 3325 3598 3384 tabernaculum
3631 3338 3792 3400 suum

2202 3397 2374 3503 (Ρεᾶι.
2405 3425 2598 3494 svnt)?
2633 3442 2652 3475 ι
2688 3423 2758 3477 Et
2795 3397 3043 3490 quid'est
3074 3417 3346 3473 Bersabee
3383 3414 3544 3470 adse
3593 3397 3796 3482 perdu-

2202 3535 2347 3584 cere,
2378 3518 2482 3574 nisi
2505 3510 2677 3587 legem
2707 3514 2901 3568 littera:
2944 3510 3154 3567 carnali
3207 3509 3406 3580 populo
3445 3505 3794 3575 conjunctam

2203 3609 2428 3681 spiritali
2449 3607 2554 3662 sibi
2581 3604 2855 3660 intellectu
2877 3602 3127 3657 sociare?
3148 3600 3414 3656 Bersabee
3433 3599 3576 3654 enim
3605 3607 3797 3667 puteus

2203 3707 2452 3778 septimus
2505 3703 2733 3766 dicitur,
2783 3697 2910 3770 quia
2946 3699 3216 3753 nimirum
3282 3712 3379 3767 per
3430 3694 3797 3766 cognitionem

2205 3777 2359 3869 legis,
2391 3793 2661 3850 inlusione
2701 3792 2962 3862 spiritalis
2997 3791 3222 3860 gratiae,
3251 3787 3490 3859 perfecta
3521 3777 3676 3842 nobis
3701 3800 3796 3840 sa-

2206 3875 2407 3959 pientia
2431 3885 2790 3940 ministratur.
2823 3882 2962 3950 Quid
2995 3896 3125 3936 vero
3155 3880 3314 3936 Urius
3364 3879 3469 3933 nisi
3507 3876 3797 3932 Iudaicum

2175 3975 2464 4051 “populum
2505 3974 2729 4047 signat?
2758 3972 2926 4042 Cujus
2957 3986 3155 4045 nomen
3202 3971 3614 4040 interpretatum
3651 3967 3797 4023 dici-

2209 4079 2304 4125 tur
2339 4069 2433 4124 lux
2467 4067 2592 4123 mei
2620 4066 2738 4121 Dei.
2773 4063 3028 4120 Iudaicus
3065 4063 3294 4133 pepulus
3323 4061 3452 4132 quia
3479 4061 3545 4115 de
3573 4067 3802 4128 accepta

2209 4165 2346 4234 legis
2373 4160 2924 4226 scientia‘extollitur,
2956 4159 3111 4230 quasi
3145 4158 3211 4212 de
3236 4157 3332 4212 Dei
3363 4155 3482 4212 luce
3512 4155 3797 4227 gloriatur.

2205 4252 2668 4312 'Sed'huiC'David
2693 4265 2920 4306 uxorem
2947 4249 3203 4315 abstulit,
3229 4249 3443 4318 sibique
3469 4247 3751 4317 conjungit
3783 4264 3798 4299 :

2214 4348 2339 4419 quia
2383 4345 2649 4402 videlicet
2699 4343 3036 4412 manufortis,
3076 4343 3221 4412 quod
3275 4341 3444 4396 David
3497 4339 3712 4401 dicitur,
3746 4337 3804 4392 in

2216 4452 2379 4493 carne
2421 4435 2751 4504 Redemptor
2794 4447 3094 4504 apparens,
3119 4433 3246 4486 dum
3277 4432 3345 4487 dc
3385 4446 3444 4487 se
3485 4427 3806 4500 Spiritaliter

2220 4529 2367 4600 loqui
2399 4529 2572 4600 legem
2619 4527 2998 4596 innotuit,-per
3037 4526 3142 4580 hoc
3173 4525 3317 4594 quod
3361 4523 3516 4593 juxta
3560 4509 3804 4576 litteram

2224 4623 2527 4686 tenebatur,
2565 4620 2708 4674 hanc
2733 4617 2956 4673 Judaico
2999 4616 3196 4688 p0pnlo
3241 4623 3552 4671 extraneam
3580 4612 3807 4668 demon-

2224 4715 2418 4770 stravit
2444 4713 2654 4779 sibique
2671 4707 3108 4778 conjuuxit,quia
3135 4724 3194 4763 se
3216 4719 3310 4778 per
3334 4706 3480 4761 illam
3505 4705 3805 4776 prmdicare

2223 4805 2537 4861 declaravit.
2565 4800 2753 4858 Uriam
2787 4809 2966 4855 tamen
2994 4798 3060 4854 ad
3084 4799 3302 4855 domum
3326 4799 3404 4853 ire
3423 4795 3592 4851 David
3613 4796 3807 4850 admo-

2225 4904 2316 4951 net
2337 4896 2502 4966 pedes
2534 4893 2717 4947 lavare
2748 4908 2762 4944 :
2794 4891 2921 4961 quia
2949 4891 3264 4946 incarnatus
3289 4888 3550 4944 Dominus
3577 4886 3805 4942 veniens

2217 4990 2442 5045 iudaice
2463 4985 2660 5058 populo
2681 4984 2926 5055 praecipit
2961 4991 3021 5038 ut
3065 4984 3132 5038 ad
3173 4981 3562 5038 conscientiam
3590 4979 3803 5044 redeat,

2219 5089 2274 5137 et
2302 5081 2490 5135 sordes
2511 5077 2734 5148 operum
2766 5074 2981 5130 ﬂetibus
3002 5082 3197 5142 tergat,
3220 5081 3281 5127 ut
3305 5071 3622 5142 spiritaliter
3643 5084 3806 5124 man-

2221 5173 2345 5228 data
2372 5168 2827 5240 legisintelligat;
2867 5175 2922 5221 et
2947 5173 3069 5236 post
3101 5174 3307 5219 tantam
3327 5163 3581 5218 duritiam
3600 5175 3809 5233 prmce-
3883 5155 3894 5162 ’

2219 5272 2436 5334 ptorum
2463 5261 2665 5315 fontem
2693 5257 3036 5328 baptismatis
3067 5257 3348 5311 inveniens
3370 5254 3435 5308 ad
3458 5268 3654 5322 aquam
3679 5261 3807 5322 post

2221 5354 2457 5409 laborem
2489 5358 2752 5407 recurrat.
2785 5349 2892 5405 Sed
2921 5348 3097 5413 Urias,
3115 5335 3206 5418 qui
3235 5362 3413 5402 arcam
3445 5345 3658 5400 Domini
3681 5358 3807 5400 esse

2221 5447 2322 5501 sub
2360 5444 2589 5516 pellibus
2619 5443 2886 5504 meminit,
2921 5441 3200 5510 respondit
3236 5439 3378 5509 quod
3399 5439 3616 5493 domum
3647 5451 3805 5491 suam

2221 5537 2426 5592 intrare
2469 5550 2577 5590 non
2625 5542 2824 5604 posset.
2853 5533 2933 5587 Ac
2967 5533 3012 5586 si
3041 5529 3298 5586 Judaicus
3340 5528 3567 5600 populus
3605 5527 3748 5581 dicat
3786 5545 3800 5581 :

2221 5628 2336 5699 Ego
2367 5627 2620 5682 mandata
2647 5626 2742 5681 Dei
2779 5626 2833 5679 in
2877 5622 3162 5680 sacrificiis
3191 5621 3500 5676 carnalibus
3536 5619 3714 5682 video,
3747 5626 3806 5673 et

2227 5719 2404 5775 redire
2428 5719 2495 5774 ad
2527 5715 2914 5774 conscientiam
2938 5729 3037 5786 per
3061 5713 3358 5786 spiritalem
3389 5710 3806 5781 intelligentiam
