4026 6202
435 286 536 346 105

1077 271 1138 325 Β.
1179 265 1428 324 RABANI
1469 264 1686 320 MAURI
1722 257 2041 318 ARCHIEP.
2084 255 2392 312 MOGUNT.
2427 251 2714 312 OPERUM
2752 245 2930 306 PARS
2965 249 3006 304 1.

3561 243 3666 302 ιω

428 393 772 457 Ammonltis,
801 404 962 461 quam
983 388 1088 443 dux
1130 401 1260 440 suus
1283 383 1533 439 bellando
1576 379 1871 444 inchoavit,
1900 375 1998 432 sed
2024 377 2075 437 Α
2106 391 2124 424 ι
2157 371 2427 437 Ammiud,
2469 385 2649 461 regem
2679 365 2902 461 Cessur,
3108 358 3216 461 (ἕξεις
3251 351 3674 461 ΙῙεὸνωο.ξ.Τοιῖ

429 501 524 540 rex
545 485 664 553 ipse
687 479 937 552 perfecit,
967 477 1096 548 quid
1132 473 1420 545 signiﬁcat,
1441 471 1542 525 nisi
1567 469 1708 540 regis
1732 467 1904 522 nostri
1926 465 2003 519 vi-

428 573 658 627 ctoriam
680 571 734 626 in
763 568 971 622 cunctis
997 563 1278 634 gentibus?
1305 563 1423 619 Dux
1447 560 1590 615 enim
1616 557 1782 612 David
1811 564 2000 612 contra

2105 464 2214 520 mai
2245 472 2398 534 pater
2426 461 2525 516 fuit
2550 457 2771 528 hlaacha
2797 453 2988 508 matris
3007 449 3266 513 Absalon,
3295 462 3459 518 quam
3487 446 3677 501 dicunt

2102 555 2313 610 llebrazi
2343 569 2374 607 a
2403 552 2573 607 David
2596 551 2650 606 in
2674 546 2860 619 prmlio
2908 551 3145 613 captam,
3167 549 3224 595 et
3249 540 3470 596 cmsarie
3495 546 3550 592 et
3578 553 3680 594 un-

431 669 614 722 hostes
634 665 834 722 bellum
862 663 993 731 agit,
1024 675 1150 716 cum
1175 657 1308 712 ordo
1337 662 1648 711 sanctorum
1676 649 2003 720 praedicato—
2099 647 2294 716 guibus
2331 643 2619 715 praescisis,
2647 637 2940 702 secundum
2982 635 3154 704 legem
3179 646 3298 684 eam
3328 643 3552 684 uxorem
3576 627 3681 683 sibi

433 773 554 810 rum
611 761 799 810 contra
847 749 1029 806 mundi
1063 754 1312 818 potentes
1363 751 1575 800 scutum
1612 739 1732 793 ﬁdei
1758 735 2001 806 apponit.

435 845 542 900 Sed
591 844 711 899 finis
761 839 1074 896 certaminis
1103 845 1158 896 et
1196 832 1500 904 triumphus
1530 829 1655 884 belli
1702 827 1777 881 ad~
1820 838 2004 893 regem

435 936 708 994 Christqu
757 927 1140 988 solummodo
1181 924 1443 986 defertur,
1493 919 1618 990 quia
1673 915 1776 986 ipsi
1827 912 2005 968 omnis

435 1033 676 1097 potestas
725 1031 780 1078 et
823 1020 1061 1090 potentia
1124 1015 1272 1085 regni
1319 1012 1610 1072 ascribitur
1640 1027 1653 1068 ;
1688 1027 1707 1059 ε
1739 1008 1882 1062 Deus
1925 1012 2012 1060 est

437 1095 601 1181 enim,
625 1113 923 1173 semiudum
970 1108 1310 1179 Apostolum,
1337 1105 1430 1174 qui
1471 1109 1727 1173 operatur
1755 1099 1810 1153 in
1855 1095 2010 1151 nobis

421 1217 494 1264 -ct
535 1206 670 1262 velle
714 1212 771 1258 et
823 1201 1084 1272 perﬁcere
1121 1197 1290 1268 (Phil.
1319 1196 1413 1260 ul;
1444 1205 1500 1250 et
1551 1195 1664 1261 ipsc
1715 1189 2012 1258 triumphat

439 1314 539 1356 nos
563 1309 773 1365 semper
810 1295 865 1348 in
909 1292 1124 1351 Christo
1150 1288 1276 1342 Jesu
1307 1285 1393 1358 (II
1426 1285 1547 1339 Cor.
1576 1289 1657 1352 ιι).
1695 1301 1712 1332 ι
1745 1280 2012 1335 Coronam

440 1403 568 1458 ergo
592 1384 736 1453 regis
782 1381 963 1454 populi
1016 1377 1228 1437 hostilis
1279 1374 1445 1432 David
1475 1374 1541 1428 de
1567 1372 1744 1443 capite
1793 1368 1934 1432 tulit,
1961 1374 2016 1424 et

442 1477 656 1532 sibimet
677 1473 925 1528 diadema
952 1470 1074 1527 inde
1100 1467 1378 1530 formavit,
1408 1480 1529 1519 cum
1564 1463 1895 1532 Redemptor
1927 1472 2018 1512 no-

443 1577 557 1625 ster
579 1582 647 1622 ex
669 1563 941 1622 contraria
970 1566 1237 1631 potestate
1261 1571 1486 1626 regnum
1508 1553 1784 1612 auferens,
1807 1549 2021 1607 sibimet

444 1660 654 1728 insigne
677 1657 932 1723 decorum
960 1651 1190 1721 paravit.
1230 1647 1360 1716 Qua:
1387 1654 1564 1701 autem
1597 1643 1789 1698 melius
1815 1655 2015 1696 corona

2101 735 2271 790 David
2289 734 2525 788 sociasse
2539 731 2721 800 (Deut.
2737 729 2871 798 xxi),
2890 734 2945 782 et
2966 740 3029 780 ex
3055 739 3119 779 ea
3139 736 3426 792 generasse
3441 720 3683 776 Thamar

2107 833 2163 878 et
2181 823 2440 878 Absalon.
3053 881 3056 884 ἢ
3339 862 3344 866 .

2187 934 2205 965 ι
2237 912 2480 972 Cessavit
2500 911 2679 980 itaque
2705 907 2871 962 David
2895 921 2990 962 rex
3021 903 3269 975 persequi
3291 901 3544 957 Abtalon.
3575 921 3596 954 ι
3621 901 3683 956 ln

2107 1003 2338 1060 Hebraeo
2383 1002 2581 1073 legitur
2613 1018 2626 1053 :
2667 1018 2686 1050 ‹
2722 997 2965 1056 Cessavit
2993 996 3175 1064 itaque
3215 1010 3312 1054 rex
3363 994 3510 1054 exire
3560 1001 3688 1064 post

2107 1093 2369 1152 Absalon.
2401 1111 2419 1146 ι
2460 1089 2865 1147 \‘oluisseidem
2897 1087 3064 1147 David
3092 1086 3240 1140 exire
3269 1085 3599 1156 perhibetur,
3627 1092 3689 1143 ut

2112 1184 2394 1239 reduceret
2441 1182 2706 1247 Absalon;
2761 1180 2854 1235 sed
2910 1185 3246 1248 pertractans
3295 1175 3347 1229 in
3399 1175 3560 1230 corde
3588 1189 3691 1230 suo

2114 1272 2258 1344 quod
2288 1271 2538 1342 quotiens
2583 1285 2702 1330 eum
2733 1269 2958 1331 videret,
2999 1267 3196 1321 totiens
3237 1264 3474 1318 dolorem
3502 1264 3692 1323 mortis

2114 1365 2345 1419 Ammon
2375 1363 2516 1420 eiad
2547 1360 2861 1422 memoriam
2892 1359 3191 1419 reduceret,
3223 1357 3424 1411 idcirco
3453 1369 3692 1410 cessasse

2117 1454 2316 1508 dicitur
2353 1453 2501 1506 exire
2553 1461 2674 1522 post
2723 1449 2978 1515 Ahsalon,
3009 1448 3346 1511 subauditur,
3377 1455 3435 1500 ut
3472 1461 3598 1502 eum
3626 1446 3692 1498 ad

2117 1544 2333 1614 propria
2361 1549 2660 1597 revocaret.
2691 1540 2844 1612 Quod
2870 1555 2999 1596 vero
3029 1540 3122 1604 ait,
3153 1557 3170 1589 ι
3202 1553 3266 1596 eo
3293 1538 3434 1608 quod
3459 1537 3702 1592 consula-

2123 1642 2211 1689 tus
2237 1643 2380 1689 esset
2408 1647 2570 1704 super
2596 1633 2828 1687 Ammon
2859 1631 3103 1694 interitu,
3136 1648 3153 1680 ι
3183 1627 3593 1699 intelligendum
3617 1642 3700 1684 eet

448 1717 582 1803 veri
591 1721 758 1801 David
805 1717 1139 1812 intelligitur,
1179 1753 1341 1809 quam
1377 1742 1674 1791 conventus
1723 1731 1902 1808 populi
1933 1744 2024 1784 ca-
2049 1717 2099 1780 Β
2127 1726 2252 1796 quia
2283 1735 2568 1797 postquam
2595 1724 2764 1778 voluit
2789 1723 2940 1778 exire
2964 1729 3087 1792 post
3133 1720 3366 1780 Absalon
3395 1727 3456 1775 ut
3476 1721 3703 1776 reduce.

450 1837 652 1900 tholiei,
708 1849 826 1907 qua:
855 1840 1018 1903 caput
1056 1837 1319 1890 nostrum,
1341 1839 1521 1895 regem
1575 1819 1824 1878 videlicet
1869 1817 2028 1874 Chri-

452 1937 618 1994 stum,
647 1926 812 1983 corde
857 1923 1076 1981 credulo
1103 1919 1355 1978 nobiliter
1383 1915 1575 1979 ambit,
1605 1922 1661 1968 et
1683 1912 1848 1982 digne
1899 1925 2030 1966 con-

449 2034 677 2077 versans
713 2015 967 2073 decenter
1019 2009 1278 2068 coronat?
1315 2005 1504 2062 Omnis
1541 2004 1686 2060 enim
1717 2007 2028 2057 sanctorum

454 2110 608 2168 labor
635 2117 691 2164 et
717 2117 990 2162 certamen
1025 2112 1190 2172 atque
1227 2096 1558 2158 victoriaad
1591 2097 1848 2152 honorem
1875 2088 2034 2148 cude-

454 2201 554 2255 stis
585 2199 728 2271 regis
776 2195 1029 2257 refertur,
1071 2192 1197 2263 quia
1251 2191 1366 2262 ipse
1395 2196 1480 2245 est
1519 2207 1537 2237 ι
1582 2186 1668 2240 cui
1695 2198 1856 2240 omne
1891 2198 2031 2254 genu

456 2289 756 2347 caelestium
785 2293 842 2344 et
871 2283 1208 2342 terrestrium
1231 2290 1395 2352 atque
1413 2277 1747 2337 inferuerunt
1774 2273 2030 2340 ﬂectitur,

453 2388 516 2434 ut
551 2378 728 2432 omnis
758 2375 940 2448 lingua
974 2372 1293 2429 conﬁteatur
1338 2370 1466 2445 quia
1497 2369 1757 2428 Dominus
1784 2365 1941 2422 Iesus
1977 2365 2034 2424 in

459 2465 631 2539 gloria
656 2475 740 2520 est
775 2464 867 2519 Dei
898 2462 1074 2517 Patris
1114 2459 1281 2532 (Phil.
1307 2458 1392 2529 ιι).
1432 2477 1450 2508 ι
1482 2456 1731 2514 Rabbath
1758 2468 1888 2526 ergo
1913 2451 2041 2507 civi-

463 2566 545 2612 tas
582 2564 666 2612 est
698 2555 848 2625 regni
883 2556 1134 2614 Ammon.
1164 2566 1285 2620 qua:
1319 2565 1462 2607 nunc
1486 2546 1858 2618 Philadelphia
1883 2559 2040 2601 voca-

465 2659 572 2714 tur,
601 2646 756 2716 cujus
776 2643 1022 2699 meminit
1047 2651 1100 2697 et
1125 2640 1387 2696 leremias
1415 2638 1676 2708 propheta
1704 2635 1840 2704 (Jer.
1864 2632 2036 2700 χιιι).

462 2739 853 2807 Interpretatur
895 2748 1025 2804 ergo
1071 2730 1320 2785 Rabbath
1361 2726 1536 2782 multi.
1585 2726 1654 2782 Et
1707 2724 1960 2780 Salvator
1984 2721 2040 2776 in

466 2826 758 2897 Evangelio
810 2823 943 2878 dicit
981 2837 997 2876 :
1045 2841 1062 2874 ι
1106 2820 1242 2888 Quia
1273 2819 1424 2874 multi
1468 2818 1687 2872 venient
1718 2816 1785 2871 ab
1828 2813 2042 2870 oriente

466 2924 522 2970 et
556 2913 854 2978 occidente,
886 2919 940 2966 et
971 2909 1292 2966 recumbent
1317 2922 1440 2962 cum
1471 2904 1765 2971 Abraham,
1795 2903 1948 2960 Isaac
1987 2907 2044 2957 et

465 3006 634 3064 Jacob
670 3005 724 3060 in
753 3018 920 3074 regno
953 3001 1214 3058 ccelorum
1245 2997 1462 3070 (Matth.
1489 2998 1632 3068 vui).
1661 3015 1681 3049 ι

1063 3107 1290 3166 CAPUT
1327 3105 1462 3162 XIII.
1530 3152 1532 3154 ,

473 3206 717 3266 Incestus
735 3204 957 3258 Ammon
973 3216 1124 3271 quem
1146 3214 1265 3271 eum
1287 3213 1464 3271 sorore
1501 3213 1598 3271 sua
1615 3267 1626 3271 _
1641 3194 1890 3271 Thamar
1901 3210 2050 3271 rom-

567 3264 728 3340 misit,
757 3289 910 3346 quem
935 3264 1166 3328 Absalon
1195 3268 1364 3340 frater
1380 3268 1496 3337 ejus
1517 3266 1580 3325 ob
1605 3267 1702 3324 hoc
1747 3264 1955 3323 occidit.

547 3366 697 3438 (Car.
723 3363 866 3436 xm.)
900 3382 916 3414 ι
950 3360 1174 3421 Factum
1197 3366 1282 3415 est
1315 3366 1495 3417 autem
1540 3364 1664 3426 post
1687 3357 1826 3420 haec,
1849 3361 1910 3413 ut
1937 3352 2050 3414 Ab-

479 3479 498 3510 ι
535 3457 684 3518 salon
717 3455 810 3517 ﬁlii
850 3453 1017 3511 David
1045 3465 1288 3508 sororem
1312 3448 1766 3522 speciosissimam
1790 3444 2052 3503 vocabulo

482 3568 501 3601 ‹
539 3547 774 3608 Thamar
799 3543 1077 3601 adamaret
1123 3541 1353 3598 Ammon
1377 3539 1520 3593 ﬁlius
1542 3537 1734 3603 David,
1762 3545 1819 3594 et
1845 3535 2046 3612 deperi-

486 3657 504 3690 r
539 3645 624 3692 ret
661 3642 880 3713 propter
913 3648 1034 3709 eam
1069 3631 1245 3694 valde,
1277 3649 1294 3681 ι
1329 3639 1435 3685 etc.
1462 3629 1730 3684 lncestum
1759 3641 1889 3696 ergo
1913 3623 2056 3694 quod

476 3725 731 3788 Ammon,
763 3721 1131 3796 Davidmajor
1173 3719 1334 3784 ﬁlius,
1382 3719 1435 3773 in
1486 3732 1670 3773 sorore
1696 3731 1792 3775 sua
1820 3715 2059 3770 Thamar

485 3813 738 3878 confecit,
768 3821 823 3868 et
859 3811 1234 3886 parricidium,
1281 3809 1425 3880 quod
1459 3807 1693 3865 Absalon
1733 3807 1789 3865 in
1827 3806 2057 3867 Ammon

481 3902 650 3961 fratre
679 3918 777 3961 suo
833 3900 1190 3974 perpetravit,
1229 3900 1358 3974 quid
1404 3898 1722 3975 spiritaliter
1753 3894 2059 3967 signiﬁcare

479 3992 654 4064 possit
683 4005 789 4050 non
837 3990 1072 4055 invenio,
1102 3989 1204 4046 nisi
1234 3989 1372 4045 forte
1413 3989 1690 4048 moraliter
1725 4005 1823 4044 nos
1849 3988 1953 4043 tale
1979 3986 2062 4043 fa-

482 4095 630 4140 ctum
656 4093 888 4148 moneat,
923 4084 1066 4158 quod
1092 4098 1305 4158 semper
1331 4094 1491 4143 caute
1525 4094 1582 4141 et
1617 4083 1910 4154 prudenter
1933 4101 2060 4156 aga-

480 4188 624 4233 mus.
654 4187 719 4226 ne
752 4171 891 4232 forte
918 4172 1264 4231 dominentur
1291 4173 1344 4230 in
1369 4175 1525 4230 nobis
1550 4173 1700 4239 vitia,
1730 4183 1788 4228 et
1807 4175 2059 4244 princeps

481 4262 716 4333 peccati,
747 4263 838 4334 qui
877 4260 1064 4322 falsam
1118 4279 1307 4334 pacem
1353 4265 1779 4335 periclitantibus
1807 4265 2057 4336 spondet,

2129 1824 2213 1872 ret
2236 1831 2382 1881 eum,
2410 1824 2466 1869 et
2499 1814 2774 1870 videretur
2799 1815 2866 1868 ab
2895 1828 2982 1877 eo,
3017 1812 3183 1882 cmpit
3221 1807 3489 1881 consolari
3539 1826 3704 1881 super

2129 1917 2357 1963 mortem
2419 1907 2668 1982 Ammon.
2730 1902 2976 1972 Quandiu
3027 1903 3172 1958 enim
3223 1903 3515 1974 putabatur
3560 1901 3700 1955 idern

2130 1997 2367 2054 Absalon
2418 1997 2622 2063 reduci,
2659 2004 2718 2052 ut
2765 1996 3044 2051 videretur
3080 1993 3147 2048 ab
3177 2008 3263 2059 eo,
3295 2007 3510 2062 semper
3557 2007 3708 2047 mors

2130 2094 2363 2153 Ammon
2391 2092 2486 2161 ﬁlii
2521 2092 2602 2147 sui
2655 2092 2836 2146 animo
2865 2089 2982 2161 ejus
3019 2087 3360 2144 occurrebat.
3394 2086 3520 2144 Sive
3549 2085 3709 2141 aliter

2133 2185 2444 2246 consolatus
2481 2183 2647 2240 fuisse
2675 2197 2839 2253 super
2867 2181 3098 2236 Ammon
3144 2179 3363 2236 interitu
3401 2170 3618 2242 dicitur,
3643 2191 3710 2234 eo

2131 2277 2280 2353 quod
2303 2283 2530 2338 noverat
2554 2289 2677 2338 eum
2703 2273 3030 2345 ﬂagitiosum
3049 2277 3108 2326 et
3134 2269 3355 2341 dignum
3385 2279 3581 2333 morte,
3603 2283 3725 2329 me-

2136 2370 2349 2438 ritoque
2382 2366 2628 2437 periisse.

2437 2525 2442 2528 _
2721 2451 2950 2510 CAPUT
2989 2451 3127 2507 xw.

2140 2543 2294 2610 Quod
2321 2544 2456 2599 Ιοαὸ
2487 2560 2578 2615 per
2617 2543 2916 2615 Thecuitem
2946 2540 3406 2615 mulieremregem
3440 2556 3559 2594 cum
3600 2538 3708 2592 Δὸς

2563 2613 2712 2667 salou
2759 2612 3039 2682 paciﬁcans
3066 2610 3287 2665 studuit.

2211 2724 2364 2797 (Car.
2388 2722 2522 2794 xiv.)
2557 2744 2574 2776 ι
2609 2722 2915 2794 lntelligens
2942 2729 3120 2779 autem
3143 2721 3298 2787 Joab,
3315 2721 3462 2784 ﬁlius
3484 2720 3712 2785 Sarvite,

2147 2833 2166 2866 ‹
2203 2815 2345 2884 quod
2359 2829 2453 2869 cor
2481 2815 2626 2884 regis
2644 2828 2860 2876 versum
2884 2813 3121 2872 essetad
3142 2812 3396 2877 Absalon,
3425 2831 3444 2862 ι
3469 2821 3575 2866 etc.
3608 2809 3717 2865 Cor

2141 2904 2286 2975 regis
2314 2919 2528 2960 versum
2567 2918 2689 2958 esse
2741 2904 2808 2958 ad
2859 2901 3095 2957 Absulou
3139 2901 3338 2957 vidisse
3381 2901 3599 2964 dicitur,
3645 2912 3715 2955 eo

2147 2995 2288 3066 quod
2311 2994 2508 3050 viderit
2531 3008 2652 3047 eum
2681 2993 2823 3048 idem
2863 2991 3003 3047 'Joab
3037 3005 3136 3063 pro
3162 2991 3393 3048 Absalon
3419 2992 3717 3066 suspirare,

2049 3061 2119 3165 ac
2151 3061 2208 3144 et
2253 3087 2308 3142 in
2341 3101 2406 3142 eo
2445 3085 2731 3152 intellexit,
2761 3085 2903 3160 quod
2932 3061 3170 3152 coricjus
3220 3099 3434 3139 versum
3463 3061 3610 3138 esset
3647 3081 3718 3141 ad

2065 3179 2067 3184 ’
2150 3177 2409 3235 Absalon.

2229 3288 2247 3321 ι
2284 3268 2430 3324 Misit
2461 3265 2752 3331 Thecuam,
2778 3273 2833 3320 et
2869 3264 2987 3319 tulit
3029 3264 3150 3320 inde
3195 3263 3474 3320 mulierem
3503 3263 3724 3334 sapien~

2160 3377 2178 3410 ι
2217 3365 2348 3417 tem.
2387 3377 2407 3409 ι
2438 3357 2651 3412 Tbecua
2687 3356 2881 3412 civitas
2911 3362 3012 3420 est,
3053 3356 3118 3410 de
3151 3370 3255 3425 qua
3286 3353 3384 3409 fuit
3410 3354 3576 3410 Amos
3598 3369 3729 3428 pro-

2153 3451 2336 3520 pheta.
2365 3448 2594 3504 Putatur
2619 3455 2798 3502 autem
2839 3447 2907 3501 ab
2942 3447 3184 3502 Hebraeis
3220 3444 3379 3504 vidua
3408 3445 3529 3504 avia
3560 3446 3728 3509 fuisse

2153 3537 2394 3613 ejusdem
2409 3541 2574 3598 Amos
2601 3542 2895 3612 prophetae.
3389 3584 3391 3586 .

2233 3651 2251 3683 ‹
2285 3630 2413 3698 Quae
2456 3631 2776 3702 reSpondit:
2817 3631 2960 3686 lien!
3011 3631 3203 3691 mulier
3251 3631 3411 3691 vidua
3439 3647 3538 3704 ego
3587 3647 3726 3687 sum.

2163 3741 2180 3774 ι
2215 3721 2454 3776 Mortuus
2502 3730 2584 3776 est
2629 3722 2774 3776 enim
2802 3722 2886 3776 vir
2911 3736 3084 3788 meus,
3113 3730 3171 3780 et
3194 3723 3402 3779 ancilla:
3441 3731 3544 3778 tua:
3577 3729 3730 3779 eratt

2163 3829 2182 3862 ι
2219 3810 2325 3865 duo
2349 3809 2444 3864 ﬁlii
2479 3810 2570 3881 qui
2603 3811 2767 3866 rixati
2809 3819 2934 3866 sunt
2985 3812 3244 3871 adversus
3269 3812 3404 3866 sein
3427 3828 3579 3884 agro,
3605 3810 3729 3866 nul-

2132 3967 2134 3969 ,
2164 3919 2183 3953 ι
2218 3900 2410 3971 Iusque
2436 3909 2554 3957 erat
2593 3902 2685 3976 qui
2723 3917 2817 3963 eos
2837 3902 3123 3978 prohibere
3147 3914 3353 3974 posset,
3380 3913 3434 3960 et
3459 3906 3730 3975 percussit

2164 4010 2182 4044 ι
2222 3991 2359 4047 alter
2383 3992 2715 4061 alterum,et
2761 3992 3031 4054 interfecit
3057 4007 3200 4053 eum.
3224 3994 3291 4054 Et
3310 4009 3438 4050 ecce
3477 3997 3726 4053 universa

2165 4099 2183 4131 ι
2225 4081 2474 4152 cognatio
2524 4080 2784 4140 adversus
2838 4081 3087 4142 ancillam
3146 4091 3315 4148 tuam,
3346 4083 3477 4143 dicit
3511 4103 3524 4138 :
3556 4085 3734 4140 Trade

2165 4192 2184 4224 ‹
2223 4189 2368 4238 eum,
2391 4174 2480 4248 qui
2508 4173 2776 4242 percussit
2796 4173 3018 4232 fratrem
3042 4189 3196 4235 suum
3237 4193 3255 4227 ι
3283 4183 3388 4234 etc.
3416 4176 3472 4248 lq
3507 4177 3734 4233 veritate

2163 4274 2367 4329 autem,
2396 4275 2455 4318 ut
2500 4263 2710 4320 Hebraei
2745 4264 2984 4332 tradunt,
3009 4267 3124 4324 haec
3169 4267 3364 4324 mulier
3416 4267 3574 4322 vidua
3600 4267 3735 4322 duos

485 4373 554 4411 ne
584 4372 683 4412 nos
711 4357 1003 4428 imparatos
1043 4357 1285 4412 inveniat
1312 4365 1474 4428 atque
1513 4373 1588 4413 ex-
1630 4358 1923 4427 improviso
1949 4365 2062 4412 tru-
2089 4392 2141 4452 υ
2166 4353 2305 4411 ﬁlios
2337 4353 2544 4419 habuit,
2565 4354 2670 4424 .qui
2692 4353 2855 4410 rixati
2877 4363 3002 4414 sunt
3023 4355 3076 4410 in
3105 4369 3236 4427 agro
3266 4371 3428 4427 super
3453 4356 3741 4412 hau-edita.

485 4449 646 4502 cidet.
710 4448 944 4505 Absalon
987 4463 1118 4522 ergo
1148 4445 1311 4506 Pater
1343 4450 1510 4518 pacis,
1537 4449 1652 4504 sive
1704 4446 1886 4502 Patri:
1935 4464 2063 4518 pax,

488 4537 912 4607 interpretatur;
956 4537 1189 4593 Ammon
1226 4535 1456 4602 donans,
1497 4544 1552 4601 et
1593 4535 1832 4590 Thamar
1865 4537 2064 4589 amari-

2127 4441 2134 4528 ί
2169 4451 2277 4496 tem
2307 4443 2482 4512 patris
2515 4445 2620 4510 sui,
2645 4453 2700 4500 et
2747 4445 2884 4500 alter
2915 4444 2982 4500 ab
3017 4441 3187 4500 altero
3215 4446 3600 4516 interemptus;
3650 4461 3740 4502 se-

2175 4531 2352 4602 ipsam
2384 4542 2559 4588 tamen
2585 4535 2774 4596 eadem
2802 4535 2962 4593 vidua
2997 4534 3049 4592 in
3074 4551 3304 4606 persona
3331 4536 3499 4592 David
3539 4536 3742 4608 posuit,

489 4627 652 4690 tudo,
695 4625 882 4680 Latine
920 4627 1321 4696 pronuntiatur.
1353 4625 1457 4693 Qui
1502 4626 1646 4684 enim
1688 4628 1928 4682 membra
1970 4643 2069 4682 sua
2169 4631 2224 4680 et
2252 4624 2385 4679 duos
2410 4624 2547 4682 ﬁlios
2575 4640 2701 4682 suos
2743 4626 2797 4686 in
2843 4641 3073 4701 persona
3097 4625 3328 4684 Ammon
3373 4634 3448 4696 et,
3477 4625 3736 4684 Absalon.

491 4717 662 4771 donat
688 4715 920 4781 libidini,
951 4723 1004 4772 et
1054 4715 1403 4789 semetipsum
1446 4716 1609 4774 tradit
1649 4715 1854 4770 servire
1877 4717 2072 4786 iniqui-
2171 4713 2558 4790 Cognationem
2595 4733 2726 4774 vero
2769 4733 2890 4787 qua:
2911 4717 3255 4776 consurrexit
3284 4717 3543 4775 adversus
3571 4717 3737 4778 ﬁlium

492 4807 586 4862 tati
618 4807 683 4862 ad
727 4807 1087 4878 iniquitatem,
1119 4807 1172 4860 in
1219 4807 1426 4876 peccati
1453 4807 1870 4867 amaritudinem
1900 4808 2068 4872 cadit,

492 4899 619 4953 licet
673 4899 926 4954 inimicus
977 4913 1036 4952 se
1087 4897 1242 4966 quasi
1286 4907 1496 4967 patrem
1529 4897 1676 4966 pacis
1720 4905 1976 4963 ostentet,
2015 4905 2067 4956 et

491 5003 748 5056 prOSpera
788 4987 1073 5056 provenire
1117 5002 1216 5056 pro
1255 4985 1450 5042 talibus
1479 4986 1638 5043 factis
1667 4987 1801 5048 falso
1841 4989 2068 5058 promit-

498 5085 594 5130 tat.
624 5077 854 5132 Necesse
881 5088 964 5132 est
990 5078 1134 5132 enim
1151 5078 1259 5133 cito
1280 5079 1347 5132 ad
1374 5080 1746 5150 ptenitentiam
1769 5087 1888 5152 post
1916 5095 2067 5141 com-

498 5168 728 5221 missum
745 5166 920 5222 scelus
946 5168 1250 5233 redeamus,
1274 5183 1342 5222 ne
1369 5167 1506 5224 forte
1533 5169 1794 5233 diabolus,
1820 5170 1864 5225 si
1893 5172 2071 5226 adhuc

497 5258 747 5312 ebrietati
788 5257 1214 5324 inservierimus,
1271 5269 1324 5313 et
1355 5261 1408 5314 in
1455 5261 1639 5315 luxum
1685 5261 1848 5330 hujus
1887 5261 2069 5318 seculi

501 5346 852 5412 resolvemur,
898 5363 996 5418 per
1024 5349 1457 5419 obtemperantes
1486 5351 1586 5406 sibi
1624 5351 1890 5422 malignos
1913 5353 2072 5425 spiri-

505 5446 589 5492 tus
618 5437 672 5491 in
701 5451 887 5492 necem
916 5448 1157 5492 nostram
1185 5439 1460 5508 conspiret
1503 5455 1566 5496 ac
1585 5441 1764 5498 .morti
1802 5450 2072 5512 perpetua:

507 5527 704 5582 tradat.

585 5636 602 5668 ι
642 5615 806 5672 Porro
843 5616 1074 5672 Absalon
1125 5617 1356 5688 fugiens,
1385 5619 1517 5674 abiit
1545 5619 1610 5674 ad
1639 5617 1866 5684 Tolmai,
1901 5619 2069 5676 ﬁlium

2173 4821 2353 4870 suum,
2385 4807 2438 4862 in
2466 4822 2696 4877 persona
2723 4817 3042 4868 czeterorum
3069 4808 3298 4865 ﬁliorum
3322 4808 3510 4868 David.

2248 4915 2266 4948 ι
2303 4896 2554 4969 Dixitque
2583 4897 2776 4954 mulier
2819 4897 3112 4958 Thecuitcs.
3143 4899 3210 4954 ad
3247 4913 3426 4970 regem
3467 4915 3480 4954 :
3523 4898 3583 4958 ln
3633 4911 3741 4960 me,

2177 5007 2196 5041 ι
2232 4988 2458 5043 Dom'ne
2497 4989 2570 5048 mi
2602 5004 2720 5055 rex,
2751 4988 2832 5052 sit,
2867 4989 3146 5060 iniquitas,
3175 4996 3232 5044 et
3279 4989 3333 5044 in
3386 4988 3546 5044 domo
3573 4988 3746 5058 patris

2181 5100 2201 5131 ‹
2239 5081 2367 5144 mei,
2390 5095 2484 5136 rex
2512 5088 2691 5139 autem
2718 5089 2772 5135 et
2799 5082 3026 5136 thronus
3044 5081 3159 5150 ejus
3183 5081 3256 5136 sit
3285 5081 3561 5143 innocens,
3591 5099 3609 5130 ι
3636 5087 3742 5138 etc.

2174 5167 2253 5223 Ac
2278 5169 2322 5224 si
2347 5169 2551 5246 diceret
2583 5187 2595 5222 :
2624 5167 2730 5227 Pro
2760 5185 2825 5224 eo
2855 5171 2998 5240 quod
3029 5170 3165 5226 alter
3193 5169 3333 5226 ﬁlius
3357 5184 3508 5224 meus
3529 5184 3742 5223 consur.

2176 5258 2316 5317 rexit
2337 5255 2593 5314 adversus
2615 5256 2867 5323 alterum,
2897 5259 2950 5312 in
2974 5272 3062 5315 me
3085 5258 3154 5313 sit
3181 5258 3455 5327 iniquitas,
3490 5257 3533 5310 si
3565 5264 3744 5310 tamen

2178 5349 2355 5420 aliqua
2391 5363 2510 5403 esse
2551 5348 2741 5412 debet;
2783 5348 2836 5402 in
2869 5357 2921 5401 te
2955 5357 3167 5414 autem,
3194 5362 3228 5402 ο
3259 5362 3350 5401 rex
3380 5345 3570 5410 David,
3602 5345 3743 5404 nulla

2177 5441 2250 5496 sit
2285 5440 2563 5509 iniquitas,
2611 5439 2735 5509 quia
2759 5441 2980 5510 absque
3024 5439 3178 5509 culpa
3213 5455 3273 5494 es
3302 5439 3353 5493 in
3382 5453 3448 5494 eo
3481 5437 3624 5507 quod
3671 5436 3743 5492 illi

2178 5533 2283 5588 duo
2324 5532 2520 5592 fratres
2551 5533 2692 5592 inter
2731 5547 2789 5587 se
2817 5533 3193 5588 conflixerunt.
3227 5531 3295 5586 Et
3321 5531 3466 5596 sicut
3492 5544 3594 5599 ego
3621 5526 3748 5582 abs.

2179 5639 2282 5694 quc
2311 5623 2465 5696 culpa
2496 5639 2636 5685 sum,
2663 5636 2764 5691 pro
2813 5637 2877 5676 eo
2926 5622 3069 5694 quod
3119 5622 3225 5676 duo
3260 5621 3351 5679 ﬁlii
3397 5622 3498 5678 mei
3523 5635 3748 5679 consur-
