4010 6194
350 297 454 357 ωδ

1162 300 1517 362 ΟΟΜΜΕΝΤ.
1549 304 1617 363 ΙΝ
1658 305 1900 364 LIBROS
1938 306 2005 365 IV
2043 304 2305 367 REGUM.
2346 344 2414 355 —
2452 313 2518 370 IN
2550 314 2677 377 LIB.
2719 318 2781 376 II.

3492 331 3513 387 t
3526 333 3591 388 uti

348 420 606 469 rexerunt
630 412 917 468 adversum
939 428 1019 479 se,
1041 422 1096 469 et
1118 415 1437 472 interfectus
1472 425 1555 472 cst
1589 416 1727 474 alter
1745 419 1813 474 ab
1837 418 1918 472 al-
1947 423 2000 478 Α
2031 434 2050 469 ‹
2094 428 2275 476 autem
2304 421 2513 480 Sadocb
2540 435 2595 482 et
2622 429 2859 487 universi
2886 424 3059 489 levitas
3083 448 3205 490 cum
3231 451 3296 492 eo
3319 449 3594 509 portantes

349 515 484 571 tero,
512 506 587 558 ita
606 513 664 560 et
691 512 749 559 tu
768 505 974 574 absque
999 505 1155 576 culpa
1180 522 1260 572 es,
1291 520 1391 577 pro
1408 523 1475 563 eo
1502 510 1646 578 quod
1669 510 1925 565 Absalom

348 598 577 651 Ammon
601 595 823 666 dignum
847 603 1022 652 morte
1046 596 1337 653 interfecit.

420 704 444 738 ‹
471 685 604 754 Qua:
641 685 721 739 ait
749 701 764 739 :
793 684 1131 743 Recordetur
1171 702 1267 742 rex
1316 687 1529 742 Domini
1570 689 1664 742 Dei
1714 689 1817 755 sui,
1864 697 1924 744 ut

352 800 372 830 ι
404 793 510 833 non
538 776 969 848 multiplicentur
993 778 1226 849 proximi
1256 781 1533 851 sanguinis
1571 782 1638 836 ad
1659 781 1923 837 ulciscen-

352 888 370 919 ι
402 868 553 936 dum,
575 876 632 923 et
685 882 1025 938 nequaquam
1078 869 1404 925 interﬁcient
1440 870 1609 926 filium
1656 887 1856 927 meum.
1895 891 1915 925 ι

347 958 672 1013 Recordatio
694 956 785 1013 hic
811 973 912 1029 pro
932 957 1243 1027 juramento
1270 961 1446 1030 posita
1470 969 1572 1016 est.
1601 960 1678 1018 Ac
1699 963 1745 1017 si
1780 964 1920 1019 dicc-

343 1061 424 1106 ret
465 1069 479 1104 :
526 1049 861 1106 Recordetur
905 1066 1000 1106 rex
1043 1052 1418 1120 promissionis
1462 1067 1593 1118 suae,
1636 1052 1746 1107 imo
1773 1053 1920 1122 jura-

339 1139 504 1193 menti
526 1153 638 1208 quo
674 1137 804 1193 mibi
832 1152 931 1210 per
953 1139 1243 1194 Dominum
1274 1139 1441 1195 Deum
1468 1156 1621 1195 suum
1649 1141 1917 1211 pollicitus

340 1235 443 1294 est,
474 1236 535 1282 ut
564 1243 673 1282 non
696 1228 1122 1298 multiplicentur
1158 1228 1393 1299 proximi
1428 1230 1706 1300 sanguinis
1726 1230 1808 1289 .ad
1838 1230 1917 1285 ul-

339 1320 672 1375 (iseendum.

411 1429 429 1461 ι
466 1410 721 1478 Dixitque
772 1409 969 1465 mulier
1018 1431 1031 1465 :
1081 1411 1259 1479 Quare
1302 1412 1552 1484 cogitasti
1610 1413 1911 1469 istiusmodi

342 1518 360 1549 ι
392 1515 506 1553 rem
537 1510 728 1555 contra
769 1501 1027 1571 populum
1053 1502 1185 1557 Dei?
1224 1503 1290 1558 Et
1315 1503 1526 1560 locutus
1558 1513 1641 1560 est
1670 1520 1768 1562 rex
1793 1522 1913 1561 ver-

340 1610 359 1642 ε
393 1590 521 1645 bum
572 1591 716 1647 istud
748 1632 763 1657 ,
810 1601 872 1646 ut
914 1602 1105 1663 peccet
1155 1602 1209 1649 et
1251 1610 1359 1650 non
1406 1596 1627 1652 reducat
1679 1597 1909 1667 ejectum

342 1699 358 1732 ι
394 1683 587 1737 suum?
613 1702 633 1734 ι
664 1691 770 1738 etc.
796 1683 876 1738 Ex
901 1685 1005 1739 hoc
1029 1685 1148 1740 loco
1174 1686 1577 1742 demonstratur
1603 1688 1735 1743 illud
1760 1690 1903 1759 quod

2029 526 2050 560 ι
2094 523 2278 565 arcam
2303 511 2524 570 ftederis
2546 517 2661 584 Dei,
2700 528 2756 575 et
2774 521 3135 592 deposuerunt
3167 542 3349 584 arcam
3377 529 3495 587 Dei.
3527 531 3594 589 Et

2029 616 2049 650 ι
2095 601 2340 657 ascendit
2364 602 2648 673 Abiatbar,
2670 609 2842 665 donec
2865 613 3107 681 expletus
3133 626 3277 673 esset
3296 622 3475 693 omnis
3497 638 3595 693 ρο-

2026 706 2049 741 (
2090 690 2247 759 pulus
2276 731 2291 758 ,
2327 694 2419 764 qui
2449 710 2699 767 egressus
2738 699 2914 756 fuerat
2939 705 3005 758 de
3033 706 3269 763 civitate.
3306 729 3327 763 ι
3352 691 3476 767 Ideo
3498 690 3591 768 ar-

2020 793 2140 835 eam
2162 780 2257 837 Dei
2279 783 2589 854 deposuisse
2604 788 2870 856 dicuntur,
2893 801 2951 847 ut
2971 792 3229 851 Dominus
3248 799 3317 854 ab
3327 799 3592 857 Abiathar

2019 873 2301 929 sacerdote
2313 876 2708 945 consuleretur,
2736 895 2843 950 quo
2855 897 3045 939 versus
3064 884 3232 942 David
3247 888 3327 943 ire
3346 890 3585 948 deberet.

2017 961 2340 1021 Ascendisse
2378 975 2556 1022 autem
2591 969 2854 1026 Abiatbar
2875 972 3110 1028 dicitur:
3146 976 3200 1031 id
3247 987 3351 1044 est,
3380 994 3586 1037 orasse.

2017 1052 2088 1108 Et
2111 1057 2239 1124 quia
2285 1059 2562 1114 oraculum
2598 1060 2839 1116 divinum
2886 1077 2993 1118 non
3032 1065 3082 1120 ei
3129 1079 3446 1138 responsum
3478 1082 3584 1137 est,

2020 1147 2225 1203 idcirco
2252 1149 2306 1203 in
2328 1150 2780 1221 subsequentibus
2802 1153 2937 1209 dixit
2957 1155 3126 1211 David
3146 1164 3203 1212 ut
3218 1167 3587 1228 reportaretur

2017 1254 2141 1292 ar“
2171 1241 2265 1294 Dei
2299 1241 2352 1294 in
2375 1242 2584 1297 urbem.

2605 1353 2832 1411 CAPUT
2866 1357 2999 1412 XVI.

2289 1443 2533 1514 Sequitur
2553 1445 2616 1499 de
2638 1448 3023 1517 conspiratione
3044 1448 3312 1504 Absalom.

2084 1532 2233 1603 (Car.
2267 1536 2401 1608 xvi.)
2439 1552 2456 1587 ‹
2494 1535 2561 1590 Et
2595 1537 2671 1592 ait
2699 1554 2794 1592 rex
2824 1556 2836 1591 :
2865 1538 3002 1605 Quid
3037 1542 3167 1596 mihi
3197 1552 3252 1596 et
3290 1544 3467 1610 vobis,
3491 1544 3584 1600 ﬁlii

2017 1639 2036 1671 ι
2084 1620 2323 1678 Sarvize?
2370 1626 2650 1691 Dimittite,
2705 1637 2765 1682 ut
2813 1628 3117 1695 maledicat,
3158 1651 3178 1685 ›
3222 1633 3317 1688 sed
3371 1642 3583 1690 tantum

2012 1711 2314 1768 maledicat.
2349 1715 2697 1772 ALisaisolns
2725 1719 2972 1774 dixerat:
3013 1739 3033 1772 ‹
3065 1723 3288 1788 Vadam,
3323 1733 3379 1779 et
3397 1740 3581 1796 ampu-

335 1770 505 1876 paulo‘
518 1771 771 1876 superius
801 1772 1003 1876 dictum
1025 1780 1109 1829 est
1145 1792 1158 1828 :
1194 1794 1213 1826 ‹
1244 1774 1489 1876 Cessavit
1514 1777 1680 1832 David
1702 1793 1797 1833 rex
1825 1778 1907 1876 ire
1936 1775 1981 1835 B
2011 1803 2135 1858 tabo
2181 1812 2342 1874 caput
2386 1805 2532 1876 eius;
2570 1770 2597 1859 ,ν
2622 1770 2691 1861 ἀί

333 1870 451 1930 post
473 1861 757 1929 Absalom,
787 1884 806 1916 ι
835 1864 890 1919 id
919 1873 1024 1933 est,
1053 1868 1302 1931 cessavit,
1336 1875 1395 1923 ut
1428 1884 1537 1924 non
1572 1872 1814 1926 exiretur
1834 1872 1902 1927 ab

329 1951 529 2023 aliquo,
551 1961 610 2008 et
623 1955 971 2011 reduceretur
990 1956 1262 2013 Absalom.
1288 1957 1416 2015 Inde
1439 1961 1515 2015 ait
1534 1961 1728 2016 mulier
1754 1979 1768 2015 :
1793 1980 1811 2013 ί
1837 1960 1906 2017 Et

327 2041 540 2099 locutus
564 2052 651 2100 est
672 2059 766 2101 rex
816 2047 1039 2103 verbum
1075 2047 1241 2113 istud,
1268 2057 1330 2104 ut
1356 2058 1543 2120 peccet
1590 2058 1645 2104 et
1692 2066 1799 2106 non
1826 2067 1906 2108 re-

325 2135 490 2191 ducat
512 2134 746 2205 ejectum
772 2154 951 2195 suum.
989 2157 1009 2191 ι
1043 2139 1197 2207 Quod
1223 2155 1353 2198 vero
1378 2143 1456 2196 ait
1488 2161 1501 2197 :
1540 2161 1558 2194 ι
1593 2141 1773 2210 Quare
1809 2158 1902 2199 co-

323 2224 512 2296 gitasti
540 2227 839 2284 istiusmodi
871 2244 989 2285 rem
1031 2238 1222 2286 contra
1251 2231 1503 2302 populum
1525 2232 1655 2288 Dei?
1684 2251 1702 2283 ι
1733 2248 1903 2303 popu-

322 2314 433 2370 lum
468 2315 570 2370 Dei
600 2325 754 2372 vocat
779 2319 1029 2375 eumdem
1073 2319 1350 2386 Absalom,
1388 2323 1502 2376 sive
1528 2336 1622 2376 eos
1660 2322 1900 2392 quicum

325 2406 411 2461 illo
432 2406 640 2474 ierant,
672 2409 762 2478 qui
784 2411 940 2480 quasi
967 2412 1163 2482 captivi
1193 2422 1249 2467 et
1268 2411 1425 2481 cjecti
1455 2423 1631 2480 erant,
1662 2428 1728 2468 co
1756 2415 1901 2483 quod

324 2513 430 2553 non
478 2499 871 2557 reducerentur
923 2505 992 2560 ad
1034 2504 1403 2562 hrereditatem
1453 2506 1581 2573 Dei,
1640 2522 1708 2562 ne
1760 2507 1900 2562 forte

320 2588 500 2643 coacti
533 2588 642 2644 diis
684 2589 876 2647 alienis
923 2592 977 2645 in
1023 2600 1168 2648 terra
1231 2594 1407 2649 aliena
1451 2596 1738 2650 servirent.
1789 2595 1900 2652 Nec

319 2676 433 2732 vult
460 2676 608 2734 Deus
626 2680 810 2750 perire
831 2682 1089 2749 animam,
1131 2683 1224 2739 sed
1251 2693 1533 2751 retractat,
1564 2686 1807 2757 cogitans
1829 2702 1900 2743 ne

319 2777 511 2838 pereat
568 2770 808 2840 penitus,
854 2773 979 2841 quia
1025 2772 1267 2842 abjectus
1310 2783 1414 2831 est.
1442 2776 1522 2831 Ac
1557 2777 1605 2831 si
1640 2777 1845 2833 diceret
1878 2797 1893 2833 :

323 2857 459 2911 Deus
484 2865 822 2927 peccatores,
853 2862 943 2930 qui
968 2878 998 2916 a
1025 2863 1236 2919 diabolo
1265 2866 1462 2935 captivi
1483 2867 1808 2936 detinentur,
1838 2879 1899 2924 ut

321 2947 384 3001 ad
405 2963 465 3002 se
491 2958 902 3017 convertantur,
931 2962 1105 3009 vocat.
1135 2955 1295 3023 Ettu,
1321 2957 1413 3026 qui
1434 2972 1557 3012 eum
1578 2958 1781 3016 imitari
1804 2959 1900 3017 de-

321 3036 431 3105 bes,
458 3056 561 3095 cur
581 3057 691 3097 non
720 3057 788 3097 eo
815 3044 975 3099 modo
1010 3046 1159 3116 agis?

913 3135 1140 3192 CAPUT
1174 3138 1286 3194 XV.

526 3220 605 3277 De
630 3224 996 3293 conjuratione
1011 3226 1257 3281 Absalom
1278 3238 1459 3283 contra
1484 3229 1678 3284 David.

386 3312 540 3384 (Car.
567 3314 684 3385 xv.)
719 3332 738 3366 ς
779 3312 908 3370 Post
937 3318 1292 3389 quadraginta
1350 3328 1531 3375 autem
1558 3336 1729 3377 annos
1759 3322 1894 3377 dixit

326 3419 345 3454 ι
386 3403 644 3461 Absalom
673 3406 744 3461 ad
768 3421 950 3478 regem
981 3426 994 3461 :
1028 3409 1230 3464 Vadam
1258 3419 1313 3465 ct
1343 3411 1560 3467 reddam
1586 3421 1711 3469 vota
1746 3429 1889 3480 mea,

324 3513 343 3545 ι
384 3511 504 3566 quae
546 3497 670 3552 vovi
698 3497 929 3555 Domino
958 3499 1012 3555 in
1055 3500 1292 3568 Hebron,
1324 3509 1431 3557 etc.
1476 3522 1495 3556 ι
1527 3503 1888 3577 Quadragesi-

321 3601 437 3641 mus
467 3587 730 3659 agebatur
757 3604 932 3645 annus
962 3604 1026 3646 ex
1052 3606 1118 3647 eo
1143 3599 1404 3661 tempore,
1453 3608 1560 3663 quo
1588 3590 1717 3649 Saul
1742 3595 1891 3651 Nobe

319 3676 588 3732 civitatem
619 3693 744 3733 eum
770 3681 1143 3736 sacerdotibus
1168 3683 1441 3753 octoginta
1480 3683 1719 3754 quinque
1759 3699 1887 3755 pro-

315 3769 966 3845 pterDavidinteremit(I
995 3772 1124 3844 Reg.
1142 3774 1298 3845 xm).
1330 3774 1395 3828 Et
1416 3775 1617 3830 idcirco
1638 3776 1727 3831 hic
1746 3777 1886 3831 idem

316 3862 758 3932 quadragesimus
797 3878 970 3917 annus
995 3864 1232 3934 ponitur,
1267 3873 1327 3919 ut
1372 3872 1703 3920 monstretur
1749 3865 1888 3920 divi-

316 3966 433 4005 nam
463 3951 730 4007 ultionem
774 3954 1025 4008 suscitari
1056 3969 1218 4024 super
1244 3954 1431 4021 David,
1462 3970 1528 4011 eo
1573 3954 1715 4025 quod
1754 3956 1886 4011 Abi-

315 4044 514 4100 melecb
569 4044 910 4101 sacerdotem
946 4044 1156 4111 fefellit,
1180 4055 1235 4100 et
1261 4055 1481 4116 propter
1526 4060 1649 4099 eum
1677 4052 1753 4100 tot
1800 4061 1884 4101 sa—

218 4182 225 4191 .
313 4135 585 4190 cerdotum
605 4136 786 4191 caedes
803 4134 954 4191 factae
972 4136 1192 4191 fuerint.
1215 4136 1378 4201 Cave,
1397 4136 1582 4201 lector,
1604 4135 1885 4206 plerosque

314 4228 592 4282 mendosos
639 4226 889 4292 codices,
920 4227 973 4281 in
1022 4228 1219 4296 quibus
1256 4228 1517 4297 scriptum
1565 4226 1879 4283 invenitur:

315 4312 432 4370 Post
455 4328 722 4387 quatuor;
763 4333 873 4371 non
905 4336 917 4369 :
958 4326 1073 4387 post
1100 4318 1451 4388 quadraginta
1483 4334 1667 4371 annos.
1700 4317 1756 4371 In
1786 4333 1879 4373 ve-

313 4406 606 4461 racioribus
654 4421 786 4460 vero
826 4406 1125 4472 codicibus,
1149 4414 1206 4461 et
1253 4406 1307 4460 in
1330 4406 1594 4463 llebraica
1626 4410 1873 4474 veritate,

312 4509 407 4548 non
429 4503 666 4563 quatuor
694 4534 709 4558 ,
758 4495 850 4549 sed
885 4466 1243 4565 quadraginta
1289 4496 1597 4551 scribuntur
1641 4499 1788 4552 anni.
1823 4498 1879 4553 Si
1915 4466 1961 4526 θ

309 4587 420 4654 quis
435 4602 563 4642 vero
584 4588 959 4642 contentiosus
972 4588 1187 4642 eosdem
1202 4595 1434 4657 quatuor
1448 4605 1618 4644 annos
1636 4599 1880 4645 astruere

309 4679 556 4745 voluerit,
594 4680 667 4735 ab
714 4694 780 4734 eo
811 4686 1055 4748 tempore
1103 4695 1210 4749 quo
1238 4679 1491 4736 Absalom
1518 4681 1747 4736 Ammon
1773 4682 1879 4737 fra-

311 4779 436 4824 trem
470 4786 632 4826 suum
659 4769 955 4835 interfecit,
986 4785 1155 4840 usque
1174 4771 1240 4825 ad
1263 4771 1393 4826 illud
1423 4777 1634 4840 tempus
1653 4788 1759 4842 quo
1788 4777 1903 4842 pa-‘

310 4862 371 4915 tri
390 4862 524 4915 dixit
552 4875 569 4915 :
610 4880 629 4911 ι
668 4859 875 4915 Vadam
926 4868 981 4914 et
1008 4861 1226 4914 reddam
1257 4868 1382 4916 vota
1428 4876 1580 4927 mea,
1612 4877 1731 4931 quae
1755 4865 1875 4916 vovi

310 4949 526 5006 Domino
548 4953 602 5005 in
640 4950 878 5014 llebron,
914 4970 931 4999 ι
964 4950 1246 5020 perspicue
1266 4964 1325 5004 se
1348 4965 1553 5016 errare,
1578 4951 1623 5006 si
1652 4952 1877 5023 diligen-

308 5048 381 5095 ter
421 5049 794 5110 perscrutatus
820 5040 1007 5105 fuerit,
1036 5039 1294 5103 inveniet,
1342 5057 1465 5096 cum
1490 5043 1677 5110 utique
1703 5043 1877 5098 Absa-

300 5130 422 5194 tom,
462 5131 751 5186 interfecto
774 5130 1025 5197 Ammon,
1056 5131 1108 5184 in
1138 5130 1340 5187 Gessur
1383 5135 1524 5204 apud
1556 5134 1758 5188 Tolmai
1784 5149 1873 5189 rc-

297 5234 414 5288 gem
442 5220 618 5275 tribus
665 5222 842 5283 annis,
888 5230 942 5274 et
973 5220 1027 5275 in
1057 5218 1384 5287 Jerusalem,
1417 5222 1542 5278 inde
1592 5232 1874 5279 revocatus

298 5328 397 5366 non
418 5316 740 5382 viso'patre,
765 5312 973 5367 duobus
994 5320 1234 5368 moratus
1258 5312 1422 5368 fuerit
1448 5315 1625 5380 annis,
1644 5323 1700 5370 et
1719 5327 1873 5370 sexto

298 5416 432 5455 anno
468 5401 664 5457 faciem
691 5401 866 5471 patris
906 5401 1120 5465 viderit,
1180 5412 1234 5457 et
1258 5410 1451 5457 contra
1479 5416 1600 5456 eum
1631 5402 1876 5472 perduel-

298 5482 485 5547 lionem
534 5491 948 5562 prmparaverit.
998 5491 1192 5545 Votum
1254 5505 1488 5559 namque
1551 5505 1610 5546 se
1663 5493 1874 5547 vovisse

298 5582 599 5639 mentiendo
627 5582 791 5643 dixit,
828 5581 883 5636 id
921 5590 1005 5635 est
1028 5582 1330 5635 orationem
1353 5580 1620 5635 facturum
1651 5582 1704 5635 in
1735 5582 1870 5647 loco,

301 5690 397 5745 quo
418 5676 769 5746 requiescunt
817 5671 1113 5735 Abraham,
1144 5673 1310 5736 Isaac,
1352 5681 1407 5728 et
1456 5667 1636 5727 Iacob.
1672 5692 1688 5722 ‹
1722 5673 1877 5728 Venit

703 5765 975 5825 Parcet.
1013 5762 1175 5825 CIX.

2009 1895 2287 1965 respondit
2303 1896 2524 1951 dicens:
2562 1916 2581 1949 ι
2610 1897 2748 1965 Quid
2769 1901 2968 1956 miliiet
2993 1902 3275 1968 vobis,filii
3295 1905 3537 1961 Sarvizn?
3557 1928 3575 1959 ι

2006 1985 2084 2042 Ac
2106 1987 2151 2042 si
2175 1988 2380 2043 diceret
2409 2007 2421 2043 :
2446 1988 2697 2059 Nunquid
2713 1989 2876 2046 vultis
2908 1992 3216 2050 interﬁcere
3243 1991 3583 2063 istum,sicut

2004 2076 2353 2134 interfecistis
2381 2079 2598 2136 Abner?
2633 2099 2652 2133 ‹
2691 2082 2952 2138 Dominus
2986 2084 3130 2141 enim
3165 2086 3420 2157 prmeepit
3444 2088 3493 2142 ei
3523 2098 3581 2142 ut

2009 2185 2030 2220 ί
2073 2168 2418 2225 malediceret
2465 2171 2653 2226 David.
2685 2173 2752 2226 Et
2795 2174 2916 2244 quis
2948 2181 3033 2229 est
3083 2175 3175 2243 qui
3213 2176 3375 2241 dicat,
3406 2192 3577 2247 quare

2009 2274 2029 2308 ι
2068 2256 2148 2312 sic
2172 2256 2399 2313 fecerit?
2430 2280 2450 2312 ι
2486 2260 2850 2327 Subauditur,
2882 2278 3051 2333 quare
3101 2264 3181 2320 sic
3212 2264 3442 2334 fecerit,
3470 2285 3578 2324 non

2001 2345 2282 2414 Dominus,
2322 2349 2418 2404 sed
2456 2348 2654 2405 Semei.
2686 2349 2883 2415 Semei.
2930 2353 3022 2422 qui
3059 2354 3335 2410 maledixit
3386 2358 3577 2425 David,

2000 2432 2117 2505 ipse
2147 2446 2230 2492 est
2273 2438 2373 2510 (ut
2404 2439 2612 2495 Hebraei
2639 2441 2866 2513 dicunt)
2897 2441 3143 2498 Nabaatb
3176 2485 3191 2511 ,
3236 2455 3394 2516 pater
3418 2444 3575 2504 Jero—

2000 2529 2182 2597 boam,
2214 2533 2304 2602 qui
2343 2533 2485 2590 filius
2514 2534 2725 2590 Gemini
2780 2536 2999 2603 dicitur,
3053 2545 3108 2593 et
3156 2539 3212 2593 in
3246 2540 3363 2596 zelo
3387 2541 3578 2597 domus

2001 2618 2131 2676 Saul
2161 2623 2515 2680 maledicebat
2549 2626 2737 2681 David.
2763 2626 2968 2685 Nomen
2995 2645 3125 2686 vero
3151 2631 3237 2687 avi
3259 2631 3374 2701 ejus
3394 2632 3575 2689 Gemi-

2001 2713 2055 2766 ni
2106 2713 2225 2780 fuit,
2272 2724 2327 2771 et
2356 2716 2471 2786 ipse
2501 2717 2679 2773 Semci
2710 2735 2775 2774 ex
2805 2720 2944 2775 tribu
2976 2721 3229 2790 Ephraim
3255 2722 3350 2777 ﬁlii
3375 2722 3574 2795 Ioseph

1998 2804 2225 2871 exstitit,
2255 2807 2394 2860 unde
2442 2815 2498 2862 ct
2541 2808 2681 2863 idem
2711 2808 2888 2865 Semci
2931 2812 2998 2865 ad
3045 2810 3255 2867 David:
3305 2829 3324 2863 α
3362 2812 3578 2870 Primus

1999 2907 2214 2965 quoque
2270 2896 2389 2950 veni
2435 2896 2595 2951 boiie
2621 2897 2699 2968 .de
2730 2899 2875 2952 omni
2928 2899 3069 2953 tribu
3097 2898 3294 2970 Josepli
3322 2901 3408 2972 (II
3444 2901 3572 2974 Reg.

1999 2982 2136 3058 nx).
2171 3004 2190 3038 ι
2224 3002 2242 3036 ι
2274 2984 2409 3040 Cum
2437 2994 2614 3041 autem
2639 2989 2875 3043 venisset
2899 2988 3410 3058 ChusaiAracbites,
3440 2994 3578 3047 ami-

1926 3103 1970 3164 C
2005 3093 2027 3129 ι
2070 3091 2166 3133 cus
2188 3077 2375 3145 David,
2392 3079 2459 3133 ad
2483 3077 2982 3145 Absalom,locntus
3005 3088 3088 3136 est
3111 3082 3177 3135 ad
3203 3096 3326 3136 cum
3356 3101 3368 3136 :
3390 3081 3571 3149 Salve,

2003 3186 2023 3220 ι
2069 3182 2186 3234 rex,
2207 3168 2372 3235 salve,
2393 3184 2507 3223 rex.
2532 3170 2783 3240 Adquem
2798 3171 3050 3226 Absalom
3071 3212 3084 3225 .
3103 3172 3227 3228 Ilmc
3244 3179 3349 3239 est,
3374 3173 3570 3244 inquit,

2001 3278 2019 3310 ι
2067 3260 2240 3331 gratia
2298 3260 2365 3315 ad
2421 3260 2654 3316 amicum
2707 3271 2877 3316 tuum.
2917 3282 2936 3315 ι
2971 3263 3028 3317 In
3077 3263 3301 3320 Hebraeo
3328 3264 3569 3338 legitur:

2002 3371 2020 3403 σ
2059 3351 2206 3419 Ilaec,
2235 3352 2432 3421 inquit,
2463 3353 2831 3408 misericordia
2862 3364 2950 3409 tua
2978 3356 3044 3410 ad
3073 3356 3303 3412 amicum
3328 3367 3516 3425 tuum;
3547 3380 3566 3414 ι

1994 3458 2103 3496 non
2134 3441 2453 3498 afﬁrmando
2481 3485 2495 3509 ,
2547 3446 2641 3499 sed
2685 3445 2934 3516 negando
2967 3447 3429 3515 pronuntiandum
3467 3459 3569 3506 est.

1994 3532 2059 3586 Et
2103 3540 2187 3588 est
2215 3549 2435 3590 sensus:
2466 3534 2831 3591 Misericordia
2866 3547 2950 3592 est
2977 3549 3068 3592 aut
3093 3538 3197 3595 dici
3219 3540 3398 3608 debet,
3424 3544 3566 3612 quod

1992 3616 2159 3677 David
2181 3624 2416 3679 amicum
2448 3632 2595 3678 tuum
2623 3624 2898 3691 dimisisti,
2928 3635 3125 3682 etcum
3152 3644 3218 3685 eo
3243 3645 3349 3685 non
3376 3630 3497 3685 isti?

2576 3733 2802 3791 CAPUT
2839 3735 3000 3792 XVII.

2515 3826 2765 3896 Sequitur
2791 3835 2845 3880 ut
2864 3843 3044 3896 supra.
3074 3890 3083 3899 .

2060 3913 2211 3986 (Car.
2243 3912 2395 3983 xvn.)
2440 3935 2457 3965 ι
2495 3918 2642 3971 Dixit
2677 3916 2997 3988 Achitopbel
3041 3918 3110 3973 ad
3136 3919 3388 3974 Absalom
3414 3938 3427 3974 :
3455 3920 3563 3977 Eli-

1993 4021 2012 4055 ‹
2047 4020 2170 4073 gam
2197 4005 2328 4059 mibi
2363 4006 2642 4061 duodecim
2672 4008 2838 4061 millia
2869 4009 3125 4076 virorum,
3147 4020 3201 4066 et
3234 4027 3567 4083 consurgens

1993 4115 2011 4147 ι
2047 4113 2344 4174 persequar
2372 4099 2536 4153 David
2562 4100 2662 4153 hac
2700 4109 2876 4165 nocte,
2908 4108 2964 4154 et
2993 4101 3205 4157 irruens
3230 4118 3394 4174 super
3413 4120 3557 4173 eum,

1991 4206 2009 4238 ι
2054 4166 2363 4257 quippequi
2394 4188 2569 4242 lassus
2594 4197 2678 4243 est
2702 4187 2952 4244 resolutis
2978 4189 3224 4258 pedibus,
3256 4166 3555 4263 percutiam

1990 4299 2007 4330 ι
2052 4296 2195 4335 eum.
2227 4278 2468 4347 Curaque
2490 4277 2686 4347 fugerit
2724 4280 2901 4334 omnis
2922 4281 3151 4350 populus
3177 4321 3192 4347 ,
3222 4283 3313 4353 qui
3342 4298 3465 4337 cum
3492 4297 3559 4337 eo

1989 4390 2006 4421 ι
2043 4378 2147 4437 est,
2173 4370 2473 4440 percutiam
2504 4385 2685 4438 regem
2719 4372 3039 4438 desolatam,
3081 4382 3136 4428 et
3161 4375 3414 4430 reducam
3436 4377 3557 4431 uni-

1992 4482 2009 4513 ‹
2059 4479 2268 4518 tersum
2296 4461 2854 4533 populum,quomodo
2879 4468 3067 4523 omnes
3089 4468 3288 4522 reverti
3304 4467 3498 4523 solent.
3531 4491 3549 4523 ι

1989 4554 2205 4608 Scilicet
2233 4554 2372 4608 sicut
2401 4554 2599 4608 reverti
2630 4553 2804 4608 solent
2830 4555 2885 4609 hi
2914 4555 3026 4623 qui,
3059 4556 3256 4611 amisso
3283 4556 3337 4610 in
3369 4559 3557 4627 prmlio

1986 4662 2133 4715 rege,
2166 4654 2531 4711 revertuntur,
2566 4646 2704 4699 sicut
2725 4646 3010 4701 universus
3032 4646 3258 4716 populus
3277 4645 3442 4703 Israel
3467 4664 3553 4703 rc-

1986 4744 2229 4789 vertetur
2253 4736 2322 4789 ad
2355 4743 2426 4788 te.

2062 4843 2079 4877 ι
2108 4826 2176 4880 Et
2195 4842 2316 4881 cum
2332 4826 2589 4880 ceciderit
2611 4842 2748 4881 unus
2761 4827 2982 4894 quilibet
2995 4828 3047 4880 in
3063 4828 3344 4898 principio,
3373 4830 3557 4884 audiet

1990 4938 2008 4970 ι
2053 4920 2355 4988 quicunque
2375 4919 2693 4983 andierit,et
2708 4919 2849 4973 dicet
2878 4918 3075 4973 :Facta
3101 4927 3185 4974 est
3204 4920 3357 4991 plaga
3385 4922 3436 4975 in
3464 4938 3555 4993 po-

1993 5027 2008 5059 τ
2056 5009 2181 5078 pulo
2246 5008 2336 5078 qui
2389 5010 2712 5078 sequebatur
2764 5007 3065 5073 Absalom;
3121 5018 3175 5064 et
3224 5008 3549 5068 fortissimus

1991 5119 2012 5152 ι
2053 5098 2272 5169 quique,
2319 5098 2472 5167 cujus
2499 5114 2584 5154 res
2608 5107 2692 5153 est
2737 5099 2888 5167 quasi
2919 5098 3109 5163 leonis,
3153 5114 3349 5167 pavore
3374 5101 3552 5155 solve-

1988 5207 2006 5240 ι
2043 5197 2147 5243 tur.
2181 5209 2200 5240 ι
2223 5188 2279 5242 In
2305 5188 2529 5244 Ilebra‘o
2551 5188 2624 5242 ita
2650 5188 2914 5243 habetur:
2947 5205 2964 5237 ι
2998 5187 3065 5240 Ει
3088 5186 3412 5244 fortissimus
3437 5190 3552 5257 ipse

1982 5280 2133 5350 cujus
2164 5295 2257 5336 cor
2305 5288 2388 5335 est
2411 5281 2566 5349 quasi
2593 5279 2762 5333 leonis
2788 5293 2987 5347 pavore
3032 5277 3269 5332 solvetur
3300 5295 3314 5343 ;
3347 5298 3364 5331 ι
3402 5282 3549 5349 quod

1978 5387 2084 5426 non
2112 5371 2449 5437 atlirmando,
2498 5372 2590 5425 scd
2648 5370 2894 5441 negando
2939 5369 3394 5437 pronuntiandum
3439 5380 3543 5425 est.

1976 5463 2325 5524 Fortissimus
2353 5465 2453 5519 iste
2492 5463 2656 5518 David
2679 5461 3050 5530 intelligendus
3090 5471 3195 5526 est,
3220 5460 3361 5529 quod
3380 5467 3436 5513 et
3462 5475 3550 5514 sc.

1978 5560 2198 5629 quentia
2225 5558 2504 5613 declarant
2527 5575 2540 5610 :

2055 5670 2071 5701 ι
2102 5651 2218 5705 Scit
2243 5650 2383 5704 enim
2407 5649 2582 5702 onmis
2602 5646 2763 5701 Israel
2792 5644 2984 5702 fortem
3009 5655 3128 5696 esse
3149 5646 3355 5707 patrem
3371 5645 3541 5705 tuum,

3075 5751 3112 5806 [ι
