4026 6202
389 361 484 415 ςὶιῗ

1055 347 1108 399 Β.
1154 338 1404 400 iiABANl
1440 332 1652 389 )iAl'Rl
1690 324 1984 384 ARClilEl‘

2083 316 2356 374 ἱΟῧίΞΝΤ.
2396 310 2675 368 OPERUM
2720 305 2895 360 PARS
2932 304 2967 358 1.

383 493 400 521 ,
447 481 500 526 ρι
525 469 770 522 robustus
785 468 970 515 omth
997 457 1226 524 quicum
1246 464 1309 504 eo
1325 454 1467 502 sunt.
1491 442 1750 498 Jonatbas
1770 447 1948 492 autem
1979 436 2023 493 Λ
2054 430 2146 486 sed
2167 443 2288 482 cum
2323 423 2487 480 David
2511 421 2736 474 ﬁdeliter
2758 419 3191 487 permanserunt.
3234 411 3626 479 interpretatur

2244 518 2292 526 Α.
2419 516 2430 526 .
2480 514 2518 526 ρο
2554 514 2596 526 ,ο
2751 511 2764 526 Α
2824 509 2894 526 ,1
2922 509 3016 526 ι.--
3061 503 3452 526 Ι---..3ι--.1,....-..
3492 500 3626 526 lli..-

383 582 404 614 ε
445 571 502 617 et
544 557 829 613 Asbimaas
864 551 1078 607 stabant
1125 547 1277 615 juxta
1331 539 1532 593 fontem
1567 533 1754 617 Rrogcl.
1798 529 1944 584 Abiit

387 673 405 705 ε
449 649 671 708 ancilla.
705 655 762 699 et
807 638 1074 696 nuntiavit
1119 637 1198 689 eis
1226 651 1240 697 ;
1271 639 1327 686 et
1371 629 1447 684 illi
1474 616 1696 696 profecti
1737 629 1880 676 sunt.
1921 637 1939 670 ι

382 743 506 796 lla'tc
558 735 774 796 ancilla,
812 729 964 800 quasi
995 725 1206 780 lavandi
1251 720 1448 792 gratia,
1477 731 1599 771 cum
1641 712 1835 783 pannis
1880 709 1946 763 ad

383 834 580 886 fontem
607 823 772 895 Rege!
798 821 956 883 ierat,
999 824 1060 870 ut
1083 813 1295 884 penitus
1324 825 1413 864 res
1450 823 1558 862 non
1585 800 1950 872 deprehende-

381 933 550 978 retur.
573 919 716 972 Puer
743 920 944 974 autem,
967 908 1058 977 qui
1085 920 1200 962 rem
1224 901 1487 957 indicavit
1511 896 1782 957 Absalom,
1810 891 1950 946 illius

381 1012 618 1080 ejusdem
643 1005 850 1060 ancillae
873 999 1124 1072 parvulus
1150 995 1351 1050 dicitur
1373 992 1555 1046 fuisse.
1583 987 1750 1043 David
1773 992 1952 1039 autem

383 1103 530 1154 venit
566 1100 618 1152 in
664 1104 864 1157 castra,
919 1104 1039 1158 quae
1085 1085 1322 1140 Manaim
1377 1080 1640 1136 llebraice
1667 1077 1951 1146 leguntur:

389 1197 447 1249 in
471 1207 579 1262 quo
594 1191 713 1245 loco
736 1186 948 1241 obviam
974 1180 1192 1234 fuerunt
1219 1175 1392 1245 angeli
1422 1172 1516 1228 Dei
1539 1169 1728 1232 Jacob,
1747 1166 1886 1220 sicut
1901 1163 1954 1216 in

385 1281 576 1337 Genesi
601 1277 853 1333 scribitur
886 1292 897 1326 :
934 1290 950 1322 ι
993 1271 1056 1324 Et
1077 1265 1289 1322 vocavit
1315 1262 1482 1318 Jacob
1505 1273 1698 1314 nomen
1726 1255 1825 1310 loci
1855 1252 1960 1306 Ma-

388 1373 552 1435 naim,
595 1369 646 1422 id
677 1375 760 1423 est
787 1373 966 1420 castra
1001 1357 1152 1432 (Gen.
1186 1353 1380 1427 xxx").
1413 1372 1432 1405 ι
1479 1350 1602 1404 11ωο
1629 1362 1776 1410 vero,
1804 1344 1959 1412 juxta

391 1461 596 1519 Ilebrati
625 1473 864 1520 sensui},
889 1451 1181 1510 secundum
1208 1445 1488 1501 historiam
1509 1441 1653 1495 dicta
1675 1435 1960 1493 sutliciant.

457 1557 723 1611 Cancrum
745 1557 924 1605 autem
951 1542 1244 1600 secundum
1269 1519 1586 1602 allegoriam
1634 1525 1964 1584 considerari

388 1653 594 1716 oportet
623 1641 752 1712 quid
775 1637 904 1696 illud
941 1631 1206 1705 signiﬁcet
1225 1627 1364 1698 quod
1401 1621 1670 1695 parricida
1693 1619 1834 1672 illius
1859 1615 1968 1669 Ab-

391 1737 560 1790 salom
587 1741 790 1803 patrem
808 1725 1128 1796 insequitur.
1157 1719 1338 1774 Primo
1363 1723 1518 1786 pater
1545 1710 1663 1779 ejus
1689 1708 1966 1764 declinans

394 1825 527 1894 fugit
580 1829 706 1878 ante
751 1795 951 1871 faciem
988 1813 1127 1883 ejus,
1157 1821 1381 1863 securus
1411 1804 1476 1856 de
1529 1797 1787 1858 victoria,
1841 1795 1964 1864 quia
1993 1796 2041 1854 B

393 1915 595 1968 ενιίεὒίιι
625 1907 843 1977 impium
874 1903 1072 1974 perire,
1101 1912 1262 1969 quem
1289 1895 1451 1951 etiam
1485 1889 1630 1945 flevit
1655 1887 1748 1942 ille
1775 1897 1967 1954 magno

395 2003 556 2063 luctu,
591 2007 645 2052 et
666 1971 962 2064 deploravit
985 1989 1183 2044 exitum
1207 1981 1510 2055 parricidae.
1537 1975 1808 2032 Scribitur
1823 1971 1968 2026 enim

396 2092 592 2159 fugisse
619 2061 787 2142 David
825 2099 856 2136 a
896 2081 1030 2134 facie
1060 2075 1308 2132 bellantis
1339 2073 1626 2125 adversum
1669 2081 1727 2120 se
1759 2063 1870 2117 ﬁlii.
1903 2061 1970 2114 Et

393 2157 518 2233 alibi
549 2177 804 2246 scriptum
833 2179 916 2226 est
951 2169 1018 2222 de
1059 2165 1252 2236 populo
1273 2159 1596 2222 Jerusalem,
1623 2153 1852 2210 Domino
1891 2150 1972 2204 di-

394 2280 584 2322 cntze:
618 2283 634 2313 ι
689 2262 851 2316 Filios
896 2255 1126 2313 cnutrivi
1187 2262 1242 2306 et
1299 2249 1573 2312 exaltari;
1630 2243 1729 2314 ipsi
1787 2247 1970 2296 autem

397 2361 712 2425 spreverunt
761 2366 847 2404 me
899 2343 1138 2420 (150311).
1179 2362 1198 2394 ι
1252 2339 1422 2394 Filius
1448 2352 1579 2407 ergo
1616 2333 1732 2404 ejus
1779 2329 1975 2399 impius

401 2423 604 2515 tropice
630 2441 799 2510 accipi
823 2445 1000 2509 potest
1023 2432 1280 2488 Iudaicus
1303 2427 1554 2500 populus,
1597 2423 1687 2494 qui
1719 2437 1838 2475 eum
1869 2427 1976 2473 tra-

399 2508 550 2590 ιῐίξξμ
585 2508 835 2588 Absalom
865 2536 1045 2582 autem
1089 2525 1107 2595 (
1135 2523 1277 2577 sicut
1332 2528 1456 2575 ante
1479 2517 1594 2586 jam
1627 2517 1828 2569 dictum
1851 2508 1974 2584 est)

400 2631 714 2701 intelligitur
733 2627 894 2698 patris
908 2639 1037 2692 pax.
1067 2620 1220 2688 Quod
1249 2610 1452 2672 mirum
1481 2611 1694 2668 videtur
1725 2610 1776 2663 in
1808 2607 1976 2661 histoo

404 2723 503 2784 ria,
540 2716 986 2787 quemadmodum
1033 2709 1204 2781 possit
1244 2704 1471 2776 intelligi
1523 2700 1690 2772 patris
1734 2713 1860 2768 pax,
1887 2692 1978 2764 qui

413 2825 618 2884 patrem
649 2807 788 2864 bello
817 2815 898 2862 est
922 2801 1268 2876 persecutus?
1291 2798 1396 2853 Sed
1423 2795 1516 2866 qui
1543 2793 1825 2863 diligenter
1851 2787 1980 2841 alle-

405 2901 609 2972 goriam
650 2895 952 2960 intendunt,
982 2890 1276 2962 inspiciunt
1302 2887 1714 2943 Absalomcssc
1755 2879 1978 2936 Jerusa-

405 2996 537 3057 lem,
579 3005 697 3060 qum
736 2988 898 3041 etiam
927 2993 983 3040 et
1026 2985 1140 3054 ipsa
1169 2997 1274 3051 pax
1308 2980 1715 3047 interpretatur,
1773 2987 1801 3024 a
1831 2966 1982 3035 cujus

409 3081 541 3138 facie
563 3081 810 3136 Christus
839 3075 998 3146 fugit,
1025 3073 1239 3143 quando
1271 3067 1524 3140 patiendo
1541 3079 1662 3120 eam
1697 3063 1976 3125 deserens,

410 3178 461 3228 in
503 3129 878 3244 gentibus‘pcr
898 3129 1070 3221 “ﬁdem
1098 3129 1340 3219 secessit.
1374 3158 1480 3214 Alii
1506 3155 1758 3211 Absalom
1788 3151 1980 3206 Judam
2007 3129 2052 3194 C

413 3242 744 3333 proditorem
775 3253 1068 3325 accipiunt,
1099 3265 1259 3322 quem
1287 3255 1436 3302 tanta
1465 3253 1521 3300 et
1546 3242 1858 3300 admiranda
1884 3255 1983 3310 pa-

410 3329 594 3407 tientia
625 3345 875 3402 Christus
915 3341 1153 3412 pertulit,
1187 3345 1443 3407 tanquam
1479 3332 1594 3403 ejus
1626 3329 1986 3402 cogitationes

408 3443 705 3512 ignoraret,
745 3451 870 3490 cum
911 3431 1153 3488 adhibuit
1196 3429 1249 3484 in
1279 3425 1610 3490 convivium,
1654 3422 1710 3477 in
1739 3436 1845 3492 quo
1874 3434 1990 3474 cor-

413 3529 562 3601 poris
584 3537 638 3584 et
657 3525 932 3597 sanguinis
947 3524 1028 3580 sui
1055 3522 1283 3593 ﬁguram
1300 3518 1574 3590 discipulis
1593 3511 1990 3580 commendavit

413 3636 469 3682 et
497 3625 731 3680 tradidit.
759 3622 910 3690 Quod
951 3618 1180 3686 denique
1210 3614 1264 3668 in
1287 3613 1401 3680 ipsa
1433 3605 1726 3664 traditione
1754 3612 1809 3660 et
1836 3618 1992 3658 oscu-

415 3719 522 3771 lum
557 3713 788 3783 accepit,
817 3712 955 3766 bene
980 3705 1296 3776 intelligitur
1321 3714 1512 3772 pacem
1537 3695 1812 3754 Christum
1841 3691 1992 3748 exhi-

418 3806 596 3860 buisse
621 3799 869 3856 tradituri
901 3813 1019 3861 suo,
1049 3793 1296 3865 quamvis
1340 3790 1430 3846 ille
1460 3796 1568 3842 tam
1599 3785 1876 3841 scelerata:
1896 3797 1992 3838 co-

419 3893 694 3964 gitationis
715 3893 927 3946 interno
961 3887 1101 3942 bello
1132 3888 1454 3939 vastaretur.
1484 3879 1554 3932 Et
1594 3877 1716 3932 ideo
1740 3873 1994 3929 Absalom

424 3984 593 4053 patris
619 3997 719 4052 pax
745 3979 962 4044 dicitur,
1008 3976 1134 4045 quia
1162 3980 1316 4042 pater
1355 3967 1541 4024 habuit
1585 3979 1796 4036 pacem,
1827 3977 1992 4032 quam

425 4075 514 4129 ille
557 4088 662 4128 non
688 4071 915 4134 habuit;
953 4061 1270 4136 Aehitophel
1316 4061 1507 4132 igitur,
1553 4057 1644 4128 qui
1686 4056 1943 4110 recedens
1967 4068 1998 4108 a

426 4164 618 4228 David,
650 4162 716 4216 ad
749 4158 1001 4215 Absalom
1031 4151 1436 4224 transmigravit
1459 4190 1474 4217 ,
1505 4147 1788 4216 haereticos
1827 4144 1963 4215 signi

431 4255 577 4318 ﬁcat,
606 4251 719 4321 qui,
762 4249 1072 4305 recedentes
1109 4261 1140 4300 a
1168 4243 1386 4300 tramite
1419 4238 1684 4302 veritatis,
1715 4253 1773 4292 se
1794 4235 2002 4290 sociant

429 4342 570 4400 hosti
596 4340 838 4410 antiquo,
873 4347 928 4393 et
957 4337 1361 4405 subsequuntur
1386 4343 1643 4386 errorem.
1671 4325 2002 4393 Interpreta-

430 4445 516 4488 tur
538 4437 718 4485 autem
749 4424 1067 4496 Achitophel
1110 4424 1276 4494 frater
1295 4434 1440 4474 meus
1480 4417 1702 4478 cadens;
1739 4411 2000 4468 Gilonitcs

431 4535 582 4576 vero.
605 4515 1011 4586 transmigrauit,
1047 4518 1236 4568 contra
1268 4522 1402 4578 quos
1421 4505 1690 4574 Propheta
1717 4502 2000 4568 increpans

431 4613 598 4666 dicit:
636 4629 654 4660 ‹
686 4609 745 4663 In
767 4606 994 4660 Domino
1032 4600 1266 4662 conﬁdo,
1293 4595 1562 4666 quomodo
1595 4591 1774 4646 dicitis
1807 4589 2004 4642 animi?

339 4735 347 4740 -
433 4717 564 4756 meae
591 4722 604 4753 :
627 4693 974 4762 Transmigra
997 4691 1051 4744 in
1075 4696 1338 4752 montem,
1360 4683 1499 4739 sicut
1517 4692 1708 4751 passer
1732 4675 1965 4750 (Psal.x)
1983 4717 1998 4742 ,

434 4802 538 4845 etc.
577 4809 596 4842 ι
623 4787 691 4843 Et
712 4785 906 4842 merito
947 4781 1079 4856 tales
1117 4779 1312 4848 laqueo
1336 4775 1444 4830 doli
1469 4780 1628 4842 atque
1653 4770 1870 4825 malitia:
1895 4784 2005 4825 sua:

436 4882 604 4934 vitam
624 4876 897 4949 propriam
923 4871 1141 4934 finiunt,
1173 4869 1267 4938 qui
1313 4866 1543 4921 alienam
1589 4862 1772 4934 pravis
1795 4861 2005 4916 suasio-

439 4973 598 5026 nibus
639 4975 986 5032 corrumpere
1029 4959 1390 5030 satagebant,
1429 4955 1568 5010 sicut
1614 4951 1930 5020 Acbitophel
1952 4950 2005 5004 in

441 5057 660 5130 propria
688 5056 846 5110 domo
875 5049 1164 5120 suspendio
1192 5047 1416 5108 interiit,
1449 5043 1541 5112 qui
1565 5041 1621 5096 in
1664 5040 1858 5102 aliena,
1880 5039 2006 5092 vita:

441 5127 610 5202 David
643 5144 924 5198 insidiatus
945 5149 1045 5194 est.
1093 5137 1245 5194 Unde
1264 5135 1524 5203 scriptum
1551 5139 1669 5186 est:
1702 5149 1720 5180 ι
1753 5129 1852 5196 Qui
1878 5127 2013 5182 fodit

444 5235 879 5301 f:.)veam,incidit
905 5232 956 5285 in
983 5227 1304 5300 eam(Eccli.
1333 5227 1555 5296 XXVII).)
1576 5223 1671 5277 Et:
1694 5223 1778 5275 «in
1802 5220 2012 5275 insidiis

444 5327 556 5380 suis
598 5323 880 5393 capientur
904 5319 1092 5387 iniqui.
1130 5335 1148 5368 ι
1179 5315 1379 5370 Chusai
1424 5328 1556 5368 vero
1583 5311 1886 5373 Aracbites,
1915 5324 2012 5362 an-

447 5417 624 5485 tiquus
648 5411 853 5466 amicus
868 5409 1057 5472 David,
1072 5406 1337 5462 sinniﬁcat
1359 5405 1640 5460 credentes
1661 5417 1726 5456 ex
1742 5401 2008 5470 gentibus,

447 5505 537 5574 qui
562 5504 687 5557 licet
712 5517 834 5556 cum
881 5497 1134 5552 Absalom
1177 5495 1464 5565 aliquando
1509 5494 1610 5548 visi
1661 5501 1802 5553 sunt,
1834 5503 2011 5545 tamer

447 5596 628 5664 pravis
654 5593 769 5659 ejus
813 5590 1066 5660 cperibus
1088 5601 1195 5640 non
1223 5585 1703 5646 communicantes,
1733 5597 1830 5635 nec
1853 5579 2017 5634 Achi—

450 5681 630 5752 topliel
659 5680 857 5751 iniquis
877 5674 1310 5748 suggestionibus
1341 5688 1574 5742 unquam
1597 5669 2015 5733 consentientes,

2045 538 2110 575 au
2120 531 2222 575 tem
2237 516 2432 572 Chnsai
2452 514 2723 581 .-t'§tl:iops;
2743 511 2778 562 Α
2789 509 3042 570 rachitcs,
3057 503 3326 574 longitudo
3339 519 3474 556 mea.
3492 500 3628 556 lliuc

2045 624 2256 680 quoque
2289 608 2338 660 iu
2375 605 2640 671 Propheta
2683 601 2943 668 scriptum
2969 603 3091 652 est:
3126 611 3146 644 ι
3181 593 3354 648 Vertit
3375 591 3631 660 [Ethiops

2046 699 2240 769 pellem
2264 711 2412 750 suam
2442 693 2575 763 (λεν.
2601 690 2746 758 sui).
2782 708 2799 738 ι
2841 689 2905 741 Et
2926 687 2980 740 in
3009 683 3224 738 Psalmo
3249 701 3262 736 :
3285 701 3304 732 ι
3328 680 3629 750 Αἰιιιίορὶξι,

2048 789 2243 856 inquit,
2275 785 2490 838 festinet
2516 795 2708 834 manus
2739 777 2857 844 ejus
2883 775 3012 829 dare
3039 773 3149 827 Deo
3181 771 3356 841 (Ρεαι.
3383 769 3576 838 LXVII).
3607 791 3625 821 ι

2050 880 2182 946 Quia
2212 876 2424 947 gentilis
2453 872 2678 941 populus
2725 877 3008 938 postquam
3050 878 3107 918 se
3140 862 3419 931 nigredine
3439 876 3634 930 pecca-

2055 983 2230 1026 torum
2283 968 2450 1029 exuit,
2497 977 2770 1031 nunquam
2819 975 2850 1012 a
2907 966 3060 1025 tergo
3113 953 3328 1007 Domini
3383 952 3631 1008 recessit.

2055 1061 2204 1130 Quod
2235 1066 2414 1112 autem
2437 1053 2766 1108 concubinas
2796 1048 2986 1111 David,
3031 1059 3167 1114 quas
3214 1042 3330 1112 ipse
3362 1043 3429 1096 ad
3453 1051 3635 1096 custo-

2057 1151 2302 1206 diendam
2316 1147 2531 1200 domum
2545 1135 3080 1207 dimisit,stuprand0
3092 1134 3354 1204 corrupit,
3367 1131 3638 1201 signiﬁcat

2057 1242 2199 1312 quod
2213 1245 2454 1308 apostata
2469 1231 2691 1302 angelus
2711 1229 2988 1298 quosdam,
3011 1225 3102 1294 qui
3117 1225 3363 1279 videntur
3375 1234 3560 1292 regere
3583 1228 3638 1272 et

2061 1329 2334 1386 custodire
2357 1323 2610 1394 populum
2627 1321 2742 1384 Dei,
2771 1317 3024 1372 lueretica
3047 1315 3314 1384 pravitate
3335 1309 3641 1366 seducende

2063 1418 2282 1488 decipit.
2314 1413 2396 1467 Ad
2437 1425 2572 1482 quas
2613 1417 2790 1463 tamen
2813 1405 2982 1459 David
3013 1401 3154 1455 ultra
3183 1415 3288 1455 non
3316 1397 3638 1469 ingreditur,

2065 1510 2161 1564 sed
2183 1509 2235 1562 in
2259 1504 2498 1561 custodia
2529 1499 2720 1570 positis
2742 1495 2995 1550 alimenta
3023 1493 3241 1562 praebet.
3270 1491 3402 1559 Ipsae
3425 1501 3642 1555 quoque

2068 1601 2121 1654 in
2166 1596 2426 1651 viduitate
2478 1593 2720 1646 viventes
2767 1587 2965 1641 clausa:
3003 1593 3128 1637 sunt
3179 1597 3354 1650 usque
3399 1579 3468 1634 ad
3494 1579 3638 1633 diem

2069 1689 2258 1746 mortis
2286 1702 2414 1742 sum.
2448 1683 2582 1750 Quia
2603 1695 2726 1736 cum
2750 1676 3011 1742 haeretici,
3045 1689 3076 1728 a
3107 1675 3192 1728 via
3217 1671 3462 1728 veritatis
3484 1670 3643 1724 ober-

2071 1791 2270 1845 rantes,
2317 1779 2493 1832 denuo
2523 1774 2591 1826 ad
2635 1787 2754 1826 eam
2783 1767 2963 1822 redire
2991 1763 3356 1826 dissimulant,
3382 1777 3487 1815 non
3516 1767 3645 1814 sunt

2067 1873 2213 1944 digni
2235 1866 2634 1925 cobabitatione
2651 1859 2870 1921 Christi,
2891 1856 2984 1913 sed
3005 1855 3196 1920 clausi,
3211 1854 3380 1919 idest,
3406 1850 3642 1920 separati

2066 1968 2242 2025 erunt,
2276 1975 2307 2012 a
2329 1954 2602 2012 consortio
2625 1953 2740 2022 ejus
2759 1948 2938 2004 alieni.
2963 1946 3055 2000 [lle
3077 1953 3276 2009 tamen,
3304 1961 3323 1994 ι
3355 1941 3446 2012 qui
3473 1940 3643 1995 solem

2067 2065 2222 2105 suum
2251 2047 2383 2101 Ot‘iri
2411 2043 2540 2097 facit
2569 2055 2729 2110 super
2762 2038 2932 2092 bonos
2959 2033 3216 2097 ctmalos,
3250 2041 3304 2086 et
3327 2031 3462 2101 pluit
3484 2045 3646 2099 super

2062 2141 2237 2212 justos
2258 2145 2311 2192 et
2343 2133 2574 2203 injustos
2601 2129 2812 2202 (Matth.
2840 2126 2894 2199 v)
2922 2167 2936 2191 ,
2971 2147 2987 2178 ι
3017 2141 3123 2180 non
3163 2123 3342 2179 renuit
3369 2119 3649 2176 beneﬁciis

2071 2231 2185 2287 suis
2215 2237 2428 2299 pastum
2471 2222 2664 2277 talibus
2705 2220 2757 2273 in
2789 2219 2891 2272 hoc
2933 2215 3132 2270 mundo
3171 2213 3438 2282 prmberc,
3465 2218 3524 2264 ut
3552 2224 3649 2280 per

2071 2323 2264 2378 collata
2308 2315 2572 2373 beneﬁcia
2627 2310 2968 2366 occasionem
3016 2306 3216 2360 tribuat
3271 2301 3645 2358 convertendi.

2073 2409 2328 2480 Quisquis
2342 2405 2574 2460 ﬁdelium
2599 2401 2793 2456 divina:
2814 2393 3371 2466 gratimillustratione
3391 2406 3646 2460 computr-

2075 2517 2193 2564 ctus
2230 2511 2419 2559 sancto
2459 2495 2727 2554 desiderio
2757 2495 2822 2548 de
2873 2492 2996 2546 imis
3033 2489 3102 2544 ad
3152 2501 3368 2544 summa
3409 2485 3530 2540 vehi
3560 2499 3648 2538 su-

2073 2611 2256 2669 perna:
2298 2585 2766 2658 contemplationis
2811 2595 2988 2652 penna
3039 2577 3290 2642 sustinet,
3341 2581 3650 2630 sanctorum

2075 2683 2508 2760 praecedentium
2560 2685 2775 2748 patrum
2839 2683 2992 2743 gesta
3042 2678 3166 2724 ante
3219 2667 3418 2722 mentis
3468 2663 3653 2719 oculos

2077 2786 2242 2850 ponat
2285 2817 2299 2838 ,
2355 2781 2516 2842 atque
2566 2769 2620 2823 in
2649 2780 2838 2822 eorum
2880 2778 2940 2818 se
3002 2759 3302 2815 imitatione
3352 2755 3654 2812 exercendo

2078 2845 2364 2942 proﬁciat,
2419 2871 2475 2918 et
2525 2860 2668 2931 quod
2721 2857 2773 2910 in
2827 2851 3080 2924 praesenti
3137 2848 3318 2903 titillat
3354 2863 3419 2903 ex
3479 2845 3654 2908 vitio,

2080 2961 2166 3018 vel
2225 2954 2623 3028 prieteritorum
2685 2944 2951 3000 malorum
3027 2937 3287 2993 memoria
3351 2931 3609 3004 reprimat
3639 2972 3656 2993 ,

2082 3055 2166 3109 vel
2186 3054 2446 3107 donorum
2475 3039 2894 3116 praecedentium
2934 3031 3302 3089 consolatione
3334 3027 3654 3096 restinguat,

2085 3145 2166 3200 vel
2191 3143 2354 3197 etiam
2405 3134 2704 3192 imitatione
2753 3129 2854 3200 (ut
2875 3126 3075 3180 dictum
3107 3124 3466 3191 est)patrum
3516 3129 3658 3184 prac-

2085 3231 2390 3294 cedentium
2452 3228 2774 3294 provocetur
2829 3216 2897 3270 ad
2951 3211 3162 3268 melius.
3220 3209 3374 3276 Quod
3438 3217 3662 3260 necesse

2084 3330 2252 3378 estut
2277 3319 2296 3391 (
2320 3293 2901 3385 sicutiproposuimus)
2939 3299 3202 3370 exemplis
3239 3293 3662 3351 evidentioribus

2086 3387 2463 3485 approbemus.
2497 3403 2567 3460 Ut
2607 3400 2752 3456 enim
2781 3410 2949 3451 unum
2977 3394 3044 3447 de
3073 3389 3258 3444 multis
3287 3387 3496 3456 loquar,
3529 3397 3663 3454 qua-

2089 3474 2245 3559 tenus
2267 3497 2537 3554 studiosus
2577 3492 2749 3546 lector
2774 3486 2942 3541 multa
2975 3483 3031 3538 in
3055 3495 3161 3536 uno
3203 3477 3486 3546 intelligat,
3513 3474 3664 3544 quis-

2089 3595 2210 3665 quis
2249 3591 2535 3646 verborum
2581 3577 2922 3637 contumeliis
2965 3586 3207 3646 pressus,
3242 3583 3368 3623 cum
3407 3567 3664 3620 virtutem

2089 3661 2361 3759 patientia:
2389 3692 2608 3736 servare
2645 3691 2753 3730 non
2781 3671 2994 3736 sullicit,
3019 3664 3189 3724 David
3227 3664 3429 3719 factum
3460 3661 3528 3716 ad
3552 3675 3665 3714 me-

2092 3779 2320 3836 moriam
2358 3775 2596 3835 reducat,
2623 3781 2784 3838 quem
2813 3779 2936 3818 cum
2975 3757 3155 3816 Semel
3186 3764 3268 3812 tot
3291 3753 3549 3810 conviciis
3574 3767 3668 3806 ur-

2095 3878 2266 3944 geret,
2295 3877 2352 3922 et
2387 3863 2584 3920 armati
2609 3873 2864 3932 proceres
2889 3851 3078 3911 ulcisci
3111 3849 3518 3910 contenderent,
3541 3845 3617 3898 ait
3649 3863 3663 3897 :

2101 3939 2122 4015 ἱ
2158 3960 2296 4030 Quid
2316 3957 2447 4014 mihi
2468 3963 2524 4010 et
2547 3952 2723 4016 vobis,
2748 3949 2844 4004 ﬁlii
2869 3944 3108 4002 Sarviaa?
3146 3939 3409 3996 Dimittite
3438 3951 3584 3998 eum,
3610 3943 3672 3988 ut

2097 4026 2403 4108 maledicat.
2421 4045 2682 4100 Dominus
2707 4040 2850 4095 enim
2888 4033 3141 4108 precepit
3165 4031 3293 4086 eiut
3318 4026 3667 4083 malediceret

2099 4139 2288 4196 David.
2311 4138 2380 4192 Et
2399 4135 2523 4206 quis
2551 4139 2633 4186 est
2663 4129 2756 4198 qui
2809 4125 3008 4180 audeat
3053 4121 3255 4183 dicere,
3283 4129 3450 4186 quare
3495 4112 3574 4166 sic
3594 4111 3670 4165 fe-

2101 4230 2272 4288 cerit?
2294 4247 2313 4280 »
2341 4199 2589 4292 Ειίηιιιιο
2609 4228 2730 4288 post
2753 4235 2766 4270 :
2791 4234 2810 4264 ι
2844 4211 3108 4268 Dimittite
3128 4223 3271 4270 eum,
3300 4212 3360 4258 ut
3383 4199 3672 4256 maledicat

2097 4321 2250 4390 juxta
2270 4319 2597 4384 prmceptum
2622 4304 2852 4368 Domini,
2883 4302 2927 4356 si
2967 4300 3104 4354 forte
3133 4295 3392 4364 respiciat
3413 4289 3673 4345 Dominus

2105 4404 2447 4462 afllictionem
2477 4411 2672 4458 meam,
2699 4402 2752 4448 et
2776 4392 2965 4447 reddat
2989 4387 3122 4442 mihi
3165 4387 3365 4440 bonum
3389 4394 3487 4450 pro
3507 4377 3672 4432 male-

2104 4497 2340 4554 dictione
2366 4493 2468 4546 hac
2497 4489 2581 4544 die
2623 4486 2898 4540 hodierna.
2931 4502 2950 4532 ι
2983 4479 3188 4546 Quibus
3211 4473 3454 4546 profecto
3492 4468 3675 4524 verbis

2107 4587 2332 4649 indicat,
2361 4583 2487 4652 quia
2530 4594 2630 4648 pro
2661 4580 2970 4646 perpetrato
3009 4567 3294 4623 Bersabete
3335 4560 3558 4622 scelere,
3585 4571 3676 4611 ex.

2109 4685 2415 4749 surgentem
2445 4679 2636 4727 contra
2661 4644 2720 4721 se
2760 4665 2930 4718 ﬁlium
2976 4658 3204 4728 fugiens,
3237 4650 3452 4708 reduxit
3471 4648 3539 4702 ad
3561 4644 3676 4699 ani-

2109 4738 2256 4822 mum
2282 4763 2482 4818 malum
2510 4755 2652 4826 quod
2697 4749 3042 4823 perpetravit,
3075 4753 3131 4800 et
3161 4738 3536 4811 azquanimitcr
3555 4749 3677 4805 per-

2112 4855 2254 4919 tulit,
2284 4851 2428 4922 quod
2474 4845 2700 4909 audivit,
2741 4850 2796 4896 et
2836 4836 3222 4894 contumeliosa
3249 4831 3412 4885 verba
3438 4843 3542 4882 non
3566 4834 3674 4878 tam

2113 4918 2353 5002 convicia
2375 4955 2535 5010 quam
2566 4933 2832 5004 adjutoria
2867 4929 3116 4992 credidit,
3141 4925 3334 4994 quibus
3353 4936 3412 4976 se
3437 4918 3675 4991 purgari,

2113 5036 2322 5104 sibique
2367 5027 2612 5084 misereri
2647 5038 2806 5094 posse
2843 5018 3124 5091 judicavit.
3165 5014 3318 5068 Tunc
3351 5010 3497 5066 enim
3531 5007 3678 5062 illata

2121 5125 2365 5182 convicia
2391 5121 2525 5173 bene
2567 5115 2878 5176 toleramus,
2901 5124 3021 5164 cum
3066 5107 3121 5160 in
3150 5110 3360 5159 secreto
3391 5099 3585 5154 mentis
3612 5098 3678 5150 ad

2116 5211 2254 5268 male
2283 5212 2588 5279 perpetrata
2612 5199 2960 5256 recurrimus.
2989 5195 3130 5249 Leve
3165 5191 3364 5260 quippe
3388 5186 3676 5249 videbitur,

2117 5303 2260 5375 quod
2288 5297 2480 5368 injuria
2505 5292 2856 5365 percutimur,
2880 5287 3006 5342 dum
3036 5284 3090 5337 in
3114 5282 3328 5336 actione
3355 5284 3538 5331 nostra
3559 5289 3681 5328 con-

2117 5365 2374 5464 spicimus
2399 5387 2528 5458 quia
2563 5383 2714 5455 pejus
2741 5388 2826 5450 est
2871 5377 3012 5446 quod
3059 5387 3349 5428 meremur.
3380 5367 3576 5436 Sicque
3623 5365 3684 5418 iit

2117 5494 2178 5540 ut
2205 5479 2546 5539 contumeliis
2563 5476 2733 5546 gratia
2762 5472 2932 5540 uagis
2962 5482 3120 5538 quam
3145 5465 3223 5519 ira
3255 5463 3534 5522 debeatur,
3557 5471 3700 5525 qua-

2121 5588 2240 5628 rum
2257 5571 2586 5630 interventu,
2615 5561 2944 5630 Deojudice,
2969 5569 3128 5626 paana
3168 5549 3384 5623 gravior
3426 5543 3684 5601 declinari

2124 5677 2279 5734 posse
2313 5676 2378 5715 co
2403 5660 2482 5713 id
2511 5665 2616 5710 tur.
2653 5651 2804 5720 Quod
2853 5656 3031 5703 autem
3069 5641 3326 5700 Jonathas
3356 5678 3371 5704 ,
3401 5636 3489 5710 qui
3521 5635 3683 5690 inter—
