4010 6194
462 338 563 396 ius
1278 336 1630 401 CDMMENT.
1672 344 1740 400 IN
1778 346 2025 405 LIBROS
2062 349 2128 406 1v
2171 344 2432 410 nEcuM.
2475 388 2527 398 -
2579 356 2643 412 IN
2680 349 2805 415 LIB.
2846 356 2902 418 ll.
3604 372 3705 428 mi

458 460 707 529 pretatur
756 450 1009 506 columba:
1050 452 1266 521 donum,
1317 465 1373 511 et
1401 457 1710 525 Achimaas,
1756 461 1847 529 qui
1874 461 2040 517 inter-
2066 469 2117 528 Α
2149 480 2166 514 ι
2210 479 2372 534 super
2398 466 2589 523 faciem
2616 471 2792 527 omnis
2838 482 3011 542 terrm,
3065 483 3119 530 ct
3158 478 3325 534 multo
3353 472 3536 550 plures
3553 492 3707 541 erant

465 553 709 619 prctatur
730 544 896 611 frater
942 559 1088 597 meus
1130 546 1272 613 quis,
1319 546 1409 615 qui
1450 548 1517 601 ad
1546 548 1931 618 explorandum
1960 550 2039 603 fa—
2117 559 2160 606 ἐ
2206 572 2339 625 quos
2365 558 2532 613 saltus
2555 566 3041 631 consumpseratde
3064 569 3278 638 populo,
3311 576 3548 641 quam'hi
3573 593 3709 649 quos

465 650 606 695 vtuin
621 635 874 690 Absalom
897 642 950 689 et
973 634 1142 689 David
1159 638 1575 691 renuntiandum
1595 639 1813 702 decreti,
1829 637 2036 710 fugien-

464 742 543 785 tes
570 727 848 791 Absalom,
877 726 1279 782 declinaverunt
1304 727 1355 781 in
1387 729 1604 782 domum
1635 728 1909 797 cujusdam
1932 730 2033 784 viri

464 822 516 876 in
547 818 822 881 Bahurim,
854 816 945 886 qui
995 815 1230 871 habebat
1269 824 1488 885 puteum
1521 818 1573 871 in
1614 818 1877 872 vestibulo
1915 833 2030 882 suo,

464 917 517 963 et
536 906 933 963 descenderunt
964 906 1014 958 in
1040 921 1186 970 eum,
1216 924 1235 956 ί
1272 905 1417 959 Tulit
1442 916 1621 961 autem
1644 909 1837 963 mulier
1860 916 1914 963 et
1941 926 2032 963 ex-

470 1022 486 1053 (
530 1000 716 1071 pandit
743 999 989 1053 velamen
1038 1013 1201 1068 super
1226 1014 1289 1053 os
1315 1001 1485 1069 putei,
1514 1003 1669 1069 quasi
1698 1001 1906 1056 siccans
1932 1003 2035 1071 pti-

471 1110 487 1140 ι
531 1104 707 1149 sanas,
751 1095 805 1140 et
832 1087 912 1140 sic
938 1101 1025 1139 res
1061 1086 1238 1151 latuit,
1270 1104 1288 1139 ι
1328 1101 1434 1141 non
1464 1089 1578 1142 sine
1618 1091 1874 1159 mysterio
1915 1105 2030 1146 essr

466 1180 785 1235 credendum
823 1185 929 1231 est.
982 1175 1121 1242 Quid
1172 1178 1481 1247 signiticant
1516 1181 1605 1233 isti
1655 1181 1760 1235 duo
1783 1180 2032 1247 juvenes,

461 1271 724 1327 Jonathan
750 1269 1003 1323 videlicet
1025 1277 1080 1323 ct
1102 1270 1411 1336 Aeliimaas,
1436 1272 1542 1326 nisi
1570 1287 1664 1328 eos
1692 1276 1782 1342 qui
1801 1292 1898 1344 per
1920 1291 2037 1344 gra-

463 1363 586 1417 tiam
630 1360 799 1415 sancti
852 1359 1085 1428 Spiritus
1110 1362 1307 1427 renati,
1350 1372 1407 1417 et
1452 1364 1507 1417 in
1554 1380 1779 1420 numero
1805 1366 2032 1421 fratrum

462 1453 675 1520 ascripti
708 1451 987 1520 sunt?qui
1036 1453 1350 1507 recedentes
1397 1453 1466 1507 ab
1489 1454 1746 1511 Absalom
1799 1456 2030 1527 fugiunt,

461 1558 577 1596 cum
607 1542 869 1611 malignos
892 1542 1115 1611 spiritus
1133 1545 1361 1598 evadere
1380 1554 1644 1613 quzerunt.
1676 1547 1739 1600 lii
1765 1562 1892 1619 ergo
1922 1558 2033 1605 sta-

459 1631 583 1685 bant
602 1630 756 1698 juxta
777 1630 979 1684 fontem
1005 1631 1192 1701 Rogel,
1225 1634 1313 1701 qui
1344 1635 1730 1703 interpretatur
1751 1642 1913 1693 tristis
1952 1641 2034 1695 vel

460 1720 717 1785 deorsum,
750 1736 872 1775 cum
895 1722 1097 1775 luctum
1112 1731 1167 1775 et
1187 1723 1498 1791 despectum
1525 1727 1576 1779 in
1596 1728 1699 1783 hoc
1720 1732 1919 1785 mundo
1942 1747 2032 1802 ap-

2142 664 2161 696 ‹
2206 657 2492 702 voraverat
2536 650 2743 721 gladius
2801 653 2852 705 in
2882 653 3060 720 bello,
3092 666 3195 712 etc.
3236 678 3254 711 ι
3284 659 3492 716 Saltum
3539 665 3703 733 hunc,

2136 740 2227 807 qui
2276 739 2459 808 plures
2491 745 2888 813 consumpsisse
2925 761 3083 814 quam
3134 751 3343 819 gladius
3387 770 3602 812 vorasse
3632 757 3709 813 lc-

2134 827 2297 896 gitur,
2327 829 2530 884 bestias
2572 829 2955 898 ferocissimas,
2994 850 3113 902 qua:
3142 837 3195 890 in
3223 838 3360 893 saltu
3392 852 3566 908 erant,
3598 843 3711 899 Ile-

2133 920 2265 973 braei
2293 929 2590 989 autumant,
2617 940 2647 977 a
2698 927 2892 994 quibus
2921 930 3104 999 plures
3147 935 3452 1005 eonsu‘mpti
3482 952 3641 1007 quam
3676 956 3706 994 a

2134 1009 2312 1079 gladio
2341 1016 2508 1066 vorati
2539 1014 2756 1070 fuerint.

2210 1118 2228 1150 ί
2262 1098 2471 1156 Accidit
2499 1114 2676 1158 autem
2708 1115 2763 1159 ut
2793 1121 3101 1166 occurreret
3123 1112 3375 1171 Absalom
3398 1119 3570 1176 servis
3601 1120 3709 1177 Da-

2141 1209 2159 1242 ‹
2181 1192 2289 1257 vid,
2317 1194 2509 1248 sedens
2535 1197 2700 1250 mulo.
2736 1198 2976 1269 Cumque
3016 1203 3287 1274 ingressus
3320 1208 3510 1266 fuisset
3530 1214 3708 1270 mulus

2142 1298 2160 1331 ι
2202 1282 2389 1336 subter
2435 1286 2756 1339 condensam
2791 1304 3048 1357 quercum
3076 1302 3131 1347 et
3156 1310 3425 1366 magnam,
3481 1301 3710 1358 adlucsit

2142 1389 2160 1420 ‹
2204 1383 2362 1441 caput
2383 1370 2499 1440 ejus
2521 1377 2764 1443 quercni,
2793 1386 2848 1432 et
2876 1380 2965 1432 illo
2990 1397 3248 1451 suspenso
3278 1387 3418 1442 inter
3437 1390 3629 1446 cmlum
3653 1402 3708 1448 et

2142 1476 2159 1510 ‹
2205 1470 2422 1525 terram,
2459 1464 2650 1527 mulus,
2687 1468 2771 1520 cui
2806 1469 3092 1538 insederat,
3143 1479 3513 1546 pertransivit,
3539 1490 3645 1537 etc.
3680 1503 3703 1535 ι

2137 1548 2275 1614 Quid
2327 1550 2614 1619 significat,
2664 1558 2804 1622 quod
2842 1558 3131 1625 Hbsalom,
3184 1566 3329 1620 mulo
3363 1566 3607 1640 fugiens,
3653 1575 3706 1628 in

2134 1656 2333 1710 quercu
2362 1654 2458 1713 per
2476 1648 2750 1703 caesariem
2777 1652 2968 1719 capitis
2993 1670 3283 1725 suspensus
3310 1672 3410 1727 est,
3435 1664 3538 1718 nisi
3568 1670 3707 1736 quod

2134 1731 2302 1788 Judwi
2328 1737 2568 1791 stultitim
2594 1742 2827 1796 carnalis
2856 1759 3046 1800 sensus
3073 1746 3463 1821 incumbentes,
3489 1767 3710 1827 propter

457 1819 643 1878 petunt
676 1810 899 1875 habere,
947 1818 1166 1879 propter
1194 1812 1431 1868 caelestis
1479 1817 1634 1885 regni
1678 1817 2024 1874 desiderium.
2058 1815 2104 1872 Β
2134 1830 2664 1897 superSIitiositatcm
2686 1832 3055 1893 Pliarisaicam
3083 1837 3254 1913 legem
3279 1860 3705 1917 corrumpentes,

462 1917 479 1947 ι
515 1898 795 1953 Declinant
837 1913 966 1968 ergo
1001 1902 1215 1956 concito
1262 1904 1431 1973 gradu
1467 1905 1734 1976 fugientes
1773 1910 1827 1963 in
1870 1911 2027 1966 domo

460 2005 480 2037 ι
521 1986 796 2055 cujusdam
821 1988 921 2042 viri
944 1989 995 2042 in
1018 1989 1274 2044 Ralmrim
1298 1990 1418 2063 (qui
1453 1993 1602 2049 locus
1639 1998 2029 2068 interpretatur

454 2077 667 2143 electus,
698 2080 812 2133 sive
827 2080 1094 2147 juvenis),
1136 2098 1258 2136 cum
1284 2084 1661 2142 adolescentize
1688 2099 1926 2161 tempora
1973 2095 2026 2148 in

456 2168 766 2223 memoriam
817 2170 1098 2225 reducunt.
1135 2189 1154 2223 ‹
1192 2174 1536 2230 Descendunt
1574 2178 1627 2233 in
1659 2190 1903 2249 puteum,
1934 2184 2026 2254 qui

461 2273 482 2305 ι
527 2265 679 2311 erant
706 2257 760 2311 in
789 2260 1077 2326 vestibulo,
1102 2282 1121 2314 ι
1158 2278 1280 2317 cum
1306 2267 1639 2335 poenitentiae
1667 2286 1727 2326 se
1754 2273 2029 2330 humiliter

454 2343 764 2413 subjiciunt,
809 2364 928 2417 qua:
955 2353 1166 2419 cunctis
1203 2357 1510 2411 necessaria
1543 2371 1627 2414 est
1663 2362 1715 2414 in
1756 2363 1858 2418 hoc
1889 2373 2025 2421 tem-

452 2452 603 2506 pore,
632 2445 754 2493 ante
781 2438 944 2495 ﬁnem
976 2443 1180 2499 scilicet
1198 2450 1479 2515 praesentis
1501 2452 1640 2506 vitre.
1677 2472 1696 2504 ι
1728 2455 1794 2509 Et
1822 2471 2024 2528 expan-

456 2543 476 2575 c
517 2526 598 2580 dit
620 2527 814 2582 mulier
834 2530 1077 2585 velamen
1109 2548 1272 2603 super
1301 2551 1361 2591 os
1381 2541 1551 2607 putei,
1580 2560 1597 2593 ι
1633 2557 1754 2597 cum
1781 2546 2024 2602 Ecclesia

453 2629 672 2683 precum
702 2617 1023 2675 assiduitate
1078 2622 1273 2678 delicta
1302 2624 1601 2693 juventutis
1628 2640 1683 2686 et
1712 2633 2027 2703 ignorantiae

453 2719 672 2758 suorum
712 2704 944 2762 filiorum
972 2710 1303 2768 abscondere
1325 2727 1517 2773 certat.
1565 2739 1583 2771 ι
1620 2722 1783 2787 Quasi
1811 2727 2025 2782 siccans

451 2796 743 2865 ptisanas,»
769 2813 890 2852 cum
907 2802 1088 2856 carnis
1108 2802 1381 2860 lasciviam
1399 2824 1492 2879 per
1510 2815 1854 2870 continentiae
1883 2819 2027 2889 rigo-

449 2901 565 2941 rem
585 2889 822 2958 stringit.
843 2909 861 2940 ι
888 2891 957 2944 Et
977 2893 1055 2948 sic
1077 2910 1166 2949 res
1190 2896 1339 2964 latet,
1371 2920 1391 2951 ι
1414 2906 1856 2973 transgressionis
1877 2909 2025 2964 vide-

449 2976 573 3032 licet
596 2978 845 3034 humanae
864 2981 1009 3047 vitae,
1051 2985 1174 3054 quia
1203 3001 1301 3054 per
1324 2991 1693 3047 assiduitatem
1718 3011 1939 3064 precum
1970 3001 2023 3055 in

447 3072 861 3140 compunetione
915 3073 1277 3145 lacrymarum
1309 3119 1325 3145 ,
1371 3091 1425 3135 et
1469 3098 1566 3152 per
1611 3087 2020 3157 castigationem

450 3162 691 3231 corporis
711 3164 889 3218 omnia
917 3167 1107 3221 delicta
1157 3171 1578 3241 abscondantur,
1628 3194 1693 3234 ac
1722 3181 1968 3237 homines
1992 3199 2022 3238 a
2051 3153 2094 3215 Ο

447 3254 825 3321 persecutione
850 3259 1055 3327 antiqui
1078 3261 1249 3316 hostis
1274 3267 1501 3331 protecti
1524 3267 1842 3326 liberantur.

524 3360 544 3393 ι
575 3342 819 3414 Cumque
857 3347 1091 3402 venisset
1133 3349 1299 3405 David
1351 3354 1405 3409 in
1434 3366 1608 3411 castra
1637 3359 1867 3429 Madian,
1895 3363 2021 3421 Sobi

456 3446 475 3479 ‹
520 3428 664 3485 filius
685 3431 826 3487 Naas
860 3433 926 3488 de
946 3434 1193 3492 Rabbth
1216 3438 1450 3497 filiorum
1475 3444 1722 3514 Ammon,
1745 3460 1799 3505 et
1819 3428 2025 3509 Machir

456 3536 477 3568 ι
518 3518 662 3574 filius
682 3519 858 3576 Amiel
885 3521 951 3578 de
972 3524 1241 3595 Lodabar,
1274 3539 1329 3587 et
1350 3531 1590 3590 Berzelai
1614 3536 1919 3599 Galaadites
1956 3544 2025 3601 de

454 3626 475 3659 ί
518 3609 784 3682 Rogelim,
809 3611 1120 3671 obtulerunt
1139 3618 1188 3672 ei
1212 3624 1487 3690 stratoris,
1509 3634 1563 3680 et
1585 3631 1800 3698 tapetia,
1825 3641 1880 3687 et
1897 3650 2024 3690 vasa

456 3715 476 3748 ς
515 3698 720 3766 ﬁctilia,
739 3699 1064 3759 frumentum
1080 3708 1426 3779 cthordeum,
1444 3724 1497 3769 et
1512 3716 1739 3774 farinam
1752 3723 2020 3790 polentam

456 3808 475 3839 ι
514 3799 571 3844 et
588 3790 791 3858 fabam,
818 3803 873 3849 et
916 3797 1139 3866 lentem,
1164 3799 1362 3859 frixum
1408 3808 1569 3876 cicer,
1610 3821 1665 3866 et
1690 3814 1819 3881 mel,
1849 3825 1905 3871 et
1925 3818 2022 3873 bu-

456 3898 475 3929 ι
514 3890 861 3950 tvrum,oves
880 3895 935 3939 et
955 3889 1412 3964 pinguesvitulos,
1436 3899 1810 3975 dederuntque
1850 3909 2021 3966 David

456 3989 474 4021 ι
518 3982 571 4027 et
599 3977 796 4045 populo
816 3979 909 4048 qui
933 3996 1054 4037 cum
1080 4002 1144 4039 co
1164 3996 1281 4043 erat
1305 3991 1372 4045 ad
1385 3995 1731 4051 vescendum.
1751 3998 2020 4070 Suspicati

455 4079 473 4111 ι
509 4063 653 4117 enim
673 4078 800 4119 sunt
821 4071 1074 4138 populum
1108 4073 1248 4132 fame
1270 4089 1325 4134 et
1353 4081 1442 4137 siti
1469 4082 1681 4156 fatigari
1709 4089 1762 4142 in
1786 4063 2017 4162 deserto,

454 4172 471 4201 ι
503 4162 607 4208 etc.
630 4174 650 4207 ›
668 4154 772 4210 Iste
787 4157 913 4214 Sobi
935 4161 1075 4217 filius
1096 4163 1198 4221 fuit
1217 4168 1360 4226 Naas
1374 4174 1535 4244 regis,
1552 4154 1673 4230 cum
1690 4194 1795 4248 quo
1813 4154 2020 4253 pugna;

448 4244 523 4299 vit
541 4245 689 4300 Sani.
716 4247 835 4318 Ipse
846 4252 1007 4307 etiam
1030 4255 1173 4312 Naas
1188 4258 1753 4325 fecitmisericordiam
1782 4287 1903 4326 cum
1920 4276 2022 4330 Da-

450 4334 783 4405 vid,quando
810 4339 1093 4412 fugiebata
1131 4345 1271 4403 facie
1292 4350 1439 4407 Saul.
1468 4354 1583 4422 Quo
1624 4370 1853 4428 mortuo,
1884 4364 2021 4419 dixit

452 4423 650 4480 David:
686 4445 705 4478 ο
760 4428 978 4486 Faciam
1010 4436 1435 4497 misericordiam
1457 4462 1577 4501 cum
1598 4448 1850 4518 Ammon,
1881 4455 2019 4510 sicut

452 4512 574 4568 fecit
617 4525 775 4584 pater
807 4520 924 4590 ejus
964 4539 1174 4580 meeum
1222 4529 1306 4600 (II
1345 4533 1470 4605 Reg.
1512 4539 1591 4610 χ).
1632 4561 1650 4592 ι
1690 4512 2018 4615 Interempto
2046 4518 2096 4575 Ι)

450 4622 624 4663 veroa
665 4612 834 4667 David
862 4614 1109 4681 Ammon,
1143 4622 1233 4689 qui
1268 4623 1317 4676 ei
1366 4626 1418 4678 in
1472 4628 1820 4689 decalvandis
1846 4640 2018 4695 servis

449 4700 555 4754 suis
577 4700 832 4770 injuriam
852 4703 1070 4771 fecerat,
1095 4713 1422 4772 constitutus
1445 4728 1528 4774 est
1555 4722 1622 4777 ab
1642 4726 1830 4783 eodem
1850 4730 2017 4789 David

452 4793 499 4847 in
525 4795 640 4852 loco
674 4796 860 4854 fratris
887 4801 990 4856 iste
1037 4802 1187 4871 Sobi,
1214 4810 1339 4877 quia
1360 4814 1426 4866 ad
1458 4814 1623 4871 David
1675 4818 1870 4890 legitur
1894 4842 2013 4881 cum

450 4891 657 4944 ueteris
708 4893 944 4958 venisse,
988 4904 1042 4949 et
1081 4904 1354 4966 stratoria,
1406 4912 1461 4959 et
1509 4912 1728 4977 tapetia,
1781 4923 1837 4968 et
1891 4934 2014 4974 vasa

453 4973 654 5043 fictilia,
687 4989 744 5034 et
766 4990 981 5048 caetera,
1009 5001 1128 5055 quae
1152 5002 1451 5061 sequuntur
1479 4998 1527 5051 ei
1554 4973 1828 5060 obtulisse.

1003 5093 1229 5155 CAPUT
1268 5103 1450 5159 XVIII.

453 5175 524 5229 De
550 5196 722 5263 pugna
753 5199 1020 5240 servorum
1041 5187 1212 5243 David
1232 5204 1413 5249 contra
1444 5197 1616 5256 Israel
1635 5215 1683 5259 et
1704 5224 1825 5260 nece
1847 5208 2012 5263 Absu-

669 5250 795 5313 lom,
830 5270 981 5323 quem
1012 5270 1271 5315 mortuum
1307 5250 1796 5337 plangebat

515 5334 663 5401 (CAP.
694 5342 874 5409 xviii.)
899 5362 917 5394 ι
954 5345 1139 5416 Itaque
1168 5366 1414 5421 egressus
1441 5367 1522 5413 est
1534 5365 1762 5432 populus
1790 5369 1840 5422 in
1865 5384 2012 5424 cam-

452 5439 471 5470 ι
504 5438 626 5491 pum
651 5438 839 5483 contra
864 5431 1047 5499 Israel,
1080 5446 1135 5491 ct
1162 5439 1360 5497 factum
1394 5456 1476 5501 est
1513 5453 1754 5518 praelium
1785 5457 1839 5511 in
1874 5462 2010 5515 saltu

451 5529 468 5560 ι
514 5512 787 5604 prraim.
816 5520 880 5574 Et
908 5537 1078 5580 cmsus
1103 5539 1183 5582 est
1212 5532 1283 5585 iiii
1311 5512 1538 5603 populus
1562 5539 1724 5597 Israel
1769 5547 1837 5600 ab
1857 5512 2012 5604 exer:

451 5617 468 5650 ι
508 5603 616 5657 citn
640 5605 828 5673 David,
859 5609 1107 5684 factaque
1136 5628 1217 5672 est
1241 5624 1395 5694 plaga
1418 5642 1613 5699 magna
1639 5633 1691 5686 in
1716 5635 1800 5689 die
1824 5637 1911 5691 illa
1939 5603 2014 5694 vi-

452 5709 470 5741 ι
507 5693 633 5759 ginti
665 5698 909 5756 millium.
945 5704 1070 5762 Fuit
1102 5720 1278 5768 autem
1308 5693 1378 5770 ibi
1415 5693 1656 5788 prtulium
1708 5725 2007 5797 dispersum

2128 1932 2225 1987 per
2245 1919 2436 1988 ipsam,
2471 1937 2629 1990 quam
2661 1924 2727 1977 ad
2781 1930 3171 1985 correctionem
3210 1934 3334 1989 vitrc
3362 1948 3706 2008 acceperant,

2131 2010 2321 2063 mortis
2352 2012 2690 2068 occasionem
2725 2016 3059 2074 habuerunt?
3082 2021 3235 2079 Unde
3279 2037 3335 2081 et
3373 2026 3620 2085 Salvator
3655 2035 3706 2087 in

2132 2090 2419 2168 Evangelia
2448 2101 2585 2155 dixit
2616 2104 2681 2158 ad
2717 2120 2811 2161 eos
2843 2126 2856 2160 :
2894 2125 2913 2160 ‹
2937 2107 3111 2167 Nolite
3153 2115 3404 2171 arbitrari
3435 2122 3577 2188 quod
3608 2138 3708 2193 ego

2127 2192 2479 2243 accusaturus
2513 2190 2614 2244 sim
2657 2207 2753 2247 vos
2792 2197 2931 2264 apud
2978 2197 3194 2256 Patrem
3248 2219 3451 2260 meum.
3494 2190 3709 2280 Moyses

2126 2279 2266 2332 enim
2300 2319 2315 2345 ,
2364 2280 2417 2333 in
2459 2297 2619 2350 quem
2676 2300 2771 2340 vos
2830 2288 3127 2358 confiditis,
3187 2294 3286 2349 ille
3335 2312 3428 2354 vos
3483 2313 3708 2357 accusat

2128 2367 2309 2441 (Joan.
2339 2371 2415 2440 v).
2441 2390 2456 2421 ι
2487 2371 2623 2427 Joab
2646 2389 2774 2445 ergo
2796 2377 2854 2431 in
2870 2380 3230 2438 corAbsalom
3250 2398 3358 2442 tres
3382 2374 3595 2446 lanceas
3620 2394 3702 2447 in-

2127 2457 2261 2527 figit,
2290 2475 2412 2514 cum
2458 2463 2714 2531 antiquus
2746 2466 2914 2522 hostis
2952 2475 3256 2541 superbiam
3283 2517 3298 2542 ,
3328 2481 3609 2537 avaritiam
3655 2494 3709 2540 et

2126 2549 2380 2603 invidiam
2411 2568 2503 2606 seu
2532 2554 2813 2621 perfidiam
2852 2558 2908 2611 in
2942 2575 3036 2614 cor
3059 2552 3267 2619 Iudaici
3298 2569 3477 2636 populi
3526 2572 3708 2628 immi-

2126 2639 2213 2704 sit,
2234 2657 2351 2708 qua:
2373 2641 2477 2696 illis
2501 2645 2733 2699 maxime
2747 2662 2906 2702 causa
2930 2652 3248 2719 perditionis
3269 2658 3447 2713 erant.
3478 2659 3707 2731 Superbi

2125 2726 2361 2795 fuerunt,
2391 2732 2478 2799 qui
2511 2733 2561 2785 iu
2606 2745 2969 2805 contemptum
3000 2740 3093 2795 Dei
3118 2743 3257 2798 idola
3286 2746 3704 2807 fabricaverunt.

2125 2817 2315 2889 Cupidi
2344 2820 2580 2888 fuerunt,
2609 2826 2698 2894 qui
2718 2841 2803 2882 res
2847 2831 3186 2890 transitorias
3211 2838 3470 2894 virtutum
3501 2842 3709 2900 deliciis

2122 2913 2521 2981 praeponebant.
2570 2914 2765 2973 Pcrﬁdi
2806 2934 2932 2977 vero
2961 2932 3015 2978 et
3062 2924 3230 2983 invidi
3277 2929 3515 2999 fuerunt,
3560 2939 3706 3006 quod

2123 3019 2231 3058 non
2255 3005 2428 3059 solum
2457 3003 2616 3062 dictis
2662 3010 2794 3081 legis
2822 3025 2875 3067 et
2895 3017 3280 3085 prophetarum
3312 3003 3702 3095 repugnabant,

2127 3099 2221 3153 scd
2245 3098 2409 3154 etiam
2448 3101 2617 3171 ipsius
2646 3104 2945 3162 Salvatoris
2984 3115 3322 3180 pra-sentiam
3351 3121 3703 3189 spernebant,

2127 3198 2181 3244 et
2211 3190 2486 3247 beneficiis
2512 3192 2631 3263 ejus
2657 3196 2850 3267 ingrati
2874 3201 3214 3257 exstiterant.
3257 3205 3393 3260 Ilinc
3418 3209 3474 3262 in
3496 3212 3706 3280 passio-

2126 3295 2194 3334 ne
2221 3297 2316 3337 sua
2346 3282 2661 3354 blaspliema
2687 3303 2816 3343 voce
2844 3291 2911 3344 ad
2940 3291 3173 3348 Pilatum
3201 3296 3452 3354 dicebant
3479 3318 3491 3353 :
3526 3319 3545 3353 ι
3586 3302 3700 3358 Non

2128 3368 2391 3429 habemus
2425 3392 2607 3464 regem
2628 3418 2642 3445 ,
2694 3380 2799 3435 nisi
2858 3381 3123 3439 Caesarem
3152 3387 3336 3456 (Joan.
3370 3391 3520 3465 xu);
3555 3414 3574 3447 ι
3601 3406 3655 3449 et
3687 3415 3700 3449 :

2133 3481 2150 3511 ι
2196 3462 2252 3517 Si
2278 3465 2421 3520 hunc
2442 3450 2688 3536 dimittis,
2716 3486 2821 3526 non
2845 3488 2903 3528 es
2947 3477 3153 3531 amicus
3175 3477 3403 3537 Cmsaris
3425 3450 3633 3559 (ibid).
3676 3508 3694 3539 ι

2123 3550 2379 3609 Absalom
2406 3572 2620 3628 quoque
2643 3570 2763 3631 pust
2792 3563 3088 3633 interitum,
3118 3569 3173 3622 in
3202 3570 3410 3627 foveam
3434 3550 3695 3646 grandem

2126 3647 2320 3703 missus
2351 3658 2453 3715 cst,
2487 3667 2605 3706 cum
2634 3654 2848 3725 iniquus
2872 3661 3101 3731 quisque
3127 3674 3251 3733 post
3280 3666 3486 3723 obitum
3514 3673 3697 3728 carnis

2125 3735 2177 3789 in
2208 3737 2383 3792 lacum
2413 3741 2612 3797 inferni
2649 3756 2941 3817 mergetur.
2974 3750 3148 3822 Super
3174 3771 3334 3824 quem
3366 3773 3596 3816 acervus
3625 3763 3701 3816 la~

2124 3826 2304 3894 pidum
2332 3833 2661 3901 congeritur,
2693 3849 2815 3890 cum
2840 3839 3037 3895 duritia
3057 3846 3252 3899 mentis
3279 3862 3387 3901 sua:
3411 3848 3485 3903 illi
3509 3867 3702 3923 appro-

2122 3915 2298 3970 batur.
2328 3912 2498 3973 David
2520 3936 2649 3991 ergo
2674 3926 3000 3982 exstinctum
3024 3929 3278 3987 Absalom
3300 3912 3555 4004 ploravit,
3576 3912 3698 3997 cum

2122 4005 2399 4061 interitum
2414 4010 2593 4080 pepuli
2608 4009 2813 4068 Judaici
2834 4017 3087 4074 Dominus
3108 4019 3270 4089 ﬂevit,
3296 4026 3437 4081 sicut
3458 4029 3510 4082 in
3527 4031 3701 4086 Evan.

2123 4093 2261 4164 gelio
2285 4095 2479 4166 legitur
2509 4118 2521 4152 :
2554 4102 2677 4171 quia
2708 4121 2725 4153 ι
2751 4105 2937 4161 videns
2961 4110 3230 4166 civitatem
3255 4113 3573 4186 Jerusalem,
3604 4120 3691 4177 lic-

2121 4183 2197 4237 vit
2223 4200 2384 4256 super
2411 4188 2553 4242 illam
2579 4191 2727 4261 (Luc.
2756 4195 2887 4265 xix),
2927 4218 2946 4248 ι
2974 4199 3126 4270 cujus
3150 4202 3383 4261 miseria:
3407 4208 3460 4262 in
3484 4219 3691 4268 tantum

2121 4291 2434 4347 compassns
2460 4292 2561 4346 est,
2593 4290 2651 4335 ut
2678 4285 2837 4339 etiam
2868 4304 3035 4358 usque
3085 4294 3151 4347 ad
3180 4306 3409 4353 mortem
3438 4304 3615 4359 crucis
3638 4305 3689 4359 in

2121 4372 2419 4429 eruditione
2443 4373 2560 4444 ejus
2598 4387 2649 4430 et
2673 4396 2801 4433 cura
2829 4382 3018 4438 salutis
3045 4402 3154 4440 sua:
3177 4394 3550 4457 permanserit.

2700 4495 2926 4554 CAPUT
2967 4501 3106 4556 XIX.

2120 4577 2198 4632 De
2226 4581 2448 4671 advcnrtu
2463 4582 2811 4671 Mipliil'wsellr
2827 4590 2879 4671 in
2901 4606 3171 4671 occursum
3188 4613 3340 4671 regis,
3364 4610 3410 4653 el
3435 4602 3499 4671 de
3522 4606 3689 4671 reditu

2192 4652 2350 4743 Istius
2374 4652 2549 4743 Israel
2583 4656 2851 4743 ad‘Dqtzid
2871 4676 2890 4723 ;
2917 4671 2964 4713 ct
2993 4652 3374 4734 conspiratione
3423 4652 3559 4727 Seba
3587 4666 3688 4743 ﬁlii

2193 4718 2386 4774 Bac/tri
2410 4733 2591 4777 contra
2621 4725 2809 4781 Darid.

2191 4830 2342 4902 (CAP.
2377 4835 2515 4905 XIX.)
2545 4855 2563 4886 ‹
2609 4837 2866 4908 Venitque
2906 4845 3191 4902 universus
3236 4853 3460 4920 populus
3504 4872 3692 4934 egrum

2124 4940 2141 4971 ι
2188 4939 2343 4994 rege;
2377 4925 2541 4981 Israel
2565 4939 2744 4985 autem
2769 4931 2905 5003 fugit
2936 4936 2986 4990 in
3015 4940 3356 5000 tabernacula
3387 4963 3505 5015 sua,
3528 4925 3630 5007 διο.
3668 4977 3686 5006 ι

2123 5013 2414 5073 Universus
2442 5024 2686 5091 populus,
2726 5027 2817 5094 qui
2843 5042 3028 5094 coram
3072 5050 3195 5105 rege
3220 5040 3433 5097 venisse
3473 5044 3687 5117 legitur,

2117 5104 2168 5159 bi
2201 5116 2325 5162 sunt
2347 5111 2436 5178 qui
2460 5126 2581 5166 cum
2606 5114 2771 5171 David
2791 5104 3222 5186 permanserant.
3240 5128 3392 5196 Quod
3417 5104 3554 5192 vero"
3576 5140 3683 5193 ait:

2118 5211 2138 5245 ‹
2174 5195 2337 5251 Israel
2354 5198 2485 5268 fugit
2501 5203 2554 5255 in
2576 5204 2914 5262 tabernacula
2940 5226 3055 5277 sua,
3087 5234 3105 5266 ι
3128 5216 3180 5270 hi
3206 5218 3533 5293 intelligendi
3558 5241 3685 5283 sunt

2109 5287 2201 5354 qui
2236 5302 2356 5341 cum
2385 5288 2636 5347 Absalom
2660 5298 3023 5364 perduellione
3072 5308 3299 5366 rebelles
3336 5287 3679 5375 eristiterant.

2125 5392 2143 5425 ‹
2190 5374 2545 5445 Mipliiboseth
2595 5398 2807 5454 quoque
2852 5391 2995 5447 Illius
3022 5393 3289 5455 Jonathan
3324 5405 3601 5463 descendit
3628 5374 3682 5466 in

2125 5481 2143 5513 ι
2187 5480 2469 5523 occursum
2495 5473 2636 5541 regis
2659 5475 2820 5533 illotis
2834 5482 3077 5548 pedibus.
3100 5508 3121 5539 ι
3156 5491 3687 5568 Etnotandumquod

2118 5557 2170 5610 in
2202 5558 2428 5613 Ηυιπιῐξο
2458 5578 2562 5618 non
2604 5565 2765 5622 illatis
2786 5609 2799 5633 ,
2851 5574 2966 5636 sed,
3003 5576 3208 5642 inﬂexis
3254 5584 3447 5653 legitur
3464 5557 3682 5658 pedibus

2119 5648 2346 5705 Fecerat
2373 5668 2603 5723 namque
2633 5658 2735 5711 sibi
2782 5660 2921 5715 idem
2961 5648 3355 5746 Miphibosethv(
3377 5688 3435 5732 ut
3464 5648 3686 5740 'Hebraii

2120 5741 2371 5800 tradunt)
2409 5742 2614 5813 ligneos
2639 5748 2821 5817 pedes,
2879 5754 3070 5820 quibus
3102 5760 3176 5812 uti
3226 5741 3375 5833 quasi
3402 5786 3496 5839 pro
3525 5783 3684 5844 natu-
