4026 6202
264 331 346 385 ill

889 321 946 376 Β.
987 317 1239 374 RADANI
1274 314 1490 370 MAURI
1527 310 1844 367 ARCIIIEP.
1884 308 2190 365 MOGUNT.
2232 304 2515 364 OPEItUM
2554 302 2733 359 PARS
2768 301 2808 357 Ι.

3384 284 3493 347 119

259 443 459 496 ralibus
482 438 706 496 solebat,
740 433 883 488 sicut
926 429 1103 484 solent
1131 426 1308 482 facere
1331 423 1527 489 claudi,
1566 419 1822 492 quemad—
1850 422 1895 480 Α
1924 419 2033 482 vid,
2065 419 2167 473 boc
2190 425 2291 482 est,
2321 417 2388 470 ab
2410 413 2648 469 Ecclesia
2667 411 3016 479 semetipsum
3042 408 3344 477 superabat,
3366 420 3488 460 cum

260 533 477 587 modum
500 538 555 583 et
585 527 676 581 ille
698 531 834 580 erat.

336 640 354 671 ι
386 618 476 672 Ait
505 626 683 671 autem
735 628 828 668 rex
861 611 928 665 ad
955 607 1310 679 Mipbibosetb
1336 624 1349 658 :
1381 604 1518 671 Quid
1568 601 1710 656 ultra
1748 599 1825 653 lo-

267 731 284 761 (
329 707 546 780 queris?
575 705 764 759 Fixum
793 709 897 766 est,
920 699 1063 770 quod
1089 698 1298 752 locutus
1317 710 1455 750 sum.
1486 692 1564 746 Tu
1587 699 1642 745 et
1670 689 1822 754 Siba,

268 823 284 851 ι
331 798 549 856 dividite
564 794 949 867 possessiones,
978 799 1082 846 etc.
1122 809 1141 841 ι
1171 789 1226 842 In
1254 788 1478 841 IIebr.e0
1503 784 1576 837 ita
1599 782 1821 851 legitur:

269 911 285 941 ι
316 888 457 954 Dixi,
503 896 560 941 tu
593 895 649 940 et
699 883 850 947 Siba,
895 879 1116 936 dividite
1156 890 1364 947 agrum.
1400 894 1418 926 ι
1449 872 1554 928 Pro
1594 886 1659 926 eo
1687 868 1828 938 quod

264 982 318 1034 in
340 981 442 1034 hoc
461 977 579 1034 loco
603 974 771 1029 David
798 973 1082 1026 immemor
1108 967 1212 1021 fuit
1240 963 1491 1020 amicitia:
1510 971 1566 1017 et
1589 961 1825 1026 fmderis,

267 1074 375 1125 imo
390 1066 705 1140 juramenti,
726 1062 869 1133 quod
889 1059 1079 1115 habuit
1101 1072 1226 1112 cum
1252 1053 1544 1112 Jonatban.
1567 1059 1620 1106 et
1649 1058 1826 1105 tamen

264 1164 481 1220 crudele
505 1153 1138 1227 deditjudicium,dicens
1167 1168 1179 1204 :
1212 1167 1230 1200 ι
1252 1147 1331 1203 Tu
1355 1156 1407 1201 et
1436 1146 1587 1210 Siba,
1612 1142 1832 1198 dividite

268 1270 453 1325 agrum
479 1293 493 1319 ,
533 1271 551 1304 ι
587 1249 789 1305 idcirco
840 1244 1080 1300 Roboam
1123 1250 1177 1295 et
1203 1238 1486 1293 Jeroboam
1535 1234 1833 1289 diviserunt

265 1322 380 1414 ejus
403 1356 644 1414 regnum.
702 1333 1060 1406 Mipbiboseth
1108 1329 1252 1385 enim
1301 1328 1355 1381 in
1384 1323 1653 1382 Samuelis
1690 1322 1833 1414 libro

266 1411 486 1507 legitur,
526 1439 582 1486 ct
602 1430 989 1498 interpretatur
1011 1440 1068 1478 os
1088 1419 1451 1477 verecundum.
1479 1416 1534 1469 In
1567 1411 1835 1480 Paralipo-

272 1501 464 1578 t'n'cnou
513 1535 641 1575 vero
699 1515 750 1589 (Ι
778 1514 906 1569 Par.
930 1511 1052 1584 vni)
1085 1512 1226 1566 idem
1285 1505 1641 1577 Mipltibosetb
1682 1501 1837 1557 Meri-

275 1613 396 1669 baal
424 1611 640 1682 legitur,
660 1616 713 1663 et
743 1607 1148 1675 interpretatur,
1173 1601 1382 1670 litigatis
1408 1614 1525 1652 cum
1550 1595 1833 1649 Altissimo.

275 1704 515 1774 Litigans
542 1700 689 1754 enim
717 1712 839 1753 cum
863 1694 1159 1766 Altissimo,
1207 1691 1261 1746 id
1294 1697 1376 1744 est
1398 1690 1527 1752 Deo,
1560 1686 1727 1741 fuisse
1756 1683 1837 1739 di-

1857 531 1870 551 ο
1922 508 2037 576 ejus
2055 514 2376 562 conventum
2395 502 2724 559 exsecraudo
2746 500 3050 570 spernebat.
3077 496 3176 551 llic
3196 511 3326 568 ergo
3347 503 3485 566 post-

1921 615 2081 669 quam
2103 614 2200 668 per
2230 597 2470 652 mulieris
2493 594 2749 664 sapientis
2781 589 3176 662 suggestionem
3195 627 3211 653 ,
3241 587 3344 641 hoc
3373 593 3489 649 est,

1924 690 2181 760 spiritalis
2200 689 2455 744 doctrinae
2475 685 2829 740 eruditionem
2842 690 3003 751 caput
3016 679 3143 734 Siba
3165 677 3490 737 absciderat,

1926 787 2028 841 boc
2061 791 2172 848 est,
2214 781 2482 837 diabolum
2526 795 2558 832 a
2595 776 2755 833 corde
2788 790 2886 831 suo
2920 774 3190 844 abjeeerat
3211 811 3226 836 ,
3270 784 3396 824 mox
3424 768 3491 821 ad

1926 876 2094 931 David
2133 873 2438 936 revertitur,
2483 885 2608 926 cum
2641 868 2913 924 Christum
2954 864 3147 920 Filium
3191 861 3288 917 Dei
3333 859 3494 915 corde

1927 965 2146 1022 credulo
2174 970 2484 1018 veneratur.

2521 1049 2748 1107 CAPUT
2786 1048 2906 1102 XX.

2097 1145 2171 1200 De
2197 1163 2254 1199 co
2279 1142 2417 1215 quod
2454 1142 2595 1203 Joab,
2616 1141 2866 1196 Amasam
2896 1137 3016 1192 dolo
3050 1136 3332 1206 trtterfecit.

2001 1235 2151 1308 (Car.
2184 1235 2302 1305 xx.)
2330 1253 2348 1285 ι
2385 1234 2528 1287 Dixit
2554 1231 2734 1299 itaque
2758 1228 2892 1284 Joab
2920 1228 2986 1282 ad
3012 1229 3293 1281 Amasam:
3320 1224 3497 1288 Salve,

1937 1348 1955 1381 ι
1989 1327 2061 1381 ιιιί
2084 1326 2271 1389 frater,
2303 1333 2358 1380 et
2390 1323 2559 1379 tenuit
2589 1336 2749 1376 manu
2776 1321 2996 1375 dextera
3019 1324 3259 1371 mentum
3286 1315 3499 1372 Amasa:

1939 1436 1958 1467 ι
1992 1417 2142 1486 quasi
2169 1415 2417 1470 osculans
2443 1428 2585 1469 eum.
2627 1411 2796 1467 Porro
2830 1410 3027 1464 Amasa
3066 1422 3171 1463 non
3197 1405 3503 1461 observavit

1940 1525 1959 1558 ‹
1995 1506 2227 1578 gladium
2257 1520 2417 1575 quem
2464 1504 2697 1559 habebat
2741 1500 2895 1558 Joab.
2939 1499 3040 1567 Qui
3082 1498 3347 1568 percussit
3379 1511 3500 1551 eum

1940 1615 1959 1649 ‹
1997 1596 2052 1650 in
2087 1596 2274 1661 latere,
2320 1603 2374 1650 et
2404 1593 2587 1649 eﬁ‘udit
2629 1592 2882 1647 intestina
2919 1591 3036 1659 ejus
3075 1590 3130 1644 in
3176 1598 3410 1653 terram,
3448 1596 3505 1641 et

1942 1705 1960 1739 ι
1995 1694 2239 1741 mortuus
2263 1692 2368 1750 est,
2396 1699 2496 1741 nec
2519 1684 2812 1739 secundum
2827 1681 3022 1736 vulnus
3045 1679 3313 1750 apposuit,
3340 1686 3447 1733 etc.
3479 1697 3500 1729 ι

272 1758 433 1855 citur,
464 1806 529 1845 eo
553 1787 695 1859 quod
723 1762 892 1839 David
936 1781 1236 1838 reduxisset
1258 1793 1382 1834 cum
1415 1791 1565 1847 pace.
1601 1774 1670 1829 Et
1694 1772 1836 1843 quod
1865 1758 1910 1816 Β
1941 1778 2077 1846 Quid
2104 1784 2209 1843 est,
2237 1777 2378 1846 quod
2405 1774 2541 1831 Joab
2567 1775 2780 1829 Amasa:
2810 1782 3048 1829 mentum
3084 1772 3305 1827 dextera
3343 1785 3505 1824 tnauu

277 1882 354 1935 ait
385 1880 527 1933 idem
554 1873 915 1947 Mipbibosetb
937 1870 1050 1941 regi
1075 1887 1088 1924 :
1125 1887 1144 1920 ‹
1173 1868 1347 1922 Etiam
1376 1873 1571 1920 cuncta
1588 1862 1837 1931 accipiat,

280 1988 298 2021 ς
327 1980 608 2039 postquam
623 1977 872 2018 reversus
890 1967 972 2015 est
997 1959 1243 2015 dominus
1257 1970 1407 2011 meus
1427 1970 1521 2009 rex
1549 1954 1601 2007 in
1623 1953 1840 2008 domum

282 2078 299 2108 ι
345 2070 519 2112 meam
551 2052 796 2124 paciﬁce,
829 2071 848 2104 ι
882 2065 987 2104 non
1015 2049 1118 2103 hoc
1143 2047 1344 2101 dixisse
1383 2044 1687 2114 suspicatur
1720 2056 1841 2112 gra-

280 2145 470 2201 tulanti
502 2144 704 2208 animo,
735 2141 830 2197 sed
867 2137 1169 2202 insultanti,
1192 2144 1246 2191 et
1274 2134 1428 2206 quasi
1458 2141 1647 2188 contra
1673 2133 1840 2187 Deum

278 2235 658 2300 murmuranti,
686 2249 751 2289 eo
790 2231 934 2302 quod
962 2228 1128 2284 David
1153 2227 1412 2283 Dominus
1462 2226 1515 2280 in
1534 2240 1666 2296 pace
1687 2224 1844 2280 redu-

282 2330 469 2383 xisset.

354 2437 372 2470 ι
404 2418 473 2472 Ει
494 2416 572 2471 ait
600 2413 861 2469 Berzellai
889 2412 956 2466 ad
981 2425 1160 2482 regem
1186 2428 1198 2463 :
1238 2408 1380 2475 Quot
1401 2414 1527 2463 sunt
1544 2406 1658 2460 dies
1681 2418 1848 2459 anno-

286 2530 303 2561 ι
342 2524 460 2563 rum
490 2507 615 2560 vita:
642 2519 794 2568 meze,
830 2512 889 2557 ut
912 2502 1199 2556 ascendam
1220 2513 1341 2553 cum
1371 2511 1496 2567 rege
1515 2493 1848 2550 Jerusalem?

287 2620 302 2649 ι
342 2598 436 2652 Est
455 2603 635 2651 autem
655 2607 844 2648 servus
869 2599 991 2644 tuus
1010 2589 1304 2653 Cbamaan,
1332 2595 1438 2640 etc.
1466 2604 1484 2636 ι
1510 2585 1568 2637 Ιιι
1589 2582 1845 2637 Hebraeo:

285 2707 303 2737 ι
339 2687 476 2742 Ecce
501 2697 689 2739 servus
712 2688 837 2735 tuus
862 2679 1176 2742 Chamaam,
1206 2676 1318 2747 ipse
1342 2674 1503 2729 vadat
1531 2682 1728 2738 tecum,
1759 2671 1851 2726 do-

286 2797 302 2829 ι
341 2777 487 2832 mine
514 2775 587 2830 mi
622 2788 733 2829 rex.
765 2791 784 2825 ι
817 2770 1111 2827 Cbamaam
1133 2768 1519 2838 interpretatur
1558 2763 1849 2834 suspirans.

281 2865 526 2933 Quandiu
575 2878 695 2918 cum
741 2869 894 2931 patre
936 2857 1262 2930 permansit,
1305 2855 1582 2925 suspirans
1631 2860 1853 2907 vocatus

280 2965 382 3011 est.
407 2954 697 3022 Postquam
718 2964 846 3005 vero
866 2949 919 3004 in
941 2947 1241 3003 doctrinam
1261 2945 1430 3000 David
1455 2943 1596 3014 regis
1619 2940 1850 3006 transiit,

282 3060 388 3099 non
418 3043 752 3107 Cbamaam,
814 3039 909 3094 sed
952 3037 1203 3092 Chanaan
1251 3035 1416 3107 (quod
1470 3034 1856 3102 interpretatur

1942 1871 2146 1936 tenuit,
2186 1869 2281 1924 sed
2325 1867 2600 1923 sinistram
2640 1865 2706 1920 ad
2749 1864 2982 1936 gladium
3010 1863 3241 1917 latenter
3264 1860 3504 1925 mittens,

1939 1958 2056 2029 ejus
2083 1958 2289 2013 viscera
2317 1954 2641 2020 elfudit,nisi
2671 1954 2774 2008 hoc
2798 1952 2937 2021 quod
2962 1956 3208 2021 patenter
3233 1948 3393 2003 datur
3427 1948 3509 2003 in-

1941 2049 2149 2121 telligi?
2185 2050 2417 2103 Dextera
2446 2060 2679 2115 namque
2707 2052 2948 2099 mentum
2985 2050 3167 2097 tenere
3204 2046 3325 2104 est,
3354 2039 3508 2109 quasi

1942 2156 2007 2197 ex
2033 2137 2453 2209 benignitatibus
2477 2134 2730 2191 blandiri.
2766 2132 2874 2189 Sed
2890 2123 3169 2188 sinistram
3190 2128 3262 2186 ad
3277 2130 3508 2200 gladium

1943 2230 2109 2286 mittit
2158 2230 2249 2299 qui
2278 2227 2505 2284 latenter
2526 2242 2593 2281 ex
2616 2223 2821 2280 malitia
2848 2223 3102 2295 percutit.

2525 2338 2752 2396 CAPUT
2790 2336 2930 2391 XXI.

1946 2434 2187 2504 De-[ame
2212 2433 2371 2504 trium
2403 2445 2684 2504 annno_rum_
2703 2444 2820 2498 quae
2856 2428 3140 2504 contigerat
3167 2425 3223 2504 in
3251 2424 3421 2504 I‘srael
3450 2425 3513 2504 (ψ

2016 2494 2425 2578 ξίιιεγίεοᾴοῃειη
2447 2494 2881 2578 Gabaonitarum,
2906 2494 3039 2578 quos
3068 2494 3205 2578 δραι
3230 2495 3382 2578 φιᾳᾷ
3405 2494 3515 2578 κιρ

2019 2562 2296 2640 interfecit,
2314 2571 2368 2622 in
2390 2569 2543 2640 cujus
2567 2562 3035 2640 recompensatjoae
3056 2565 3210 2634 stirps
3232 2562 3401 2640 deleta
3420 2573 3514 2640 estt

2018 2671 2089 2682 —
2103 2633 2251 2694 Bella
2261 2633 2672 2708 quatuor-David
2696 2633 2875 2708 contra
2891 2633 3206 2708 Rﬁilista’Os,
3221 2633 3310 2689 ubi
3332 2633 3519 2702 reperti

2019 2718 2140 2765 sunt
2167 2704 2494 2764 viri'statura
2517 2707 2738 2775 proceri,
2768 2706 2822 2775 in
2846 2704 3034 2775 quibus
3054 2720 3199 2775 Aunus
3216 2718 3407 2775 eorum
3433 2718 3520 2757 se-

2023 2795 2117 2833 nos
2142 2778 2328 2849 digitos
2355 2772 2533 2831 habuit
2568 2775 2624 2829 iu
2649 2772 2890 2828 manibus
2915 2774 3020 2827 sive
3045 2773 3103 2826 in
3128 2772 3364 2843 pedibus.

2026 2867 2176 2941 (Cap.
2203 2866 2341 2939 χχι.)
2374 2885 2392 2916 ι
2428 2865 2595 2920 Facta
2637 2874 2720 2919 est
2764 2872 2976 2934 quoque
3021 2862 3193 2917 fames
3238 2862 3293 2917 in
3336 2862 3523 2917 diebus

1962 2980 1979 3012 ι
2020 2959 2187 3014 David
2211 2959 2381 3014 tribus
2413 2957 2566 3012 annis
2586 2955 2805 3026 jugiter.
2838 2956 2905 3010 Et
2925 2953 3192 3010 consuluit
3214 2954 3379 3009 David
3401 2969 3525 3009 ora-

1964 3069 1982 3103 (
2019 3050 2197 3107 culum
2223 3048 2453 3103 Domini.
2501 3047 2752 3117 Dixitque
2796 3047 3091 3100 Dominus:
3133 3044 3359 3115 Propter
3395 3044 3523 3100 Saul

282 3134 484 3204 ﬁdelis)
516 3102 811 3203 appellatus
833 3135 935 3184 est.
969 3126 1162 3183 Sermo
1189 3102 1386 3181 dicitur
1426 3125 1480 3179 in
1517 3125 1687 3180 veteri
1732 3139 1851 3194 pro-

1964 3159 1982 3193 ι
2018 3150 2072 3196 et
2093 3141 2307 3195 domum
2327 3138 2440 3207 ejus
2462 3102 2802 3208 sanguirium,
2818 3136 2944 3204 quia
2962 3135 3160 3190 occidit
3176 3102 3525 3200 Gabaonitas,

282 3225 507 3280 verbio:
545 3241 565 3274 ¢
603 3222 704 3289 Qui
734 3220 1088 3289 interrogant,
1119 3218 1452 3287 interrogent
1489 3217 1545 3270 in
1577 3215 1775 3282 Abela,
1801 3227 1856 3270 et

284 3313 366 3368 sic
386 3311 670 3382 proﬁcient
696 3307 780 3380 (11
810 3307 938 3378 Reg.
970 3305 1083 3378 xx).
1120 3326 1139 3358 ι
1165 3306 1223 3359 In
1253 3305 1476 3360 Ilebrmo
1497 3320 1601 3360 non
1629 3305 1857 3360 habetur

283 3401 592 3474 proverbio.
617 3400 721 3455 Iste
745 3412 943 3462 sermo,
962 3412 1140 3451 sermo
1162 3395 1295 3465 legis
1316 3403 1416 3460 est,
1442 3394 1497 3448 in
1520 3410 1625 3464 qua
1640 3394 1857 3466 jubetur

288 3515 319 3551 a
351 3496 579 3552 Domino
606 3509 704 3563 per
731 3491 947 3561 Moysen
979 3489 1158 3561 (Deut.
1193 3489 1283 3561 xx)
1316 3496 1375 3543 ut
1407 3488 1620 3557 quando
1653 3486 1856 3557 ingrcs-

287 3589 397 3645 suri
421 3595 601 3643 essent
626 3594 827 3640 terram
857 3584 1136 3646 Chanaan,
1176 3590 1229 3634 et
1254 3589 1443 3652 gentes
1472 3580 1714 3642 deleturi,
1749 3578 1859 3649 pri-

288 3692 434 3734 mum
464 3690 650 3746 pacem
682 3672 930 3730 oﬁ‘crant.
969 3673 1035 3726 Et
1072 3673 1119 3726 si
1162 3687 1266 3740 pax
1292 3672 1358 3726 ab
1385 3671 1464 3725 eis
1493 3671 1856 3739 reciperetur,

287 3781 477 3838 pacem
516 3764 837 3834 recipientes
878 3746 1145 3815 tributarii
1183 3775 1370 3815 eorum
1395 3758 1753 3813 edicerentur.
1796 3758 1862 3811 Et

290 3861 335 3913 si
360 3873 546 3929 pacem
578 3871 683 3910 non
711 3854 1034 3924 reciperent,
1065 3864 1192 3906 tunc
1220 3867 1251 3905 a
1282 3852 1404 3905 ﬁliis
1432 3852 1593 3905 Israel
1621 3851 1862 3905 deleren-

294 3961 402 4003 tur.
433 3948 640 4002 Idcirco
676 3945 1007 4000 exclamasse
1044 3943 1236 3997 mulier
1283 3943 1496 4012 sapiens
1542 3943 1608 3997 de
1648 3942 1863 3997 civitate

293 4041 462 4092 fertur
487 4055 499 4090 :
545 4054 562 4086 ι
599 4034 785 4091 Nonne
810 4049 909 4102 ego
936 4048 1075 4097 sum,
1105 4046 1225 4102 qua:
1254 4033 1551 4102 respondeo
1580 4032 1863 4086 veritatem

296 4131 348 4183 in
379 4129 561 4193 Israel,
592 4137 647 4182 et
668 4136 723 4181 tu
743 4127 942 4197 quaeris
963 4127 1275 4181 subvertere
1302 4127 1617 4180 civitatem?
1645 4147 1662 4179 ι
1689 4128 1864 4194 Quare

295 4220 597 4289 praecipitas
625 4218 990 4273 baereditatem
1024 4217 1278 4272 Domini?
1312 4219 1389 4273 Ac
1419 4219 1462 4273 si
1490 4219 1721 4274 diceret:
1757 4220 1865 4274 Cur

293 4313 375 4365 vis
403 4311 679 4365 destruere
706 4308 975 4364 civitatem
1014 4312 1190 4374 .baue,
1228 4320 1514 4379 antequam
1560 4326 1748 4381 pacem
1780 4310 1863 4364 iu-

206 4427 211 4433 ι
297 4401 614 4471 tcrrogando
639 4399 852 4466 olfer‘as,
886 4400 1025 4455 sicut
1051 4401 1103 4454 in
1134 4401 1249 4471 lege
1271 4399 1532 4469 iubetur?
1569 4399 1676 4454 Cur
1701 4400 1861 4454 etiam

297 4510 400 4547 non
447 4493 691 4548 eamdem
732 4494 903 4563 legent
937 4493 990 4547 iu
1024 4494 1177 4548 nobis
1206 4492 1458 4546 Israelitis
1487 4506 1703 4557 servas,
1747 4506 1865 4559 qua:

298 4585 352 4638 in
390 4585 580 4640 alienis
603 4584 731 4639 olim
752 4592 966 4638 servata
993 4585 1111 4636 est?
1135 4582 1357 4636 Reditus
1388 4584 1565 4650 itaque
1591 4578 1864 4636 Israclitici

298 4674 477 4742 populi
516 4674 582 4726 ad
610 4672 776 4725 David
818 4679 935 4738 post
982 4670 1405 4723 interfectimicm
1435 4672 1719 4737 Absalom,
1760 4691 1862 4726 non

301 4765 401 4817 nisi
430 4762 658 4816 reditum
684 4759 880 4829 prioris
908 4761 1081 4829 populi
1120 4761 1184 4812 ad
1234 4760 1508 4813 (jlnistum
1542 4770 1664 4830 post
1701 4764 1867 4816 inter-

296 4856 430 4909 itum
458 4868 748 4921 pravorum
769 4851 1147 4920 magistrorum
1178 4853 1463 4922 signiﬁcat.
1496 4854 1621 4909 Siba
1651 4871 1780 4927 ergo
1809 4857 1864 4909 ﬁ—

300 4944 401 4997 lius
428 4941 643 5007 Bocbri,
674 4942 767 5011 qui
806 4941 1059 5011 pepulum
1097 4943 1396 4998 seducendo
1439 4960 1468 4998 a
1512 4944 1675 4999 David
1714 4962 1866 5001 aver-

303 5034 471 5095 tebat,
501 5046 660 5100 quem
690 5030 879 5085 melius
901 5046 1056 5099 quam
1082 5047 1320 5086 errorem
1348 5033 1647 5102 signiﬁcat,
1683 5037 1774 5105 qui
1813 5037 1864 5089 in

303 5124 581 5193 Synagoga
608 5121 912 5195 Iudaeorum
941 5123 1139 5177 diutius
1167 5122 1562 5189 dominabatur,
1591 5136 1644 5179 et
1664 5142 1693 5179 a
1726 5129 1865 5181 veri-

303 5212 429 5267 tatis
459 5210 643 5265 auditu
664 5210 920 5280 populum
950 5211 1334 5266 subvertebat?
1364 5212 1753 5282 Interpretatur
1774 5233 1867 5269 au-

306 5312 413 5356 tem
451 5301 579 5357 Siba
622 5313 786 5366 secta,
832 5318 860 5356 a
899 5303 1153 5368 secando,
1195 5319 1300 5357 non
1328 5320 1355 5357 a
1384 5306 1646 5359 sectanda.
1676 5307 1867 5362 Bocbri

304 5403 483 5449 autem
510 5394 910 5462 interpretatur,
949 5394 1329 5467 primogenitus
1359 5412 1521 5449 meus.
1554 5397 1716 5451 Israel
1744 5414 1871 5467 ergo

308 5484 372 5537 de
410 5499 517 5554 quo
554 5485 814 5554 scriptum
854 5493 969 5539 est:
1019 5502 1037 5533 ι
1090 5483 1256 5538 Filius
1300 5499 1450 5540 meus
1486 5488 1872 5558 primogenitus

310 5575 491 5633 isrzicl.
521 5592 678 5645 quem
708 5577 865 5631 eduxi
894 5577 958 5631 de
988 5576 1218 5646 [Egypto
1248 5577 1439 5645 (E1051.
1472 5578 1585 5649 xx),
1611 5599 1629 5630 ι
1666 5580 1867 5644 Sibam,

314 5665 366 5720 id
398 5678 499 5727 est,
531 5683 767 5723 errorem
799 5677 1033 5736 secutus,
1068 5685 1124 5723 se
1149 5671 1510 5737 sequestrabzu
1540 5686 1565 5722 a
1594 5674 1746 5725 demo
1778 5673 1876 5727 Ei.»-

1964 3250 1981 3282 ‹
2013 3241 2117 3286 etc.
2152 3251 2171 3282 ι
2192 3229 2311 3283 Filii
2337 3228 2485 3294 Saul,
2516 3228 2750 3297 quicum
2779 3227 2920 3295 Doeg
2940 3226 3172 3280 Idumazo
3196 3225 3321 3280 dum
3351 3225 3527 3280 adhuc

1958 3320 2111 3391 pueri
2139 3328 2339 3384 esseut,
2366 3317 2674 3373 sacerdotes
2700 3325 2756 3370 ct
2781 3315 3109 3369 Gabaonitas
3134 3314 3187 3368 in
3214 3312 3363 3368 Nobe
3388 3313 3528 3368 occi-

1960 3412 2172 3473 derunt,
2203 3410 2257 3463 bi
2289 3418 2450 3463 sunt:
2490 3406 2713 3461 Armoni
2760 3415 2815 3460 et
2857 3405 3232 3474 ldipbibosetb,
3272 3418 3407 3472 quos
3432 3418 3527 3473 pe-

1958 3502 2099 3572 perit
2124 3501 2172 3556 ci
2198 3500 2432 3570 Respba,
2451 3498 2556 3552 ﬁlia
2581 3497 2699 3560 Aia,
2730 3504 2782 3550 ct
2807 3495 3043 3564 quinque
3074 3494 3168 3548 ﬁlii
3197 3492 3389 3549 Michol
3411 3492 3530 3547 ﬁlia:

1964 3592 2114 3656 Saul,
2153 3606 2288 3661 quos
2323 3595 2582 3660 genuerat
2613 3585 2816 3641 Adrieli
2854 3585 2961 3639 ﬁlio
3003 3584 3282 3649 Berzellai,
3309 3584 3401 3654 qui
3433 3582 3526 3637 fuit

1963 3684 2029 3737 de
2056 3680 2295 3736 Molatbi.
2327 3679 2610 3746 Quaeritur,
2643 3692 2741 3731 cur
2774 3676 2866 3730 ﬁlii
2894 3675 3088 3730 Micbol
3109 3676 3379 3740 dicantur,
3407 3689 3530 3729 cum

1964 3788 2069 3826 non
2101 3769 2313 3834 Michol,
2348 3768 2440 3824 sed
2470 3767 2585 3836 ejus
2612 3782 2768 3822 soror
2788 3765 2968 3819 Merab
2991 3780 3127 3820 uxor
3150 3764 3313 3819 fuerit
3332 3762 3530 3818 Adrieli

1963 3864 2073 3917 ﬁlio
2096 3862 2396 3917 Berzellai?
2433 3861 2583 3928 Quod
2618 3860 2690 3914 ita
2719 3858 2974 3913 solvitur:
3007 3856 3190 3912 Merab
3214 3857 3412 3926 quippe
3438 3870 3531 3911 eos

1965 3952 2282 4007 naturaliter
2314 3950 2525 4022 genuit,
2577 3960 2631 4003 et
2676 3946 2868 4001 Michol
2915 3960 3053 4001 uxor
3089 3944 3290 4011 David,
3330 3959 3450 4014 quae
3480 3954 3528 4000 et

1966 4043 2123 4114 Aigla
2152 4044 2380 4107 dicitur,
2416 4056 2510 4096 eos
2549 4040 2602 4093 in
2634 4038 2750 4093 loco
2784 4037 3015 4090 ﬁliorum
3045 4034 3308 4089 nutrivit:
3346 4042 3403 4089 et
3433 4035 3531 4089 sibi

1968 4139 2018 4190 in
2057 4136 2194 4190 ﬁlios
2220 4136 2493 4206 adoptavit
2518 4151 2532 4199 ;
2576 4133 2776 4187 ideirco
2803 4132 2920 4201 ejus
2945 4130 3037 4184 ﬁlii
3064 4130 3339 4185 dicuntur.
3368 4146 3387 4180 ι
3414 4127 3532 4182 Filii

1973 4246 1989 4277 ι
2029 4227 2225 4297 quippe
2252 4225 2746 4294 lsraeljuraverant
2780 4224 2889 4287 eis,
2918 4231 2973 4277 et
2995 4222 3163 4276 voluit
3190 4220 3320 4276 Saul
3347 4234 3534 4291 percu-

1972 4336 1990 4367 ‹
2027 4325 2138 4371 tere
2162 4331 2255 4370 eos
2285 4315 2398 4369 zelo
2427 4314 2578 4384 quasi
2606 4329 2702 4384 pro
2733 4313 2855 4367 ﬁliis
2884 4311 3044 4366 Israel
3080 4320 3135 4367 et
3172 4311 3309 4366 Juda
3329 4351 3346 4377 ,
3394 4330 3413 4362 ι
3454 4310 3535 4364 di-

1968 4424 2114 4472 cens,
2141 4408 2302 4461 Josue
2326 4407 2493 4477 gratis
2516 4405 2731 4459 eosdem
2769 4404 3094 4460 Gabaonitas
3131 4402 3317 4457 vivere
3342 4400 3525 4471 peruti-

1969 4499 2122 4561 sisse,
2150 4505 2205 4551 et
2248 4496 2373 4550 ﬁliis
2398 4495 2559 4550 Israel
2597 4503 2651 4549 et
2691 4493 2827 4549 Juda
2854 4494 3090 4564 praedam
3115 4507 3303 4548 eorum
3341 4490 3537 4561 injuste

1970 4587 2254 4642 abstulisse
2278 4585 2412 4657 (Ias.
2442 4587 2548 4658 ix);
2573 4585 2773 4640 idcirco
2792 4600 2885 4639 eos
2904 4585 3171 4654 perimere
3187 4580 3363 4652 jubet,
3384 4581 3537 4652 quasi

1968 4694 2067 4746 pro
2091 4676 2204 4731 zelo
2232 4676 2392 4731 Israel
2434 4685 2489 4730 et
2528 4674 2683 4730 Juda.
2718 4674 2883 4742 llujus
2912 4674 3129 4729 ultionis
3155 4688 3317 4728 causa
3347 4672 3402 4727 in
3430 4670 3536 4727 Ga-

1969 4770 2216 4825 baonitas
2241 4768 2580 4823 Acbimelccb
2612 4768 2863 4821 sacerdos
2887 4767 3111 4821 exstitit.
3142 4764 3378 4821 Historia
3397 4767 3538 4831 haec,

1970 4878 2089 4930 quae
2118 4861 2311 4915 famem
2342 4860 2540 4916 factam
2572 4860 2625 4913 in
2653 4859 2813 4913 Israel
2846 4868 3064 4929 propter
3096 4858 3425 4914 Gabaonitas
3448 4872 3539 4912 oc-

1971 4953 2111 5007 cisos
2150 4952 2443 5023 ﬁguraliter
2466 4959 2683 5015 narrat,
2722 4950 2987 5019 signiﬁcat
3015 4950 3349 5005 sterilitatem
3374 4948 3540 5004 bono-

1970 5059 2087 5097 rum
2118 5058 2340 5111 operum
2369 5043 2420 5096 iu
2442 5042 2688 5111 plebibus
2710 5050 2929 5111 propter
2953 5039 3328 5111 negligentiam
3355 5038 3541 5094 docto-

1972 5149 2113 5198 rum,
2131 5134 2222 5203 qui
2248 5148 2351 5186 non
2378 5143 2664 5201 procurant
2689 5143 2902 5202 pastum
2925 5133 3071 5186 verbi
3099 5131 3310 5186 Domini
3336 5132 3541 5201 impen-

1973 5225 2105 5293 dere
2128 5226 2374 5290 subditis,
2398 5225 2523 5279 dum
2556 5225 2851 5278 inserviunt
2885 5223 3264 5293 cupiditatibus
3290 5223 3536 5278 terrenis.

1979 5314 2129 5369 Unde
2156 5322 2230 5378 ct,
2271 5315 2562 5370 secundum
2583 5314 2934 5384 Pmphetam,
2972 5333 2991 5365 ‹
3028 5314 3142 5369 Νοη
3173 5312 3401 5377 famem,
3443 5327 3541 5366 nec

1978 5405 2121 5458 sitim
2149 5420 2301 5474 aqua:
2327 5406 2632 5474 patiuntur,
2664 5405 2756 5460 sed
2786 5404 2981 5460 famem
3009 5413 3065 5458 et
3102 5405 3249 5459 sitim
3290 5402 3539 5457 audiendi

1978 5494 2199 5549 verbum
2231 5496 2438 5549 Domini
2464 5494 2641 5566 (Amos
2665 5494 2801 5564 vui).
2838 5515 2857 5547 ι
2889 5494 3160 5549 Necantur
3180 5509 3309 5563 ergo
3330 5491 3540 5548 Gabao—

1981 5587 2123 5649 nitm,
2152 5600 2271 5639 cum
2301 5588 2532 5642 studium
2563 5598 2721 5641 certe
2753 5587 3172 5641 conversationis
3191 5627 3203 5649 ,
3246 5596 3300 5639 et
3336 5594 3541 5638 restau-

1982 5682 2115 5733 ratio
2144 5682 2467 5748 poenitentia:
2497 5691 2606 5748 post
2655 5681 2856 5746 lapsum
2897 5679 2963 5733 ab
2999 5680 3225 5733 incautis
3258 5694 3356 5747 pn‘
3397 5676 3567 5730 luere-
