  <div class='ocr_page' id='page_1' title='image "/cluster/home/n/w/nwhite01/storage/ocr_20150623/109/hvd.32044054759741/062.png"; bbox 0 0 4010 6194; ppageno 0'>
   <div class='ocr_carea' id='block_1_1' title="bbox 501 368 601 424">
    <p class='ocr_par' dir='ltr' id='par_1_1' title="bbox 501 368 601 424">
     <span class='ocr_line' id='line_1_1' title="bbox 501 368 601 424; baseline -0.01 0"><span class='ocrx_word' id='word_1_1' title='bbox 501 368 601 424; x_wconf 72' lang='lat' dir='ltr'><strong>H3</strong></span> 
     </span>
    </p>
   </div>
   <div class='ocr_carea' id='block_1_2' title="bbox 1316 354 2957 417">
    <p class='ocr_par' dir='ltr' id='par_1_2' title="bbox 1316 354 2957 417">
     <span class='ocr_line' id='line_1_2' title="bbox 1316 354 2957 417; baseline -0.001 -2"><span class='ocrx_word' id='word_1_2' title='bbox 1316 358 1668 417; x_wconf 79' lang='lat' dir='ltr'><strong>COMMENT.</strong></span> <span class='ocrx_word' id='word_1_3' title='bbox 1708 357 1774 414; x_wconf 88' lang='lat' dir='ltr'><strong>IN</strong></span> <span class='ocrx_word' id='word_1_4' title='bbox 1811 355 2054 412; x_wconf 79' lang='lat' dir='ltr'><strong>LIBROS</strong></span> <span class='ocrx_word' id='word_1_5' title='bbox 2090 355 2150 409; x_wconf 75' lang='lat' dir='ltr'><strong>IV</strong></span> <span class='ocrx_word' id='word_1_6' title='bbox 2196 354 2455 411; x_wconf 80' lang='lat' dir='ltr'><strong>REGUM.</strong></span> <span class='ocrx_word' id='word_1_7' title='bbox 2497 387 2567 396; x_wconf 89' lang='lat'><strong><em>—</em></strong></span> <span class='ocrx_word' id='word_1_8' title='bbox 2598 356 2665 411; x_wconf 79' lang='lat' dir='ltr'><strong>IN</strong></span> <span class='ocrx_word' id='word_1_9' title='bbox 2706 358 2831 413; x_wconf 84' lang='lat' dir='ltr'><strong>LIB.</strong></span> <span class='ocrx_word' id='word_1_10' title='bbox 2895 360 2957 414; x_wconf 89' lang='grc'><strong>11.</strong></span> 
     </span>
    </p>
   </div>
   <div class='ocr_carea' id='block_1_3' title="bbox 3643 365 3742 419">
    <p class='ocr_par' dir='ltr' id='par_1_3' title="bbox 3643 365 3742 419">
     <span class='ocr_line' id='line_1_3' title="bbox 3643 365 3742 419; baseline 0.02 -2"><span class='ocrx_word' id='word_1_11' title='bbox 3643 365 3742 419; x_wconf 53' lang='lat' dir='ltr'><strong>Ili</strong></span> 
     </span>
    </p>
   </div>
   <div class='ocr_carea' id='block_1_4' title="bbox 493 472 3742 550">
    <p class='ocr_par' dir='ltr' id='par_1_4' title="bbox 493 472 3742 550">
     <span class='ocr_line' id='line_1_4' title="bbox 493 472 3742 550; baseline -0.001 -14"><span class='ocrx_word' id='word_1_12' title='bbox 493 482 629 535; x_wconf 85' lang='lat' dir='ltr'><strong>ticos</strong></span> <span class='ocrx_word' id='word_1_13' title='bbox 660 478 777 533; x_wconf 86' lang='lat' dir='ltr'><strong>sive</strong></span> <span class='ocrx_word' id='word_1_14' title='bbox 801 484 898 547; x_wconf 84' lang='lat' dir='ltr'><strong>per</strong></span> <span class='ocrx_word' id='word_1_15' title='bbox 925 475 1190 546; x_wconf 85' lang='lat' dir='ltr'><strong>malignos</strong></span> <span class='ocrx_word' id='word_1_16' title='bbox 1214 475 1549 530; x_wconf 96' lang='lat' dir='ltr'><strong>subtrahitur</strong></span> <span class='ocrx_word' id='word_1_17' title='bbox 1577 476 1815 546; x_wconf 79' lang='lat' dir='ltr'><strong>spiritus.</strong></span> <span class='ocrx_word' id='word_1_18' title='bbox 1848 472 2068 527; x_wconf 87' lang='lat' dir='ltr'><strong>Gabaon</strong></span> <span class='ocrx_word' id='word_1_19' title='bbox 2098 472 2147 532; x_wconf 82' lang='lat' dir='ltr'><strong>A</strong></span> <span class='ocrx_word' id='word_1_20' title='bbox 2175 481 2281 526; x_wconf 83' lang='lat' dir='ltr'><strong>tem</strong></span> <span class='ocrx_word' id='word_1_21' title='bbox 2306 473 2480 542; x_wconf 89' lang='lat' dir='ltr'><strong>ipsum</strong></span> <span class='ocrx_word' id='word_1_22' title='bbox 2512 472 2844 529; x_wconf 85' lang='lat' dir='ltr'><strong>Adeodatum</strong></span> <span class='ocrx_word' id='word_1_23' title='bbox 2869 475 3056 544; x_wconf 75' lang='lat' dir='ltr'><strong>Eplian</strong></span> <span class='ocrx_word' id='word_1_24' title='bbox 3086 474 3453 545; x_wconf 74' lang='lat' dir='ltr'><strong>appellaverit,</strong></span> <span class='ocrx_word' id='word_1_25' title='bbox 3478 477 3559 532; x_wconf 86' lang='lat' dir='ltr'><strong>vel</strong></span> <span class='ocrx_word' id='word_1_26' title='bbox 3572 479 3742 550; x_wconf 68' lang='lat' dir='ltr'><strong>alium</strong></span> 
     </span>
    </p>
   </div>
   <div class='ocr_carea' id='block_1_5' title="bbox 490 565 2071 636">
    <p class='ocr_par' dir='ltr' id='par_1_5' title="bbox 490 565 2071 636">
     <span class='ocr_line' id='line_1_5' title="bbox 490 565 2071 636; baseline -0.005 -10"><span class='ocrx_word' id='word_1_27' title='bbox 490 570 633 626; x_wconf 88' lang='lat' dir='ltr'><strong>enim</strong></span> <span class='ocrx_word' id='word_1_28' title='bbox 655 566 806 622; x_wconf 77' lang='lat' dir='ltr'><strong>collis</strong></span> <span class='ocrx_word' id='word_1_29' title='bbox 826 566 1063 620; x_wconf 75' lang='lat' dir='ltr'><strong>mwroris</strong></span> <span class='ocrx_word' id='word_1_30' title='bbox 1084 567 1487 636; x_wconf 74' lang='lat' dir='ltr'><strong>interpretatur.</strong></span> <span class='ocrx_word' id='word_1_31' title='bbox 1512 567 1580 620; x_wconf 88' lang='lat' dir='ltr'><strong>Et</strong></span> <span class='ocrx_word' id='word_1_32' title='bbox 1599 568 1738 621; x_wconf 89' lang='lat' dir='ltr'><strong>bene</strong></span> <span class='ocrx_word' id='word_1_33' title='bbox 1757 565 2071 621; x_wconf 80' lang='lat' dir='ltr'><strong>Gabaonitae</strong></span> 
     </span>
    </p>
   </div>
   <div class='ocr_carea' id='block_1_6' title="bbox 495 655 2069 725">
    <p class='ocr_par' dir='ltr' id='par_1_6' title="bbox 495 655 2069 725">
     <span class='ocr_line' id='line_1_6' title="bbox 495 655 2069 725; baseline -0.001 -15"><span class='ocrx_word' id='word_1_34' title='bbox 495 655 763 712; x_wconf 79' lang='lat' dir='ltr'><strong>interfecti</strong></span> <span class='ocrx_word' id='word_1_35' title='bbox 802 656 1074 719; x_wconf 87' lang='lat' dir='ltr'><strong>dicuntur,</strong></span> <span class='ocrx_word' id='word_1_36' title='bbox 1115 670 1237 710; x_wconf 92' lang='lat' dir='ltr'><strong>cum</strong></span> <span class='ocrx_word' id='word_1_37' title='bbox 1275 655 1535 711; x_wconf 89' lang='lat' dir='ltr'><strong>desidiosi</strong></span> <span class='ocrx_word' id='word_1_38' title='bbox 1570 656 1769 725; x_wconf 81' lang='lat' dir='ltr'><strong>quique</strong></span> <span class='ocrx_word' id='word_1_39' title='bbox 1793 663 1916 724; x_wconf 89' lang='lat' dir='ltr'><strong>post</strong></span> <span class='ocrx_word' id='word_1_40' title='bbox 1947 670 2069 724; x_wconf 87' lang='lat' dir='ltr'><strong>per-</strong></span> 
     </span>
    </p>
   </div>
   <div class='ocr_carea' id='block_1_7' title="bbox 493 745 2072 818">
    <p class='ocr_par' dir='ltr' id='par_1_7' title="bbox 493 745 2072 818">
     <span class='ocr_line' id='line_1_7' title="bbox 493 745 2072 818; baseline -0.004 -16"><span class='ocrx_word' id='word_1_41' title='bbox 493 754 703 818; x_wconf 79' lang='lat' dir='ltr'><strong>petrata</strong></span> <span class='ocrx_word' id='word_1_42' title='bbox 731 745 938 802; x_wconf 87' lang='lat' dir='ltr'><strong>scelera</strong></span> <span class='ocrx_word' id='word_1_43' title='bbox 977 760 1116 799; x_wconf 90' lang='lat' dir='ltr'><strong>vana</strong></span> <span class='ocrx_word' id='word_1_44' title='bbox 1156 759 1250 815; x_wconf 87' lang='lat' dir='ltr'><strong>spe</strong></span> <span class='ocrx_word' id='word_1_45' title='bbox 1292 746 1599 801; x_wconf 84' lang='lat' dir='ltr'><strong>securitatis</strong></span> <span class='ocrx_word' id='word_1_46' title='bbox 1624 761 1653 799; x_wconf 91' lang='lat' dir='ltr'><strong>a</strong></span> <span class='ocrx_word' id='word_1_47' title='bbox 1685 745 1897 800; x_wconf 82' lang='lat' dir='ltr'><strong>diabolo</strong></span> <span class='ocrx_word' id='word_1_48' title='bbox 1926 745 2072 799; x_wconf 89' lang='lat' dir='ltr'><strong>delu-</strong></span> 
     </span>
    </p>
   </div>
   <div class='ocr_carea' id='block_1_8' title="bbox 491 835 2071 908">
    <p class='ocr_par' dir='ltr' id='par_1_8' title="bbox 491 835 2071 908">
     <span class='ocr_line' id='line_1_8' title="bbox 491 835 2071 908; baseline -0.003 -15"><span class='ocrx_word' id='word_1_49' title='bbox 491 840 721 904; x_wconf 87' lang='lat' dir='ltr'><strong>duntur,</strong></span> <span class='ocrx_word' id='word_1_50' title='bbox 766 838 859 908; x_wconf 91' lang='lat' dir='ltr'><strong>qui</strong></span> <span class='ocrx_word' id='word_1_51' title='bbox 906 835 1129 891; x_wconf 89' lang='lat' dir='ltr'><strong>dicunt:</strong></span> <span class='ocrx_word' id='word_1_52' title='bbox 1176 854 1196 887; x_wconf 84' lang='grc'><em>‹</em></span> <span class='ocrx_word' id='word_1_53' title='bbox 1238 836 1523 891; x_wconf 83' lang='lat' dir='ltr'><strong>Faciamus</strong></span> <span class='ocrx_word' id='word_1_54' title='bbox 1559 837 1728 901; x_wconf 90' lang='lat' dir='ltr'><strong>mala,</strong></span> <span class='ocrx_word' id='word_1_55' title='bbox 1762 844 1819 891; x_wconf 89' lang='lat' dir='ltr'><strong>ut</strong></span> <span class='ocrx_word' id='word_1_56' title='bbox 1854 836 2071 890; x_wconf 79' lang='lat' dir='ltr'><strong>veniant</strong></span> 
     </span>
    </p>
   </div>
   <div class='ocr_carea' id='block_1_9' title="bbox 496 926 2069 999">
    <p class='ocr_par' dir='ltr' id='par_1_9' title="bbox 496 926 2069 999">
     <span class='ocr_line' id='line_1_9' title="bbox 496 926 2069 999; baseline -0.004 -14"><span class='ocrx_word' id='word_1_57' title='bbox 496 933 657 995; x_wconf 86' lang='lat' dir='ltr'><strong>bona,</strong></span> <span class='ocrx_word' id='word_1_58' title='bbox 692 928 1217 999; x_wconf 71' lang='lat' dir='ltr'><strong>quorumdamnatio</strong></span> <span class='ocrx_word' id='word_1_59' title='bbox 1241 927 1385 995; x_wconf 87' lang='lat' dir='ltr'><strong>justa</strong></span> <span class='ocrx_word' id='word_1_60' title='bbox 1409 938 1493 983; x_wconf 91' lang='lat' dir='ltr'><strong>est</strong></span> <span class='ocrx_word' id='word_1_61' title='bbox 1515 928 1686 998; x_wconf 81' lang='lat' dir='ltr'><strong>(Rom.</strong></span> <span class='ocrx_word' id='word_1_62' title='bbox 1719 929 1822 999; x_wconf 84' lang='grc' dir='ltr'>ιιι).</span> <span class='ocrx_word' id='word_1_63' title='bbox 1872 947 1890 978; x_wconf 79' lang='grc' dir='ltr'><strong>ι</strong></span> <span class='ocrx_word' id='word_1_64' title='bbox 1923 946 1941 978; x_wconf 75' lang='grc' dir='ltr'><strong>ι</strong></span> <span class='ocrx_word' id='word_1_65' title='bbox 1965 926 2069 981; x_wconf 85' lang='lat' dir='ltr'><strong>Sed</strong></span> 
     </span>
    </p>
   </div>
   <div class='ocr_carea' id='block_1_10' title="bbox 494 1017 2066 1089">
    <p class='ocr_par' dir='ltr' id='par_1_10' title="bbox 494 1017 2066 1089">
     <span class='ocr_line' id='line_1_10' title="bbox 494 1017 2066 1089; baseline -0.004 -15"><span class='ocrx_word' id='word_1_66' title='bbox 494 1020 725 1089; x_wconf 87' lang='lat' dir='ltr'><strong>Respha,</strong></span> <span class='ocrx_word' id='word_1_67' title='bbox 759 1037 779 1070; x_wconf 82' lang='grc' dir='ltr'><strong>ι</strong></span> <span class='ocrx_word' id='word_1_68' title='bbox 830 1031 950 1087; x_wconf 68' lang='lat' dir='ltr'><strong>qua:</strong></span> <span class='ocrx_word' id='word_1_69' title='bbox 970 1017 1356 1086; x_wconf 83' lang='lat' dir='ltr'><strong>interpretatur</strong></span> <span class='ocrx_word' id='word_1_70' title='bbox 1382 1028 1701 1082; x_wconf 81' lang='lat' dir='ltr'><strong>neostralon,</strong></span> <span class='ocrx_word' id='word_1_71' title='bbox 1726 1018 1838 1072; x_wconf 90' lang='lat' dir='ltr'><strong>sive</strong></span> <span class='ocrx_word' id='word_1_72' title='bbox 1859 1032 2066 1077; x_wconf 82' lang='lat' dir='ltr'><strong>cursus,</strong></span> 
     </span>
    </p>
   </div>
   <div class='ocr_carea' id='block_1_11' title="bbox 497 1092 2067 1176">
    <p class='ocr_par' dir='ltr' id='par_1_11' title="bbox 497 1092 2067 1176">
     <span class='ocr_line' id='line_1_11' title="bbox 497 1092 2067 1176; baseline -0.002 -14"><span class='ocrx_word' id='word_1_73' title='bbox 497 1130 515 1161; x_wconf 74' lang='grc' dir='ltr'><strong>ι</strong></span> <span class='ocrx_word' id='word_1_74' title='bbox 547 1109 651 1163; x_wconf 90' lang='lat' dir='ltr'><strong>ﬁlia</strong></span> <span class='ocrx_word' id='word_1_75' title='bbox 677 1108 871 1169; x_wconf 83' lang='lat' dir='ltr'><strong>Achia,</strong></span> <span class='ocrx_word' id='word_1_76' title='bbox 891 1126 911 1157; x_wconf 80' lang='grc' dir='ltr'><strong>ι</strong></span> <span class='ocrx_word' id='word_1_77' title='bbox 954 1106 1045 1176; x_wconf 89' lang='lat' dir='ltr'><strong>qui</strong></span> <span class='ocrx_word' id='word_1_78' title='bbox 1068 1092 1459 1176; x_wconf 83' lang='lat' dir='ltr'><strong>interpretatur</strong></span> <span class='ocrx_word' id='word_1_79' title='bbox 1481 1108 1645 1176; x_wconf 79' lang='lat' dir='ltr'><strong>frater</strong></span> <span class='ocrx_word' id='word_1_80' title='bbox 1677 1107 1809 1176; x_wconf 80' lang='lat' dir='ltr'><strong>ejus,</strong></span> <span class='ocrx_word' id='word_1_81' title='bbox 1836 1124 1855 1157; x_wconf 70' lang='grc' dir='ltr'><strong>ι</strong></span> <span class='ocrx_word' id='word_1_82' title='bbox 1879 1106 2067 1162; x_wconf 88' lang='lat' dir='ltr'><strong>tollens</strong></span> 
     </span>
    </p>
   </div>
   <div class='ocr_carea' id='block_1_12' title="bbox 497 1196 2068 1267">
    <p class='ocr_par' dir='ltr' id='par_1_12' title="bbox 497 1196 2068 1267">
     <span class='ocr_line' id='line_1_12' title="bbox 497 1196 2068 1267; baseline -0.001 -15"><span class='ocrx_word' id='word_1_83' title='bbox 497 1220 517 1252; x_wconf 82' lang='grc'><strong>‹</strong></span> <span class='ocrx_word' id='word_1_84' title='bbox 552 1200 783 1256; x_wconf 86' lang='lat' dir='ltr'><strong>cilicium</strong></span> <span class='ocrx_word' id='word_1_85' title='bbox 808 1198 1103 1254; x_wconf 80' lang='lat' dir='ltr'><strong>substravit</strong></span> <span class='ocrx_word' id='word_1_86' title='bbox 1129 1197 1230 1252; x_wconf 82' lang='lat' dir='ltr'><strong>sibi</strong></span> <span class='ocrx_word' id='word_1_87' title='bbox 1257 1212 1421 1266; x_wconf 85' lang='lat' dir='ltr'><strong>super</strong></span> <span class='ocrx_word' id='word_1_88' title='bbox 1444 1205 1671 1267; x_wconf 85' lang='lat' dir='ltr'><strong>petram,</strong></span> <span class='ocrx_word' id='word_1_89' title='bbox 1703 1198 1873 1252; x_wconf 91' lang='lat' dir='ltr'><strong>donec</strong></span> <span class='ocrx_word' id='word_1_90' title='bbox 1902 1196 2068 1251; x_wconf 87' lang='lat' dir='ltr'><strong>stilla-</strong></span> 
     </span>
    </p>
   </div>
   <div class='ocr_carea' id='block_1_13' title="bbox 498 1289 2069 1361">
    <p class='ocr_par' dir='ltr' id='par_1_13' title="bbox 498 1289 2069 1361">
     <span class='ocr_line' id='line_1_13' title="bbox 498 1289 2069 1361; baseline 0.001 -18"><span class='ocrx_word' id='word_1_91' title='bbox 498 1312 516 1343; x_wconf 74' lang='grc' dir='ltr'><strong>ι</strong></span> <span class='ocrx_word' id='word_1_92' title='bbox 554 1300 635 1347; x_wconf 90' lang='lat' dir='ltr'><strong>ret</strong></span> <span class='ocrx_word' id='word_1_93' title='bbox 664 1306 799 1361; x_wconf 87' lang='lat' dir='ltr'><strong>aqua</strong></span> <span class='ocrx_word' id='word_1_94' title='bbox 832 1305 995 1360; x_wconf 89' lang='lat' dir='ltr'><strong>super</strong></span> <span class='ocrx_word' id='word_1_95' title='bbox 1023 1304 1117 1344; x_wconf 91' lang='lat' dir='ltr'><strong>eos</strong></span> <span class='ocrx_word' id='word_1_96' title='bbox 1147 1290 1211 1344; x_wconf 89' lang='lat' dir='ltr'><strong>de</strong></span> <span class='ocrx_word' id='word_1_97' title='bbox 1250 1289 1406 1343; x_wconf 78' lang='lat' dir='ltr'><strong>ccelo.</strong></span> <span class='ocrx_word' id='word_1_98' title='bbox 1451 1289 1517 1342; x_wconf 89' lang='lat' dir='ltr'><strong>Et</strong></span> <span class='ocrx_word' id='word_1_99' title='bbox 1557 1305 1665 1344; x_wconf 91' lang='lat' dir='ltr'><strong>non</strong></span> <span class='ocrx_word' id='word_1_100' title='bbox 1702 1289 1907 1344; x_wconf 86' lang='lat' dir='ltr'><strong>dimisit</strong></span> <span class='ocrx_word' id='word_1_101' title='bbox 1942 1304 2069 1345; x_wconf 87' lang='lat' dir='ltr'><strong>aves</strong></span> 
     </span>
    </p>
   </div>
   <div class='ocr_carea' id='block_1_14' title="bbox 497 1378 2062 1448">
    <p class='ocr_par' dir='ltr' id='par_1_14' title="bbox 497 1378 2062 1448">
     <span class='ocr_line' id='line_1_14' title="bbox 497 1378 2062 1448; baseline 0 -17"><span class='ocrx_word' id='word_1_102' title='bbox 497 1401 515 1431; x_wconf 80' lang='grc' dir='ltr'><strong>ι</strong></span> <span class='ocrx_word' id='word_1_103' title='bbox 551 1380 791 1436; x_wconf 87' lang='lat' dir='ltr'><strong>lacerare</strong></span> <span class='ocrx_word' id='word_1_104' title='bbox 817 1393 908 1434; x_wconf 88' lang='lat' dir='ltr'><strong>eos</strong></span> <span class='ocrx_word' id='word_1_105' title='bbox 930 1393 1029 1448; x_wconf 92' lang='lat' dir='ltr'><strong>per</strong></span> <span class='ocrx_word' id='word_1_106' title='bbox 1049 1378 1211 1444; x_wconf 87' lang='lat' dir='ltr'><strong>diem,</strong></span> <span class='ocrx_word' id='word_1_107' title='bbox 1239 1393 1413 1448; x_wconf 89' lang='lat' dir='ltr'><strong>neque</strong></span> <span class='ocrx_word' id='word_1_108' title='bbox 1433 1379 1638 1433; x_wconf 83' lang='lat' dir='ltr'><strong>bestias</strong></span> <span class='ocrx_word' id='word_1_109' title='bbox 1658 1394 1754 1448; x_wconf 90' lang='lat' dir='ltr'><strong>per</strong></span> <span class='ocrx_word' id='word_1_110' title='bbox 1774 1386 2015 1445; x_wconf 88' lang='lat' dir='ltr'><strong>noctem;</strong></span> <span class='ocrx_word' id='word_1_111' title='bbox 2043 1398 2062 1431; x_wconf 81' lang='grc' dir='ltr'><strong>ι</strong></span> 
     </span>
    </p>
   </div>
   <div class='ocr_carea' id='block_1_15' title="bbox 490 1471 2065 1543">
    <p class='ocr_par' dir='ltr' id='par_1_15' title="bbox 490 1471 2065 1543">
     <span class='ocr_line' id='line_1_15' title="bbox 490 1471 2065 1543; baseline -0.003 -13"><span class='ocrx_word' id='word_1_112' title='bbox 490 1489 611 1530; x_wconf 91' lang='lat' dir='ltr'><strong>cum</strong></span> <span class='ocrx_word' id='word_1_113' title='bbox 658 1473 747 1543; x_wconf 89' lang='lat' dir='ltr'><strong>pia</strong></span> <span class='ocrx_word' id='word_1_114' title='bbox 794 1471 1097 1527; x_wconf 85' lang='lat' dir='ltr'><strong>sollicitudo</strong></span> <span class='ocrx_word' id='word_1_115' title='bbox 1125 1478 1439 1526; x_wconf 90' lang='lat' dir='ltr'><strong>sanctorum</strong></span> <span class='ocrx_word' id='word_1_116' title='bbox 1480 1471 1676 1526; x_wconf 84' lang='lat' dir='ltr'><strong>talibus</strong></span> <span class='ocrx_word' id='word_1_117' title='bbox 1713 1486 2065 1537; x_wconf 88' lang='lat' dir='ltr'><strong>succurrens,</strong></span> 
     </span>
    </p>
   </div>
   <div class='ocr_carea' id='block_1_16' title="bbox 490 1559 2069 1633">
    <p class='ocr_par' dir='ltr' id='par_1_16' title="bbox 490 1559 2069 1633">
     <span class='ocr_line' id='line_1_16' title="bbox 490 1559 2069 1633; baseline 0 -16"><span class='ocrx_word' id='word_1_118' title='bbox 490 1563 666 1633; x_wconf 88' lang='lat' dir='ltr'><strong>rigore</strong></span> <span class='ocrx_word' id='word_1_119' title='bbox 684 1559 873 1633; x_wconf 89' lang='lat' dir='ltr'><strong>jejunii</strong></span> <span class='ocrx_word' id='word_1_120' title='bbox 900 1567 1063 1630; x_wconf 89' lang='lat' dir='ltr'><strong>atque</strong></span> <span class='ocrx_word' id='word_1_121' title='bbox 1090 1560 1360 1615; x_wconf 81' lang='lat' dir='ltr'><strong>instantiae</strong></span> <span class='ocrx_word' id='word_1_122' title='bbox 1393 1574 1613 1630; x_wconf 87' lang='lat' dir='ltr'><strong>precum</strong></span> <span class='ocrx_word' id='word_1_123' title='bbox 1642 1560 1938 1627; x_wconf 87' lang='lat' dir='ltr'><strong>incumbit,</strong></span> <span class='ocrx_word' id='word_1_124' title='bbox 1974 1562 2069 1617; x_wconf 92' lang='lat' dir='ltr'><strong>do-</strong></span> 
     </span>
    </p>
   </div>
   <div class='ocr_carea' id='block_1_17' title="bbox 493 1649 2065 1719">
    <p class='ocr_par' dir='ltr' id='par_1_17' title="bbox 493 1649 2065 1719">
     <span class='ocr_line' id='line_1_17' title="bbox 493 1649 2065 1719; baseline -0.002 -14"><span class='ocrx_word' id='word_1_125' title='bbox 493 1667 591 1706; x_wconf 89' lang='lat' dir='ltr'><strong>nec</strong></span> <span class='ocrx_word' id='word_1_126' title='bbox 616 1650 1043 1706; x_wconf 89' lang='lat' dir='ltr'><strong>misericordiam</strong></span> <span class='ocrx_word' id='word_1_127' title='bbox 1072 1649 1169 1703; x_wconf 91' lang='lat' dir='ltr'><strong>Dei</strong></span> <span class='ocrx_word' id='word_1_128' title='bbox 1198 1649 1449 1719; x_wconf 87' lang='lat' dir='ltr'><strong>impetret</strong></span> <span class='ocrx_word' id='word_1_129' title='bbox 1478 1664 1639 1718; x_wconf 87' lang='lat' dir='ltr'><strong>super</strong></span> <span class='ocrx_word' id='word_1_130' title='bbox 1664 1664 1757 1705; x_wconf 89' lang='lat' dir='ltr'><strong>eos</strong></span> <span class='ocrx_word' id='word_1_131' title='bbox 1792 1649 1860 1703; x_wconf 91' lang='lat' dir='ltr'><strong>de</strong></span> <span class='ocrx_word' id='word_1_132' title='bbox 1897 1649 2065 1715; x_wconf 67' lang='lat' dir='ltr'><strong>coelo,</strong></span> 
     </span>
    </p>
   </div>
   <div class='ocr_carea' id='block_1_18' title="bbox 490 1739 2065 1810">
    <p class='ocr_par' dir='ltr' id='par_1_18' title="bbox 490 1739 2065 1810">
     <span class='ocr_line' id='line_1_18' title="bbox 490 1739 2065 1810; baseline 0 -15"><span class='ocrx_word' id='word_1_133' title='bbox 490 1756 835 1810; x_wconf 84' lang='lat' dir='ltr'><strong>compescens</strong></span> <span class='ocrx_word' id='word_1_134' title='bbox 860 1740 1110 1796; x_wconf 83' lang='lat' dir='ltr'><strong>videlicet</strong></span> <span class='ocrx_word' id='word_1_135' title='bbox 1137 1755 1333 1809; x_wconf 88' lang='lat' dir='ltr'><strong>pravos</strong></span> <span class='ocrx_word' id='word_1_136' title='bbox 1356 1739 1602 1794; x_wconf 86' lang='lat' dir='ltr'><strong>homines</strong></span> <span class='ocrx_word' id='word_1_137' title='bbox 1630 1754 1730 1794; x_wconf 88' lang='lat' dir='ltr'><strong>nec</strong></span> <span class='ocrx_word' id='word_1_138' title='bbox 1757 1755 1861 1794; x_wconf 88' lang='lat' dir='ltr'><strong>non</strong></span> <span class='ocrx_word' id='word_1_139' title='bbox 1879 1748 1931 1795; x_wconf 92' lang='lat' dir='ltr'><strong>et</strong></span> <span class='ocrx_word' id='word_1_140' title='bbox 1951 1756 2065 1795; x_wconf 88' lang='lat' dir='ltr'><strong>ma-</strong></span> 
     </span>
    </p>
   </div>
   <div class='ocr_carea' id='block_1_19' title="bbox 2172 562 3599 631">
    <p class='ocr_par' dir='ltr' id='par_1_19' title="bbox 2172 562 3599 631">
     <span class='ocr_line' id='line_1_19' title="bbox 2172 562 3599 631; baseline 0.006 -17"><span class='ocrx_word' id='word_1_141' title='bbox 2172 562 2464 630; x_wconf 89' lang='lat' dir='ltr'><strong>qncmlibet</strong></span> <span class='ocrx_word' id='word_1_142' title='bbox 2497 564 2599 619; x_wconf 89' lang='lat' dir='ltr'><strong>hoc</strong></span> <span class='ocrx_word' id='word_1_143' title='bbox 2632 565 2848 620; x_wconf 91' lang='lat' dir='ltr'><strong>nomine</strong></span> <span class='ocrx_word' id='word_1_144' title='bbox 2872 567 3155 631; x_wconf 82' lang='lat' dir='ltr'><strong>notaverit,</strong></span> <span class='ocrx_word' id='word_1_145' title='bbox 3196 567 3460 621; x_wconf 88' lang='lat' dir='ltr'><strong>incertum</strong></span> <span class='ocrx_word' id='word_1_146' title='bbox 3498 577 3599 623; x_wconf 90' lang='lat' dir='ltr'><strong>est.</strong></span> 
     </span>
    </p>
   </div>
   <div class='ocr_carea' id='block_1_20' title="bbox 2248 651 3743 726">
    <p class='ocr_par' dir='ltr' id='par_1_20' title="bbox 2248 651 3743 726">
     <span class='ocr_line' id='line_1_20' title="bbox 2248 651 3743 726; baseline 0.007 -24"><span class='ocrx_word' id='word_1_147' title='bbox 2248 670 2265 702; x_wconf 76' lang='grc' dir='ltr'><strong>ι</strong></span> <span class='ocrx_word' id='word_1_148' title='bbox 2305 651 2564 719; x_wconf 89' lang='lat' dir='ltr'><strong>Quartum</strong></span> <span class='ocrx_word' id='word_1_149' title='bbox 2594 653 2793 708; x_wconf 88' lang='lat' dir='ltr'><strong>bellum</strong></span> <span class='ocrx_word' id='word_1_150' title='bbox 2823 654 2923 709; x_wconf 84' lang='lat' dir='ltr'><strong>fuit</strong></span> <span class='ocrx_word' id='word_1_151' title='bbox 2948 656 3004 709; x_wconf 88' lang='lat' dir='ltr'><strong>in</strong></span> <span class='ocrx_word' id='word_1_152' title='bbox 3031 655 3191 723; x_wconf 89' lang='lat' dir='ltr'><strong>Geth,</strong></span> <span class='ocrx_word' id='word_1_153' title='bbox 3234 657 3286 711; x_wconf 92' lang='lat' dir='ltr'><strong>in</strong></span> <span class='ocrx_word' id='word_1_154' title='bbox 3322 673 3429 726; x_wconf 88' lang='lat' dir='ltr'><strong>quo</strong></span> <span class='ocrx_word' id='word_1_155' title='bbox 3454 659 3540 712; x_wconf 87' lang='lat' dir='ltr'><strong>vir</strong></span> <span class='ocrx_word' id='word_1_156' title='bbox 3567 660 3743 716; x_wconf 80' lang='lat' dir='ltr'><strong>excel-</strong></span> 
     </span>
    </p>
   </div>
   <div class='ocr_carea' id='block_1_21' title="bbox 2178 743 3745 819">
    <p class='ocr_par' dir='ltr' id='par_1_21' title="bbox 2178 743 3745 819">
     <span class='ocr_line' id='line_1_21' title="bbox 2178 743 3745 819; baseline 0.01 -28"><span class='ocrx_word' id='word_1_157' title='bbox 2178 762 2196 791; x_wconf 83' lang='grc'><em>‹</em></span> <span class='ocrx_word' id='word_1_158' title='bbox 2232 760 2343 806; x_wconf 84' lang='lat' dir='ltr'><strong>sus,</strong></span> <span class='ocrx_word' id='word_1_159' title='bbox 2376 743 2465 813; x_wconf 89' lang='lat' dir='ltr'><strong>qui</strong></span> <span class='ocrx_word' id='word_1_160' title='bbox 2496 761 2652 799; x_wconf 90' lang='lat' dir='ltr'><strong>senos</strong></span> <span class='ocrx_word' id='word_1_161' title='bbox 2684 747 2735 799; x_wconf 92' lang='lat' dir='ltr'><strong>in</strong></span> <span class='ocrx_word' id='word_1_162' title='bbox 2770 747 3019 802; x_wconf 89' lang='lat' dir='ltr'><strong>manibus</strong></span> <span class='ocrx_word' id='word_1_163' title='bbox 3049 748 3382 819; x_wconf 86' lang='lat' dir='ltr'><strong>pedibusque</strong></span> <span class='ocrx_word' id='word_1_164' title='bbox 3410 750 3638 807; x_wconf 85' lang='lat' dir='ltr'><strong>habebat</strong></span> <span class='ocrx_word' id='word_1_165' title='bbox 3666 754 3745 807; x_wconf 87' lang='lat' dir='ltr'><strong>di-</strong></span> 
     </span>
    </p>
   </div>
   <div class='ocr_carea' id='block_1_22' title="bbox 2176 838 3747 912">
    <p class='ocr_par' dir='ltr' id='par_1_22' title="bbox 2176 838 3747 912">
     <span class='ocr_line' id='line_1_22' title="bbox 2176 838 3747 912; baseline 0.009 -27"><span class='ocrx_word' id='word_1_166' title='bbox 2176 855 2194 885; x_wconf 87' lang='grc'><em>‹</em></span> <span class='ocrx_word' id='word_1_167' title='bbox 2232 838 2395 905; x_wconf 77' lang='lat' dir='ltr'><strong>gitos,</strong></span> <span class='ocrx_word' id='word_1_168' title='bbox 2422 838 2473 891; x_wconf 87' lang='lat' dir='ltr'><strong>id</strong></span> <span class='ocrx_word' id='word_1_169' title='bbox 2498 846 2604 901; x_wconf 89' lang='lat' dir='ltr'><strong>est,</strong></span> <span class='ocrx_word' id='word_1_170' title='bbox 2633 838 2820 908; x_wconf 83' lang='lat' dir='ltr'><strong>viginti</strong></span> <span class='ocrx_word' id='word_1_171' title='bbox 2846 848 2902 893; x_wconf 91' lang='lat' dir='ltr'><strong>et</strong></span> <span class='ocrx_word' id='word_1_172' title='bbox 2926 848 3185 908; x_wconf 88' lang='lat' dir='ltr'><strong>quatuor,</strong></span> <span class='ocrx_word' id='word_1_173' title='bbox 3228 850 3282 895; x_wconf 92' lang='lat' dir='ltr'><strong>et</strong></span> <span class='ocrx_word' id='word_1_174' title='bbox 3310 851 3429 897; x_wconf 89' lang='lat' dir='ltr'><strong>erat</strong></span> <span class='ocrx_word' id='word_1_175' title='bbox 3457 851 3524 898; x_wconf 84' lang='lat' dir='ltr'><strong>de</strong></span> <span class='ocrx_word' id='word_1_176' title='bbox 3551 858 3747 912; x_wconf 80' lang='lat' dir='ltr'><strong>genere</strong></span> 
     </span>
    </p>
   </div>
   <div class='ocr_carea' id='block_1_23' title="bbox 2175 928 3743 997">
    <p class='ocr_par' dir='ltr' id='par_1_23' title="bbox 2175 928 3743 997">
     <span class='ocr_line' id='line_1_23' title="bbox 2175 928 3743 997; baseline 0.004 -17"><span class='ocrx_word' id='word_1_177' title='bbox 2175 947 2190 974; x_wconf 77' lang='grc' dir='ltr'><strong>ι</strong></span> <span class='ocrx_word' id='word_1_178' title='bbox 2229 928 2465 996; x_wconf 80' lang='lat' dir='ltr'><strong>Arapha,</strong></span> <span class='ocrx_word' id='word_1_179' title='bbox 2499 928 2891 997; x_wconf 72' lang='lat' dir='ltr'><strong>blasphemavit</strong></span> <span class='ocrx_word' id='word_1_180' title='bbox 2915 929 3099 984; x_wconf 90' lang='lat' dir='ltr'><strong>Israel.</strong></span> <span class='ocrx_word' id='word_1_181' title='bbox 3123 929 3398 985; x_wconf 86' lang='lat' dir='ltr'><strong>Percussit</strong></span> <span class='ocrx_word' id='word_1_182' title='bbox 3419 941 3599 987; x_wconf 89' lang='lat' dir='ltr'><strong>autem</strong></span> <span class='ocrx_word' id='word_1_183' title='bbox 3620 946 3743 987; x_wconf 88' lang='lat' dir='ltr'><strong>eum</strong></span> 
     </span>
    </p>
   </div>
   <div class='ocr_carea' id='block_1_24' title="bbox 2177 1017 3745 1091">
    <p class='ocr_par' dir='ltr' id='par_1_24' title="bbox 2177 1017 3745 1091">
     <span class='ocr_line' id='line_1_24' title="bbox 2177 1017 3745 1091; baseline 0.005 -25"><span class='ocrx_word' id='word_1_184' title='bbox 2177 1037 2193 1066; x_wconf 89' lang='grc'><strong>‹</strong></span> <span class='ocrx_word' id='word_1_185' title='bbox 2229 1017 2516 1082; x_wconf 82' lang='lat' dir='ltr'><strong>Jonathan,</strong></span> <span class='ocrx_word' id='word_1_186' title='bbox 2544 1018 2684 1073; x_wconf 88' lang='lat' dir='ltr'><strong>ﬁlius</strong></span> <span class='ocrx_word' id='word_1_187' title='bbox 2716 1018 2931 1083; x_wconf 91' lang='lat' dir='ltr'><strong>Samaa,</strong></span> <span class='ocrx_word' id='word_1_188' title='bbox 2971 1019 3153 1075; x_wconf 85' lang='lat' dir='ltr'><strong>fratris</strong></span> <span class='ocrx_word' id='word_1_189' title='bbox 3187 1021 3375 1075; x_wconf 88' lang='lat' dir='ltr'><strong>David.</strong></span> <span class='ocrx_word' id='word_1_190' title='bbox 3412 1021 3477 1075; x_wconf 80' lang='lat' dir='ltr'><strong>lii</strong></span> <span class='ocrx_word' id='word_1_191' title='bbox 3514 1032 3745 1091; x_wconf 89' lang='lat' dir='ltr'><strong>quatuor</strong></span> 
     </span>
    </p>
   </div>
   <div class='ocr_carea' id='block_1_25' title="bbox 2177 1107 3745 1177">
    <p class='ocr_par' dir='ltr' id='par_1_25' title="bbox 2177 1107 3745 1177">
     <span class='ocr_line' id='line_1_25' title="bbox 2177 1107 3745 1177; baseline 0.006 -22"><span class='ocrx_word' id='word_1_192' title='bbox 2177 1124 2194 1155; x_wconf 71' lang='grc' dir='ltr'><strong>ι</strong></span> <span class='ocrx_word' id='word_1_193' title='bbox 2233 1107 2343 1161; x_wconf 90' lang='lat' dir='ltr'><strong>nati</strong></span> <span class='ocrx_word' id='word_1_194' title='bbox 2374 1115 2501 1162; x_wconf 90' lang='lat' dir='ltr'><strong>sunt</strong></span> <span class='ocrx_word' id='word_1_195' title='bbox 2540 1108 2608 1161; x_wconf 85' lang='lat' dir='ltr'><strong>de</strong></span> <span class='ocrx_word' id='word_1_196' title='bbox 2643 1108 2858 1177; x_wconf 87' lang='lat' dir='ltr'><strong>Arapha</strong></span> <span class='ocrx_word' id='word_1_197' title='bbox 2907 1109 2958 1161; x_wconf 90' lang='lat' dir='ltr'><strong>in</strong></span> <span class='ocrx_word' id='word_1_198' title='bbox 3008 1107 3145 1163; x_wconf 86' lang='lat' dir='ltr'><strong>Geth</strong></span> <span class='ocrx_word' id='word_1_199' title='bbox 3170 1149 3184 1175; x_wconf 96' lang='lat'><strong>,</strong></span> <span class='ocrx_word' id='word_1_200' title='bbox 3233 1117 3288 1163; x_wconf 86' lang='lat' dir='ltr'><strong>et</strong></span> <span class='ocrx_word' id='word_1_201' title='bbox 3332 1110 3645 1164; x_wconf 86' lang='lat' dir='ltr'><strong>ceciderunt</strong></span> <span class='ocrx_word' id='word_1_202' title='bbox 3691 1110 3745 1164; x_wconf 89' lang='lat' dir='ltr'><strong>in</strong></span> 
     </span>
    </p>
   </div>
   <div class='ocr_carea' id='block_1_26' title="bbox 2176 1197 3743 1268">
    <p class='ocr_par' dir='ltr' id='par_1_26' title="bbox 2176 1197 3743 1268">
     <span class='ocr_line' id='line_1_26' title="bbox 2176 1197 3743 1268; baseline 0.004 -20"><span class='ocrx_word' id='word_1_203' title='bbox 2176 1216 2193 1247; x_wconf 72' lang='grc' dir='ltr'><strong>ι</strong></span> <span class='ocrx_word' id='word_1_204' title='bbox 2230 1212 2389 1251; x_wconf 88' lang='lat' dir='ltr'><strong>manu</strong></span> <span class='ocrx_word' id='word_1_205' title='bbox 2417 1198 2584 1252; x_wconf 89' lang='lat' dir='ltr'><strong>David</strong></span> <span class='ocrx_word' id='word_1_206' title='bbox 2612 1207 2667 1252; x_wconf 89' lang='lat' dir='ltr'><strong>et</strong></span> <span class='ocrx_word' id='word_1_207' title='bbox 2693 1213 2970 1253; x_wconf 86' lang='lat' dir='ltr'><strong>servorum</strong></span> <span class='ocrx_word' id='word_1_208' title='bbox 3013 1197 3157 1267; x_wconf 84' lang='lat' dir='ltr'><strong>ejus,</strong></span> <span class='ocrx_word' id='word_1_209' title='bbox 3194 1207 3299 1253; x_wconf 89' lang='lat' dir='ltr'><strong>etc.</strong></span> <span class='ocrx_word' id='word_1_210' title='bbox 3337 1218 3355 1251; x_wconf 79' lang='grc' dir='ltr'><strong>ι</strong></span> <span class='ocrx_word' id='word_1_211' title='bbox 3389 1199 3525 1268; x_wconf 87' lang='lat' dir='ltr'><strong>Quid</strong></span> <span class='ocrx_word' id='word_1_212' title='bbox 3565 1208 3743 1254; x_wconf 87' lang='lat' dir='ltr'><strong>autem</strong></span> 
     </span>
    </p>
   </div>
   <div class='ocr_carea' id='block_1_27' title="bbox 2169 1288 3744 1359">
    <p class='ocr_par' dir='ltr' id='par_1_27' title="bbox 2169 1288 3744 1359">
     <span class='ocr_line' id='line_1_27' title="bbox 2169 1288 3744 1359; baseline 0.002 -18"><span class='ocrx_word' id='word_1_213' title='bbox 2169 1297 2400 1357; x_wconf 87' lang='lat' dir='ltr'><strong>quatuor</strong></span> <span class='ocrx_word' id='word_1_214' title='bbox 2438 1288 2574 1344; x_wconf 88' lang='lat' dir='ltr'><strong>bella</strong></span> <span class='ocrx_word' id='word_1_215' title='bbox 2620 1288 2721 1343; x_wconf 85' lang='lat' dir='ltr'><strong>ista</strong></span> <span class='ocrx_word' id='word_1_216' title='bbox 2762 1289 2929 1343; x_wconf 87' lang='lat' dir='ltr'><strong>David</strong></span> <span class='ocrx_word' id='word_1_217' title='bbox 2977 1298 3033 1344; x_wconf 88' lang='lat' dir='ltr'><strong>et</strong></span> <span class='ocrx_word' id='word_1_218' title='bbox 3072 1305 3353 1344; x_wconf 88' lang='lat' dir='ltr'><strong>servorum</strong></span> <span class='ocrx_word' id='word_1_219' title='bbox 3398 1306 3514 1359; x_wconf 77' lang='lat' dir='ltr'><strong>ejus</strong></span> <span class='ocrx_word' id='word_1_220' title='bbox 3557 1300 3744 1346; x_wconf 83' lang='lat' dir='ltr'><strong>contra</strong></span> 
     </span>
    </p>
   </div>
   <div class='ocr_carea' id='block_1_28' title="bbox 2171 1378 3746 1451">
    <p class='ocr_par' dir='ltr' id='par_1_28' title="bbox 2171 1378 3746 1451">
     <span class='ocr_line' id='line_1_28' title="bbox 2171 1378 3746 1451; baseline 0.001 -18"><span class='ocrx_word' id='word_1_221' title='bbox 2171 1380 2485 1435; x_wconf 70' lang='lat' dir='ltr'><strong>Palaestinos</strong></span> <span class='ocrx_word' id='word_1_222' title='bbox 2532 1378 2871 1451; x_wconf 84' lang='lat' dir='ltr'><strong>signiﬁcant,</strong></span> <span class='ocrx_word' id='word_1_223' title='bbox 2926 1379 3031 1434; x_wconf 90' lang='lat' dir='ltr'><strong>nisi</strong></span> <span class='ocrx_word' id='word_1_224' title='bbox 3076 1379 3274 1435; x_wconf 87' lang='lat' dir='ltr'><strong>bellum</strong></span> <span class='ocrx_word' id='word_1_225' title='bbox 3317 1380 3557 1446; x_wconf 87' lang='lat' dir='ltr'><strong>Christi,</strong></span> <span class='ocrx_word' id='word_1_226' title='bbox 3603 1381 3746 1450; x_wconf 85' lang='lat' dir='ltr'><strong>quod</strong></span> 
     </span>
    </p>
   </div>
   <div class='ocr_carea' id='block_1_29' title="bbox 2169 1469 3745 1539">
    <p class='ocr_par' dir='ltr' id='par_1_29' title="bbox 2169 1469 3745 1539">
     <span class='ocr_line' id='line_1_29' title="bbox 2169 1469 3745 1539; baseline 0 -15"><span class='ocrx_word' id='word_1_227' title='bbox 2169 1469 2315 1524; x_wconf 91' lang='lat' dir='ltr'><strong>omni</strong></span> <span class='ocrx_word' id='word_1_228' title='bbox 2366 1478 2607 1539; x_wconf 89' lang='lat' dir='ltr'><strong>tempore</strong></span> <span class='ocrx_word' id='word_1_229' title='bbox 2651 1469 2808 1525; x_wconf 91' lang='lat' dir='ltr'><strong>istius</strong></span> <span class='ocrx_word' id='word_1_230' title='bbox 2836 1471 2963 1526; x_wconf 66' lang='lat' dir='ltr'><strong>vitae</strong></span> <span class='ocrx_word' id='word_1_231' title='bbox 3010 1470 3063 1524; x_wconf 90' lang='lat' dir='ltr'><strong>in</strong></span> <span class='ocrx_word' id='word_1_232' title='bbox 3108 1471 3364 1526; x_wconf 90' lang='lat' dir='ltr'><strong>membris</strong></span> <span class='ocrx_word' id='word_1_233' title='bbox 3410 1472 3522 1526; x_wconf 89' lang='lat' dir='ltr'><strong>suis</strong></span> <span class='ocrx_word' id='word_1_234' title='bbox 3558 1480 3745 1526; x_wconf 86' lang='lat' dir='ltr'><strong>contra</strong></span> 
     </span>
    </p>
   </div>
   <div class='ocr_carea' id='block_1_30' title="bbox 2168 1560 3746 1632">
    <p class='ocr_par' dir='ltr' id='par_1_30' title="bbox 2168 1560 3746 1632">
     <span class='ocr_line' id='line_1_30' title="bbox 2168 1560 3746 1632; baseline 0.001 -18"><span class='ocrx_word' id='word_1_235' title='bbox 2168 1560 2402 1631; x_wconf 89' lang='lat' dir='ltr'><strong>perﬁdos</strong></span> <span class='ocrx_word' id='word_1_236' title='bbox 2428 1576 2670 1631; x_wconf 89' lang='lat' dir='ltr'><strong>quosque</strong></span> <span class='ocrx_word' id='word_1_237' title='bbox 2695 1561 2850 1617; x_wconf 88' lang='lat' dir='ltr'><strong>istius</strong></span> <span class='ocrx_word' id='word_1_238' title='bbox 2887 1561 3095 1626; x_wconf 69' lang='lat' dir='ltr'><strong>saeculi,</strong></span> <span class='ocrx_word' id='word_1_239' title='bbox 3142 1569 3199 1615; x_wconf 88' lang='lat' dir='ltr'><strong>et</strong></span> <span class='ocrx_word' id='word_1_240' title='bbox 3242 1569 3430 1616; x_wconf 90' lang='lat' dir='ltr'><strong>contra</strong></span> <span class='ocrx_word' id='word_1_241' title='bbox 3476 1561 3746 1632; x_wconf 85' lang='lat' dir='ltr'><strong>spiritales</strong></span> 
     </span>
    </p>
   </div>
   <div class='ocr_carea' id='block_1_31' title="bbox 2169 1651 3747 1721">
    <p class='ocr_par' dir='ltr' id='par_1_31' title="bbox 2169 1651 3747 1721">
     <span class='ocr_line' id='line_1_31' title="bbox 2169 1651 3747 1721; baseline -0.001 -16"><span class='ocrx_word' id='word_1_242' title='bbox 2169 1651 2438 1720; x_wconf 87' lang='lat' dir='ltr'><strong>nequitias</strong></span> <span class='ocrx_word' id='word_1_243' title='bbox 2472 1651 2808 1707; x_wconf 89' lang='lat' dir='ltr'><strong>incessanter</strong></span> <span class='ocrx_word' id='word_1_244' title='bbox 2837 1652 2988 1721; x_wconf 81' lang='lat' dir='ltr'><strong>agit?</strong></span> <span class='ocrx_word' id='word_1_245' title='bbox 3020 1651 3170 1707; x_wconf 88' lang='lat' dir='ltr'><strong>Licet</strong></span> <span class='ocrx_word' id='word_1_246' title='bbox 3198 1652 3345 1708; x_wconf 86' lang='lat' dir='ltr'><strong>enim</strong></span> <span class='ocrx_word' id='word_1_247' title='bbox 3384 1651 3554 1707; x_wconf 85' lang='lat' dir='ltr'><strong>fastus</strong></span> <span class='ocrx_word' id='word_1_248' title='bbox 3592 1665 3747 1704; x_wconf 83' lang='lat' dir='ltr'><strong>mun-</strong></span> 
     </span>
    </p>
   </div>
   <div class='ocr_carea' id='block_1_32' title="bbox 2172 1742 3746 1814">
    <p class='ocr_par' dir='ltr' id='par_1_32' title="bbox 2172 1742 3746 1814">
     <span class='ocr_line' id='line_1_32' title="bbox 2172 1742 3746 1814; baseline 0.004 -18"><span class='ocrx_word' id='word_1_249' title='bbox 2172 1742 2360 1808; x_wconf 89' lang='lat' dir='ltr'><strong>danus,</strong></span> <span class='ocrx_word' id='word_1_250' title='bbox 2392 1742 2477 1796; x_wconf 89' lang='lat' dir='ltr'><strong>vel</strong></span> <span class='ocrx_word' id='word_1_251' title='bbox 2501 1743 2827 1812; x_wconf 82' lang='lat' dir='ltr'><strong>protervitas</strong></span> <span class='ocrx_word' id='word_1_252' title='bbox 2851 1743 3207 1814; x_wconf 79' lang='lat' dir='ltr'><strong>malignorum</strong></span> <span class='ocrx_word' id='word_1_253' title='bbox 3237 1744 3523 1813; x_wconf 81' lang='lat' dir='ltr'><strong>spirituum</strong></span> <span class='ocrx_word' id='word_1_254' title='bbox 3553 1761 3613 1801; x_wconf 91' lang='lat' dir='ltr'><strong>sc</strong></span> <span class='ocrx_word' id='word_1_255' title='bbox 3641 1747 3746 1801; x_wconf 77' lang='lat' dir='ltr'><strong>cri—</strong></span> 
     </span>
    </p>
   </div>
   <div class='ocr_carea' id='block_1_33' title="bbox 489 1815 3744 1905">
    <p class='ocr_par' dir='ltr' id='par_1_33' title="bbox 489 1815 3744 1905">
     <span class='ocr_line' id='line_1_33' title="bbox 489 1815 3744 1905; baseline 0.002 -22"><span class='ocrx_word' id='word_1_256' title='bbox 489 1831 661 1901; x_wconf 86' lang='lat' dir='ltr'><strong>lignos</strong></span> <span class='ocrx_word' id='word_1_257' title='bbox 708 1831 933 1900; x_wconf 88' lang='lat' dir='ltr'><strong>spiritus</strong></span> <span class='ocrx_word' id='word_1_258' title='bbox 974 1831 1156 1900; x_wconf 84' lang='lat' dir='ltr'><strong>pravis</strong></span> <span class='ocrx_word' id='word_1_259' title='bbox 1198 1828 1629 1899; x_wconf 75' lang='lat' dir='ltr'><strong>suggestionibus</strong></span> <span class='ocrx_word' id='word_1_260' title='bbox 1674 1844 1860 1884; x_wconf 90' lang='lat' dir='ltr'><strong>eorum</strong></span> <span class='ocrx_word' id='word_1_261' title='bbox 1901 1830 2066 1884; x_wconf 85' lang='lat' dir='ltr'><strong>vitam</strong></span> <span class='ocrx_word' id='word_1_262' title='bbox 2095 1815 2143 1873; x_wconf 80' lang='grc' dir='ltr'>Β</span> <span class='ocrx_word' id='word_1_263' title='bbox 2170 1840 2263 1903; x_wconf 83' lang='lat' dir='ltr'><strong>gat</strong></span> <span class='ocrx_word' id='word_1_264' title='bbox 2286 1842 2477 1888; x_wconf 90' lang='lat' dir='ltr'><strong>contra</strong></span> <span class='ocrx_word' id='word_1_265' title='bbox 2511 1833 2808 1889; x_wconf 88' lang='lat' dir='ltr'><strong>Ecclesiam</strong></span> <span class='ocrx_word' id='word_1_266' title='bbox 2835 1833 3062 1898; x_wconf 81' lang='lat' dir='ltr'><strong>Christi,</strong></span> <span class='ocrx_word' id='word_1_267' title='bbox 3103 1835 3280 1889; x_wconf 91' lang='lat' dir='ltr'><strong>omnis</strong></span> <span class='ocrx_word' id='word_1_268' title='bbox 3319 1844 3500 1891; x_wconf 88' lang='lat' dir='ltr'><strong>tamen</strong></span> <span class='ocrx_word' id='word_1_269' title='bbox 3540 1836 3744 1905; x_wconf 88' lang='lat' dir='ltr'><strong>princi-</strong></span> 
     </span>
    </p>
   </div>
   <div class='ocr_carea' id='block_1_34' title="bbox 488 1919 1105 1989">
    <p class='ocr_par' dir='ltr' id='par_1_34' title="bbox 488 1919 1105 1989">
     <span class='ocr_line' id='line_1_34' title="bbox 488 1919 1105 1989; baseline 0.002 -17"><span class='ocrx_word' id='word_1_270' title='bbox 488 1919 713 1976; x_wconf 87' lang='lat' dir='ltr'><strong>ulterius</strong></span> <span class='ocrx_word' id='word_1_271' title='bbox 740 1934 1105 1989; x_wconf 87' lang='lat' dir='ltr'><strong>corrumpere.</strong></span> 
     </span>
    </p>
   </div>
   <div class='ocr_carea' id='block_1_35' title="bbox 565 2009 2066 2079">
    <p class='ocr_par' dir='ltr' id='par_1_35' title="bbox 565 2009 2066 2079">
     <span class='ocr_line' id='line_1_35' title="bbox 565 2009 2066 2079; baseline 0.001 -17"><span class='ocrx_word' id='word_1_272' title='bbox 565 2030 584 2062; x_wconf 75' lang='grc' dir='ltr'>σ</span> <span class='ocrx_word' id='word_1_273' title='bbox 609 2010 827 2065; x_wconf 83' lang='lat' dir='ltr'><strong>Factum</strong></span> <span class='ocrx_word' id='word_1_274' title='bbox 845 2018 929 2066; x_wconf 87' lang='lat' dir='ltr'><strong>est</strong></span> <span class='ocrx_word' id='word_1_275' title='bbox 946 2018 1125 2065; x_wconf 89' lang='lat' dir='ltr'><strong>autem</strong></span> <span class='ocrx_word' id='word_1_276' title='bbox 1149 2026 1363 2065; x_wconf 89' lang='lat' dir='ltr'><strong>rursum</strong></span> <span class='ocrx_word' id='word_1_277' title='bbox 1390 2010 1635 2079; x_wconf 68' lang='lat' dir='ltr'><strong>prmlium</strong></span> <span class='ocrx_word' id='word_1_278' title='bbox 1658 2009 2066 2066; x_wconf 86' lang='lat' dir='ltr'><strong>Philistinorum</strong></span> 
     </span>
    </p>
   </div>
   <div class='ocr_carea' id='block_1_36' title="bbox 495 2100 2068 2171">
    <p class='ocr_par' dir='ltr' id='par_1_36' title="bbox 495 2100 2068 2171">
     <span class='ocr_line' id='line_1_36' title="bbox 495 2100 2068 2171; baseline 0.001 -17"><span class='ocrx_word' id='word_1_279' title='bbox 495 2122 516 2154; x_wconf 75' lang='grc' dir='ltr'>σ</span> <span class='ocrx_word' id='word_1_280' title='bbox 553 2103 835 2158; x_wconf 89' lang='lat' dir='ltr'><strong>adversum</strong></span> <span class='ocrx_word' id='word_1_281' title='bbox 873 2101 1072 2167; x_wconf 86' lang='lat' dir='ltr'><strong>Israel,</strong></span> <span class='ocrx_word' id='word_1_282' title='bbox 1102 2109 1156 2156; x_wconf 89' lang='lat' dir='ltr'><strong>et</strong></span> <span class='ocrx_word' id='word_1_283' title='bbox 1182 2102 1462 2159; x_wconf 87' lang='lat' dir='ltr'><strong>descendit</strong></span> <span class='ocrx_word' id='word_1_284' title='bbox 1490 2100 1658 2156; x_wconf 90' lang='lat' dir='ltr'><strong>David</strong></span> <span class='ocrx_word' id='word_1_285' title='bbox 1684 2109 1739 2155; x_wconf 92' lang='lat' dir='ltr'><strong>et</strong></span> <span class='ocrx_word' id='word_1_286' title='bbox 1769 2101 1912 2156; x_wconf 88' lang='lat' dir='ltr'><strong>servi</strong></span> <span class='ocrx_word' id='word_1_287' title='bbox 1949 2101 2068 2171; x_wconf 88' lang='lat' dir='ltr'><strong>ejus</strong></span> 
     </span>
    </p>
   </div>
   <div class='ocr_carea' id='block_1_37' title="bbox 494 2190 2064 2262">
    <p class='ocr_par' dir='ltr' id='par_1_37' title="bbox 494 2190 2064 2262">
     <span class='ocr_line' id='line_1_37' title="bbox 494 2190 2064 2262; baseline 0.002 -18"><span class='ocrx_word' id='word_1_288' title='bbox 494 2211 514 2244; x_wconf 74' lang='grc' dir='ltr'><strong>ι</strong></span> <span class='ocrx_word' id='word_1_289' title='bbox 548 2208 668 2249; x_wconf 86' lang='lat' dir='ltr'><strong>eum</strong></span> <span class='ocrx_word' id='word_1_290' title='bbox 708 2209 804 2260; x_wconf 88' lang='lat' dir='ltr'><strong>eo,</strong></span> <span class='ocrx_word' id='word_1_291' title='bbox 844 2201 902 2248; x_wconf 85' lang='lat' dir='ltr'><strong>et</strong></span> <span class='ocrx_word' id='word_1_292' title='bbox 943 2193 1270 2262; x_wconf 75' lang='lat' dir='ltr'><strong>pugnabant.</strong></span> <span class='ocrx_word' id='word_1_293' title='bbox 1318 2190 1616 2247; x_wconf 88' lang='lat' dir='ltr'><strong>Deﬁciente</strong></span> <span class='ocrx_word' id='word_1_294' title='bbox 1653 2200 1832 2246; x_wconf 85' lang='lat' dir='ltr'><strong>autem</strong></span> <span class='ocrx_word' id='word_1_295' title='bbox 1875 2192 2064 2259; x_wconf 90' lang='lat' dir='ltr'><strong>David,</strong></span> 
     </span>
    </p>
   </div>
   <div class='ocr_carea' id='block_1_38' title="bbox 492 2283 2067 2355">
    <p class='ocr_par' dir='ltr' id='par_1_38' title="bbox 492 2283 2067 2355">
     <span class='ocr_line' id='line_1_38' title="bbox 492 2283 2067 2355; baseline 0.001 -19"><span class='ocrx_word' id='word_1_296' title='bbox 492 2304 515 2336; x_wconf 73' lang='grc' dir='ltr'><strong>ι</strong></span> <span class='ocrx_word' id='word_1_297' title='bbox 545 2284 885 2351; x_wconf 83' lang='lat' dir='ltr'><strong>Jesbibenob,</strong></span> <span class='ocrx_word' id='word_1_298' title='bbox 915 2284 1006 2355; x_wconf 87' lang='lat' dir='ltr'><strong>qui</strong></span> <span class='ocrx_word' id='word_1_299' title='bbox 1035 2283 1136 2339; x_wconf 79' lang='lat' dir='ltr'><strong>fuit</strong></span> <span class='ocrx_word' id='word_1_300' title='bbox 1163 2284 1230 2338; x_wconf 90' lang='lat' dir='ltr'><strong>de</strong></span> <span class='ocrx_word' id='word_1_301' title='bbox 1252 2297 1452 2353; x_wconf 80' lang='lat' dir='ltr'><strong>genere</strong></span> <span class='ocrx_word' id='word_1_302' title='bbox 1471 2283 1709 2353; x_wconf 88' lang='lat' dir='ltr'><strong>Arapha,</strong></span> <span class='ocrx_word' id='word_1_303' title='bbox 1738 2283 1890 2352; x_wconf 88' lang='lat' dir='ltr'><strong>cujus</strong></span> <span class='ocrx_word' id='word_1_304' title='bbox 1911 2283 2067 2339; x_wconf 86' lang='lat' dir='ltr'><strong>hasta</strong></span> 
     </span>
    </p>
   </div>
   <div class='ocr_carea' id='block_1_39' title="bbox 493 2364 2070 2443">
    <p class='ocr_par' dir='ltr' id='par_1_39' title="bbox 493 2364 2070 2443">
     <span class='ocr_line' id='line_1_39' title="bbox 493 2364 2070 2443; baseline 0.001 -18"><span class='ocrx_word' id='word_1_305' title='bbox 493 2392 513 2425; x_wconf 72' lang='grc' dir='ltr'>ς</span> <span class='ocrx_word' id='word_1_306' title='bbox 554 2383 820 2431; x_wconf 85' lang='lat' dir='ltr'><strong>trecentas</strong></span> <span class='ocrx_word' id='word_1_307' title='bbox 844 2374 1032 2431; x_wconf 89' lang='lat' dir='ltr'><strong>uncias</strong></span> <span class='ocrx_word' id='word_1_308' title='bbox 1055 2373 1485 2443; x_wconf 89' lang='lat' dir='ltr'><strong>appendebat,et</strong></span> <span class='ocrx_word' id='word_1_309' title='bbox 1506 2374 1781 2428; x_wconf 88' lang='lat' dir='ltr'><strong>accinctus</strong></span> <span class='ocrx_word' id='word_1_310' title='bbox 1800 2364 1918 2428; x_wconf 88' lang='lat' dir='ltr'><strong>erat</strong></span> <span class='ocrx_word' id='word_1_311' title='bbox 1938 2387 2070 2429; x_wconf 90' lang='lat' dir='ltr'><strong>ense</strong></span> 
     </span>
    </p>
   </div>
   <div class='ocr_carea' id='block_1_40' title="bbox 491 2464 2071 2536">
    <p class='ocr_par' dir='ltr' id='par_1_40' title="bbox 491 2464 2071 2536">
     <span class='ocr_line' id='line_1_40' title="bbox 491 2464 2071 2536; baseline 0 -17"><span class='ocrx_word' id='word_1_312' title='bbox 491 2482 706 2532; x_wconf 70' lang='lat' dir='ltr'><strong>t-novo,</strong></span> <span class='ocrx_word' id='word_1_313' title='bbox 733 2467 884 2522; x_wconf 88' lang='lat' dir='ltr'><strong>nisus</strong></span> <span class='ocrx_word' id='word_1_314' title='bbox 912 2473 997 2522; x_wconf 90' lang='lat' dir='ltr'><strong>est</strong></span> <span class='ocrx_word' id='word_1_315' title='bbox 1030 2474 1317 2536; x_wconf 87' lang='lat' dir='ltr'><strong>percutere</strong></span> <span class='ocrx_word' id='word_1_316' title='bbox 1347 2465 1535 2521; x_wconf 89' lang='lat' dir='ltr'><strong>David.</strong></span> <span class='ocrx_word' id='word_1_317' title='bbox 1568 2464 1937 2534; x_wconf 67' lang='lat' dir='ltr'><strong>Prwsidioque</strong></span> <span class='ocrx_word' id='word_1_318' title='bbox 1969 2465 2071 2519; x_wconf 83' lang='lat' dir='ltr'><strong>fuit</strong></span> 
     </span>
    </p>
   </div>
   <div class='ocr_carea' id='block_1_41' title="bbox 493 2556 2067 2627">
    <p class='ocr_par' dir='ltr' id='par_1_41' title="bbox 493 2556 2067 2627">
     <span class='ocr_line' id='line_1_41' title="bbox 493 2556 2067 2627; baseline 0.003 -18"><span class='ocrx_word' id='word_1_319' title='bbox 493 2577 511 2609; x_wconf 77' lang='grc' dir='ltr'><strong>ι</strong></span> <span class='ocrx_word' id='word_1_320' title='bbox 546 2558 729 2614; x_wconf 77' lang='lat' dir='ltr'><strong>Abisai</strong></span> <span class='ocrx_word' id='word_1_321' title='bbox 759 2558 901 2613; x_wconf 90' lang='lat' dir='ltr'><strong>ﬁlius</strong></span> <span class='ocrx_word' id='word_1_322' title='bbox 928 2556 1151 2622; x_wconf 60' lang='lat' dir='ltr'><strong>Serviat,</strong></span> <span class='ocrx_word' id='word_1_323' title='bbox 1184 2567 1241 2613; x_wconf 90' lang='lat' dir='ltr'><strong>et</strong></span> <span class='ocrx_word' id='word_1_324' title='bbox 1268 2571 1583 2627; x_wconf 81' lang='lat' dir='ltr'><strong>percussum</strong></span> <span class='ocrx_word' id='word_1_325' title='bbox 1620 2557 1954 2614; x_wconf 69' lang='lat' dir='ltr'><strong>Philistmum</strong></span> <span class='ocrx_word' id='word_1_326' title='bbox 1985 2558 2067 2613; x_wconf 89' lang='lat' dir='ltr'><strong>in-</strong></span> 
     </span>
    </p>
   </div>
   <div class='ocr_carea' id='block_1_42' title="bbox 491 2646 2065 2715">
    <p class='ocr_par' dir='ltr' id='par_1_42' title="bbox 491 2646 2065 2715">
     <span class='ocr_line' id='line_1_42' title="bbox 491 2646 2065 2715; baseline 0.002 -17"><span class='ocrx_word' id='word_1_327' title='bbox 491 2667 511 2698; x_wconf 76' lang='grc' dir='ltr'><strong>σ</strong></span> <span class='ocrx_word' id='word_1_328' title='bbox 548 2646 780 2703; x_wconf 82' lang='lat' dir='ltr'><strong>terfecit.</strong></span> <span class='ocrx_word' id='word_1_329' title='bbox 825 2646 977 2702; x_wconf 87' lang='lat' dir='ltr'><strong>Tunc</strong></span> <span class='ocrx_word' id='word_1_330' title='bbox 1016 2646 1337 2715; x_wconf 87' lang='lat' dir='ltr'><strong>jnraverunt</strong></span> <span class='ocrx_word' id='word_1_331' title='bbox 1378 2647 1482 2701; x_wconf 89' lang='lat' dir='ltr'><strong>viri</strong></span> <span class='ocrx_word' id='word_1_332' title='bbox 1531 2647 1731 2714; x_wconf 81' lang='lat' dir='ltr'><strong>David,</strong></span> <span class='ocrx_word' id='word_1_333' title='bbox 1784 2649 2065 2704; x_wconf 88' lang='lat' dir='ltr'><strong>dicentes:</strong></span> 
     </span>
    </p>
   </div>
   <div class='ocr_carea' id='block_1_43' title="bbox 491 2737 2069 2809">
    <p class='ocr_par' dir='ltr' id='par_1_43' title="bbox 491 2737 2069 2809">
     <span class='ocr_line' id='line_1_43' title="bbox 491 2737 2069 2809; baseline 0.004 -20"><span class='ocrx_word' id='word_1_334' title='bbox 491 2757 511 2789; x_wconf 72' lang='grc' dir='ltr'><strong>ι</strong></span> <span class='ocrx_word' id='word_1_335' title='bbox 544 2737 659 2793; x_wconf 86' lang='grc' dir='ltr'>Νοιι</span> <span class='ocrx_word' id='word_1_336' title='bbox 690 2737 987 2809; x_wconf 86' lang='lat' dir='ltr'><strong>egredieris</strong></span> <span class='ocrx_word' id='word_1_337' title='bbox 1007 2738 1287 2793; x_wconf 87' lang='lat' dir='ltr'><strong>nobiscum</strong></span> <span class='ocrx_word' id='word_1_338' title='bbox 1317 2739 1385 2793; x_wconf 87' lang='lat' dir='ltr'><strong>ad</strong></span> <span class='ocrx_word' id='word_1_339' title='bbox 1414 2738 1635 2804; x_wconf 85' lang='lat' dir='ltr'><strong>bellum,</strong></span> <span class='ocrx_word' id='word_1_340' title='bbox 1666 2755 1734 2794; x_wconf 92' lang='lat' dir='ltr'><strong>ne</strong></span> <span class='ocrx_word' id='word_1_341' title='bbox 1755 2739 2069 2809; x_wconf 82' lang='lat' dir='ltr'><strong>exstinguas</strong></span> 
     </span>
    </p>
   </div>
   <div class='ocr_carea' id='block_1_44' title="bbox 491 2826 2067 2900">
    <p class='ocr_par' dir='ltr' id='par_1_44' title="bbox 491 2826 2067 2900">
     <span class='ocr_line' id='line_1_44' title="bbox 491 2826 2067 2900; baseline 0.003 -21"><span class='ocrx_word' id='word_1_342' title='bbox 491 2846 510 2879; x_wconf 70' lang='grc' dir='ltr'><strong>ι</strong></span> <span class='ocrx_word' id='word_1_343' title='bbox 547 2827 821 2882; x_wconf 83' lang='lat' dir='ltr'><strong>lucernam</strong></span> <span class='ocrx_word' id='word_1_344' title='bbox 848 2827 1038 2883; x_wconf 87' lang='lat' dir='ltr'><strong>Israel.</strong></span> <span class='ocrx_word' id='word_1_345' title='bbox 1068 2826 1376 2883; x_wconf 82' lang='lat' dir='ltr'><strong>Secundum</strong></span> <span class='ocrx_word' id='word_1_346' title='bbox 1408 2844 1621 2900; x_wconf 85' lang='lat' dir='ltr'><strong>quoque</strong></span> <span class='ocrx_word' id='word_1_347' title='bbox 1651 2828 1752 2883; x_wconf 82' lang='lat' dir='ltr'><strong>fuit</strong></span> <span class='ocrx_word' id='word_1_348' title='bbox 1784 2828 1983 2884; x_wconf 86' lang='lat' dir='ltr'><strong>bellum</strong></span> <span class='ocrx_word' id='word_1_349' title='bbox 2013 2829 2067 2884; x_wconf 90' lang='lat' dir='ltr'><strong>in</strong></span> 
     </span>
    </p>
   </div>
   <div class='ocr_carea' id='block_1_45' title="bbox 490 2918 2068 2991">
    <p class='ocr_par' dir='ltr' id='par_1_45' title="bbox 490 2918 2068 2991">
     <span class='ocr_line' id='line_1_45' title="bbox 490 2918 2068 2991; baseline 0.003 -22"><span class='ocrx_word' id='word_1_350' title='bbox 490 2937 509 2969; x_wconf 73' lang='grc' dir='ltr'><strong>ι</strong></span> <span class='ocrx_word' id='word_1_351' title='bbox 544 2918 662 2974; x_wconf 80' lang='lat' dir='ltr'><strong>Gob</strong></span> <span class='ocrx_word' id='word_1_352' title='bbox 695 2927 885 2974; x_wconf 89' lang='lat' dir='ltr'><strong>contra</strong></span> <span class='ocrx_word' id='word_1_353' title='bbox 928 2919 1254 2975; x_wconf 72' lang='lat' dir='ltr'><strong>Philistzeos.</strong></span> <span class='ocrx_word' id='word_1_354' title='bbox 1300 2920 1453 2976; x_wconf 90' lang='lat' dir='ltr'><strong>Tunc</strong></span> <span class='ocrx_word' id='word_1_355' title='bbox 1496 2921 1765 2991; x_wconf 86' lang='lat' dir='ltr'><strong>percussit</strong></span> <span class='ocrx_word' id='word_1_356' title='bbox 1802 2919 2068 2977; x_wconf 86' lang='lat' dir='ltr'><strong>Sobochai</strong></span> 
     </span>
    </p>
   </div>
   <div class='ocr_carea' id='block_1_46' title="bbox 488 3010 2068 3085">
    <p class='ocr_par' dir='ltr' id='par_1_46' title="bbox 488 3010 2068 3085">
     <span class='ocr_line' id='line_1_46' title="bbox 488 3010 2068 3085; baseline 0 -17"><span class='ocrx_word' id='word_1_357' title='bbox 488 3029 509 3060; x_wconf 72' lang='grc' dir='ltr'><strong>ε</strong></span> <span class='ocrx_word' id='word_1_358' title='bbox 542 3012 611 3068; x_wconf 89' lang='lat' dir='ltr'><strong>de</strong></span> <span class='ocrx_word' id='word_1_359' title='bbox 631 3010 859 3066; x_wconf 83' lang='lat' dir='ltr'><strong>Busathi</strong></span> <span class='ocrx_word' id='word_1_360' title='bbox 883 3010 1029 3081; x_wconf 88' lang='lat' dir='ltr'><strong>Saph</strong></span> <span class='ocrx_word' id='word_1_361' title='bbox 1052 3012 1117 3067; x_wconf 91' lang='lat' dir='ltr'><strong>de</strong></span> <span class='ocrx_word' id='word_1_362' title='bbox 1138 3012 1306 3083; x_wconf 88' lang='lat' dir='ltr'><strong>stirpe</strong></span> <span class='ocrx_word' id='word_1_363' title='bbox 1329 3012 1561 3082; x_wconf 79' lang='lat' dir='ltr'><strong>Arapha.</strong></span> <span class='ocrx_word' id='word_1_364' title='bbox 1591 3014 1831 3071; x_wconf 89' lang='lat' dir='ltr'><strong>Tertium</strong></span> <span class='ocrx_word' id='word_1_365' title='bbox 1854 3029 2068 3085; x_wconf 84' lang='lat' dir='ltr'><strong>quoque</strong></span> 
     </span>
    </p>
   </div>
   <div class='ocr_carea' id='block_1_47' title="bbox 486 3100 2062 3175">
    <p class='ocr_par' dir='ltr' id='par_1_47' title="bbox 486 3100 2062 3175">
     <span class='ocr_line' id='line_1_47' title="bbox 486 3100 2062 3175; baseline 0.003 -21"><span class='ocrx_word' id='word_1_366' title='bbox 486 3120 507 3154; x_wconf 70' lang='grc' dir='ltr'><strong>ι</strong></span> <span class='ocrx_word' id='word_1_367' title='bbox 545 3101 644 3157; x_wconf 82' lang='lat' dir='ltr'><strong>iuit</strong></span> <span class='ocrx_word' id='word_1_368' title='bbox 672 3101 870 3157; x_wconf 87' lang='lat' dir='ltr'><strong>bellum</strong></span> <span class='ocrx_word' id='word_1_369' title='bbox 897 3103 952 3157; x_wconf 90' lang='lat' dir='ltr'><strong>in</strong></span> <span class='ocrx_word' id='word_1_370' title='bbox 974 3100 1113 3167; x_wconf 86' lang='lat' dir='ltr'><strong>Gob,</strong></span> <span class='ocrx_word' id='word_1_371' title='bbox 1144 3112 1333 3158; x_wconf 87' lang='lat' dir='ltr'><strong>contra</strong></span> <span class='ocrx_word' id='word_1_372' title='bbox 1364 3103 1701 3161; x_wconf 63' lang='lat' dir='ltr'><strong>Philistseos:</strong></span> <span class='ocrx_word' id='word_1_373' title='bbox 1735 3106 1789 3160; x_wconf 91' lang='lat' dir='ltr'><strong>in</strong></span> <span class='ocrx_word' id='word_1_374' title='bbox 1815 3120 1923 3175; x_wconf 88' lang='lat' dir='ltr'><strong>quo</strong></span> <span class='ocrx_word' id='word_1_375' title='bbox 1944 3119 2062 3173; x_wconf 91' lang='lat' dir='ltr'><strong>per-</strong></span> 
     </span>
    </p>
   </div>
   <div class='ocr_carea' id='block_1_48' title="bbox 486 3192 2067 3268">
    <p class='ocr_par' dir='ltr' id='par_1_48' title="bbox 486 3192 2067 3268">
     <span class='ocr_line' id='line_1_48' title="bbox 486 3192 2067 3268; baseline 0.006 -24"><span class='ocrx_word' id='word_1_376' title='bbox 486 3211 506 3244; x_wconf 71' lang='lat' dir='ltr'><strong>c</strong></span> <span class='ocrx_word' id='word_1_377' title='bbox 543 3193 711 3249; x_wconf 90' lang='lat' dir='ltr'><strong>cussit</strong></span> <span class='ocrx_word' id='word_1_378' title='bbox 734 3192 1043 3250; x_wconf 83' lang='lat' dir='ltr'><strong>Adeodatus</strong></span> <span class='ocrx_word' id='word_1_379' title='bbox 1071 3194 1214 3250; x_wconf 90' lang='lat' dir='ltr'><strong>ﬁlius</strong></span> <span class='ocrx_word' id='word_1_380' title='bbox 1250 3194 1451 3261; x_wconf 89' lang='lat' dir='ltr'><strong>Saltus,</strong></span> <span class='ocrx_word' id='word_1_381' title='bbox 1479 3197 1884 3268; x_wconf 83' lang='lat' dir='ltr'><strong>Polymitarius,</strong></span> <span class='ocrx_word' id='word_1_382' title='bbox 1906 3197 2067 3254; x_wconf 84' lang='lat' dir='ltr'><strong>Beth-</strong></span> 
     </span>
    </p>
   </div>
   <div class='ocr_carea' id='block_1_49' title="bbox 486 3284 2071 3358">
    <p class='ocr_par' dir='ltr' id='par_1_49' title="bbox 486 3284 2071 3358">
     <span class='ocr_line' id='line_1_49' title="bbox 486 3284 2071 3358; baseline 0.006 -21"><span class='ocrx_word' id='word_1_383' title='bbox 486 3302 507 3336; x_wconf 71' lang='grc' dir='ltr'><strong>ι</strong></span> <span class='ocrx_word' id='word_1_384' title='bbox 545 3284 808 3350; x_wconf 88' lang='lat' dir='ltr'><strong>leemites,</strong></span> <span class='ocrx_word' id='word_1_385' title='bbox 837 3285 1019 3343; x_wconf 88' lang='lat' dir='ltr'><strong>Goliat</strong></span> <span class='ocrx_word' id='word_1_386' title='bbox 1044 3286 1346 3355; x_wconf 72' lang='lat' dir='ltr'><strong>Gethzeum,</strong></span> <span class='ocrx_word' id='word_1_387' title='bbox 1369 3288 1522 3358; x_wconf 89' lang='lat' dir='ltr'><strong>cujus</strong></span> <span class='ocrx_word' id='word_1_388' title='bbox 1544 3290 1739 3345; x_wconf 89' lang='lat' dir='ltr'><strong>hastile</strong></span> <span class='ocrx_word' id='word_1_389' title='bbox 1759 3290 1929 3346; x_wconf 72' lang='lat' dir='ltr'><strong>hasta:</strong></span> <span class='ocrx_word' id='word_1_390' title='bbox 1949 3299 2071 3346; x_wconf 83' lang='lat' dir='ltr'><strong>erat</strong></span> 
     </span>
    </p>
   </div>
   <div class='ocr_carea' id='block_1_50' title="bbox 382 3368 2068 3449">
    <p class='ocr_par' dir='ltr' id='par_1_50' title="bbox 382 3368 2068 3449">
     <span class='ocr_line' id='line_1_50' title="bbox 382 3368 2068 3449; baseline 0.005 -24"><span class='ocrx_word' id='word_1_391' title='bbox 382 3368 385 3369; x_wconf 59' lang='grc'><strong><em>⁷</em></strong></span> <span class='ocrx_word' id='word_1_392' title='bbox 485 3394 506 3426; x_wconf 76' lang='grc' dir='ltr'><strong>ι</strong></span> <span class='ocrx_word' id='word_1_393' title='bbox 543 3376 699 3445; x_wconf 90' lang='lat' dir='ltr'><strong>quasi</strong></span> <span class='ocrx_word' id='word_1_394' title='bbox 727 3376 1051 3432; x_wconf 90' lang='lat' dir='ltr'><strong>liciatorium</strong></span> <span class='ocrx_word' id='word_1_395' title='bbox 1090 3379 1409 3446; x_wconf 71' lang='lat' dir='ltr'><strong>terrentium,</strong></span> <span class='ocrx_word' id='word_1_396' title='bbox 1442 3388 1549 3435; x_wconf 91' lang='lat' dir='ltr'><strong>etc.</strong></span> <span class='ocrx_word' id='word_1_397' title='bbox 1591 3399 1609 3431; x_wconf 77' lang='grc' dir='ltr'><strong>ι</strong></span> <span class='ocrx_word' id='word_1_398' title='bbox 1644 3379 1902 3435; x_wconf 83' lang='lat' dir='ltr'><strong>Hebraeus</strong></span> <span class='ocrx_word' id='word_1_399' title='bbox 1938 3394 2068 3449; x_wconf 88' lang='lat' dir='ltr'><strong>ergo</strong></span> 
     </span>
    </p>
   </div>
   <div class='ocr_carea' id='block_1_51' title="bbox 478 3467 2069 3539">
    <p class='ocr_par' dir='ltr' id='par_1_51' title="bbox 478 3467 2069 3539">
     <span class='ocr_line' id='line_1_51' title="bbox 478 3467 2069 3539; baseline 0.002 -17"><span class='ocrx_word' id='word_1_400' title='bbox 478 3469 548 3522; x_wconf 89' lang='lat' dir='ltr'><strong>de</strong></span> <span class='ocrx_word' id='word_1_401' title='bbox 570 3467 944 3524; x_wconf 80' lang='lat' dir='ltr'><strong>Adeodatoita</strong></span> <span class='ocrx_word' id='word_1_402' title='bbox 967 3470 1207 3539; x_wconf 82' lang='lat' dir='ltr'><strong>exponit,</strong></span> <span class='ocrx_word' id='word_1_403' title='bbox 1235 3471 1453 3526; x_wconf 90' lang='lat' dir='ltr'><strong>dicens:</strong></span> <span class='ocrx_word' id='word_1_404' title='bbox 1482 3469 1599 3525; x_wconf 88' lang='lat' dir='ltr'><strong>Geb</strong></span> <span class='ocrx_word' id='word_1_405' title='bbox 1628 3471 1777 3526; x_wconf 90' lang='lat' dir='ltr'><strong>enim</strong></span> <span class='ocrx_word' id='word_1_406' title='bbox 1805 3470 2069 3539; x_wconf 87' lang='lat' dir='ltr'><strong>interpre-</strong></span> 
     </span>
    </p>
   </div>
   <div class='ocr_carea' id='block_1_52' title="bbox 466 3556 2068 3630">
    <p class='ocr_par' dir='ltr' id='par_1_52' title="bbox 466 3556 2068 3630">
     <span class='ocr_line' id='line_1_52' title="bbox 466 3556 2068 3630; baseline 0.002 -20"><span class='ocrx_word' id='word_1_407' title='bbox 466 3564 631 3611; x_wconf 86' lang='lat' dir='ltr'><strong>tatur</strong></span> <span class='ocrx_word' id='word_1_408' title='bbox 657 3556 825 3613; x_wconf 73' lang='lat' dir='ltr'><strong>lacus.</strong></span> <span class='ocrx_word' id='word_1_409' title='bbox 846 3558 1053 3615; x_wconf 88' lang='lat' dir='ltr'><strong>Idcirco</strong></span> <span class='ocrx_word' id='word_1_410' title='bbox 1076 3559 1245 3627; x_wconf 89' lang='lat' dir='ltr'><strong>lacus,</strong></span> <span class='ocrx_word' id='word_1_411' title='bbox 1261 3560 1389 3630; x_wconf 88' lang='lat' dir='ltr'><strong>quia</strong></span> <span class='ocrx_word' id='word_1_412' title='bbox 1414 3561 1557 3616; x_wconf 88' lang='lat' dir='ltr'><strong>sicut</strong></span> <span class='ocrx_word' id='word_1_413' title='bbox 1579 3560 1634 3614; x_wconf 93' lang='lat' dir='ltr'><strong>in</strong></span> <span class='ocrx_word' id='word_1_414' title='bbox 1653 3559 1832 3615; x_wconf 90' lang='lat' dir='ltr'><strong>lacum</strong></span> <span class='ocrx_word' id='word_1_415' title='bbox 1854 3560 2068 3615; x_wconf 92' lang='lat' dir='ltr'><strong>leonum</strong></span> 
     </span>
    </p>
   </div>
   <div class='ocr_carea' id='block_1_53' title="bbox 482 3650 2068 3723">
    <p class='ocr_par' dir='ltr' id='par_1_53' title="bbox 482 3650 2068 3723">
     <span class='ocr_line' id='line_1_53' title="bbox 482 3650 2068 3723; baseline 0.003 -20"><span class='ocrx_word' id='word_1_416' title='bbox 482 3650 603 3720; x_wconf 85' lang='lat' dir='ltr'><strong>quis</strong></span> <span class='ocrx_word' id='word_1_417' title='bbox 630 3650 896 3718; x_wconf 87' lang='lat' dir='ltr'><strong>mittitur,</strong></span> <span class='ocrx_word' id='word_1_418' title='bbox 933 3651 1008 3706; x_wconf 91' lang='lat' dir='ltr'><strong>ita</strong></span> <span class='ocrx_word' id='word_1_419' title='bbox 1042 3652 1392 3723; x_wconf 85' lang='lat' dir='ltr'><strong>semetipsum</strong></span> <span class='ocrx_word' id='word_1_420' title='bbox 1419 3661 1610 3708; x_wconf 89' lang='lat' dir='ltr'><strong>contra</strong></span> <span class='ocrx_word' id='word_1_421' title='bbox 1648 3651 1864 3708; x_wconf 86' lang='lat' dir='ltr'><strong>Goliath</strong></span> <span class='ocrx_word' id='word_1_422' title='bbox 1899 3653 2068 3708; x_wconf 89' lang='lat' dir='ltr'><strong>David</strong></span> 
     </span>
    </p>
   </div>
   <div class='ocr_carea' id='block_1_54' title="bbox 485 3738 2070 3812">
    <p class='ocr_par' dir='ltr' id='par_1_54' title="bbox 485 3738 2070 3812">
     <span class='ocr_line' id='line_1_54' title="bbox 485 3738 2070 3812; baseline 0.004 -19"><span class='ocrx_word' id='word_1_423' title='bbox 485 3740 649 3795; x_wconf 84' lang='lat' dir='ltr'><strong>misit.</strong></span> <span class='ocrx_word' id='word_1_424' title='bbox 676 3738 987 3798; x_wconf 83' lang='lat' dir='ltr'><strong>Adeodatus</strong></span> <span class='ocrx_word' id='word_1_425' title='bbox 1007 3743 1122 3812; x_wconf 88' lang='lat' dir='ltr'><strong>ipse</strong></span> <span class='ocrx_word' id='word_1_426' title='bbox 1139 3750 1224 3798; x_wconf 90' lang='lat' dir='ltr'><strong>est</strong></span> <span class='ocrx_word' id='word_1_427' title='bbox 1244 3743 1431 3799; x_wconf 86' lang='lat' dir='ltr'><strong>David.</strong></span> <span class='ocrx_word' id='word_1_428' title='bbox 1452 3742 1659 3800; x_wconf 90' lang='lat' dir='ltr'><strong>Idcirco</strong></span> <span class='ocrx_word' id='word_1_429' title='bbox 1679 3744 1878 3799; x_wconf 90' lang='lat' dir='ltr'><strong>dicitur</strong></span> <span class='ocrx_word' id='word_1_430' title='bbox 1894 3744 2070 3799; x_wconf 81' lang='lat' dir='ltr'><strong>Adeo-</strong></span> 
     </span>
    </p>
   </div>
   <div class='ocr_carea' id='block_1_55' title="bbox 485 3830 2070 3905">
    <p class='ocr_par' dir='ltr' id='par_1_55' title="bbox 485 3830 2070 3905">
     <span class='ocr_line' id='line_1_55' title="bbox 485 3830 2070 3905; baseline 0.004 -23"><span class='ocrx_word' id='word_1_431' title='bbox 485 3830 661 3895; x_wconf 83' lang='lat' dir='ltr'><strong>datus,</strong></span> <span class='ocrx_word' id='word_1_432' title='bbox 689 3830 815 3900; x_wconf 87' lang='lat' dir='ltr'><strong>quia</strong></span> <span class='ocrx_word' id='word_1_433' title='bbox 840 3845 873 3884; x_wconf 92' lang='lat' dir='ltr'><strong>a</strong></span> <span class='ocrx_word' id='word_1_434' title='bbox 899 3830 1011 3886; x_wconf 90' lang='lat' dir='ltr'><strong>Deo</strong></span> <span class='ocrx_word' id='word_1_435' title='bbox 1037 3839 1123 3886; x_wconf 89' lang='lat' dir='ltr'><strong>est</strong></span> <span class='ocrx_word' id='word_1_436' title='bbox 1149 3831 1357 3888; x_wconf 90' lang='lat' dir='ltr'><strong>electus</strong></span> <span class='ocrx_word' id='word_1_437' title='bbox 1386 3832 1442 3888; x_wconf 91' lang='lat' dir='ltr'><strong>in</strong></span> <span class='ocrx_word' id='word_1_438' title='bbox 1470 3849 1718 3905; x_wconf 77' lang='lat' dir='ltr'><strong>regnum.</strong></span> <span class='ocrx_word' id='word_1_439' title='bbox 1758 3833 1935 3888; x_wconf 80' lang='lat' dir='ltr'><strong>Filius</strong></span> <span class='ocrx_word' id='word_1_440' title='bbox 1962 3834 2070 3889; x_wconf 73' lang='grc' dir='ltr'><strong>ωι-</strong></span> 
     </span>
    </p>
   </div>
   <div class='ocr_carea' id='block_1_56' title="bbox 485 3920 2066 3993">
    <p class='ocr_par' dir='ltr' id='par_1_56' title="bbox 485 3920 2066 3993">
     <span class='ocr_line' id='line_1_56' title="bbox 485 3920 2066 3993; baseline 0.004 -21"><span class='ocrx_word' id='word_1_441' title='bbox 485 3928 598 3984; x_wconf 74' lang='lat' dir='ltr'><strong>ua,</strong></span> <span class='ocrx_word' id='word_1_442' title='bbox 630 3920 760 3989; x_wconf 85' lang='lat' dir='ltr'><strong>quia</strong></span> <span class='ocrx_word' id='word_1_443' title='bbox 796 3920 864 3976; x_wconf 87' lang='lat' dir='ltr'><strong>de</strong></span> <span class='ocrx_word' id='word_1_444' title='bbox 909 3920 1068 3987; x_wconf 88' lang='lat' dir='ltr'><strong>saltu,</strong></span> <span class='ocrx_word' id='word_1_445' title='bbox 1107 3920 1199 3977; x_wconf 88' lang='lat' dir='ltr'><strong>ubi</strong></span> <span class='ocrx_word' id='word_1_446' title='bbox 1227 3937 1357 3978; x_wconf 87' lang='lat' dir='ltr'><strong>oves</strong></span> <span class='ocrx_word' id='word_1_447' title='bbox 1392 3924 1669 3993; x_wconf 89' lang='lat' dir='ltr'><strong>pascebat,</strong></span> <span class='ocrx_word' id='word_1_448' title='bbox 1699 3931 1786 3979; x_wconf 88' lang='lat' dir='ltr'><strong>est</strong></span> <span class='ocrx_word' id='word_1_449' title='bbox 1818 3924 2066 3981; x_wconf 85' lang='lat' dir='ltr'><strong>eductus.</strong></span> 
     </span>
    </p>
   </div>
   <div class='ocr_carea' id='block_1_57' title="bbox 487 4006 2069 4085">
    <p class='ocr_par' dir='ltr' id='par_1_57' title="bbox 487 4006 2069 4085">
     <span class='ocr_line' id='line_1_57' title="bbox 487 4006 2069 4085; baseline 0.007 -25"><span class='ocrx_word' id='word_1_450' title='bbox 487 4006 894 4080; x_wconf 72' lang='lat' dir='ltr'><strong>Polynutarius,</strong></span> <span class='ocrx_word' id='word_1_451' title='bbox 946 4012 1073 4081; x_wconf 89' lang='lat' dir='ltr'><strong>quia</strong></span> <span class='ocrx_word' id='word_1_452' title='bbox 1111 4012 1178 4067; x_wconf 91' lang='lat' dir='ltr'><strong>de</strong></span> <span class='ocrx_word' id='word_1_453' title='bbox 1211 4027 1408 4083; x_wconf 87' lang='lat' dir='ltr'><strong>genere</strong></span> <span class='ocrx_word' id='word_1_454' title='bbox 1447 4012 1689 4069; x_wconf 11' lang='lat' dir='ltr'><strong>Beseleelt</strong></span> <span class='ocrx_word' id='word_1_455' title='bbox 1730 4022 1906 4069; x_wconf 91' lang='lat' dir='ltr'><strong>mater</strong></span> <span class='ocrx_word' id='word_1_456' title='bbox 1949 4014 2069 4085; x_wconf 90' lang='lat' dir='ltr'><strong>ejus</strong></span> 
     </span>
    </p>
   </div>
   <div class='ocr_carea' id='block_1_58' title="bbox 486 4097 2071 4175">
    <p class='ocr_par' dir='ltr' id='par_1_58' title="bbox 486 4097 2071 4175">
     <span class='ocr_line' id='line_1_58' title="bbox 486 4097 2071 4175; baseline 0.005 -23"><span class='ocrx_word' id='word_1_457' title='bbox 486 4097 601 4153; x_wconf 78' lang='lat' dir='ltr'><strong>fuit.</strong></span> <span class='ocrx_word' id='word_1_458' title='bbox 632 4099 1017 4167; x_wconf 77' lang='lat' dir='ltr'><strong>Bethleemites,</strong></span> <span class='ocrx_word' id='word_1_459' title='bbox 1033 4102 1160 4172; x_wconf 88' lang='lat' dir='ltr'><strong>quia</strong></span> <span class='ocrx_word' id='word_1_460' title='bbox 1180 4101 1370 4158; x_wconf 87' lang='lat' dir='ltr'><strong>Noemi</strong></span> <span class='ocrx_word' id='word_1_461' title='bbox 1395 4111 1459 4158; x_wconf 91' lang='lat' dir='ltr'><strong>et</strong></span> <span class='ocrx_word' id='word_1_462' title='bbox 1470 4103 1615 4158; x_wconf 85' lang='lat' dir='ltr'><strong>Ruth</strong></span> <span class='ocrx_word' id='word_1_463' title='bbox 1647 4112 1889 4175; x_wconf 89' lang='lat' dir='ltr'><strong>tempore</strong></span> <span class='ocrx_word' id='word_1_464' title='bbox 1909 4105 2071 4161; x_wconf 86' lang='lat' dir='ltr'><strong>uber-</strong></span> 
     </span>
    </p>
   </div>
   <div class='ocr_carea' id='block_1_59' title="bbox 485 4188 2069 4267">
    <p class='ocr_par' dir='ltr' id='par_1_59' title="bbox 485 4188 2069 4267">
     <span class='ocr_line' id='line_1_59' title="bbox 485 4188 2069 4267; baseline 0.006 -25"><span class='ocrx_word' id='word_1_465' title='bbox 485 4188 610 4244; x_wconf 82' lang='lat' dir='ltr'><strong>tatis</strong></span> <span class='ocrx_word' id='word_1_466' title='bbox 647 4205 878 4247; x_wconf 71' lang='lat' dir='ltr'><strong>reversre</strong></span> <span class='ocrx_word' id='word_1_467' title='bbox 918 4193 1143 4247; x_wconf 44' lang='lat' dir='ltr'><strong>suntuin</strong></span> <span class='ocrx_word' id='word_1_468' title='bbox 1184 4194 1460 4250; x_wconf 89' lang='lat' dir='ltr'><strong>Bethleem</strong></span> <span class='ocrx_word' id='word_1_469' title='bbox 1496 4192 1693 4265; x_wconf 79' lang='lat' dir='ltr'><strong>(Ruth.</strong></span> <span class='ocrx_word' id='word_1_470' title='bbox 1727 4194 1807 4265; x_wconf 91' lang='grc' dir='ltr'><strong>ι).</strong></span> <span class='ocrx_word' id='word_1_471' title='bbox 1844 4195 1912 4250; x_wconf 88' lang='lat' dir='ltr'><strong>Et</strong></span> <span class='ocrx_word' id='word_1_472' title='bbox 1942 4197 2069 4267; x_wconf 90' lang='lat' dir='ltr'><strong>quia</strong></span> 
     </span>
    </p>
   </div>
   <div class='ocr_carea' id='block_1_60' title="bbox 483 4279 2072 4357">
    <p class='ocr_par' dir='ltr' id='par_1_60' title="bbox 483 4279 2072 4357">
     <span class='ocr_line' id='line_1_60' title="bbox 483 4279 2072 4357; baseline 0.004 -24"><span class='ocrx_word' id='word_1_473' title='bbox 483 4279 639 4349; x_wconf 88' lang='lat' dir='ltr'><strong>panis</strong></span> <span class='ocrx_word' id='word_1_474' title='bbox 656 4294 820 4335; x_wconf 83' lang='lat' dir='ltr'><strong>causa</strong></span> <span class='ocrx_word' id='word_1_475' title='bbox 839 4281 986 4337; x_wconf 85' lang='lat' dir='ltr'><strong>Ruth</strong></span> <span class='ocrx_word' id='word_1_476' title='bbox 1006 4281 1150 4337; x_wconf 83' lang='lat' dir='ltr'><strong>Booz</strong></span> <span class='ocrx_word' id='word_1_477' title='bbox 1175 4291 1301 4338; x_wconf 91' lang='lat' dir='ltr'><strong>nota</strong></span> <span class='ocrx_word' id='word_1_478' title='bbox 1322 4292 1406 4339; x_wconf 89' lang='lat' dir='ltr'><strong>est</strong></span> <span class='ocrx_word' id='word_1_479' title='bbox 1429 4283 1616 4357; x_wconf 71' lang='lat' dir='ltr'><strong>(Ruth.</strong></span> <span class='ocrx_word' id='word_1_480' title='bbox 1635 4283 1695 4356; x_wconf 91' lang='grc' dir='ltr'>ιι)</span> <span class='ocrx_word' id='word_1_481' title='bbox 1744 4284 1811 4339; x_wconf 89' lang='lat' dir='ltr'><strong>Et</strong></span> <span class='ocrx_word' id='word_1_482' title='bbox 1825 4293 2072 4356; x_wconf 89' lang='lat' dir='ltr'><strong>propter-</strong></span> 
     </span>
    </p>
   </div>
   <div class='ocr_carea' id='block_1_61' title="bbox 483 4369 2071 4445">
    <p class='ocr_par' dir='ltr' id='par_1_61' title="bbox 483 4369 2071 4445">
     <span class='ocr_line' id='line_1_61' title="bbox 483 4369 2071 4445; baseline 0.006 -22"><span class='ocrx_word' id='word_1_483' title='bbox 483 4384 546 4423; x_wconf 87' lang='lat' dir='ltr'><strong>ea</strong></span> <span class='ocrx_word' id='word_1_484' title='bbox 591 4369 733 4426; x_wconf 85' lang='lat' dir='ltr'><strong>idem</strong></span> <span class='ocrx_word' id='word_1_485' title='bbox 768 4370 920 4428; x_wconf 85' lang='lat' dir='ltr'><strong>locus</strong></span> <span class='ocrx_word' id='word_1_486' title='bbox 944 4373 1129 4427; x_wconf 78' lang='lat' dir='ltr'><strong>domus</strong></span> <span class='ocrx_word' id='word_1_487' title='bbox 1166 4375 1318 4445; x_wconf 80' lang='lat' dir='ltr'><strong>panis</strong></span> <span class='ocrx_word' id='word_1_488' title='bbox 1348 4384 1571 4431; x_wconf 86' lang='lat' dir='ltr'><strong>vocatus</strong></span> <span class='ocrx_word' id='word_1_489' title='bbox 1603 4384 1705 4431; x_wconf 90' lang='lat' dir='ltr'><strong>est.</strong></span> <span class='ocrx_word' id='word_1_490' title='bbox 1753 4376 1906 4443; x_wconf 82' lang='lat' dir='ltr'><strong>Quod</strong></span> <span class='ocrx_word' id='word_1_491' title='bbox 1940 4392 2071 4433; x_wconf 91' lang='lat' dir='ltr'><strong>vero</strong></span> 
     </span>
    </p>
   </div>
   <div class='ocr_carea' id='block_1_62' title="bbox 2169 1924 3747 1997">
    <p class='ocr_par' dir='ltr' id='par_1_62' title="bbox 2169 1924 3747 1997">
     <span class='ocr_line' id='line_1_62' title="bbox 2169 1924 3747 1997; baseline 0.004 -21"><span class='ocrx_word' id='word_1_492' title='bbox 2169 1932 2326 1992; x_wconf 82' lang='lat' dir='ltr'><strong>palus</strong></span> <span class='ocrx_word' id='word_1_493' title='bbox 2344 1924 2776 1980; x_wconf 87' lang='lat' dir='ltr'><strong>adversariorum</strong></span> <span class='ocrx_word' id='word_1_494' title='bbox 2804 1939 2933 1981; x_wconf 89' lang='lat' dir='ltr'><strong>vero</strong></span> <span class='ocrx_word' id='word_1_495' title='bbox 2957 1924 3146 1991; x_wconf 88' lang='lat' dir='ltr'><strong>David,</strong></span> <span class='ocrx_word' id='word_1_496' title='bbox 3169 1927 3272 1982; x_wconf 91' lang='lat' dir='ltr'><strong>hoc</strong></span> <span class='ocrx_word' id='word_1_497' title='bbox 3294 1934 3397 1992; x_wconf 91' lang='lat' dir='ltr'><strong>est,</strong></span> <span class='ocrx_word' id='word_1_498' title='bbox 3422 1925 3569 1997; x_wconf 88' lang='lat' dir='ltr'><strong>Rege</strong></span> <span class='ocrx_word' id='word_1_499' title='bbox 3591 1926 3667 1982; x_wconf 89' lang='lat' dir='ltr'><strong>Ch</strong></span> <span class='ocrx_word' id='word_1_500' title='bbox 3678 1928 3747 1982; x_wconf 86' lang='lat' dir='ltr'><strong>rl-</strong></span> 
     </span>
    </p>
   </div>
   <div class='ocr_carea' id='block_1_63' title="bbox 2169 2015 3747 2086">
    <p class='ocr_par' dir='ltr' id='par_1_63' title="bbox 2169 2015 3747 2086">
     <span class='ocr_line' id='line_1_63' title="bbox 2169 2015 3747 2086; baseline 0.001 -17"><span class='ocrx_word' id='word_1_501' title='bbox 2169 2023 2253 2070; x_wconf 92' lang='lat' dir='ltr'><strong>sto</strong></span> <span class='ocrx_word' id='word_1_502' title='bbox 2297 2015 2626 2084; x_wconf 87' lang='lat' dir='ltr'><strong>imperante,</strong></span> <span class='ocrx_word' id='word_1_503' title='bbox 2675 2031 2740 2072; x_wconf 87' lang='lat' dir='ltr'><strong>ac</strong></span> <span class='ocrx_word' id='word_1_504' title='bbox 2775 2016 2958 2085; x_wconf 70' lang='lat' dir='ltr'><strong>Drmlia</strong></span> <span class='ocrx_word' id='word_1_505' title='bbox 3002 2030 3279 2072; x_wconf 86' lang='lat' dir='ltr'><strong>servorum</strong></span> <span class='ocrx_word' id='word_1_506' title='bbox 3309 2031 3529 2072; x_wconf 88' lang='lat' dir='ltr'><strong>suorum</strong></span> <span class='ocrx_word' id='word_1_507' title='bbox 3568 2016 3747 2086; x_wconf 85' lang='lat' dir='ltr'><strong>dispo-</strong></span> 
     </span>
    </p>
   </div>
   <div class='ocr_carea' id='block_1_64' title="bbox 2170 2107 3744 2181">
    <p class='ocr_par' dir='ltr' id='par_1_64' title="bbox 2170 2107 3744 2181">
     <span class='ocr_line' id='line_1_64' title="bbox 2170 2107 3744 2181; baseline 0.001 -21"><span class='ocrx_word' id='word_1_508' title='bbox 2170 2114 2351 2173; x_wconf 89' lang='lat' dir='ltr'><strong>nente,</strong></span> <span class='ocrx_word' id='word_1_509' title='bbox 2370 2107 2534 2181; x_wconf 85' lang='lat' dir='ltr'><strong>cedit,</strong></span> <span class='ocrx_word' id='word_1_510' title='bbox 2550 2116 2606 2162; x_wconf 90' lang='lat' dir='ltr'><strong>et</strong></span> <span class='ocrx_word' id='word_1_511' title='bbox 2629 2121 2820 2163; x_wconf 90' lang='lat' dir='ltr'><strong>omnes</strong></span> <span class='ocrx_word' id='word_1_512' title='bbox 2842 2107 3140 2163; x_wconf 87' lang='lat' dir='ltr'><strong>adversarii</strong></span> <span class='ocrx_word' id='word_1_513' title='bbox 3166 2109 3478 2171; x_wconf 80' lang='lat' dir='ltr'><strong>vincuntur,</strong></span> <span class='ocrx_word' id='word_1_514' title='bbox 3501 2114 3744 2178; x_wconf 84' lang='lat' dir='ltr'><strong>proster-</strong></span> 
     </span>
    </p>
   </div>
   <div class='ocr_carea' id='block_1_65' title="bbox 2169 2198 3745 2268">
    <p class='ocr_par' dir='ltr' id='par_1_65' title="bbox 2169 2198 3745 2268">
     <span class='ocr_line' id='line_1_65' title="bbox 2169 2198 3745 2268; baseline 0.001 -16"><span class='ocrx_word' id='word_1_515' title='bbox 2169 2206 2372 2253; x_wconf 84' lang='lat' dir='ltr'><strong>nuntur</strong></span> <span class='ocrx_word' id='word_1_516' title='bbox 2398 2210 2561 2268; x_wconf 86' lang='lat' dir='ltr'><strong>atque</strong></span> <span class='ocrx_word' id='word_1_517' title='bbox 2582 2200 2650 2253; x_wconf 88' lang='lat' dir='ltr'><strong>ad</strong></span> <span class='ocrx_word' id='word_1_518' title='bbox 2677 2199 2901 2254; x_wconf 89' lang='lat' dir='ltr'><strong>nihilum</strong></span> <span class='ocrx_word' id='word_1_519' title='bbox 2926 2199 3258 2268; x_wconf 88' lang='lat' dir='ltr'><strong>rediguntur.</strong></span> <span class='ocrx_word' id='word_1_520' title='bbox 3286 2199 3440 2254; x_wconf 85' lang='lat' dir='ltr'><strong>Unde</strong></span> <span class='ocrx_word' id='word_1_521' title='bbox 3459 2198 3745 2254; x_wconf 79' lang='lat' dir='ltr'><strong>Psalmista</strong></span> 
     </span>
    </p>
   </div>
   <div class='ocr_carea' id='block_1_66' title="bbox 2167 2287 3746 2358">
    <p class='ocr_par' dir='ltr' id='par_1_66' title="bbox 2167 2287 3746 2358">
     <span class='ocr_line' id='line_1_66' title="bbox 2167 2287 3746 2358; baseline 0.001 -16"><span class='ocrx_word' id='word_1_522' title='bbox 2167 2302 2233 2342; x_wconf 82' lang='lat' dir='ltr'><strong>ex</strong></span> <span class='ocrx_word' id='word_1_523' title='bbox 2264 2303 2495 2358; x_wconf 86' lang='lat' dir='ltr'><strong>persona</strong></span> <span class='ocrx_word' id='word_1_524' title='bbox 2522 2288 2778 2343; x_wconf 65' lang='lat' dir='ltr'><strong>Ecclesia:</strong></span> <span class='ocrx_word' id='word_1_525' title='bbox 2803 2288 3138 2344; x_wconf 85' lang='lat' dir='ltr'><strong>conﬁdenter</strong></span> <span class='ocrx_word' id='word_1_526' title='bbox 3164 2287 3325 2343; x_wconf 83' lang='lat' dir='ltr'><strong>dicit:</strong></span> <span class='ocrx_word' id='word_1_527' title='bbox 3374 2306 3393 2339; x_wconf 76' lang='grc' dir='ltr'><strong>σ</strong></span> <span class='ocrx_word' id='word_1_528' title='bbox 3425 2289 3573 2343; x_wconf 82' lang='lat' dir='ltr'><strong>Vana</strong></span> <span class='ocrx_word' id='word_1_529' title='bbox 3599 2288 3746 2343; x_wconf 88' lang='lat' dir='ltr'><strong>salus</strong></span> 
     </span>
    </p>
   </div>
   <div class='ocr_carea' id='block_1_67' title="bbox 2168 2377 3747 2446">
    <p class='ocr_par' dir='ltr' id='par_1_67' title="bbox 2168 2377 3747 2446">
     <span class='ocr_line' id='line_1_67' title="bbox 2168 2377 3747 2446; baseline -0.002 -11"><span class='ocrx_word' id='word_1_530' title='bbox 2168 2379 2421 2435; x_wconf 86' lang='lat' dir='ltr'><strong>hominis.</strong></span> <span class='ocrx_word' id='word_1_531' title='bbox 2450 2379 2509 2433; x_wconf 85' lang='lat' dir='ltr'><strong>In</strong></span> <span class='ocrx_word' id='word_1_532' title='bbox 2531 2379 2643 2434; x_wconf 91' lang='lat' dir='ltr'><strong>Deo</strong></span> <span class='ocrx_word' id='word_1_533' title='bbox 2671 2378 2932 2433; x_wconf 83' lang='lat' dir='ltr'><strong>faciemus</strong></span> <span class='ocrx_word' id='word_1_534' title='bbox 2964 2379 3239 2441; x_wconf 90' lang='lat' dir='ltr'><strong>virtutem,</strong></span> <span class='ocrx_word' id='word_1_535' title='bbox 3268 2384 3324 2433; x_wconf 91' lang='lat' dir='ltr'><strong>et</strong></span> <span class='ocrx_word' id='word_1_536' title='bbox 3359 2377 3472 2446; x_wconf 89' lang='lat' dir='ltr'><strong>ipse</strong></span> <span class='ocrx_word' id='word_1_537' title='bbox 3508 2378 3575 2432; x_wconf 88' lang='lat' dir='ltr'><strong>ad</strong></span> <span class='ocrx_word' id='word_1_538' title='bbox 3610 2377 3747 2432; x_wconf 88' lang='lat' dir='ltr'><strong>nihi-</strong></span> 
     </span>
    </p>
   </div>
   <div class='ocr_carea' id='block_1_68' title="bbox 2169 2464 3430 2538">
    <p class='ocr_par' dir='ltr' id='par_1_68' title="bbox 2169 2464 3430 2538">
     <span class='ocr_line' id='line_1_68' title="bbox 2169 2464 3430 2538; baseline -0.006 -13"><span class='ocrx_word' id='word_1_539' title='bbox 2169 2471 2278 2525; x_wconf 87' lang='lat' dir='ltr'><strong>lum</strong></span> <span class='ocrx_word' id='word_1_540' title='bbox 2306 2470 2534 2525; x_wconf 89' lang='lat' dir='ltr'><strong>deducet</strong></span> <span class='ocrx_word' id='word_1_541' title='bbox 2557 2467 2878 2523; x_wconf 87' lang='lat' dir='ltr'><strong>tribulantes</strong></span> <span class='ocrx_word' id='word_1_542' title='bbox 2906 2482 3005 2523; x_wconf 90' lang='lat' dir='ltr'><strong>nos</strong></span> <span class='ocrx_word' id='word_1_543' title='bbox 3037 2464 3208 2538; x_wconf 77' lang='lat' dir='ltr'><strong>(Psal.</strong></span> <span class='ocrx_word' id='word_1_544' title='bbox 3239 2465 3371 2537; x_wconf 71' lang='grc' dir='ltr'>ιιι).</span> <span class='ocrx_word' id='word_1_545' title='bbox 3411 2485 3430 2517; x_wconf 76' lang='grc' dir='ltr'><strong>ι</strong></span> 
     </span>
    </p>
   </div>
   <div class='ocr_carea' id='block_1_69' title="bbox 2739 2578 3168 2635">
    <p class='ocr_par' dir='ltr' id='par_1_69' title="bbox 2739 2578 3168 2635">
     <span class='ocr_line' id='line_1_69' title="bbox 2739 2578 3168 2635; baseline -0.007 0"><span class='ocrx_word' id='word_1_546' title='bbox 2739 2579 2967 2635; x_wconf 80' lang='lat' dir='ltr'><strong>CAPUT</strong></span> <span class='ocrx_word' id='word_1_547' title='bbox 3004 2578 3168 2633; x_wconf 77' lang='lat' dir='ltr'><strong>XXII.</strong></span> 
     </span>
    </p>
   </div>
   <div class='ocr_carea' id='block_1_70' title="bbox 2169 2664 3746 2738">
    <p class='ocr_par' dir='ltr' id='par_1_70' title="bbox 2169 2664 3746 2738">
     <span class='ocr_line' id='line_1_70' title="bbox 2169 2664 3746 2738; baseline -0.006 -12"><span class='ocrx_word' id='word_1_548' title='bbox 2169 2671 2443 2727; x_wconf 79' lang='lat' dir='ltr'><strong>Canticum</strong></span> <span class='ocrx_word' id='word_1_549' title='bbox 2470 2669 2662 2733; x_wconf 81' lang='lat' dir='ltr'><strong>David,</strong></span> <span class='ocrx_word' id='word_1_550' title='bbox 2683 2667 2821 2738; x_wconf 78' lang='lat' dir='ltr'><strong>quod</strong></span> <span class='ocrx_word' id='word_1_551' title='bbox 2852 2669 3077 2722; x_wconf 78' lang='lat' dir='ltr'><strong>cantavit</strong></span> <span class='ocrx_word' id='word_1_552' title='bbox 3115 2667 3335 2738; x_wconf 80' lang='lat' dir='ltr'><strong>Domino</strong></span> <span class='ocrx_word' id='word_1_553' title='bbox 3360 2668 3415 2720; x_wconf 87' lang='lat' dir='ltr'><strong>in</strong></span> <span class='ocrx_word' id='word_1_554' title='bbox 3445 2668 3528 2721; x_wconf 85' lang='lat' dir='ltr'><strong>die</strong></span> <span class='ocrx_word' id='word_1_555' title='bbox 3551 2682 3653 2738; x_wconf 81' lang='lat' dir='ltr'><strong>qua</strong></span> <span class='ocrx_word' id='word_1_556' title='bbox 3683 2664 3746 2717; x_wconf 83' lang='lat' dir='ltr'><strong>li-</strong></span> 
     </span>
    </p>
   </div>
   <div class='ocr_carea' id='block_1_71' title="bbox 2240 2736 3746 2805">
    <p class='ocr_par' dir='ltr' id='par_1_71' title="bbox 2240 2736 3746 2805">
     <span class='ocr_line' id='line_1_71' title="bbox 2240 2736 3746 2805; baseline -0.005 -10"><span class='ocrx_word' id='word_1_557' title='bbox 2240 2742 2434 2795; x_wconf 80' lang='lat' dir='ltr'><strong>beravit</strong></span> <span class='ocrx_word' id='word_1_558' title='bbox 2472 2756 2591 2793; x_wconf 87' lang='lat' dir='ltr'><strong>eum</strong></span> <span class='ocrx_word' id='word_1_559' title='bbox 2624 2736 2882 2792; x_wconf 50' lang='lat' dir='ltr'><strong>de&#39;manu</strong></span> <span class='ocrx_word' id='word_1_560' title='bbox 2919 2738 3151 2792; x_wconf 86' lang='lat' dir='ltr'><strong>omnium</strong></span> <span class='ocrx_word' id='word_1_561' title='bbox 3191 2737 3520 2792; x_wconf 84' lang='lat' dir='ltr'><strong>inimicorum</strong></span> <span class='ocrx_word' id='word_1_562' title='bbox 3552 2736 3666 2805; x_wconf 76' lang='lat' dir='ltr'><strong>ejus</strong></span> <span class='ocrx_word' id='word_1_563' title='bbox 3697 2745 3746 2788; x_wconf 88' lang='lat' dir='ltr'><strong>et</strong></span> 
     </span>
    </p>
   </div>
   <div class='ocr_carea' id='block_1_72' title="bbox 2239 2808 2671 2865">
    <p class='ocr_par' dir='ltr' id='par_1_72' title="bbox 2239 2808 2671 2865">
     <span class='ocr_line' id='line_1_72' title="bbox 2239 2808 2671 2865; baseline -0.012 0"><span class='ocrx_word' id='word_1_564' title='bbox 2239 2812 2303 2865; x_wconf 88' lang='lat' dir='ltr'><strong>de</strong></span> <span class='ocrx_word' id='word_1_565' title='bbox 2332 2826 2491 2865; x_wconf 85' lang='lat' dir='ltr'><strong>manu</strong></span> <span class='ocrx_word' id='word_1_566' title='bbox 2517 2808 2671 2864; x_wconf 78' lang='lat' dir='ltr'><strong>Saul.</strong></span> 
     </span>
    </p>
   </div>
   <div class='ocr_carea' id='block_1_73' title="bbox 2240 2916 3747 2994">
    <p class='ocr_par' dir='ltr' id='par_1_73' title="bbox 2240 2916 3747 2994">
     <span class='ocr_line' id='line_1_73' title="bbox 2240 2916 3747 2994; baseline -0.005 -16"><span class='ocrx_word' id='word_1_567' title='bbox 2240 2922 2390 2994; x_wconf 80' lang='lat' dir='ltr'><strong>(CAP.</strong></span> <span class='ocrx_word' id='word_1_568' title='bbox 2434 2919 2593 2991; x_wconf 63' lang='grc' dir='ltr'>χχιι.)</span> <span class='ocrx_word' id='word_1_569' title='bbox 2641 2937 2660 2972; x_wconf 74' lang='grc' dir='ltr'><strong>ι</strong></span> <span class='ocrx_word' id='word_1_570' title='bbox 2698 2919 2935 2974; x_wconf 88' lang='lat' dir='ltr'><strong>Locutus</strong></span> <span class='ocrx_word' id='word_1_571' title='bbox 2972 2927 3057 2974; x_wconf 89' lang='lat' dir='ltr'><strong>est</strong></span> <span class='ocrx_word' id='word_1_572' title='bbox 3095 2926 3276 2975; x_wconf 89' lang='lat' dir='ltr'><strong>autem</strong></span> <span class='ocrx_word' id='word_1_573' title='bbox 3316 2917 3485 2972; x_wconf 89' lang='lat' dir='ltr'><strong>David</strong></span> <span class='ocrx_word' id='word_1_574' title='bbox 3519 2916 3747 2971; x_wconf 89' lang='lat' dir='ltr'><strong>Domino</strong></span> 
     </span>
    </p>
   </div>
   <div class='ocr_carea' id='block_1_74' title="bbox 2174 3007 3748 3078">
    <p class='ocr_par' dir='ltr' id='par_1_74' title="bbox 2174 3007 3748 3078">
     <span class='ocr_line' id='line_1_74' title="bbox 2174 3007 3748 3078; baseline -0.004 -9"><span class='ocrx_word' id='word_1_575' title='bbox 2174 3035 2195 3069; x_wconf 73' lang='grc' dir='ltr'><strong>ι</strong></span> <span class='ocrx_word' id='word_1_576' title='bbox 2231 3014 2393 3070; x_wconf 87' lang='lat' dir='ltr'><strong>verba</strong></span> <span class='ocrx_word' id='word_1_577' title='bbox 2419 3011 2675 3069; x_wconf 86' lang='lat' dir='ltr'><strong>carminis</strong></span> <span class='ocrx_word' id='word_1_578' title='bbox 2708 3007 2897 3078; x_wconf 88' lang='lat' dir='ltr'><strong>hujus,</strong></span> <span class='ocrx_word' id='word_1_579' title='bbox 2946 3008 3000 3063; x_wconf 91' lang='lat' dir='ltr'><strong>in</strong></span> <span class='ocrx_word' id='word_1_580' title='bbox 3046 3008 3153 3073; x_wconf 91' lang='lat' dir='ltr'><strong>die,</strong></span> <span class='ocrx_word' id='word_1_581' title='bbox 3202 3023 3309 3078; x_wconf 91' lang='lat' dir='ltr'><strong>qua</strong></span> <span class='ocrx_word' id='word_1_582' title='bbox 3343 3007 3594 3065; x_wconf 87' lang='lat' dir='ltr'><strong>liberavit</strong></span> <span class='ocrx_word' id='word_1_583' title='bbox 3623 3021 3748 3063; x_wconf 89' lang='lat' dir='ltr'><strong>eum</strong></span> 
     </span>
    </p>
   </div>
   <div class='ocr_carea' id='block_1_75' title="bbox 2178 3100 3744 3165">
    <p class='ocr_par' dir='ltr' id='par_1_75' title="bbox 2178 3100 3744 3165">
     <span class='ocr_line' id='line_1_75' title="bbox 2178 3100 3744 3165; baseline -0.004 -6"><span class='ocrx_word' id='word_1_584' title='bbox 2178 3126 2197 3159; x_wconf 74' lang='grc' dir='ltr'><strong>ι</strong></span> <span class='ocrx_word' id='word_1_585' title='bbox 2230 3106 2491 3162; x_wconf 85' lang='lat' dir='ltr'><strong>Dominus</strong></span> <span class='ocrx_word' id='word_1_586' title='bbox 2518 3103 2585 3158; x_wconf 90' lang='lat' dir='ltr'><strong>de</strong></span> <span class='ocrx_word' id='word_1_587' title='bbox 2625 3116 2789 3165; x_wconf 87' lang='lat' dir='ltr'><strong>manu</strong></span> <span class='ocrx_word' id='word_1_588' title='bbox 2825 3100 3066 3157; x_wconf 89' lang='lat' dir='ltr'><strong>omnium</strong></span> <span class='ocrx_word' id='word_1_589' title='bbox 3112 3100 3453 3157; x_wconf 88' lang='lat' dir='ltr'><strong>inimicorum</strong></span> <span class='ocrx_word' id='word_1_590' title='bbox 3493 3113 3744 3163; x_wconf 87' lang='lat' dir='ltr'><strong>suorum,</strong></span> 
     </span>
    </p>
   </div>
   <div class='ocr_carea' id='block_1_76' title="bbox 2177 3193 3749 3263">
    <p class='ocr_par' dir='ltr' id='par_1_76' title="bbox 2177 3193 3749 3263">
     <span class='ocr_line' id='line_1_76' title="bbox 2177 3193 3749 3263; baseline -0.004 -11"><span class='ocrx_word' id='word_1_591' title='bbox 2177 3220 2199 3252; x_wconf 70' lang='grc' dir='ltr'><em>α</em></span> <span class='ocrx_word' id='word_1_592' title='bbox 2234 3208 2290 3254; x_wconf 92' lang='lat' dir='ltr'><strong>et</strong></span> <span class='ocrx_word' id='word_1_593' title='bbox 2313 3200 2380 3254; x_wconf 91' lang='lat' dir='ltr'><strong>de</strong></span> <span class='ocrx_word' id='word_1_594' title='bbox 2407 3213 2571 3253; x_wconf 90' lang='lat' dir='ltr'><strong>manu</strong></span> <span class='ocrx_word' id='word_1_595' title='bbox 2614 3193 2776 3261; x_wconf 86' lang='lat' dir='ltr'><strong>Saul,</strong></span> <span class='ocrx_word' id='word_1_596' title='bbox 2803 3201 2859 3249; x_wconf 89' lang='lat' dir='ltr'><strong>et</strong></span> <span class='ocrx_word' id='word_1_597' title='bbox 2896 3193 3007 3247; x_wconf 90' lang='lat' dir='ltr'><strong>ait:</strong></span> <span class='ocrx_word' id='word_1_598' title='bbox 3044 3193 3304 3248; x_wconf 87' lang='lat' dir='ltr'><strong>Dominus</strong></span> <span class='ocrx_word' id='word_1_599' title='bbox 3331 3200 3486 3263; x_wconf 87' lang='lat' dir='ltr'><strong>petra</strong></span> <span class='ocrx_word' id='word_1_600' title='bbox 3516 3206 3655 3255; x_wconf 89' lang='lat' dir='ltr'><strong>mea,</strong></span> <span class='ocrx_word' id='word_1_601' title='bbox 3694 3200 3749 3247; x_wconf 88' lang='lat' dir='ltr'><strong>et</strong></span> 
     </span>
    </p>
   </div>
   <div class='ocr_carea' id='block_1_77' title="bbox 2174 3278 3749 3352">
    <p class='ocr_par' dir='ltr' id='par_1_77' title="bbox 2174 3278 3749 3352">
     <span class='ocr_line' id='line_1_77' title="bbox 2174 3278 3749 3352; baseline -0.005 -10"><span class='ocrx_word' id='word_1_602' title='bbox 2174 3310 2193 3342; x_wconf 86' lang='grc' dir='ltr'><strong>ι</strong></span> <span class='ocrx_word' id='word_1_603' title='bbox 2230 3291 2398 3346; x_wconf 87' lang='lat' dir='ltr'><strong>robur</strong></span> <span class='ocrx_word' id='word_1_604' title='bbox 2422 3300 2624 3352; x_wconf 89' lang='lat' dir='ltr'><strong>meum,</strong></span> <span class='ocrx_word' id='word_1_605' title='bbox 2652 3292 2708 3341; x_wconf 91' lang='lat' dir='ltr'><strong>et</strong></span> <span class='ocrx_word' id='word_1_606' title='bbox 2728 3284 2967 3340; x_wconf 86' lang='lat' dir='ltr'><strong>salvator</strong></span> <span class='ocrx_word' id='word_1_607' title='bbox 2987 3298 3160 3338; x_wconf 90' lang='lat' dir='ltr'><strong>meus.</strong></span> <span class='ocrx_word' id='word_1_608' title='bbox 3191 3283 3333 3338; x_wconf 89' lang='lat' dir='ltr'><strong>Deus</strong></span> <span class='ocrx_word' id='word_1_609' title='bbox 3358 3281 3617 3336; x_wconf 89' lang='lat' dir='ltr'><strong>Dominus</strong></span> <span class='ocrx_word' id='word_1_610' title='bbox 3636 3278 3749 3335; x_wconf 76' lang='lat' dir='ltr'><strong>for-</strong></span> 
     </span>
    </p>
   </div>
   <div class='ocr_carea' id='block_1_78' title="bbox 2174 3372 3746 3446">
    <p class='ocr_par' dir='ltr' id='par_1_78' title="bbox 2174 3372 3746 3446">
     <span class='ocr_line' id='line_1_78' title="bbox 2174 3372 3746 3446; baseline -0.006 -14"><span class='ocrx_word' id='word_1_611' title='bbox 2174 3399 2193 3432; x_wconf 73' lang='grc' dir='ltr'><strong>ι</strong></span> <span class='ocrx_word' id='word_1_612' title='bbox 2230 3381 2301 3436; x_wconf 89' lang='lat' dir='ltr'><strong>tis</strong></span> <span class='ocrx_word' id='word_1_613' title='bbox 2322 3394 2515 3434; x_wconf 90' lang='lat' dir='ltr'><strong>meus:</strong></span> <span class='ocrx_word' id='word_1_614' title='bbox 2548 3378 2780 3446; x_wconf 87' lang='lat' dir='ltr'><strong>sperabo</strong></span> <span class='ocrx_word' id='word_1_615' title='bbox 2808 3374 2863 3430; x_wconf 92' lang='lat' dir='ltr'><strong>in</strong></span> <span class='ocrx_word' id='word_1_616' title='bbox 2891 3389 3036 3440; x_wconf 90' lang='lat' dir='ltr'><strong>eum,</strong></span> <span class='ocrx_word' id='word_1_617' title='bbox 3062 3380 3169 3429; x_wconf 92' lang='lat' dir='ltr'><strong>etc.</strong></span> <span class='ocrx_word' id='word_1_618' title='bbox 3208 3393 3229 3426; x_wconf 77' lang='grc' dir='ltr'><strong>ι</strong></span> <span class='ocrx_word' id='word_1_619' title='bbox 3259 3372 3531 3439; x_wconf 66' lang='lat' dir='ltr'><strong>Quaeritur</strong></span> <span class='ocrx_word' id='word_1_620' title='bbox 3564 3378 3746 3425; x_wconf 88' lang='lat' dir='ltr'><strong>autem</strong></span> 
     </span>
    </p>
   </div>
   <div class='ocr_carea' id='block_1_79' title="bbox 2168 3460 3747 3536">
    <p class='ocr_par' dir='ltr' id='par_1_79' title="bbox 2168 3460 3747 3536">
     <span class='ocr_line' id='line_1_79' title="bbox 2168 3460 3747 3536; baseline -0.008 -10"><span class='ocrx_word' id='word_1_621' title='bbox 2168 3486 2268 3526; x_wconf 90' lang='lat' dir='ltr'><strong>cur</strong></span> <span class='ocrx_word' id='word_1_622' title='bbox 2294 3468 2442 3524; x_wconf 88' lang='lat' dir='ltr'><strong>solus</strong></span> <span class='ocrx_word' id='word_1_623' title='bbox 2468 3467 2708 3523; x_wconf 88' lang='lat' dir='ltr'><strong>decimus</strong></span> <span class='ocrx_word' id='word_1_624' title='bbox 2730 3466 2991 3536; x_wconf 88' lang='lat' dir='ltr'><strong>septimus</strong></span> <span class='ocrx_word' id='word_1_625' title='bbox 3010 3464 3254 3534; x_wconf 88' lang='lat' dir='ltr'><strong>psalmus</strong></span> <span class='ocrx_word' id='word_1_626' title='bbox 3277 3478 3346 3520; x_wconf 79' lang='lat' dir='ltr'><strong>ex</strong></span> <span class='ocrx_word' id='word_1_627' title='bbox 3365 3461 3518 3518; x_wconf 88' lang='lat' dir='ltr'><strong>libris</strong></span> <span class='ocrx_word' id='word_1_628' title='bbox 3538 3460 3747 3531; x_wconf 89' lang='lat' dir='ltr'><strong>Regum</strong></span> 
     </span>
    </p>
   </div>
   <div class='ocr_carea' id='block_1_80' title="bbox 2168 3549 3748 3629">
    <p class='ocr_par' dir='ltr' id='par_1_80' title="bbox 2168 3549 3748 3629">
     <span class='ocr_line' id='line_1_80' title="bbox 2168 3549 3748 3629; baseline -0.008 -14"><span class='ocrx_word' id='word_1_629' title='bbox 2168 3558 2472 3629; x_wconf 89' lang='lat' dir='ltr'><strong>reperiatur</strong></span> <span class='ocrx_word' id='word_1_630' title='bbox 2496 3554 2881 3625; x_wconf 81' lang='lat' dir='ltr'><strong>conscriptus?</strong></span> <span class='ocrx_word' id='word_1_631' title='bbox 2918 3552 3030 3608; x_wconf 88' lang='lat' dir='ltr'><strong>Nec</strong></span> <span class='ocrx_word' id='word_1_632' title='bbox 3072 3552 3344 3607; x_wconf 89' lang='lat' dir='ltr'><strong>immerito</strong></span> <span class='ocrx_word' id='word_1_633' title='bbox 3381 3549 3616 3621; x_wconf 87' lang='lat' dir='ltr'><strong>psalmus</strong></span> <span class='ocrx_word' id='word_1_634' title='bbox 3646 3549 3748 3604; x_wconf 89' lang='lat' dir='ltr'><strong>iste</strong></span> 
     </span>
    </p>
   </div>
   <div class='ocr_carea' id='block_1_81' title="bbox 2169 3642 3748 3723">
    <p class='ocr_par' dir='ltr' id='par_1_81' title="bbox 2169 3642 3748 3723">
     <span class='ocr_line' id='line_1_81' title="bbox 2169 3642 3748 3723; baseline -0.006 -17"><span class='ocrx_word' id='word_1_635' title='bbox 2169 3652 2224 3706; x_wconf 92' lang='lat' dir='ltr'><strong>in</strong></span> <span class='ocrx_word' id='word_1_636' title='bbox 2251 3650 2561 3723; x_wconf 80' lang='lat' dir='ltr'><strong>Regnorum</strong></span> <span class='ocrx_word' id='word_1_637' title='bbox 2586 3648 2738 3703; x_wconf 90' lang='lat' dir='ltr'><strong>libris</strong></span> <span class='ocrx_word' id='word_1_638' title='bbox 2758 3647 2904 3703; x_wconf 89' lang='lat' dir='ltr'><strong>solus</strong></span> <span class='ocrx_word' id='word_1_639' title='bbox 2923 3647 3217 3717; x_wconf 89' lang='lat' dir='ltr'><strong>reperitur,</strong></span> <span class='ocrx_word' id='word_1_640' title='bbox 3239 3646 3334 3715; x_wconf 91' lang='lat' dir='ltr'><strong>qui</strong></span> <span class='ocrx_word' id='word_1_641' title='bbox 3361 3659 3582 3716; x_wconf 84' lang='lat' dir='ltr'><strong>regnum</strong></span> <span class='ocrx_word' id='word_1_642' title='bbox 3605 3642 3748 3697; x_wconf 85' lang='lat' dir='ltr'><strong>illius</strong></span> 
     </span>
    </p>
   </div>
   <div class='ocr_carea' id='block_1_82' title="bbox 2168 3733 3746 3814">
    <p class='ocr_par' dir='ltr' id='par_1_82' title="bbox 2168 3733 3746 3814">
     <span class='ocr_line' id='line_1_82' title="bbox 2168 3733 3746 3814; baseline -0.008 -16"><span class='ocrx_word' id='word_1_643' title='bbox 2168 3742 2472 3814; x_wconf 85' lang='lat' dir='ltr'><strong>signiﬁcat,</strong></span> <span class='ocrx_word' id='word_1_644' title='bbox 2510 3740 2604 3796; x_wconf 91' lang='lat' dir='ltr'><strong>ubi</strong></span> <span class='ocrx_word' id='word_1_645' title='bbox 2644 3738 3015 3795; x_wconf 87' lang='lat' dir='ltr'><strong>adversarium</strong></span> <span class='ocrx_word' id='word_1_646' title='bbox 3057 3753 3166 3794; x_wconf 89' lang='lat' dir='ltr'><strong>non</strong></span> <span class='ocrx_word' id='word_1_647' title='bbox 3213 3737 3493 3792; x_wconf 89' lang='lat' dir='ltr'><strong>habemus.</strong></span> <span class='ocrx_word' id='word_1_648' title='bbox 3538 3733 3746 3788; x_wconf 85' lang='lat' dir='ltr'><strong>Titulus</strong></span> 
     </span>
    </p>
   </div>
   <div class='ocr_carea' id='block_1_83' title="bbox 2168 3826 3748 3904">
    <p class='ocr_par' dir='ltr' id='par_1_83' title="bbox 2168 3826 3748 3904">
     <span class='ocr_line' id='line_1_83' title="bbox 2168 3826 3748 3904; baseline -0.006 -15"><span class='ocrx_word' id='word_1_649' title='bbox 2168 3833 2314 3889; x_wconf 91' lang='lat' dir='ltr'><strong>enim</strong></span> <span class='ocrx_word' id='word_1_650' title='bbox 2336 3833 2453 3904; x_wconf 88' lang='lat' dir='ltr'><strong>ejus</strong></span> <span class='ocrx_word' id='word_1_651' title='bbox 2480 3839 2601 3888; x_wconf 87' lang='lat' dir='ltr'><strong>est:</strong></span> <span class='ocrx_word' id='word_1_652' title='bbox 2644 3850 2664 3884; x_wconf 72' lang='grc' dir='ltr'><strong>ι</strong></span> <span class='ocrx_word' id='word_1_653' title='bbox 2697 3831 2757 3886; x_wconf 91' lang='lat' dir='ltr'><strong>ln</strong></span> <span class='ocrx_word' id='word_1_654' title='bbox 2783 3831 2905 3897; x_wconf 90' lang='lat' dir='ltr'><strong>die,</strong></span> <span class='ocrx_word' id='word_1_655' title='bbox 2946 3845 3051 3901; x_wconf 89' lang='lat' dir='ltr'><strong>qua</strong></span> <span class='ocrx_word' id='word_1_656' title='bbox 3095 3829 3294 3898; x_wconf 89' lang='lat' dir='ltr'><strong>eripuit</strong></span> <span class='ocrx_word' id='word_1_657' title='bbox 3333 3842 3457 3883; x_wconf 89' lang='lat' dir='ltr'><strong>eum</strong></span> <span class='ocrx_word' id='word_1_658' title='bbox 3490 3826 3748 3882; x_wconf 89' lang='lat' dir='ltr'><strong>Dominus</strong></span> 
     </span>
    </p>
   </div>
   <div class='ocr_carea' id='block_1_84' title="bbox 2170 3915 3743 3987">
    <p class='ocr_par' dir='ltr' id='par_1_84' title="bbox 2170 3915 3743 3987">
     <span class='ocr_line' id='line_1_84' title="bbox 2170 3915 3743 3987; baseline -0.007 -9"><span class='ocrx_word' id='word_1_659' title='bbox 2170 3925 2237 3978; x_wconf 86' lang='lat' dir='ltr'><strong>de</strong></span> <span class='ocrx_word' id='word_1_660' title='bbox 2281 3938 2442 3977; x_wconf 89' lang='lat' dir='ltr'><strong>manu</strong></span> <span class='ocrx_word' id='word_1_661' title='bbox 2493 3921 2734 3976; x_wconf 91' lang='lat' dir='ltr'><strong>omnium</strong></span> <span class='ocrx_word' id='word_1_662' title='bbox 2787 3920 3128 3974; x_wconf 89' lang='lat' dir='ltr'><strong>inimicorum</strong></span> <span class='ocrx_word' id='word_1_663' title='bbox 3176 3916 3295 3987; x_wconf 85' lang='lat' dir='ltr'><strong>ejus</strong></span> <span class='ocrx_word' id='word_1_664' title='bbox 3350 3924 3406 3972; x_wconf 91' lang='lat' dir='ltr'><strong>et</strong></span> <span class='ocrx_word' id='word_1_665' title='bbox 3467 3915 3535 3970; x_wconf 89' lang='lat' dir='ltr'><strong>de</strong></span> <span class='ocrx_word' id='word_1_666' title='bbox 3581 3928 3743 3969; x_wconf 90' lang='lat' dir='ltr'><strong>manu</strong></span> 
     </span>
    </p>
   </div>
   <div class='ocr_carea' id='block_1_85' title="bbox 2171 4003 3747 4081">
    <p class='ocr_par' dir='ltr' id='par_1_85' title="bbox 2171 4003 3747 4081">
     <span class='ocr_line' id='line_1_85' title="bbox 2171 4003 3747 4081; baseline -0.008 -11"><span class='ocrx_word' id='word_1_667' title='bbox 2171 4014 2319 4070; x_wconf 86' lang='lat' dir='ltr'><strong>Saul.</strong></span> <span class='ocrx_word' id='word_1_668' title='bbox 2355 4032 2374 4066; x_wconf 80' lang='grc' dir='ltr'><strong>ι</strong></span> <span class='ocrx_word' id='word_1_669' title='bbox 2402 4012 2534 4081; x_wconf 83' lang='lat' dir='ltr'><strong>Quis</strong></span> <span class='ocrx_word' id='word_1_670' title='bbox 2565 4011 2707 4066; x_wconf 91' lang='lat' dir='ltr'><strong>enim</strong></span> <span class='ocrx_word' id='word_1_671' title='bbox 2745 4009 3007 4078; x_wconf 84' lang='lat' dir='ltr'><strong>ﬁguratur</strong></span> <span class='ocrx_word' id='word_1_672' title='bbox 3042 4008 3098 4063; x_wconf 94' lang='lat' dir='ltr'><strong>in</strong></span> <span class='ocrx_word' id='word_1_673' title='bbox 3137 4006 3330 4072; x_wconf 86' lang='lat' dir='ltr'><strong>David,</strong></span> <span class='ocrx_word' id='word_1_674' title='bbox 3371 4005 3476 4062; x_wconf 91' lang='lat' dir='ltr'><strong>nisi</strong></span> <span class='ocrx_word' id='word_1_675' title='bbox 3519 4003 3608 4059; x_wconf 87' lang='lat' dir='ltr'><strong>ille</strong></span> <span class='ocrx_word' id='word_1_676' title='bbox 3649 4003 3747 4076; x_wconf 86' lang='lat' dir='ltr'><strong>qui</strong></span> 
     </span>
    </p>
   </div>
   <div class='ocr_carea' id='block_1_86' title="bbox 2169 4093 3747 4161">
    <p class='ocr_par' dir='ltr' id='par_1_86' title="bbox 2169 4093 3747 4161">
     <span class='ocr_line' id='line_1_86' title="bbox 2169 4093 3747 4161; baseline -0.008 -1"><span class='ocrx_word' id='word_1_677' title='bbox 2169 4104 2320 4161; x_wconf 88' lang='lat' dir='ltr'><strong>venit</strong></span> <span class='ocrx_word' id='word_1_678' title='bbox 2343 4101 2635 4159; x_wconf 85' lang='lat' dir='ltr'><strong>secundum</strong></span> <span class='ocrx_word' id='word_1_679' title='bbox 2658 4113 2879 4156; x_wconf 89' lang='lat' dir='ltr'><strong>carnem</strong></span> <span class='ocrx_word' id='word_1_680' title='bbox 2904 4114 2970 4154; x_wconf 84' lang='lat' dir='ltr'><strong>ex</strong></span> <span class='ocrx_word' id='word_1_681' title='bbox 3002 4097 3210 4152; x_wconf 90' lang='lat' dir='ltr'><strong>semine</strong></span> <span class='ocrx_word' id='word_1_682' title='bbox 3250 4095 3460 4150; x_wconf 78' lang='lat' dir='ltr'><strong>David?</strong></span> <span class='ocrx_word' id='word_1_683' title='bbox 3496 4093 3598 4161; x_wconf 90' lang='lat' dir='ltr'><strong>Qui</strong></span> <span class='ocrx_word' id='word_1_684' title='bbox 3640 4093 3747 4148; x_wconf 89' lang='lat' dir='ltr'><strong>uti-</strong></span> 
     </span>
    </p>
   </div>
   <div class='ocr_carea' id='block_1_87' title="bbox 2170 4185 3749 4269">
    <p class='ocr_par' dir='ltr' id='par_1_87' title="bbox 2170 4185 3749 4269">
     <span class='ocr_line' id='line_1_87' title="bbox 2170 4185 3749 4269; baseline -0.009 -15"><span class='ocrx_word' id='word_1_685' title='bbox 2170 4213 2276 4269; x_wconf 89' lang='lat' dir='ltr'><strong>que</strong></span> <span class='ocrx_word' id='word_1_686' title='bbox 2306 4198 2360 4252; x_wconf 91' lang='lat' dir='ltr'><strong>in</strong></span> <span class='ocrx_word' id='word_1_687' title='bbox 2381 4209 2607 4267; x_wconf 88' lang='lat' dir='ltr'><strong>corpore</strong></span> <span class='ocrx_word' id='word_1_688' title='bbox 2627 4207 2748 4257; x_wconf 88' lang='lat' dir='ltr'><strong>suo,</strong></span> <span class='ocrx_word' id='word_1_689' title='bbox 2773 4192 2918 4262; x_wconf 88' lang='lat' dir='ltr'><strong>quod</strong></span> <span class='ocrx_word' id='word_1_690' title='bbox 2944 4197 3029 4246; x_wconf 88' lang='lat' dir='ltr'><strong>est</strong></span> <span class='ocrx_word' id='word_1_691' title='bbox 3051 4187 3313 4255; x_wconf 88' lang='lat' dir='ltr'><strong>Ecclesia,</strong></span> <span class='ocrx_word' id='word_1_692' title='bbox 3343 4187 3520 4242; x_wconf 86' lang='lat' dir='ltr'><strong>adhuc</strong></span> <span class='ocrx_word' id='word_1_693' title='bbox 3545 4185 3749 4256; x_wconf 87' lang='lat' dir='ltr'><strong>patitur</strong></span> 
     </span>
    </p>
   </div>
   <div class='ocr_carea' id='block_1_88' title="bbox 2171 4278 3748 4352">
    <p class='ocr_par' dir='ltr' id='par_1_88' title="bbox 2171 4278 3748 4352">
     <span class='ocr_line' id='line_1_88' title="bbox 2171 4278 3748 4352; baseline -0.01 -8"><span class='ocrx_word' id='word_1_694' title='bbox 2171 4288 2457 4351; x_wconf 87' lang='lat' dir='ltr'><strong>inimicos;</strong></span> <span class='ocrx_word' id='word_1_695' title='bbox 2495 4284 2640 4339; x_wconf 90' lang='lat' dir='ltr'><strong>unde</strong></span> <span class='ocrx_word' id='word_1_696' title='bbox 2668 4292 2724 4339; x_wconf 88' lang='lat' dir='ltr'><strong>et</strong></span> <span class='ocrx_word' id='word_1_697' title='bbox 2745 4282 2875 4338; x_wconf 89' lang='lat' dir='ltr'><strong>illud</strong></span> <span class='ocrx_word' id='word_1_698' title='bbox 2900 4278 3255 4352; x_wconf 88' lang='lat' dir='ltr'><strong>persecutori,</strong></span> <span class='ocrx_word' id='word_1_699' title='bbox 3283 4292 3444 4348; x_wconf 90' lang='lat' dir='ltr'><strong>quem</strong></span> <span class='ocrx_word' id='word_1_700' title='bbox 3472 4289 3604 4335; x_wconf 84' lang='lat' dir='ltr'><strong>voce</strong></span> <span class='ocrx_word' id='word_1_701' title='bbox 3633 4291 3748 4330; x_wconf 88' lang='lat' dir='ltr'><strong>ma-</strong></span> 
     </span>
    </p>
   </div>
   <div class='ocr_carea' id='block_1_89' title="bbox 2172 4367 3749 4443">
    <p class='ocr_par' dir='ltr' id='par_1_89' title="bbox 2172 4367 3749 4443">
     <span class='ocr_line' id='line_1_89' title="bbox 2172 4367 3749 4443; baseline -0.009 -9"><span class='ocrx_word' id='word_1_702' title='bbox 2172 4378 2341 4434; x_wconf 87' lang='lat' dir='ltr'><strong>ctavit</strong></span> <span class='ocrx_word' id='word_1_703' title='bbox 2359 4385 2417 4430; x_wconf 88' lang='lat' dir='ltr'><strong>et</strong></span> <span class='ocrx_word' id='word_1_704' title='bbox 2435 4375 2492 4431; x_wconf 90' lang='lat' dir='ltr'><strong>in</strong></span> <span class='ocrx_word' id='word_1_705' title='bbox 2520 4388 2677 4430; x_wconf 90' lang='lat' dir='ltr'><strong>suum</strong></span> <span class='ocrx_word' id='word_1_706' title='bbox 2698 4388 2894 4443; x_wconf 87' lang='lat' dir='ltr'><strong>corpus</strong></span> <span class='ocrx_word' id='word_1_707' title='bbox 2917 4369 3193 4439; x_wconf 88' lang='lat' dir='ltr'><strong>trajiciens</strong></span> <span class='ocrx_word' id='word_1_708' title='bbox 3213 4369 3392 4437; x_wconf 89' lang='lat' dir='ltr'><strong>aliquo</strong></span> <span class='ocrx_word' id='word_1_709' title='bbox 3418 4367 3577 4422; x_wconf 91' lang='lat' dir='ltr'><strong>modo</strong></span> <span class='ocrx_word' id='word_1_710' title='bbox 3597 4380 3749 4443; x_wconf 77' lang='lat' dir='ltr'><strong>man-</strong></span> 
     </span>
    </p>
   </div>
   <div class='ocr_carea' id='block_1_90' title="bbox 483 4455 3748 4559">
    <p class='ocr_par' dir='ltr' id='par_1_90' title="bbox 483 4455 3748 4559">
     <span class='ocr_line' id='line_1_90' title="bbox 483 4455 3748 4559; baseline -0.002 -43"><span class='ocrx_word' id='word_1_711' title='bbox 483 4459 794 4559; x_wconf 48' lang='lat' dir='ltr'><strong>adeodat-us</strong></span> <span class='ocrx_word' id='word_1_712' title='bbox 835 4462 952 4533; x_wconf 90' lang='lat' dir='ltr'><strong>ipse</strong></span> <span class='ocrx_word' id='word_1_713' title='bbox 993 4464 1064 4519; x_wconf 90' lang='lat' dir='ltr'><strong>sit</strong></span> <span class='ocrx_word' id='word_1_714' title='bbox 1100 4464 1271 4520; x_wconf 90' lang='lat' dir='ltr'><strong>David</strong></span> <span class='ocrx_word' id='word_1_715' title='bbox 1316 4466 1595 4536; x_wconf 84' lang='lat' dir='ltr'><strong>sequentia</strong></span> <span class='ocrx_word' id='word_1_716' title='bbox 1623 4466 1930 4533; x_wconf 88' lang='lat' dir='ltr'><strong>declarant,</strong></span> <span class='ocrx_word' id='word_1_717' title='bbox 1976 4468 2068 4523; x_wconf 89' lang='lat' dir='ltr'><strong>ubi</strong></span> <span class='ocrx_word' id='word_1_718' title='bbox 2096 4498 2151 4559; x_wconf 70' lang='grc' dir='ltr'><strong>Β</strong></span> <span class='ocrx_word' id='word_1_719' title='bbox 2176 4467 2418 4532; x_wconf 87' lang='lat' dir='ltr'><strong>ducavit,</strong></span> <span class='ocrx_word' id='word_1_720' title='bbox 2444 4464 2678 4520; x_wconf 86' lang='lat' dir='ltr'><strong>intonuit</strong></span> <span class='ocrx_word' id='word_1_721' title='bbox 2702 4462 2968 4559; x_wconf 29' lang='lat' dir='ltr'><strong>de‘cualo‘:</strong></span> <span class='ocrx_word' id='word_1_722' title='bbox 3014 4479 3033 4513; x_wconf 70' lang='grc' dir='ltr'><strong>ι</strong></span> <span class='ocrx_word' id='word_1_723' title='bbox 3067 4459 3257 4559; x_wconf 68' lang='lat' dir='ltr'><strong>Saule,</strong></span> <span class='ocrx_word' id='word_1_724' title='bbox 3290 4457 3474 4559; x_wconf 63' lang='lat' dir='ltr'><strong>Saule,</strong></span> <span class='ocrx_word' id='word_1_725' title='bbox 3507 4455 3748 4559; x_wconf 46' lang='grc' dir='ltr'><strong>βαιά-ωε)</strong></span> 
     </span>
    </p>
   </div>
   <div class='ocr_carea' id='block_1_91' title="bbox 485 4551 2068 4627">
    <p class='ocr_par' dir='ltr' id='par_1_91' title="bbox 485 4551 2068 4627">
     <span class='ocr_line' id='line_1_91' title="bbox 485 4551 2068 4627; baseline 0.006 -22"><span class='ocrx_word' id='word_1_726' title='bbox 485 4552 597 4607; x_wconf 85' lang='lat' dir='ltr'><strong>ait:</strong></span> <span class='ocrx_word' id='word_1_727' title='bbox 641 4571 660 4604; x_wconf 84' lang='grc' dir='ltr'><strong>ι</strong></span> <span class='ocrx_word' id='word_1_728' title='bbox 697 4551 766 4608; x_wconf 82' lang='lat' dir='ltr'><strong>Hi</strong></span> <span class='ocrx_word' id='word_1_729' title='bbox 798 4562 1032 4623; x_wconf 90' lang='lat' dir='ltr'><strong>quatuor</strong></span> <span class='ocrx_word' id='word_1_730' title='bbox 1059 4555 1173 4609; x_wconf 91' lang='lat' dir='ltr'><strong>nati</strong></span> <span class='ocrx_word' id='word_1_731' title='bbox 1202 4564 1324 4611; x_wconf 91' lang='lat' dir='ltr'><strong>sunt</strong></span> <span class='ocrx_word' id='word_1_732' title='bbox 1355 4555 1423 4612; x_wconf 92' lang='lat' dir='ltr'><strong>de</strong></span> <span class='ocrx_word' id='word_1_733' title='bbox 1445 4556 1663 4627; x_wconf 86' lang='lat' dir='ltr'><strong>Arapha</strong></span> <span class='ocrx_word' id='word_1_734' title='bbox 1705 4557 1760 4611; x_wconf 93' lang='lat' dir='ltr'><strong>in</strong></span> <span class='ocrx_word' id='word_1_735' title='bbox 1802 4555 1974 4624; x_wconf 90' lang='lat' dir='ltr'><strong>Geth;</strong></span> <span class='ocrx_word' id='word_1_736' title='bbox 2013 4567 2068 4614; x_wconf 90' lang='lat' dir='ltr'><strong>et</strong></span> 
     </span>
    </p>
   </div>
   <div class='ocr_carea' id='block_1_92' title="bbox 492 4632 2061 4718">
    <p class='ocr_par' dir='ltr' id='par_1_92' title="bbox 492 4632 2061 4718">
     <span class='ocr_line' id='line_1_92' title="bbox 492 4632 2061 4718; baseline 0.002 -21"><span class='ocrx_word' id='word_1_737' title='bbox 492 4632 521 4697; x_wconf 74' lang='grc' dir='ltr'>ι’</span> <span class='ocrx_word' id='word_1_738' title='bbox 561 4646 876 4702; x_wconf 83' lang='lat' dir='ltr'><strong>ceciderunt</strong></span> <span class='ocrx_word' id='word_1_739' title='bbox 916 4646 971 4701; x_wconf 90' lang='lat' dir='ltr'><strong>in</strong></span> <span class='ocrx_word' id='word_1_740' title='bbox 1020 4662 1183 4703; x_wconf 88' lang='lat' dir='ltr'><strong>manu</strong></span> <span class='ocrx_word' id='word_1_741' title='bbox 1229 4646 1398 4702; x_wconf 90' lang='lat' dir='ltr'><strong>David</strong></span> <span class='ocrx_word' id='word_1_742' title='bbox 1443 4655 1499 4702; x_wconf 93' lang='lat' dir='ltr'><strong>et</strong></span> <span class='ocrx_word' id='word_1_743' title='bbox 1531 4662 1812 4704; x_wconf 89' lang='lat' dir='ltr'><strong>servorum</strong></span> <span class='ocrx_word' id='word_1_744' title='bbox 1851 4647 1989 4718; x_wconf 89' lang='lat' dir='ltr'><strong>ejus.</strong></span> <span class='ocrx_word' id='word_1_745' title='bbox 2042 4669 2061 4700; x_wconf 78' lang='grc' dir='ltr'><strong>ι</strong></span> 
     </span>
    </p>
   </div>
   <div class='ocr_carea' id='block_1_93' title="bbox 486 4733 2068 4806">
    <p class='ocr_par' dir='ltr' id='par_1_93' title="bbox 486 4733 2068 4806">
     <span class='ocr_line' id='line_1_93' title="bbox 486 4733 2068 4806; baseline 0.003 -18"><span class='ocrx_word' id='word_1_746' title='bbox 486 4733 651 4789; x_wconf 65' lang='lat' dir='ltr'><strong>Judaei</strong></span> <span class='ocrx_word' id='word_1_747' title='bbox 674 4750 895 4805; x_wconf 90' lang='lat' dir='ltr'><strong>quoque</strong></span> <span class='ocrx_word' id='word_1_748' title='bbox 923 4736 1062 4790; x_wconf 88' lang='lat' dir='ltr'><strong>hanc</strong></span> <span class='ocrx_word' id='word_1_749' title='bbox 1079 4735 1353 4805; x_wconf 85' lang='lat' dir='ltr'><strong>Arapham</strong></span> <span class='ocrx_word' id='word_1_750' title='bbox 1388 4744 1614 4791; x_wconf 87' lang='lat' dir='ltr'><strong>matrem</strong></span> <span class='ocrx_word' id='word_1_751' title='bbox 1639 4737 1929 4806; x_wconf 86' lang='lat' dir='ltr'><strong>gigantem,</strong></span> <span class='ocrx_word' id='word_1_752' title='bbox 1966 4736 2068 4792; x_wconf 88' lang='lat' dir='ltr'><strong>0r-</strong></span> 
     </span>
    </p>
   </div>
   <div class='ocr_carea' id='block_1_94' title="bbox 490 4826 2067 4898">
    <p class='ocr_par' dir='ltr' id='par_1_94' title="bbox 490 4826 2067 4898">
     <span class='ocr_line' id='line_1_94' title="bbox 490 4826 2067 4898; baseline 0.001 -17"><span class='ocrx_word' id='word_1_753' title='bbox 490 4828 646 4898; x_wconf 85' lang='lat' dir='ltr'><strong>pham</strong></span> <span class='ocrx_word' id='word_1_754' title='bbox 676 4843 872 4883; x_wconf 89' lang='lat' dir='ltr'><strong>nurum</strong></span> <span class='ocrx_word' id='word_1_755' title='bbox 900 4826 1088 4882; x_wconf 85' lang='lat' dir='ltr'><strong>Noemi</strong></span> <span class='ocrx_word' id='word_1_756' title='bbox 1110 4842 1231 4883; x_wconf 88' lang='lat' dir='ltr'><strong>esse</strong></span> <span class='ocrx_word' id='word_1_757' title='bbox 1259 4828 1612 4883; x_wconf 88' lang='lat' dir='ltr'><strong>arbitrantur.</strong></span> <span class='ocrx_word' id='word_1_758' title='bbox 1649 4828 1952 4884; x_wconf 85' lang='lat' dir='ltr'><strong>Notandum</strong></span> <span class='ocrx_word' id='word_1_759' title='bbox 1973 4843 2067 4883; x_wconf 90' lang='lat' dir='ltr'><strong>au-</strong></span> 
     </span>
    </p>
   </div>
   <div class='ocr_carea' id='block_1_95' title="bbox 492 4916 2066 4989">
    <p class='ocr_par' dir='ltr' id='par_1_95' title="bbox 492 4916 2066 4989">
     <span class='ocr_line' id='line_1_95' title="bbox 492 4916 2066 4989; baseline -0.001 -16"><span class='ocrx_word' id='word_1_760' title='bbox 492 4928 598 4973; x_wconf 85' lang='lat' dir='ltr'><strong>tem</strong></span> <span class='ocrx_word' id='word_1_761' title='bbox 637 4918 782 4989; x_wconf 91' lang='lat' dir='ltr'><strong>quod</strong></span> <span class='ocrx_word' id='word_1_762' title='bbox 815 4916 1090 4986; x_wconf 68' lang='lat' dir='ltr'><strong>Iosephus</strong></span> <span class='ocrx_word' id='word_1_763' title='bbox 1115 4917 1584 4989; x_wconf 85' lang='lat' dir='ltr'><strong>historiographus</strong></span> <span class='ocrx_word' id='word_1_764' title='bbox 1613 4916 1943 4983; x_wconf 67' lang='lat' dir='ltr'><strong>Judreorum,</strong></span> <span class='ocrx_word' id='word_1_765' title='bbox 1975 4918 2066 4972; x_wconf 88' lang='lat' dir='ltr'><strong>ubi</strong></span> 
     </span>
    </p>
   </div>
   <div class='ocr_carea' id='block_1_96' title="bbox 494 5008 2069 5080">
    <p class='ocr_par' dir='ltr' id='par_1_96' title="bbox 494 5008 2069 5080">
     <span class='ocr_line' id='line_1_96' title="bbox 494 5008 2069 5080; baseline -0.001 -16"><span class='ocrx_word' id='word_1_766' title='bbox 494 5010 647 5065; x_wconf 86' lang='lat' dir='ltr'><strong>istius</strong></span> <span class='ocrx_word' id='word_1_767' title='bbox 674 5010 779 5065; x_wconf 88' lang='lat' dir='ltr'><strong>loci</strong></span> <span class='ocrx_word' id='word_1_768' title='bbox 822 5010 879 5066; x_wconf 91' lang='lat' dir='ltr'><strong>in</strong></span> <span class='ocrx_word' id='word_1_769' title='bbox 917 5008 1056 5065; x_wconf 89' lang='lat' dir='ltr'><strong>libro</strong></span> <span class='ocrx_word' id='word_1_770' title='bbox 1085 5009 1483 5080; x_wconf 81' lang='lat' dir='ltr'><strong>Antiquitatum</strong></span> <span class='ocrx_word' id='word_1_771' title='bbox 1524 5010 1756 5080; x_wconf 91' lang='lat' dir='ltr'><strong>septimo</strong></span> <span class='ocrx_word' id='word_1_772' title='bbox 1803 5009 2069 5076; x_wconf 89' lang='lat' dir='ltr'><strong>meminit,</strong></span> 
     </span>
    </p>
   </div>
   <div class='ocr_carea' id='block_1_97' title="bbox 494 5100 2075 5172">
    <p class='ocr_par' dir='ltr' id='par_1_97' title="bbox 494 5100 2075 5172">
     <span class='ocr_line' id='line_1_97' title="bbox 494 5100 2075 5172; baseline -0.001 -17"><span class='ocrx_word' id='word_1_773' title='bbox 494 5100 546 5155; x_wconf 88' lang='lat' dir='ltr'><strong>in</strong></span> <span class='ocrx_word' id='word_1_774' title='bbox 572 5102 780 5157; x_wconf 88' lang='lat' dir='ltr'><strong>duobus</strong></span> <span class='ocrx_word' id='word_1_775' title='bbox 810 5101 1016 5172; x_wconf 66' lang='lat' dir='ltr'><strong>praeliis</strong></span> <span class='ocrx_word' id='word_1_776' title='bbox 1039 5108 1230 5157; x_wconf 84' lang='lat' dir='ltr'><strong>contra</strong></span> <span class='ocrx_word' id='word_1_777' title='bbox 1255 5100 1570 5156; x_wconf 65' lang='lat' dir='ltr'><strong>Palaestinos</strong></span> <span class='ocrx_word' id='word_1_778' title='bbox 1592 5100 1831 5170; x_wconf 87' lang='lat' dir='ltr'><strong>peractis</strong></span> <span class='ocrx_word' id='word_1_779' title='bbox 1850 5113 2075 5154; x_wconf 68' lang='lat' dir='ltr'><strong>amcor-</strong></span> 
     </span>
    </p>
   </div>
   <div class='ocr_carea' id='block_1_98' title="bbox 494 5189 2074 5262">
    <p class='ocr_par' dir='ltr' id='par_1_98' title="bbox 494 5189 2074 5262">
     <span class='ocr_line' id='line_1_98' title="bbox 494 5189 2074 5262; baseline 0 -19"><span class='ocrx_word' id='word_1_780' title='bbox 494 5190 584 5243; x_wconf 84' lang='lat' dir='ltr'><strong>dat</strong></span> <span class='ocrx_word' id='word_1_781' title='bbox 603 5205 727 5245; x_wconf 89' lang='lat' dir='ltr'><strong>cum</strong></span> <span class='ocrx_word' id='word_1_782' title='bbox 757 5191 1042 5262; x_wconf 83' lang='lat' dir='ltr'><strong>Scriptura</strong></span> <span class='ocrx_word' id='word_1_783' title='bbox 1068 5191 1295 5261; x_wconf 81' lang='lat' dir='ltr'><strong>Regum.</strong></span> <span class='ocrx_word' id='word_1_784' title='bbox 1325 5191 1404 5246; x_wconf 90' lang='lat' dir='ltr'><strong>De</strong></span> <span class='ocrx_word' id='word_1_785' title='bbox 1433 5190 1592 5245; x_wconf 85' lang='lat' dir='ltr'><strong>tertio</strong></span> <span class='ocrx_word' id='word_1_786' title='bbox 1622 5204 1750 5245; x_wconf 90' lang='lat' dir='ltr'><strong>vero</strong></span> <span class='ocrx_word' id='word_1_787' title='bbox 1779 5189 1963 5260; x_wconf 69' lang='lat' dir='ltr'><strong>praelia</strong></span> <span class='ocrx_word' id='word_1_788' title='bbox 1998 5189 2074 5244; x_wconf 90' lang='lat' dir='ltr'><strong>ita</strong></span> 
     </span>
    </p>
   </div>
   <div class='ocr_carea' id='block_1_99' title="bbox 498 5264 2075 5351">
    <p class='ocr_par' dir='ltr' id='par_1_99' title="bbox 498 5264 2075 5351">
     <span class='ocr_line' id='line_1_99' title="bbox 498 5264 2075 5351; baseline 0 -19"><span class='ocrx_word' id='word_1_789' title='bbox 498 5278 662 5334; x_wconf 88' lang='lat' dir='ltr'><strong>dicit:</strong></span> <span class='ocrx_word' id='word_1_790' title='bbox 704 5298 725 5333; x_wconf 70' lang='grc' dir='ltr'><strong>ι</strong></span> <span class='ocrx_word' id='word_1_791' title='bbox 772 5280 905 5335; x_wconf 84' lang='lat' dir='ltr'><strong>Post</strong></span> <span class='ocrx_word' id='word_1_792' title='bbox 949 5280 1089 5337; x_wconf 87' lang='lat' dir='ltr'><strong>hanc</strong></span> <span class='ocrx_word' id='word_1_793' title='bbox 1128 5295 1262 5336; x_wconf 90' lang='lat' dir='ltr'><strong>vero</strong></span> <span class='ocrx_word' id='word_1_794' title='bbox 1300 5264 1759 5351; x_wconf 81' lang='lat' dir='ltr'><strong>compressionem</strong></span> <span class='ocrx_word' id='word_1_795' title='bbox 1805 5278 2075 5333; x_wconf 81' lang='lat' dir='ltr'><strong>Palaestini</strong></span> 
     </span>
    </p>
   </div>
   <div class='ocr_carea' id='block_1_100' title="bbox 499 5370 2074 5442">
    <p class='ocr_par' dir='ltr' id='par_1_100' title="bbox 499 5370 2074 5442">
     <span class='ocr_line' id='line_1_100' title="bbox 499 5370 2074 5442; baseline 0.001 -19"><span class='ocrx_word' id='word_1_796' title='bbox 499 5370 671 5425; x_wconf 82' lang='lat' dir='ltr'><strong>denuo</strong></span> <span class='ocrx_word' id='word_1_797' title='bbox 700 5380 1114 5442; x_wconf 84' lang='lat' dir='ltr'><strong>pugnaverunt;</strong></span> <span class='ocrx_word' id='word_1_798' title='bbox 1146 5386 1311 5441; x_wconf 85' lang='lat' dir='ltr'><strong>super</strong></span> <span class='ocrx_word' id='word_1_799' title='bbox 1334 5388 1468 5442; x_wconf 89' lang='lat' dir='ltr'><strong>quos</strong></span> <span class='ocrx_word' id='word_1_800' title='bbox 1497 5372 1795 5427; x_wconf 79' lang='lat' dir='ltr'><strong>exercitum</strong></span> <span class='ocrx_word' id='word_1_801' title='bbox 1827 5371 2074 5425; x_wconf 87' lang='lat' dir='ltr'><strong>mittente</strong></span> 
     </span>
    </p>
   </div>
   <div class='ocr_carea' id='block_1_101' title="bbox 501 5455 2075 5531">
    <p class='ocr_par' dir='ltr' id='par_1_101' title="bbox 501 5455 2075 5531">
     <span class='ocr_line' id='line_1_101' title="bbox 501 5455 2075 5531; baseline 0.001 -20"><span class='ocrx_word' id='word_1_802' title='bbox 501 5455 689 5523; x_wconf 84' lang='lat' dir='ltr'><strong>David,</strong></span> <span class='ocrx_word' id='word_1_803' title='bbox 719 5460 804 5513; x_wconf 84' lang='lat' dir='ltr'><strong>vir</strong></span> <span class='ocrx_word' id='word_1_804' title='bbox 832 5460 990 5515; x_wconf 81' lang='lat' dir='ltr'><strong>fortis</strong></span> <span class='ocrx_word' id='word_1_805' title='bbox 1016 5461 1268 5531; x_wconf 88' lang='lat' dir='ltr'><strong>apparuit</strong></span> <span class='ocrx_word' id='word_1_806' title='bbox 1288 5460 1474 5529; x_wconf 86' lang='lat' dir='ltr'><strong>Ephan</strong></span> <span class='ocrx_word' id='word_1_807' title='bbox 1496 5469 1760 5531; x_wconf 86' lang='lat' dir='ltr'><strong>cognatus</strong></span> <span class='ocrx_word' id='word_1_808' title='bbox 1779 5458 1914 5527; x_wconf 89' lang='lat' dir='ltr'><strong>ejus.</strong></span> <span class='ocrx_word' id='word_1_809' title='bbox 1939 5458 2075 5513; x_wconf 82' lang='lat' dir='ltr'><strong>Nam</strong></span> 
     </span>
    </p>
   </div>
   <div class='ocr_carea' id='block_1_102' title="bbox 502 5550 2070 5622">
    <p class='ocr_par' dir='ltr' id='par_1_102' title="bbox 502 5550 2070 5622">
     <span class='ocr_line' id='line_1_102' title="bbox 502 5550 2070 5622; baseline 0.001 -19"><span class='ocrx_word' id='word_1_810' title='bbox 502 5559 685 5604; x_wconf 88' lang='lat' dir='ltr'><strong>contra</strong></span> <span class='ocrx_word' id='word_1_811' title='bbox 714 5551 955 5622; x_wconf 86' lang='lat' dir='ltr'><strong>singulos</strong></span> <span class='ocrx_word' id='word_1_812' title='bbox 992 5550 1317 5609; x_wconf 83' lang='lat' dir='ltr'><strong>fortissimos</strong></span> <span class='ocrx_word' id='word_1_813' title='bbox 1342 5552 1756 5607; x_wconf 57' lang='lat' dir='ltr'><strong>Palatstinorum</strong></span> <span class='ocrx_word' id='word_1_814' title='bbox 1798 5551 1946 5607; x_wconf 90' lang='lat' dir='ltr'><strong>solus</strong></span> <span class='ocrx_word' id='word_1_815' title='bbox 1973 5566 2070 5620; x_wconf 89' lang='lat' dir='ltr'><strong>pu-</strong></span> 
     </span>
    </p>
   </div>
   <div class='ocr_carea' id='block_1_103' title="bbox 503 5641 2078 5713">
    <p class='ocr_par' dir='ltr' id='par_1_103' title="bbox 503 5641 2078 5713">
     <span class='ocr_line' id='line_1_103' title="bbox 503 5641 2078 5713; baseline 0.001 -19"><span class='ocrx_word' id='word_1_816' title='bbox 503 5641 714 5711; x_wconf 78' lang='lat' dir='ltr'><strong>gnando</strong></span> <span class='ocrx_word' id='word_1_817' title='bbox 736 5643 966 5711; x_wconf 88' lang='lat' dir='ltr'><strong>peremit</strong></span> <span class='ocrx_word' id='word_1_818' title='bbox 990 5658 1106 5709; x_wconf 90' lang='lat' dir='ltr'><strong>eos,</strong></span> <span class='ocrx_word' id='word_1_819' title='bbox 1129 5653 1185 5698; x_wconf 90' lang='lat' dir='ltr'><strong>et</strong></span> <span class='ocrx_word' id='word_1_820' title='bbox 1204 5642 1337 5699; x_wconf 86' lang='lat' dir='ltr'><strong>alios</strong></span> <span class='ocrx_word' id='word_1_821' title='bbox 1359 5643 1629 5698; x_wconf 89' lang='lat' dir='ltr'><strong>convertit</strong></span> <span class='ocrx_word' id='word_1_822' title='bbox 1649 5642 1703 5697; x_wconf 86' lang='lat' dir='ltr'><strong>in</strong></span> <span class='ocrx_word' id='word_1_823' title='bbox 1723 5641 1929 5713; x_wconf 72' lang='lat' dir='ltr'><strong>fugam,</strong></span> <span class='ocrx_word' id='word_1_824' title='bbox 1946 5656 2078 5709; x_wconf 89' lang='lat' dir='ltr'><strong>quo-</strong></span> 
     </span>
    </p>
   </div>
   <div class='ocr_carea' id='block_1_104' title="bbox 506 5732 2079 5806">
    <p class='ocr_par' dir='ltr' id='par_1_104' title="bbox 506 5732 2079 5806">
     <span class='ocr_line' id='line_1_104' title="bbox 506 5732 2079 5806; baseline 0.001 -20"><span class='ocrx_word' id='word_1_825' title='bbox 506 5746 627 5788; x_wconf 74' lang='lat' dir='ltr'><strong>rum</strong></span> <span class='ocrx_word' id='word_1_826' title='bbox 653 5733 819 5789; x_wconf 87' lang='lat' dir='ltr'><strong>etiam</strong></span> <span class='ocrx_word' id='word_1_827' title='bbox 848 5734 1001 5791; x_wconf 83' lang='lat' dir='ltr'><strong>rnulti</strong></span> <span class='ocrx_word' id='word_1_828' title='bbox 1024 5736 1079 5792; x_wconf 91' lang='lat' dir='ltr'><strong>in</strong></span> <span class='ocrx_word' id='word_1_829' title='bbox 1105 5733 1294 5806; x_wconf 71' lang='lat' dir='ltr'><strong>praelio</strong></span> <span class='ocrx_word' id='word_1_830' title='bbox 1330 5732 1660 5790; x_wconf 87' lang='lat' dir='ltr'><strong>ceciderunt.</strong></span> <span class='ocrx_word' id='word_1_831' title='bbox 1704 5752 1722 5787; x_wconf 84' lang='grc' dir='ltr'><strong>ι</strong></span> <span class='ocrx_word' id='word_1_832' title='bbox 1761 5732 1954 5788; x_wconf 90' lang='lat' dir='ltr'><strong>Utrum</strong></span> <span class='ocrx_word' id='word_1_833' title='bbox 1985 5747 2079 5787; x_wconf 86' lang='lat' dir='ltr'><strong>au-</strong></span> 
     </span>
    </p>
   </div>
   <div class='ocr_carea' id='block_1_105' title="bbox 2176 4546 3748 4631">
    <p class='ocr_par' dir='ltr' id='par_1_105' title="bbox 2176 4546 3748 4631">
     <span class='ocr_line' id='line_1_105' title="bbox 2176 4546 3748 4631; baseline -0.01 -15"><span class='ocrx_word' id='word_1_834' title='bbox 2176 4557 2517 4631; x_wconf 88' lang='lat' dir='ltr'><strong>persequeris</strong></span> <span class='ocrx_word' id='word_1_835' title='bbox 2547 4555 2684 4627; x_wconf 81' lang='lat' dir='ltr'><strong>(Act.</strong></span> <span class='ocrx_word' id='word_1_836' title='bbox 2709 4552 2827 4626; x_wconf 82' lang='lat' dir='ltr'><strong>1x)?</strong></span> <span class='ocrx_word' id='word_1_837' title='bbox 2862 4573 2881 4606; x_wconf 80' lang='grc' dir='ltr'><strong>ι</strong></span> <span class='ocrx_word' id='word_1_838' title='bbox 2917 4551 3143 4620; x_wconf 89' lang='lat' dir='ltr'><strong>Quando</strong></span> <span class='ocrx_word' id='word_1_839' title='bbox 3177 4557 3357 4605; x_wconf 88' lang='lat' dir='ltr'><strong>autem</strong></span> <span class='ocrx_word' id='word_1_840' title='bbox 3387 4547 3617 4618; x_wconf 89' lang='lat' dir='ltr'><strong>eripitur</strong></span> <span class='ocrx_word' id='word_1_841' title='bbox 3643 4546 3748 4600; x_wconf 87' lang='lat' dir='ltr'><strong>hoc</strong></span> 
     </span>
    </p>
   </div>
   <div class='ocr_carea' id='block_1_106' title="bbox 2174 4636 3746 4720">
    <p class='ocr_par' dir='ltr' id='par_1_106' title="bbox 2174 4636 3746 4720">
     <span class='ocr_line' id='line_1_106' title="bbox 2174 4636 3746 4720; baseline -0.011 -13"><span class='ocrx_word' id='word_1_842' title='bbox 2174 4663 2373 4720; x_wconf 89' lang='lat' dir='ltr'><strong>corpus</strong></span> <span class='ocrx_word' id='word_1_843' title='bbox 2397 4646 2514 4717; x_wconf 89' lang='lat' dir='ltr'><strong>ejus</strong></span> <span class='ocrx_word' id='word_1_844' title='bbox 2539 4646 2607 4701; x_wconf 90' lang='lat' dir='ltr'><strong>de</strong></span> <span class='ocrx_word' id='word_1_845' title='bbox 2633 4660 2795 4699; x_wconf 87' lang='lat' dir='ltr'><strong>manu</strong></span> <span class='ocrx_word' id='word_1_846' title='bbox 2824 4643 3065 4699; x_wconf 90' lang='lat' dir='ltr'><strong>omnium</strong></span> <span class='ocrx_word' id='word_1_847' title='bbox 3090 4640 3429 4696; x_wconf 89' lang='lat' dir='ltr'><strong>inimicorum</strong></span> <span class='ocrx_word' id='word_1_848' title='bbox 3458 4637 3592 4708; x_wconf 80' lang='lat' dir='ltr'><strong>ejus,</strong></span> <span class='ocrx_word' id='word_1_849' title='bbox 3638 4636 3746 4692; x_wconf 86' lang='lat' dir='ltr'><strong>nisi</strong></span> 
     </span>
    </p>
   </div>
   <div class='ocr_carea' id='block_1_107' title="bbox 2176 4725 3747 4799">
    <p class='ocr_par' dir='ltr' id='par_1_107' title="bbox 2176 4725 3747 4799">
     <span class='ocr_line' id='line_1_107' title="bbox 2176 4725 3747 4799; baseline -0.01 -3"><span class='ocrx_word' id='word_1_850' title='bbox 2176 4755 2300 4797; x_wconf 92' lang='lat' dir='ltr'><strong>cum</strong></span> <span class='ocrx_word' id='word_1_851' title='bbox 2332 4746 2388 4794; x_wconf 90' lang='lat' dir='ltr'><strong>et</strong></span> <span class='ocrx_word' id='word_1_852' title='bbox 2413 4737 2504 4792; x_wconf 89' lang='lat' dir='ltr'><strong>illa</strong></span> <span class='ocrx_word' id='word_1_853' title='bbox 2534 4754 2555 4787; x_wconf 74' lang='grc' dir='ltr'><strong>ι</strong></span> <span class='ocrx_word' id='word_1_854' title='bbox 2585 4735 2876 4791; x_wconf 88' lang='lat' dir='ltr'><strong>novissima</strong></span> <span class='ocrx_word' id='word_1_855' title='bbox 2910 4733 3129 4789; x_wconf 88' lang='lat' dir='ltr'><strong>inimica</strong></span> <span class='ocrx_word' id='word_1_856' title='bbox 3163 4731 3473 4787; x_wconf 83' lang='lat' dir='ltr'><strong>destruetur</strong></span> <span class='ocrx_word' id='word_1_857' title='bbox 3499 4742 3647 4784; x_wconf 90' lang='lat' dir='ltr'><strong>mors</strong></span> <span class='ocrx_word' id='word_1_858' title='bbox 3677 4725 3747 4799; x_wconf 87' lang='grc' dir='ltr'><strong>(ι</strong></span> 
     </span>
    </p>
   </div>
   <div class='ocr_carea' id='block_1_108' title="bbox 2177 4821 3748 4901">
    <p class='ocr_par' dir='ltr' id='par_1_108' title="bbox 2177 4821 3748 4901">
     <span class='ocr_line' id='line_1_108' title="bbox 2177 4821 3748 4901; baseline -0.007 -15"><span class='ocrx_word' id='word_1_859' title='bbox 2177 4830 2299 4886; x_wconf 82' lang='lat' dir='ltr'><strong>Cor.</strong></span> <span class='ocrx_word' id='word_1_860' title='bbox 2315 4827 2471 4901; x_wconf 74' lang='lat' dir='ltr'><strong>XV),)</strong></span> <span class='ocrx_word' id='word_1_861' title='bbox 2488 4834 2551 4883; x_wconf 91' lang='lat' dir='ltr'><strong>ut</strong></span> <span class='ocrx_word' id='word_1_862' title='bbox 2572 4826 2918 4896; x_wconf 89' lang='lat' dir='ltr'><strong>perveniatur</strong></span> <span class='ocrx_word' id='word_1_863' title='bbox 2940 4824 3007 4879; x_wconf 91' lang='lat' dir='ltr'><strong>ad</strong></span> <span class='ocrx_word' id='word_1_864' title='bbox 3026 4839 3247 4892; x_wconf 83' lang='lat' dir='ltr'><strong>regnum</strong></span> <span class='ocrx_word' id='word_1_865' title='bbox 3273 4822 3386 4877; x_wconf 90' lang='lat' dir='ltr'><strong>Dei.</strong></span> <span class='ocrx_word' id='word_1_866' title='bbox 3418 4839 3437 4871; x_wconf 75' lang='grc' dir='ltr'><strong>ι</strong></span> <span class='ocrx_word' id='word_1_867' title='bbox 3468 4821 3748 4884; x_wconf 86' lang='lat' dir='ltr'><strong>Dominus,</strong></span> 
     </span>
    </p>
   </div>
   <div class='ocr_carea' id='block_1_109' title="bbox 2179 4910 3751 4988">
    <p class='ocr_par' dir='ltr' id='par_1_109' title="bbox 2179 4910 3751 4988">
     <span class='ocr_line' id='line_1_109' title="bbox 2179 4910 3751 4988; baseline -0.006 -14"><span class='ocrx_word' id='word_1_868' title='bbox 2179 4918 2372 4988; x_wconf 90' lang='lat' dir='ltr'><strong>inquit,</strong></span> <span class='ocrx_word' id='word_1_869' title='bbox 2407 4926 2562 4986; x_wconf 91' lang='lat' dir='ltr'><strong>petra</strong></span> <span class='ocrx_word' id='word_1_870' title='bbox 2599 4931 2737 4980; x_wconf 90' lang='lat' dir='ltr'><strong>mea,</strong></span> <span class='ocrx_word' id='word_1_871' title='bbox 2776 4923 2831 4969; x_wconf 92' lang='lat' dir='ltr'><strong>et</strong></span> <span class='ocrx_word' id='word_1_872' title='bbox 2866 4913 3032 4969; x_wconf 87' lang='lat' dir='ltr'><strong>robur</strong></span> <span class='ocrx_word' id='word_1_873' title='bbox 3059 4928 3258 4969; x_wconf 90' lang='lat' dir='ltr'><strong>meum.</strong></span> <span class='ocrx_word' id='word_1_874' title='bbox 3307 4932 3326 4965; x_wconf 79' lang='grc' dir='ltr'><strong>ι</strong></span> <span class='ocrx_word' id='word_1_875' title='bbox 3370 4911 3615 4966; x_wconf 86' lang='lat' dir='ltr'><strong>Psalmus</strong></span> <span class='ocrx_word' id='word_1_876' title='bbox 3659 4910 3751 4965; x_wconf 88' lang='lat' dir='ltr'><strong>hic</strong></span> 
     </span>
    </p>
   </div>
   <div class='ocr_carea' id='block_1_110' title="bbox 2173 5000 3749 5073">
    <p class='ocr_par' dir='ltr' id='par_1_110' title="bbox 2173 5000 3749 5073">
     <span class='ocr_line' id='line_1_110' title="bbox 2173 5000 3749 5073; baseline -0.005 -10"><span class='ocrx_word' id='word_1_877' title='bbox 2173 5008 2268 5063; x_wconf 90' lang='lat' dir='ltr'><strong>uni</strong></span> <span class='ocrx_word' id='word_1_878' title='bbox 2293 5014 2500 5061; x_wconf 89' lang='lat' dir='ltr'><strong>tantum</strong></span> <span class='ocrx_word' id='word_1_879' title='bbox 2531 5019 2637 5058; x_wconf 92' lang='lat' dir='ltr'><strong>non</strong></span> <span class='ocrx_word' id='word_1_880' title='bbox 2658 5011 2837 5072; x_wconf 89' lang='lat' dir='ltr'><strong>potest</strong></span> <span class='ocrx_word' id='word_1_881' title='bbox 2870 5003 3160 5059; x_wconf 88' lang='lat' dir='ltr'><strong>convenire</strong></span> <span class='ocrx_word' id='word_1_882' title='bbox 3202 5016 3466 5073; x_wconf 63' lang='lat' dir='ltr'><strong>personae,</strong></span> <span class='ocrx_word' id='word_1_883' title='bbox 3497 5000 3593 5056; x_wconf 88' lang='lat' dir='ltr'><strong>sed</strong></span> <span class='ocrx_word' id='word_1_884' title='bbox 3618 5014 3749 5068; x_wconf 90' lang='lat' dir='ltr'><strong>qua-</strong></span> 
     </span>
    </p>
   </div>
   <div class='ocr_carea' id='block_1_111' title="bbox 2174 5089 3751 5161">
    <p class='ocr_par' dir='ltr' id='par_1_111' title="bbox 2174 5089 3751 5161">
     <span class='ocr_line' id='line_1_111' title="bbox 2174 5089 3751 5161; baseline -0.004 -10"><span class='ocrx_word' id='word_1_885' title='bbox 2174 5103 2297 5152; x_wconf 89' lang='lat' dir='ltr'><strong>tuor</strong></span> <span class='ocrx_word' id='word_1_886' title='bbox 2317 5093 2677 5151; x_wconf 85' lang='lat' dir='ltr'><strong>divisionibus</strong></span> <span class='ocrx_word' id='word_1_887' title='bbox 2701 5090 3019 5160; x_wconf 89' lang='lat' dir='ltr'><strong>suhjaeebit.</strong></span> <span class='ocrx_word' id='word_1_888' title='bbox 3048 5091 3182 5146; x_wconf 81' lang='lat' dir='ltr'><strong>Nam</strong></span> <span class='ocrx_word' id='word_1_889' title='bbox 3210 5092 3386 5161; x_wconf 88' lang='lat' dir='ltr'><strong>primo</strong></span> <span class='ocrx_word' id='word_1_890' title='bbox 3411 5090 3600 5147; x_wconf 89' lang='lat' dir='ltr'><strong>ordine</strong></span> <span class='ocrx_word' id='word_1_891' title='bbox 3618 5089 3751 5145; x_wconf 89' lang='lat' dir='ltr'><strong>Pro-</strong></span> 
     </span>
    </p>
   </div>
   <div class='ocr_carea' id='block_1_112' title="bbox 2173 5179 3752 5255">
    <p class='ocr_par' dir='ltr' id='par_1_112' title="bbox 2173 5179 3752 5255">
     <span class='ocr_line' id='line_1_112' title="bbox 2173 5179 3752 5255; baseline -0.005 -15"><span class='ocrx_word' id='word_1_892' title='bbox 2173 5186 2334 5255; x_wconf 89' lang='lat' dir='ltr'><strong>pheta</strong></span> <span class='ocrx_word' id='word_1_893' title='bbox 2355 5183 2613 5252; x_wconf 89' lang='lat' dir='ltr'><strong>loquitur,</strong></span> <span class='ocrx_word' id='word_1_894' title='bbox 2643 5181 2844 5252; x_wconf 88' lang='lat' dir='ltr'><strong>gratias</strong></span> <span class='ocrx_word' id='word_1_895' title='bbox 2871 5196 3034 5251; x_wconf 87' lang='lat' dir='ltr'><strong>agens</strong></span> <span class='ocrx_word' id='word_1_896' title='bbox 3067 5180 3210 5251; x_wconf 89' lang='lat' dir='ltr'><strong>quod</strong></span> <span class='ocrx_word' id='word_1_897' title='bbox 3237 5195 3367 5235; x_wconf 89' lang='lat' dir='ltr'><strong>eum</strong></span> <span class='ocrx_word' id='word_1_898' title='bbox 3405 5181 3470 5235; x_wconf 91' lang='lat' dir='ltr'><strong>de</strong></span> <span class='ocrx_word' id='word_1_899' title='bbox 3497 5179 3752 5249; x_wconf 88' lang='lat' dir='ltr'><strong>gravibus</strong></span> 
     </span>
    </p>
   </div>
   <div class='ocr_carea' id='block_1_113' title="bbox 2173 5268 3751 5345">
    <p class='ocr_par' dir='ltr' id='par_1_113' title="bbox 2173 5268 3751 5345">
     <span class='ocr_line' id='line_1_113' title="bbox 2173 5268 3751 5345; baseline -0.006 -15"><span class='ocrx_word' id='word_1_900' title='bbox 2173 5273 2426 5345; x_wconf 90' lang='lat' dir='ltr'><strong>periculis</strong></span> <span class='ocrx_word' id='word_1_901' title='bbox 2444 5273 2623 5328; x_wconf 86' lang='lat' dir='ltr'><strong>divina</strong></span> <span class='ocrx_word' id='word_1_902' title='bbox 2646 5273 2816 5341; x_wconf 89' lang='lat' dir='ltr'><strong>pietas</strong></span> <span class='ocrx_word' id='word_1_903' title='bbox 2835 5271 3070 5327; x_wconf 85' lang='lat' dir='ltr'><strong>liberare</strong></span> <span class='ocrx_word' id='word_1_904' title='bbox 3088 5270 3307 5340; x_wconf 85' lang='lat' dir='ltr'><strong>dignata</strong></span> <span class='ocrx_word' id='word_1_905' title='bbox 3340 5278 3442 5326; x_wconf 86' lang='lat' dir='ltr'><strong>est.</strong></span> <span class='ocrx_word' id='word_1_906' title='bbox 3467 5287 3486 5320; x_wconf 74' lang='grc' dir='ltr'><strong>ι</strong></span> <span class='ocrx_word' id='word_1_907' title='bbox 3507 5268 3751 5323; x_wconf 88' lang='lat' dir='ltr'><strong>Circum-</strong></span> 
     </span>
    </p>
   </div>
   <div class='ocr_carea' id='block_1_114' title="bbox 2175 5356 3750 5433">
    <p class='ocr_par' dir='ltr' id='par_1_114' title="bbox 2175 5356 3750 5433">
     <span class='ocr_line' id='line_1_114' title="bbox 2175 5356 3750 5433; baseline -0.006 -14"><span class='ocrx_word' id='word_1_908' title='bbox 2175 5364 2439 5419; x_wconf 87' lang='lat' dir='ltr'><strong>dederunt</strong></span> <span class='ocrx_word' id='word_1_909' title='bbox 2481 5377 2569 5417; x_wconf 91' lang='lat' dir='ltr'><strong>me</strong></span> <span class='ocrx_word' id='word_1_910' title='bbox 2616 5362 2850 5433; x_wconf 86' lang='lat' dir='ltr'><strong>gemitus</strong></span> <span class='ocrx_word' id='word_1_911' title='bbox 2895 5362 3108 5418; x_wconf 88' lang='lat' dir='ltr'><strong>mortis.</strong></span> <span class='ocrx_word' id='word_1_912' title='bbox 3165 5380 3185 5415; x_wconf 76' lang='grc' dir='ltr'><strong>ι</strong></span> <span class='ocrx_word' id='word_1_913' title='bbox 3224 5360 3474 5416; x_wconf 84' lang='lat' dir='ltr'><strong>Secundo</strong></span> <span class='ocrx_word' id='word_1_914' title='bbox 3506 5356 3750 5412; x_wconf 85' lang='lat' dir='ltr'><strong>Ecclesia</strong></span> 
     </span>
    </p>
   </div>
   <div class='ocr_carea' id='block_1_115' title="bbox 2176 5448 3750 5523">
    <p class='ocr_par' dir='ltr' id='par_1_115' title="bbox 2176 5448 3750 5523">
     <span class='ocr_line' id='line_1_115' title="bbox 2176 5448 3750 5523; baseline -0.005 -15"><span class='ocrx_word' id='word_1_915' title='bbox 2176 5454 2446 5523; x_wconf 89' lang='lat' dir='ltr'><strong>loquitur,</strong></span> <span class='ocrx_word' id='word_1_916' title='bbox 2497 5467 2617 5522; x_wconf 74' lang='lat' dir='ltr'><strong>qua:</strong></span> <span class='ocrx_word' id='word_1_917' title='bbox 2667 5458 2794 5506; x_wconf 91' lang='lat' dir='ltr'><strong>ante</strong></span> <span class='ocrx_word' id='word_1_918' title='bbox 2839 5450 3128 5506; x_wconf 88' lang='lat' dir='ltr'><strong>adventum</strong></span> <span class='ocrx_word' id='word_1_919' title='bbox 3176 5448 3389 5504; x_wconf 92' lang='lat' dir='ltr'><strong>Domini</strong></span> <span class='ocrx_word' id='word_1_920' title='bbox 3435 5448 3750 5500; x_wconf 86' lang='lat' dir='ltr'><strong>innumeras</strong></span> 
     </span>
    </p>
   </div>
   <div class='ocr_carea' id='block_1_116' title="bbox 2178 5535 3752 5619">
    <p class='ocr_par' dir='ltr' id='par_1_116' title="bbox 2178 5535 3752 5619">
     <span class='ocr_line' id='line_1_116' title="bbox 2178 5535 3752 5619; baseline -0.009 -18"><span class='ocrx_word' id='word_1_921' title='bbox 2178 5546 2396 5619; x_wconf 87' lang='lat' dir='ltr'><strong>pertulit</strong></span> <span class='ocrx_word' id='word_1_922' title='bbox 2419 5544 2777 5608; x_wconf 87' lang='lat' dir='ltr'><strong>calamitates,</strong></span> <span class='ocrx_word' id='word_1_923' title='bbox 2806 5550 3152 5611; x_wconf 89' lang='lat' dir='ltr'><strong>posteaquam</strong></span> <span class='ocrx_word' id='word_1_924' title='bbox 3179 5539 3432 5594; x_wconf 89' lang='lat' dir='ltr'><strong>misertus</strong></span> <span class='ocrx_word' id='word_1_925' title='bbox 3455 5536 3505 5589; x_wconf 88' lang='lat' dir='ltr'><strong>ei</strong></span> <span class='ocrx_word' id='word_1_926' title='bbox 3528 5535 3752 5589; x_wconf 85' lang='lat' dir='ltr'><strong>medici-</strong></span> 
     </span>
    </p>
   </div>
   <div class='ocr_carea' id='block_1_117' title="bbox 2178 5625 3754 5696">
    <p class='ocr_par' dir='ltr' id='par_1_117' title="bbox 2178 5625 3754 5696">
     <span class='ocr_line' id='line_1_117' title="bbox 2178 5625 3754 5696; baseline -0.008 -4"><span class='ocrx_word' id='word_1_927' title='bbox 2178 5653 2303 5692; x_wconf 90' lang='lat' dir='ltr'><strong>nam</strong></span> <span class='ocrx_word' id='word_1_928' title='bbox 2327 5643 2527 5691; x_wconf 76' lang='lat' dir='ltr'><strong>sancta:</strong></span> <span class='ocrx_word' id='word_1_929' title='bbox 2551 5633 2937 5689; x_wconf 87' lang='lat' dir='ltr'><strong>incarnationis</strong></span> <span class='ocrx_word' id='word_1_930' title='bbox 2963 5630 3199 5692; x_wconf 88' lang='lat' dir='ltr'><strong>indulsit,</strong></span> <span class='ocrx_word' id='word_1_931' title='bbox 3224 5637 3279 5683; x_wconf 91' lang='lat' dir='ltr'><strong>et</strong></span> <span class='ocrx_word' id='word_1_932' title='bbox 3301 5625 3639 5696; x_wconf 76' lang='lat' dir='ltr'><strong>baptismatis</strong></span> <span class='ocrx_word' id='word_1_933' title='bbox 3660 5626 3754 5681; x_wconf 60' lang='lat' dir='ltr'><strong>he-</strong></span> 
     </span>
    </p>
   </div>
   <div class='ocr_carea' id='block_1_118' title="bbox 2180 5716 3753 5793">
    <p class='ocr_par' dir='ltr' id='par_1_118' title="bbox 2180 5716 3753 5793">
     <span class='ocr_line' id='line_1_118' title="bbox 2180 5716 3753 5793; baseline -0.007 -9"><span class='ocrx_word' id='word_1_934' title='bbox 2180 5726 2372 5785; x_wconf 88' lang='lat' dir='ltr'><strong>neﬁcio</strong></span> <span class='ocrx_word' id='word_1_935' title='bbox 2400 5725 2764 5782; x_wconf 84' lang='lat' dir='ltr'><strong>Christianum</strong></span> <span class='ocrx_word' id='word_1_936' title='bbox 2809 5721 3062 5793; x_wconf 88' lang='lat' dir='ltr'><strong>populum</strong></span> <span class='ocrx_word' id='word_1_937' title='bbox 3107 5720 3171 5775; x_wconf 88' lang='lat' dir='ltr'><strong>dc</strong></span> <span class='ocrx_word' id='word_1_938' title='bbox 3211 5718 3359 5774; x_wconf 85' lang='lat' dir='ltr'><strong>orbis</strong></span> <span class='ocrx_word' id='word_1_939' title='bbox 3402 5716 3753 5775; x_wconf 86' lang='lat' dir='ltr'><strong>universitate</strong></span> 
     </span>
    </p>
   </div>
  </div>
