  <div class='ocr_page' id='page_1' title='image "/cluster/home/n/w/nwhite01/storage/ocr_20150623/109/hvd.32044054759741/063.png"; bbox 0 0 4026 6202; ppageno 0'>
   <div class='ocr_carea' id='block_1_1' title="bbox 257 344 357 400">
    <p class='ocr_par' dir='ltr' id='par_1_1' title="bbox 257 344 357 400">
     <span class='ocr_line' id='line_1_1' title="bbox 257 344 357 400; baseline -0.02 0"><span class='ocrx_word' id='word_1_1' title='bbox 257 344 357 400; x_wconf 75' lang='lat' dir='ltr'><strong>H5</strong></span> 
     </span>
    </p>
   </div>
   <div class='ocr_carea' id='block_1_2' title="bbox 925 337 2856 399">
    <p class='ocr_par' dir='ltr' id='par_1_2' title="bbox 925 337 2856 399">
     <span class='ocr_line' id='line_1_2' title="bbox 925 337 2856 399; baseline 0.001 -7"><span class='ocrx_word' id='word_1_2' title='bbox 925 339 985 394; x_wconf 88' lang='lat' dir='ltr'><strong>B.</strong></span> <span class='ocrx_word' id='word_1_3' title='bbox 1026 337 1277 394; x_wconf 75' lang='lat' dir='ltr'><strong>RABANI</strong></span> <span class='ocrx_word' id='word_1_4' title='bbox 1317 338 1535 395; x_wconf 77' lang='lat' dir='ltr'><strong>MAURI</strong></span> <span class='ocrx_word' id='word_1_5' title='bbox 1570 338 1887 395; x_wconf 78' lang='lat' dir='ltr'><strong>ARCHIEP.</strong></span> <span class='ocrx_word' id='word_1_6' title='bbox 1930 338 2238 397; x_wconf 83' lang='lat' dir='ltr'><strong>MOGUNT.</strong></span> <span class='ocrx_word' id='word_1_7' title='bbox 2280 342 2561 399; x_wconf 75' lang='lat' dir='ltr'><strong>OPERUM</strong></span> <span class='ocrx_word' id='word_1_8' title='bbox 2600 340 2777 397; x_wconf 75' lang='lat' dir='ltr'><strong>PARS</strong></span> <span class='ocrx_word' id='word_1_9' title='bbox 2816 341 2856 395; x_wconf 88' lang='lat' dir='ltr'><strong>I.</strong></span> 
     </span>
    </p>
   </div>
   <div class='ocr_carea' id='block_1_3' title="bbox 3396 340 3501 395">
    <p class='ocr_par' dir='ltr' id='par_1_3' title="bbox 3396 340 3501 395">
     <span class='ocr_line' id='line_1_3' title="bbox 3396 340 3501 395; baseline 0.01 -1"><span class='ocrx_word' id='word_1_10' title='bbox 3396 340 3501 395; x_wconf 73' lang='lat' dir='ltr'><strong>{I6</strong></span> 
     </span>
    </p>
   </div>
   <div class='ocr_carea' id='block_1_4' title="bbox 250 438 3511 523">
    <p class='ocr_par' dir='ltr' id='par_1_4' title="bbox 250 438 3511 523">
     <span class='ocr_line' id='line_1_4' title="bbox 250 438 3511 523; baseline -0.001 -13"><span class='ocrx_word' id='word_1_11' title='bbox 250 454 487 523; x_wconf 76' lang='lat' dir='ltr'><strong>collegit.</strong></span> <span class='ocrx_word' id='word_1_12' title='bbox 526 469 545 502; x_wconf 86' lang='grc'><strong>‹</strong></span> <span class='ocrx_word' id='word_1_13' title='bbox 579 450 721 506; x_wconf 88' lang='lat' dir='ltr'><strong>Deus</strong></span> <span class='ocrx_word' id='word_1_14' title='bbox 742 449 832 520; x_wconf 87' lang='lat' dir='ltr'><strong>qui</strong></span> <span class='ocrx_word' id='word_1_15' title='bbox 858 438 1091 504; x_wconf 71' lang='lat' dir='ltr'><strong>accinxit</strong></span> <span class='ocrx_word' id='word_1_16' title='bbox 1114 465 1201 503; x_wconf 91' lang='lat' dir='ltr'><strong>me</strong></span> <span class='ocrx_word' id='word_1_17' title='bbox 1237 450 1454 505; x_wconf 89' lang='lat' dir='ltr'><strong>virtute.</strong></span> <span class='ocrx_word' id='word_1_18' title='bbox 1486 470 1504 503; x_wconf 73' lang='grc' dir='ltr'><strong>ι</strong></span> <span class='ocrx_word' id='word_1_19' title='bbox 1537 451 1739 514; x_wconf 86' lang='lat' dir='ltr'><strong>Tertio,</strong></span> <span class='ocrx_word' id='word_1_20' title='bbox 1771 450 1826 503; x_wconf 86' lang='lat' dir='ltr'><strong>in</strong></span> <span class='ocrx_word' id='word_1_21' title='bbox 1854 448 1907 509; x_wconf 83' lang='grc' dir='ltr'><strong>Λ</strong></span> <span class='ocrx_word' id='word_1_22' title='bbox 1931 451 2185 517; x_wconf 91' lang='lat' dir='ltr'><strong>mitur,ct</strong></span> <span class='ocrx_word' id='word_1_23' title='bbox 2198 451 2394 521; x_wconf 89' lang='lat' dir='ltr'><strong>jaculis</strong></span> <span class='ocrx_word' id='word_1_24' title='bbox 2412 461 2756 522; x_wconf 73' lang='lat' dir='ltr'><strong>peccatorum</strong></span> <span class='ocrx_word' id='word_1_25' title='bbox 2782 466 3002 505; x_wconf 90' lang='lat' dir='ltr'><strong>suorum</strong></span> <span class='ocrx_word' id='word_1_26' title='bbox 3022 450 3347 516; x_wconf 71' lang='lat' dir='ltr'><strong>confoditur,</strong></span> <span class='ocrx_word' id='word_1_27' title='bbox 3371 450 3511 521; x_wconf 85' lang='lat' dir='ltr'><strong>ejus-</strong></span> 
     </span>
    </p>
   </div>
   <div class='ocr_carea' id='block_1_5' title="bbox 259 539 1828 609">
    <p class='ocr_par' dir='ltr' id='par_1_5' title="bbox 259 539 1828 609">
     <span class='ocr_line' id='line_1_5' title="bbox 259 539 1828 609; baseline -0.004 -11"><span class='ocrx_word' id='word_1_28' title='bbox 259 560 382 598; x_wconf 85' lang='lat' dir='ltr'><strong>rore</strong></span> <span class='ocrx_word' id='word_1_29' title='bbox 428 541 814 609; x_wconf 72' lang='lat' dir='ltr'><strong>misericordia:</strong></span> <span class='ocrx_word' id='word_1_30' title='bbox 852 555 954 594; x_wconf 82' lang='lat' dir='ltr'><strong>vox</strong></span> <span class='ocrx_word' id='word_1_31' title='bbox 986 539 1186 595; x_wconf 91' lang='lat' dir='ltr'><strong>Christi</strong></span> <span class='ocrx_word' id='word_1_32' title='bbox 1232 539 1528 595; x_wconf 88' lang='lat' dir='ltr'><strong>Salvatoris</strong></span> <span class='ocrx_word' id='word_1_33' title='bbox 1556 540 1828 604; x_wconf 78' lang='lat' dir='ltr'><strong>illabitur,</strong></span> 
     </span>
    </p>
   </div>
   <div class='ocr_carea' id='block_1_6' title="bbox 256 629 1832 701">
    <p class='ocr_par' dir='ltr' id='par_1_6' title="bbox 256 629 1832 701">
     <span class='ocr_line' id='line_1_6' title="bbox 256 629 1832 701; baseline -0.001 -15"><span class='ocrx_word' id='word_1_34' title='bbox 256 633 346 687; x_wconf 87' lang='lat' dir='ltr'><strong>ubi</strong></span> <span class='ocrx_word' id='word_1_35' title='bbox 378 631 754 701; x_wconf 75' lang='lat' dir='ltr'><strong>pulcherrimis</strong></span> <span class='ocrx_word' id='word_1_36' title='bbox 799 630 1149 684; x_wconf 87' lang='lat' dir='ltr'><strong>allusionibus</strong></span> <span class='ocrx_word' id='word_1_37' title='bbox 1192 631 1365 685; x_wconf 91' lang='lat' dir='ltr'><strong>virtus</strong></span> <span class='ocrx_word' id='word_1_38' title='bbox 1415 629 1530 698; x_wconf 84' lang='lat' dir='ltr'><strong>ejus</strong></span> <span class='ocrx_word' id='word_1_39' title='bbox 1566 638 1832 700; x_wconf 90' lang='lat' dir='ltr'><strong>potestas-</strong></span> 
     </span>
    </p>
   </div>
   <div class='ocr_carea' id='block_1_7' title="bbox 257 719 1831 793">
    <p class='ocr_par' dir='ltr' id='par_1_7' title="bbox 257 719 1831 793">
     <span class='ocr_line' id='line_1_7' title="bbox 257 719 1831 793; baseline 0 -19"><span class='ocrx_word' id='word_1_40' title='bbox 257 739 363 793; x_wconf 83' lang='lat' dir='ltr'><strong>que</strong></span> <span class='ocrx_word' id='word_1_41' title='bbox 391 722 731 777; x_wconf 72' lang='lat' dir='ltr'><strong>describitur.</strong></span> <span class='ocrx_word' id='word_1_42' title='bbox 763 739 781 771; x_wconf 85' lang='grc'><em>‹</em></span> <span class='ocrx_word' id='word_1_43' title='bbox 812 719 956 775; x_wconf 86' lang='lat' dir='ltr'><strong>Vivit</strong></span> <span class='ocrx_word' id='word_1_44' title='bbox 978 721 1256 785; x_wconf 88' lang='lat' dir='ltr'><strong>Dominus,</strong></span> <span class='ocrx_word' id='word_1_45' title='bbox 1277 730 1331 775; x_wconf 89' lang='lat' dir='ltr'><strong>et</strong></span> <span class='ocrx_word' id='word_1_46' title='bbox 1354 722 1665 778; x_wconf 88' lang='lat' dir='ltr'><strong>benedictus</strong></span> <span class='ocrx_word' id='word_1_47' title='bbox 1690 722 1831 775; x_wconf 87' lang='lat' dir='ltr'><strong>Deus</strong></span> 
     </span>
    </p>
   </div>
   <div class='ocr_carea' id='block_1_8' title="bbox 258 809 1831 879">
    <p class='ocr_par' dir='ltr' id='par_1_8' title="bbox 258 809 1831 879">
     <span class='ocr_line' id='line_1_8' title="bbox 258 809 1831 879; baseline 0 -14"><span class='ocrx_word' id='word_1_48' title='bbox 258 828 429 866; x_wconf 85' lang='lat' dir='ltr'><strong>meus.</strong></span> <span class='ocrx_word' id='word_1_49' title='bbox 465 831 484 864; x_wconf 76' lang='grc' dir='ltr'><strong>ι</strong></span> <span class='ocrx_word' id='word_1_50' title='bbox 526 810 767 879; x_wconf 75' lang='lat' dir='ltr'><strong>Quarto.</strong></span> <span class='ocrx_word' id='word_1_51' title='bbox 815 811 1013 877; x_wconf 79' lang='lat' dir='ltr'><strong>iterum</strong></span> <span class='ocrx_word' id='word_1_52' title='bbox 1060 809 1314 865; x_wconf 70' lang='lat' dir='ltr'><strong>Ecclesia:</strong></span> <span class='ocrx_word' id='word_1_53' title='bbox 1359 810 1638 865; x_wconf 72' lang='lat' dir='ltr'><strong>catholica:</strong></span> <span class='ocrx_word' id='word_1_54' title='bbox 1685 812 1831 865; x_wconf 87' lang='lat' dir='ltr'><strong>dicta</strong></span> 
     </span>
    </p>
   </div>
   <div class='ocr_carea' id='block_1_9' title="bbox 254 901 1833 972">
    <p class='ocr_par' dir='ltr' id='par_1_9' title="bbox 254 901 1833 972">
     <span class='ocr_line' id='line_1_9' title="bbox 254 901 1833 972; baseline 0.001 -18"><span class='ocrx_word' id='word_1_55' title='bbox 254 902 638 972; x_wconf 84' lang='lat' dir='ltr'><strong>proferuntur,</strong></span> <span class='ocrx_word' id='word_1_56' title='bbox 681 908 737 955; x_wconf 92' lang='lat' dir='ltr'><strong>et</strong></span> <span class='ocrx_word' id='word_1_57' title='bbox 768 914 890 955; x_wconf 91' lang='lat' dir='ltr'><strong>cum</strong></span> <span class='ocrx_word' id='word_1_58' title='bbox 916 915 1112 971; x_wconf 88' lang='lat' dir='ltr'><strong>magna</strong></span> <span class='ocrx_word' id='word_1_59' title='bbox 1152 901 1510 955; x_wconf 74' lang='lat' dir='ltr'><strong>exsultatione</strong></span> <span class='ocrx_word' id='word_1_60' title='bbox 1538 902 1833 957; x_wconf 81' lang='lat' dir='ltr'><strong>divinitatis</strong></span> 
     </span>
    </p>
   </div>
   <div class='ocr_carea' id='block_1_10' title="bbox 259 990 1099 1046">
    <p class='ocr_par' dir='ltr' id='par_1_10' title="bbox 259 990 1099 1046">
     <span class='ocr_line' id='line_1_10' title="bbox 259 990 1099 1046; baseline -0.002 0"><span class='ocrx_word' id='word_1_61' title='bbox 259 1007 516 1046; x_wconf 82' lang='lat' dir='ltr'><strong>concessa</strong></span> <span class='ocrx_word' id='word_1_62' title='bbox 542 1006 762 1045; x_wconf 88' lang='lat' dir='ltr'><strong>munera</strong></span> <span class='ocrx_word' id='word_1_63' title='bbox 791 990 1099 1044; x_wconf 79' lang='lat' dir='ltr'><strong>laudantur.</strong></span> 
     </span>
    </p>
   </div>
   <div class='ocr_carea' id='block_1_11' title="bbox 819 1101 1265 1157">
    <p class='ocr_par' dir='ltr' id='par_1_11' title="bbox 819 1101 1265 1157">
     <span class='ocr_line' id='line_1_11' title="bbox 819 1101 1265 1157; baseline -0.002 0"><span class='ocrx_word' id='word_1_64' title='bbox 819 1101 1045 1157; x_wconf 83' lang='lat' dir='ltr'><strong>CAPUT</strong></span> <span class='ocrx_word' id='word_1_65' title='bbox 1079 1102 1265 1156; x_wconf 76' lang='lat' dir='ltr'><strong>XXIII.</strong></span> 
     </span>
    </p>
   </div>
   <div class='ocr_carea' id='block_1_12' title="bbox 261 1192 1834 1265">
    <p class='ocr_par' dir='ltr' id='par_1_12' title="bbox 261 1192 1834 1265">
     <span class='ocr_line' id='line_1_12' title="bbox 261 1192 1834 1265; baseline 0.001 -17"><span class='ocrx_word' id='word_1_66' title='bbox 261 1196 338 1249; x_wconf 81' lang='lat' dir='ltr'><strong>De</strong></span> <span class='ocrx_word' id='word_1_67' title='bbox 365 1192 600 1264; x_wconf 87' lang='lat' dir='ltr'><strong>catalogo</strong></span> <span class='ocrx_word' id='word_1_68' title='bbox 630 1194 860 1247; x_wconf 80' lang='lat' dir='ltr'><strong>virorum</strong></span> <span class='ocrx_word' id='word_1_69' title='bbox 898 1193 1111 1265; x_wconf 76' lang='lat' dir='ltr'><strong>fortium</strong></span> <span class='ocrx_word' id='word_1_70' title='bbox 1149 1192 1350 1260; x_wconf 84' lang='lat' dir='ltr'><strong>David,</strong></span> <span class='ocrx_word' id='word_1_71' title='bbox 1379 1204 1428 1248; x_wconf 86' lang='lat' dir='ltr'><strong>et</strong></span> <span class='ocrx_word' id='word_1_72' title='bbox 1455 1194 1520 1247; x_wconf 84' lang='lat' dir='ltr'><strong>de</strong></span> <span class='ocrx_word' id='word_1_73' title='bbox 1543 1194 1834 1265; x_wconf 70' lang='lat' dir='ltr'><strong>insignibus</strong></span> 
     </span>
    </p>
   </div>
   <div class='ocr_carea' id='block_1_13' title="bbox 827 1264 1263 1321">
    <p class='ocr_par' dir='ltr' id='par_1_13' title="bbox 827 1264 1263 1321">
     <span class='ocr_line' id='line_1_13' title="bbox 827 1264 1263 1321; baseline -0.009 -1"><span class='ocrx_word' id='word_1_74' title='bbox 827 1264 1027 1321; x_wconf 77' lang='lat' dir='ltr'><strong>actibus</strong></span> <span class='ocrx_word' id='word_1_75' title='bbox 1064 1279 1263 1316; x_wconf 83' lang='lat' dir='ltr'><strong>eorum.</strong></span> 
     </span>
    </p>
   </div>
   <div class='ocr_carea' id='block_1_14' title="bbox 329 1351 1832 1424">
    <p class='ocr_par' dir='ltr' id='par_1_14' title="bbox 329 1351 1832 1424">
     <span class='ocr_line' id='line_1_14' title="bbox 329 1351 1832 1424; baseline -0.001 -16"><span class='ocrx_word' id='word_1_76' title='bbox 329 1353 491 1424; x_wconf 61' lang='lat' dir='ltr'><strong>(Car.</strong></span> <span class='ocrx_word' id='word_1_77' title='bbox 534 1351 729 1423; x_wconf 64' lang='grc' dir='ltr'>χχιιι.)</span> <span class='ocrx_word' id='word_1_78' title='bbox 764 1370 782 1403; x_wconf 69' lang='grc' dir='ltr'><strong>ι</strong></span> <span class='ocrx_word' id='word_1_79' title='bbox 806 1351 931 1406; x_wconf 81' lang='lat' dir='ltr'><strong>Haec</strong></span> <span class='ocrx_word' id='word_1_80' title='bbox 967 1358 1147 1405; x_wconf 86' lang='lat' dir='ltr'><strong>autem</strong></span> <span class='ocrx_word' id='word_1_81' title='bbox 1179 1359 1300 1405; x_wconf 93' lang='lat' dir='ltr'><strong>sunt</strong></span> <span class='ocrx_word' id='word_1_82' title='bbox 1322 1352 1488 1407; x_wconf 80' lang='lat' dir='ltr'><strong>verba</strong></span> <span class='ocrx_word' id='word_1_83' title='bbox 1520 1354 1832 1419; x_wconf 85' lang='lat' dir='ltr'><strong>novissima,</strong></span> 
     </span>
    </p>
   </div>
   <div class='ocr_carea' id='block_1_15' title="bbox 257 1440 1836 1510">
    <p class='ocr_par' dir='ltr' id='par_1_15' title="bbox 257 1440 1836 1510">
     <span class='ocr_line' id='line_1_15' title="bbox 257 1440 1836 1510; baseline 0.002 -15"><span class='ocrx_word' id='word_1_84' title='bbox 257 1458 376 1510; x_wconf 72' lang='lat' dir='ltr'><strong>qua:</strong></span> <span class='ocrx_word' id='word_1_85' title='bbox 406 1442 543 1496; x_wconf 75' lang='lat' dir='ltr'><strong>dixit</strong></span> <span class='ocrx_word' id='word_1_86' title='bbox 569 1440 737 1495; x_wconf 84' lang='lat' dir='ltr'><strong>David</strong></span> <span class='ocrx_word' id='word_1_87' title='bbox 765 1441 906 1496; x_wconf 88' lang='lat' dir='ltr'><strong>ﬁlius</strong></span> <span class='ocrx_word' id='word_1_88' title='bbox 930 1440 1066 1505; x_wconf 89' lang='lat' dir='ltr'><strong>Isai,</strong></span> <span class='ocrx_word' id='word_1_89' title='bbox 1104 1450 1208 1495; x_wconf 85' lang='lat' dir='ltr'><strong>etc.</strong></span> <span class='ocrx_word' id='word_1_90' title='bbox 1246 1461 1265 1494; x_wconf 72' lang='grc' dir='ltr'><strong>ι</strong></span> <span class='ocrx_word' id='word_1_91' title='bbox 1301 1441 1412 1496; x_wconf 93' lang='lat' dir='ltr'><strong>Cur</strong></span> <span class='ocrx_word' id='word_1_92' title='bbox 1450 1453 1630 1497; x_wconf 89' lang='lat' dir='ltr'><strong>autem</strong></span> <span class='ocrx_word' id='word_1_93' title='bbox 1671 1446 1836 1499; x_wconf 84' lang='lat' dir='ltr'><strong>verba</strong></span> 
     </span>
    </p>
   </div>
   <div class='ocr_carea' id='block_1_16' title="bbox 257 1530 1838 1600">
    <p class='ocr_par' dir='ltr' id='par_1_16' title="bbox 257 1530 1838 1600">
     <span class='ocr_line' id='line_1_16' title="bbox 257 1530 1838 1600; baseline 0.003 -17"><span class='ocrx_word' id='word_1_94' title='bbox 257 1531 567 1596; x_wconf 87' lang='lat' dir='ltr'><strong>novissima,</strong></span> <span class='ocrx_word' id='word_1_95' title='bbox 599 1531 704 1586; x_wconf 87' lang='lat' dir='ltr'><strong>nisi</strong></span> <span class='ocrx_word' id='word_1_96' title='bbox 725 1531 851 1600; x_wconf 87' lang='lat' dir='ltr'><strong>quia</strong></span> <span class='ocrx_word' id='word_1_97' title='bbox 876 1530 1120 1585; x_wconf 83' lang='lat' dir='ltr'><strong>ultimam</strong></span> <span class='ocrx_word' id='word_1_98' title='bbox 1148 1530 1538 1587; x_wconf 82' lang='lat' dir='ltr'><strong>confessionem</strong></span> <span class='ocrx_word' id='word_1_99' title='bbox 1566 1533 1740 1588; x_wconf 82' lang='lat' dir='ltr'><strong>laudis</strong></span> <span class='ocrx_word' id='word_1_100' title='bbox 1765 1534 1838 1588; x_wconf 87' lang='lat' dir='ltr'><strong>si-</strong></span> 
     </span>
    </p>
   </div>
   <div class='ocr_carea' id='block_1_17' title="bbox 258 1621 1835 1692">
    <p class='ocr_par' dir='ltr' id='par_1_17' title="bbox 258 1621 1835 1692">
     <span class='ocr_line' id='line_1_17' title="bbox 258 1621 1835 1692; baseline 0.001 -18"><span class='ocrx_word' id='word_1_101' title='bbox 258 1622 535 1692; x_wconf 85' lang='lat' dir='ltr'><strong>gniﬁcant,</strong></span> <span class='ocrx_word' id='word_1_102' title='bbox 564 1635 725 1690; x_wconf 85' lang='lat' dir='ltr'><strong>quam</strong></span> <span class='ocrx_word' id='word_1_103' title='bbox 762 1629 1017 1692; x_wconf 90' lang='lat' dir='ltr'><strong>superato</strong></span> <span class='ocrx_word' id='word_1_104' title='bbox 1051 1621 1238 1687; x_wconf 91' lang='lat' dir='ltr'><strong>hoste,</strong></span> <span class='ocrx_word' id='word_1_105' title='bbox 1270 1629 1325 1677; x_wconf 90' lang='lat' dir='ltr'><strong>et</strong></span> <span class='ocrx_word' id='word_1_106' title='bbox 1350 1630 1569 1690; x_wconf 89' lang='lat' dir='ltr'><strong>peracta</strong></span> <span class='ocrx_word' id='word_1_107' title='bbox 1604 1623 1835 1676; x_wconf 81' lang='lat' dir='ltr'><strong>victoria</strong></span> 
     </span>
    </p>
   </div>
   <div class='ocr_carea' id='block_1_18' title="bbox 258 1711 1803 1777">
    <p class='ocr_par' dir='ltr' id='par_1_18' title="bbox 258 1711 1803 1777">
     <span class='ocr_line' id='line_1_18' title="bbox 258 1711 1803 1777; baseline 0.002 -13"><span class='ocrx_word' id='word_1_108' title='bbox 258 1712 469 1777; x_wconf 86' lang='lat' dir='ltr'><strong>mortis,</strong></span> <span class='ocrx_word' id='word_1_109' title='bbox 504 1711 716 1765; x_wconf 90' lang='lat' dir='ltr'><strong>laudem</strong></span> <span class='ocrx_word' id='word_1_110' title='bbox 746 1711 919 1766; x_wconf 82' lang='lat' dir='ltr'><strong>sancti</strong></span> <span class='ocrx_word' id='word_1_111' title='bbox 946 1712 999 1765; x_wconf 93' lang='lat' dir='ltr'><strong>in</strong></span> <span class='ocrx_word' id='word_1_112' title='bbox 1039 1720 1298 1766; x_wconf 69' lang='lat' dir='ltr'><strong>aeternum</strong></span> <span class='ocrx_word' id='word_1_113' title='bbox 1331 1713 1443 1766; x_wconf 90' lang='lat' dir='ltr'><strong>Deo</strong></span> <span class='ocrx_word' id='word_1_114' title='bbox 1466 1714 1803 1767; x_wconf 84' lang='lat' dir='ltr'><strong>cantahum?</strong></span> 
     </span>
    </p>
   </div>
   <div class='ocr_carea' id='block_1_19' title="bbox 335 1801 1837 1868">
    <p class='ocr_par' dir='ltr' id='par_1_19' title="bbox 335 1801 1837 1868">
     <span class='ocr_line' id='line_1_19' title="bbox 335 1801 1837 1868; baseline 0.003 -16"><span class='ocrx_word' id='word_1_115' title='bbox 335 1820 353 1852; x_wconf 77' lang='grc' dir='ltr'><strong>ι</strong></span> <span class='ocrx_word' id='word_1_116' title='bbox 394 1802 542 1857; x_wconf 66' lang='lat' dir='ltr'><strong>Dixit</strong></span> <span class='ocrx_word' id='word_1_117' title='bbox 579 1802 695 1868; x_wconf 84' lang='lat' dir='ltr'><strong>vir,</strong></span> <span class='ocrx_word' id='word_1_118' title='bbox 743 1801 831 1857; x_wconf 92' lang='lat' dir='ltr'><strong>cui</strong></span> <span class='ocrx_word' id='word_1_119' title='bbox 865 1802 1217 1857; x_wconf 89' lang='lat' dir='ltr'><strong>constitutum</strong></span> <span class='ocrx_word' id='word_1_120' title='bbox 1263 1813 1347 1857; x_wconf 90' lang='lat' dir='ltr'><strong>est</strong></span> <span class='ocrx_word' id='word_1_121' title='bbox 1387 1803 1453 1857; x_wconf 93' lang='lat' dir='ltr'><strong>de</strong></span> <span class='ocrx_word' id='word_1_122' title='bbox 1489 1803 1706 1861; x_wconf 86' lang='lat' dir='ltr'><strong>Christo</strong></span> <span class='ocrx_word' id='word_1_123' title='bbox 1741 1803 1837 1856; x_wconf 90' lang='lat' dir='ltr'><strong>Dei</strong></span> 
     </span>
    </p>
   </div>
   <div class='ocr_carea' id='block_1_20' title="bbox 262 1886 1839 1964">
    <p class='ocr_par' dir='ltr' id='par_1_20' title="bbox 262 1886 1839 1964">
     <span class='ocr_line' id='line_1_20' title="bbox 262 1886 1839 1964; baseline 0.003 -21"><span class='ocrx_word' id='word_1_124' title='bbox 262 1912 281 1943; x_wconf 74' lang='grc' dir='ltr'><strong>ι</strong></span> <span class='ocrx_word' id='word_1_125' title='bbox 325 1891 494 1948; x_wconf 74' lang='lat' dir='ltr'><strong>Iacob</strong></span> <span class='ocrx_word' id='word_1_126' title='bbox 534 1886 782 1964; x_wconf 82' lang='lat' dir='ltr'><strong>egregius</strong></span> <span class='ocrx_word' id='word_1_127' title='bbox 820 1893 1022 1962; x_wconf 87' lang='lat' dir='ltr'><strong>psaltes</strong></span> <span class='ocrx_word' id='word_1_128' title='bbox 1061 1893 1245 1949; x_wconf 87' lang='lat' dir='ltr'><strong>Israel.</strong></span> <span class='ocrx_word' id='word_1_129' title='bbox 1293 1913 1312 1947; x_wconf 75' lang='grc' dir='ltr'><strong>ι</strong></span> <span class='ocrx_word' id='word_1_130' title='bbox 1351 1893 1555 1949; x_wconf 86' lang='lat' dir='ltr'><strong>Nobilis</strong></span> <span class='ocrx_word' id='word_1_131' title='bbox 1592 1894 1839 1950; x_wconf 87' lang='lat' dir='ltr'><strong>videlicet</strong></span> 
     </span>
    </p>
   </div>
   <div class='ocr_carea' id='block_1_21' title="bbox 261 1982 1837 2057">
    <p class='ocr_par' dir='ltr' id='par_1_21' title="bbox 261 1982 1837 2057">
     <span class='ocr_line' id='line_1_21' title="bbox 261 1982 1837 2057; baseline 0.003 -21"><span class='ocrx_word' id='word_1_132' title='bbox 261 1982 579 2046; x_wconf 81' lang='lat' dir='ltr'><strong>Psalmista,</strong></span> <span class='ocrx_word' id='word_1_133' title='bbox 611 1983 703 2052; x_wconf 85' lang='lat' dir='ltr'><strong>qui</strong></span> <span class='ocrx_word' id='word_1_134' title='bbox 748 1984 1009 2057; x_wconf 75' lang='lat' dir='ltr'><strong>propheta</strong></span> <span class='ocrx_word' id='word_1_135' title='bbox 1060 1983 1482 2039; x_wconf 89' lang='lat' dir='ltr'><strong>luculentissime</strong></span> <span class='ocrx_word' id='word_1_136' title='bbox 1515 1986 1580 2039; x_wconf 93' lang='lat' dir='ltr'><strong>de</strong></span> <span class='ocrx_word' id='word_1_137' title='bbox 1623 1983 1837 2040; x_wconf 87' lang='lat' dir='ltr'><strong>Christo</strong></span> 
     </span>
    </p>
   </div>
   <div class='ocr_carea' id='block_1_22' title="bbox 252 2072 1839 2143">
    <p class='ocr_par' dir='ltr' id='par_1_22' title="bbox 252 2072 1839 2143">
     <span class='ocr_line' id='line_1_22' title="bbox 252 2072 1839 2143; baseline 0.002 -19"><span class='ocrx_word' id='word_1_138' title='bbox 252 2073 396 2127; x_wconf 80' lang='lat' dir='ltr'><strong>&#39;Filio</strong></span> <span class='ocrx_word' id='word_1_139' title='bbox 422 2072 539 2138; x_wconf 89' lang='lat' dir='ltr'><strong>Dei,</strong></span> <span class='ocrx_word' id='word_1_140' title='bbox 557 2080 614 2126; x_wconf 90' lang='lat' dir='ltr'><strong>et</strong></span> <span class='ocrx_word' id='word_1_141' title='bbox 633 2074 698 2127; x_wconf 92' lang='lat' dir='ltr'><strong>de</strong></span> <span class='ocrx_word' id='word_1_142' title='bbox 724 2073 1097 2128; x_wconf 87' lang='lat' dir='ltr'><strong>Incarnatione</strong></span> <span class='ocrx_word' id='word_1_143' title='bbox 1120 2073 1238 2143; x_wconf 69' lang='lat' dir='ltr'><strong>ejus</strong></span> <span class='ocrx_word' id='word_1_144' title='bbox 1261 2088 1325 2128; x_wconf 91' lang='lat' dir='ltr'><strong>ac</strong></span> <span class='ocrx_word' id='word_1_145' title='bbox 1352 2074 1717 2143; x_wconf 88' lang='lat' dir='ltr'><strong>redemptione</strong></span> <span class='ocrx_word' id='word_1_146' title='bbox 1745 2075 1839 2129; x_wconf 89' lang='lat' dir='ltr'><strong>hu-</strong></span> 
     </span>
    </p>
   </div>
   <div class='ocr_carea' id='block_1_23' title="bbox 261 2162 1029 2235">
    <p class='ocr_par' dir='ltr' id='par_1_23' title="bbox 261 2162 1029 2235">
     <span class='ocr_line' id='line_1_23' title="bbox 261 2162 1029 2235; baseline -0.005 -17"><span class='ocrx_word' id='word_1_147' title='bbox 261 2163 404 2218; x_wconf 85' lang='lat' dir='ltr'><strong>mani</strong></span> <span class='ocrx_word' id='word_1_148' title='bbox 427 2163 656 2232; x_wconf 89' lang='lat' dir='ltr'><strong>generis-</strong></span> <span class='ocrx_word' id='word_1_149' title='bbox 669 2162 1029 2235; x_wconf 90' lang='lat' dir='ltr'><strong>prophetavit.</strong></span> 
     </span>
    </p>
   </div>
   <div class='ocr_carea' id='block_1_24' title="bbox 333 2253 1840 2324">
    <p class='ocr_par' dir='ltr' id='par_1_24' title="bbox 333 2253 1840 2324">
     <span class='ocr_line' id='line_1_24' title="bbox 333 2253 1840 2324; baseline 0.003 -18"><span class='ocrx_word' id='word_1_150' title='bbox 333 2274 353 2306; x_wconf 82' lang='grc'><strong><em>‹</em></strong></span> <span class='ocrx_word' id='word_1_151' title='bbox 388 2254 623 2324; x_wconf 84' lang='lat' dir='ltr'><strong>Spiritus</strong></span> <span class='ocrx_word' id='word_1_152' title='bbox 648 2255 859 2309; x_wconf 88' lang='lat' dir='ltr'><strong>Domini</strong></span> <span class='ocrx_word' id='word_1_153' title='bbox 898 2253 1107 2309; x_wconf 89' lang='lat' dir='ltr'><strong>locutus</strong></span> <span class='ocrx_word' id='word_1_154' title='bbox 1146 2262 1231 2310; x_wconf 89' lang='lat' dir='ltr'><strong>est</strong></span> <span class='ocrx_word' id='word_1_155' title='bbox 1266 2270 1366 2324; x_wconf 89' lang='lat' dir='ltr'><strong>per</strong></span> <span class='ocrx_word' id='word_1_156' title='bbox 1408 2269 1525 2321; x_wconf 88' lang='lat' dir='ltr'><strong>me,</strong></span> <span class='ocrx_word' id='word_1_157' title='bbox 1571 2263 1626 2317; x_wconf 90' lang='lat' dir='ltr'><strong>et</strong></span> <span class='ocrx_word' id='word_1_158' title='bbox 1661 2269 1840 2310; x_wconf 82' lang='lat' dir='ltr'><strong>sermo</strong></span> 
     </span>
    </p>
   </div>
   <div class='ocr_carea' id='block_1_25' title="bbox 257 2345 1837 2416">
    <p class='ocr_par' dir='ltr' id='par_1_25' title="bbox 257 2345 1837 2416">
     <span class='ocr_line' id='line_1_25' title="bbox 257 2345 1837 2416; baseline 0.002 -18"><span class='ocrx_word' id='word_1_159' title='bbox 257 2346 375 2414; x_wconf 78' lang='lat' dir='ltr'><strong>ejus</strong></span> <span class='ocrx_word' id='word_1_160' title='bbox 402 2359 500 2414; x_wconf 88' lang='lat' dir='ltr'><strong>per</strong></span> <span class='ocrx_word' id='word_1_161' title='bbox 521 2345 758 2416; x_wconf 82' lang='lat' dir='ltr'><strong>linguam</strong></span> <span class='ocrx_word' id='word_1_162' title='bbox 781 2360 975 2399; x_wconf 89' lang='lat' dir='ltr'><strong>meam.</strong></span> <span class='ocrx_word' id='word_1_163' title='bbox 1001 2345 1142 2400; x_wconf 88' lang='lat' dir='ltr'><strong>Deus</strong></span> <span class='ocrx_word' id='word_1_164' title='bbox 1160 2345 1324 2401; x_wconf 88' lang='lat' dir='ltr'><strong>Israel</strong></span> <span class='ocrx_word' id='word_1_165' title='bbox 1346 2346 1478 2400; x_wconf 92' lang='lat' dir='ltr'><strong>mihi</strong></span> <span class='ocrx_word' id='word_1_166' title='bbox 1504 2347 1714 2403; x_wconf 91' lang='lat' dir='ltr'><strong>locutus</strong></span> <span class='ocrx_word' id='word_1_167' title='bbox 1734 2356 1837 2414; x_wconf 89' lang='lat' dir='ltr'><strong>est,</strong></span> 
     </span>
    </p>
   </div>
   <div class='ocr_carea' id='block_1_26' title="bbox 258 2435 1839 2506">
    <p class='ocr_par' dir='ltr' id='par_1_26' title="bbox 258 2435 1839 2506">
     <span class='ocr_line' id='line_1_26' title="bbox 258 2435 1839 2506; baseline -0.001 -14"><span class='ocrx_word' id='word_1_168' title='bbox 258 2439 414 2492; x_wconf 91' lang='lat' dir='ltr'><strong>fortis</strong></span> <span class='ocrx_word' id='word_1_169' title='bbox 432 2437 617 2501; x_wconf 89' lang='lat' dir='ltr'><strong>Israel,</strong></span> <span class='ocrx_word' id='word_1_170' title='bbox 645 2437 947 2492; x_wconf 88' lang='lat' dir='ltr'><strong>dominator</strong></span> <span class='ocrx_word' id='word_1_171' title='bbox 968 2437 1246 2491; x_wconf 88' lang='lat' dir='ltr'><strong>hominum</strong></span> <span class='ocrx_word' id='word_1_172' title='bbox 1272 2435 1483 2503; x_wconf 88' lang='lat' dir='ltr'><strong>justus,</strong></span> <span class='ocrx_word' id='word_1_173' title='bbox 1523 2445 1628 2490; x_wconf 89' lang='lat' dir='ltr'><strong>etc.</strong></span> <span class='ocrx_word' id='word_1_174' title='bbox 1663 2457 1681 2488; x_wconf 77' lang='grc' dir='ltr'><strong>ι</strong></span> <span class='ocrx_word' id='word_1_175' title='bbox 1716 2437 1839 2506; x_wconf 90' lang='lat' dir='ltr'><strong>Spi-</strong></span> 
     </span>
    </p>
   </div>
   <div class='ocr_carea' id='block_1_27' title="bbox 262 2524 1842 2595">
    <p class='ocr_par' dir='ltr' id='par_1_27' title="bbox 262 2524 1842 2595">
     <span class='ocr_line' id='line_1_27' title="bbox 262 2524 1842 2595; baseline -0.002 -13"><span class='ocrx_word' id='word_1_176' title='bbox 262 2529 400 2582; x_wconf 87' lang='lat' dir='ltr'><strong>ritus</strong></span> <span class='ocrx_word' id='word_1_177' title='bbox 447 2528 595 2581; x_wconf 88' lang='lat' dir='ltr'><strong>enim</strong></span> <span class='ocrx_word' id='word_1_178' title='bbox 639 2526 885 2591; x_wconf 90' lang='lat' dir='ltr'><strong>Domini,</strong></span> <span class='ocrx_word' id='word_1_179' title='bbox 936 2525 1028 2593; x_wconf 87' lang='lat' dir='ltr'><strong>qui</strong></span> <span class='ocrx_word' id='word_1_180' title='bbox 1074 2533 1159 2579; x_wconf 85' lang='lat' dir='ltr'><strong>est</strong></span> <span class='ocrx_word' id='word_1_181' title='bbox 1204 2524 1435 2595; x_wconf 86' lang='lat' dir='ltr'><strong>Spiritus</strong></span> <span class='ocrx_word' id='word_1_182' title='bbox 1480 2536 1738 2590; x_wconf 89' lang='lat' dir='ltr'><strong>sanctus,</strong></span> <span class='ocrx_word' id='word_1_183' title='bbox 1787 2535 1842 2579; x_wconf 91' lang='lat' dir='ltr'><strong>et</strong></span> 
     </span>
    </p>
   </div>
   <div class='ocr_carea' id='block_1_28' title="bbox 260 2612 1839 2686">
    <p class='ocr_par' dir='ltr' id='par_1_28' title="bbox 260 2612 1839 2686">
     <span class='ocr_line' id='line_1_28' title="bbox 260 2612 1839 2686; baseline -0.001 -13"><span class='ocrx_word' id='word_1_184' title='bbox 260 2633 442 2673; x_wconf 88' lang='lat' dir='ltr'><strong>sermo</strong></span> <span class='ocrx_word' id='word_1_185' title='bbox 470 2616 704 2680; x_wconf 89' lang='lat' dir='ltr'><strong>Domini,</strong></span> <span class='ocrx_word' id='word_1_186' title='bbox 737 2615 828 2685; x_wconf 90' lang='lat' dir='ltr'><strong>qui</strong></span> <span class='ocrx_word' id='word_1_187' title='bbox 859 2622 944 2670; x_wconf 91' lang='lat' dir='ltr'><strong>est</strong></span> <span class='ocrx_word' id='word_1_188' title='bbox 972 2612 1140 2670; x_wconf 85' lang='lat' dir='ltr'><strong>Filius</strong></span> <span class='ocrx_word' id='word_1_189' title='bbox 1172 2616 1302 2681; x_wconf 92' lang='lat' dir='ltr'><strong>Dei,</strong></span> <span class='ocrx_word' id='word_1_190' title='bbox 1334 2630 1400 2670; x_wconf 90' lang='lat' dir='ltr'><strong>ea</strong></span> <span class='ocrx_word' id='word_1_191' title='bbox 1426 2632 1545 2685; x_wconf 72' lang='lat' dir='ltr'><strong>qua:</strong></span> <span class='ocrx_word' id='word_1_192' title='bbox 1571 2617 1839 2686; x_wconf 83' lang='lat' dir='ltr'><strong>Propheta</strong></span> 
     </span>
    </p>
   </div>
   <div class='ocr_carea' id='block_1_29' title="bbox 263 2705 1841 2776">
    <p class='ocr_par' dir='ltr' id='par_1_29' title="bbox 263 2705 1841 2776">
     <span class='ocr_line' id='line_1_29' title="bbox 263 2705 1841 2776; baseline 0.002 -17"><span class='ocrx_word' id='word_1_193' title='bbox 263 2707 651 2761; x_wconf 86' lang='lat' dir='ltr'><strong>vaticinaverat</strong></span> <span class='ocrx_word' id='word_1_194' title='bbox 669 2720 768 2776; x_wconf 92' lang='lat' dir='ltr'><strong>per</strong></span> <span class='ocrx_word' id='word_1_195' title='bbox 784 2706 1011 2776; x_wconf 79' lang='lat' dir='ltr'><strong>gratiam</strong></span> <span class='ocrx_word' id='word_1_196' title='bbox 1026 2720 1179 2760; x_wconf 89' lang='lat' dir='ltr'><strong>suam</strong></span> <span class='ocrx_word' id='word_1_197' title='bbox 1195 2706 1463 2761; x_wconf 85' lang='lat' dir='ltr'><strong>veraciter</strong></span> <span class='ocrx_word' id='word_1_198' title='bbox 1483 2705 1724 2775; x_wconf 90' lang='lat' dir='ltr'><strong>proferre</strong></span> <span class='ocrx_word' id='word_1_199' title='bbox 1747 2707 1841 2761; x_wconf 93' lang='lat' dir='ltr'><strong>do-</strong></span> 
     </span>
    </p>
   </div>
   <div class='ocr_carea' id='block_1_30' title="bbox 261 2803 506 2852">
    <p class='ocr_par' dir='ltr' id='par_1_30' title="bbox 261 2803 506 2852">
     <span class='ocr_line' id='line_1_30' title="bbox 261 2803 506 2852; baseline -0.012 0"><span class='ocrx_word' id='word_1_200' title='bbox 261 2803 506 2852; x_wconf 88' lang='lat' dir='ltr'><strong>naverat.</strong></span> 
     </span>
    </p>
   </div>
   <div class='ocr_carea' id='block_1_31' title="bbox 336 2887 1835 2954">
    <p class='ocr_par' dir='ltr' id='par_1_31' title="bbox 336 2887 1835 2954">
     <span class='ocr_line' id='line_1_31' title="bbox 336 2887 1835 2954; baseline 0.003 -16"><span class='ocrx_word' id='word_1_201' title='bbox 336 2906 356 2938; x_wconf 70' lang='grc' dir='ltr'><strong>ι</strong></span> <span class='ocrx_word' id='word_1_202' title='bbox 413 2887 729 2942; x_wconf 90' lang='lat' dir='ltr'><strong>Dominator</strong></span> <span class='ocrx_word' id='word_1_203' title='bbox 772 2887 828 2941; x_wconf 86' lang='lat' dir='ltr'><strong>in</strong></span> <span class='ocrx_word' id='word_1_204' title='bbox 872 2887 1065 2942; x_wconf 89' lang='lat' dir='ltr'><strong>timore</strong></span> <span class='ocrx_word' id='word_1_205' title='bbox 1109 2889 1240 2952; x_wconf 87' lang='lat' dir='ltr'><strong>Dei,</strong></span> <span class='ocrx_word' id='word_1_206' title='bbox 1291 2889 1432 2943; x_wconf 87' lang='lat' dir='ltr'><strong>sicut</strong></span> <span class='ocrx_word' id='word_1_207' title='bbox 1476 2888 1563 2942; x_wconf 87' lang='lat' dir='ltr'><strong>lux</strong></span> <span class='ocrx_word' id='word_1_208' title='bbox 1607 2904 1835 2954; x_wconf 86' lang='lat' dir='ltr'><strong>aurorae,</strong></span> 
     </span>
    </p>
   </div>
   <div class='ocr_carea' id='block_1_32' title="bbox 267 2976 1841 3046">
    <p class='ocr_par' dir='ltr' id='par_1_32' title="bbox 267 2976 1841 3046">
     <span class='ocr_line' id='line_1_32' title="bbox 267 2976 1841 3046; baseline 0.003 -18"><span class='ocrx_word' id='word_1_209' title='bbox 267 2997 287 3028; x_wconf 70' lang='grc' dir='ltr'><strong><em>ο</em></strong></span> <span class='ocrx_word' id='word_1_210' title='bbox 319 2977 529 3032; x_wconf 88' lang='lat' dir='ltr'><strong>oriente</strong></span> <span class='ocrx_word' id='word_1_211' title='bbox 551 2976 670 3031; x_wconf 81' lang='lat' dir='ltr'><strong>sole</strong></span> <span class='ocrx_word' id='word_1_212' title='bbox 702 2991 860 3034; x_wconf 90' lang='lat' dir='ltr'><strong>mane</strong></span> <span class='ocrx_word' id='word_1_213' title='bbox 885 2976 1088 3046; x_wconf 86' lang='lat' dir='ltr'><strong>absque</strong></span> <span class='ocrx_word' id='word_1_214' title='bbox 1111 2978 1347 3032; x_wconf 88' lang='lat' dir='ltr'><strong>nubibus</strong></span> <span class='ocrx_word' id='word_1_215' title='bbox 1374 2979 1590 3043; x_wconf 83' lang='lat' dir='ltr'><strong>rutilat,</strong></span> <span class='ocrx_word' id='word_1_216' title='bbox 1615 2986 1671 3032; x_wconf 91' lang='lat' dir='ltr'><strong>et</strong></span> <span class='ocrx_word' id='word_1_217' title='bbox 1701 2979 1841 3033; x_wconf 81' lang='lat' dir='ltr'><strong>sicut</strong></span> 
     </span>
    </p>
   </div>
   <div class='ocr_carea' id='block_1_33' title="bbox 261 3067 1839 3137">
    <p class='ocr_par' dir='ltr' id='par_1_33' title="bbox 261 3067 1839 3137">
     <span class='ocr_line' id='line_1_33' title="bbox 261 3067 1839 3137; baseline 0.003 -18"><span class='ocrx_word' id='word_1_218' title='bbox 261 3068 458 3136; x_wconf 87' lang='lat' dir='ltr'><strong>pluviis</strong></span> <span class='ocrx_word' id='word_1_219' title='bbox 478 3067 745 3137; x_wconf 80' lang='lat' dir='ltr'><strong>geminat</strong></span> <span class='ocrx_word' id='word_1_220' title='bbox 771 3067 935 3121; x_wconf 89' lang='lat' dir='ltr'><strong>herba</strong></span> <span class='ocrx_word' id='word_1_221' title='bbox 959 3067 1025 3121; x_wconf 91' lang='lat' dir='ltr'><strong>de</strong></span> <span class='ocrx_word' id='word_1_222' title='bbox 1045 3078 1210 3124; x_wconf 87' lang='lat' dir='ltr'><strong>terra.</strong></span> <span class='ocrx_word' id='word_1_223' title='bbox 1236 3087 1256 3120; x_wconf 75' lang='grc' dir='ltr'><strong>ι</strong></span> <span class='ocrx_word' id='word_1_224' title='bbox 1275 3067 1376 3134; x_wconf 86' lang='lat' dir='ltr'><strong>Qui</strong></span> <span class='ocrx_word' id='word_1_225' title='bbox 1402 3069 1544 3122; x_wconf 90' lang='lat' dir='ltr'><strong>enim</strong></span> <span class='ocrx_word' id='word_1_226' title='bbox 1571 3069 1624 3122; x_wconf 91' lang='lat' dir='ltr'><strong>in</strong></span> <span class='ocrx_word' id='word_1_227' title='bbox 1647 3070 1839 3123; x_wconf 88' lang='lat' dir='ltr'><strong>timore</strong></span> 
     </span>
    </p>
   </div>
   <div class='ocr_carea' id='block_1_34' title="bbox 1930 542 3505 613">
    <p class='ocr_par' dir='ltr' id='par_1_34' title="bbox 1930 542 3505 613">
     <span class='ocr_line' id='line_1_34' title="bbox 1930 542 3505 613; baseline 0.001 -17"><span class='ocrx_word' id='word_1_228' title='bbox 1930 557 2035 611; x_wconf 91' lang='lat' dir='ltr'><strong>que</strong></span> <span class='ocrx_word' id='word_1_229' title='bbox 2060 559 2223 612; x_wconf 80' lang='lat' dir='ltr'><strong>opera</strong></span> <span class='ocrx_word' id='word_1_230' title='bbox 2253 545 2470 599; x_wconf 69' lang='lat' dir='ltr'><strong>{uternis</strong></span> <span class='ocrx_word' id='word_1_231' title='bbox 2491 545 2747 613; x_wconf 64' lang='lat' dir='ltr'><strong>gehennae</strong></span> <span class='ocrx_word' id='word_1_232' title='bbox 2771 543 2983 613; x_wconf 84' lang='lat' dir='ltr'><strong>ignibus</strong></span> <span class='ocrx_word' id='word_1_233' title='bbox 3006 542 3164 613; x_wconf 90' lang='lat' dir='ltr'><strong>digna</strong></span> <span class='ocrx_word' id='word_1_234' title='bbox 3186 543 3252 597; x_wconf 88' lang='lat' dir='ltr'><strong>ad</strong></span> <span class='ocrx_word' id='word_1_235' title='bbox 3279 544 3505 598; x_wconf 84' lang='lat' dir='ltr'><strong>nihilum</strong></span> 
     </span>
    </p>
   </div>
   <div class='ocr_carea' id='block_1_35' title="bbox 1931 633 2262 701">
    <p class='ocr_par' dir='ltr' id='par_1_35' title="bbox 1931 633 2262 701">
     <span class='ocr_line' id='line_1_35' title="bbox 1931 633 2262 701; baseline 0 -14"><span class='ocrx_word' id='word_1_236' title='bbox 1931 633 2262 701; x_wconf 78' lang='lat' dir='ltr'><strong>redigentur.</strong></span> 
     </span>
    </p>
   </div>
   <div class='ocr_carea' id='block_1_36' title="bbox 2014 721 3509 794">
    <p class='ocr_par' dir='ltr' id='par_1_36' title="bbox 2014 721 3509 794">
     <span class='ocr_line' id='line_1_36' title="bbox 2014 721 3509 794; baseline 0.002 -18"><span class='ocrx_word' id='word_1_237' title='bbox 2014 724 2220 778; x_wconf 88' lang='lat' dir='ltr'><strong>Dehinc</strong></span> <span class='ocrx_word' id='word_1_238' title='bbox 2259 725 2460 779; x_wconf 79' lang='lat' dir='ltr'><strong>texitur</strong></span> <span class='ocrx_word' id='word_1_239' title='bbox 2499 724 2774 794; x_wconf 87' lang='lat' dir='ltr'><strong>catalogus</strong></span> <span class='ocrx_word' id='word_1_240' title='bbox 2809 724 3046 776; x_wconf 86' lang='lat' dir='ltr'><strong>virorum</strong></span> <span class='ocrx_word' id='word_1_241' title='bbox 3089 721 3305 777; x_wconf 80' lang='lat' dir='ltr'><strong>fortium</strong></span> <span class='ocrx_word' id='word_1_242' title='bbox 3343 725 3397 778; x_wconf 83' lang='lat' dir='ltr'><strong>in</strong></span> <span class='ocrx_word' id='word_1_243' title='bbox 3450 726 3509 779; x_wconf 86' lang='lat' dir='ltr'><strong>fi-</strong></span> 
     </span>
    </p>
   </div>
   <div class='ocr_carea' id='block_1_37' title="bbox 1932 818 3508 887">
    <p class='ocr_par' dir='ltr' id='par_1_37' title="bbox 1932 818 3508 887">
     <span class='ocr_line' id='line_1_37' title="bbox 1932 818 3508 887; baseline 0.003 -19"><span class='ocrx_word' id='word_1_244' title='bbox 1932 829 2064 883; x_wconf 89' lang='lat' dir='ltr'><strong>gura</strong></span> <span class='ocrx_word' id='word_1_245' title='bbox 2095 824 2423 883; x_wconf 88' lang='lat' dir='ltr'><strong>sanctorum,</strong></span> <span class='ocrx_word' id='word_1_246' title='bbox 2446 818 2538 887; x_wconf 90' lang='lat' dir='ltr'><strong>qui</strong></span> <span class='ocrx_word' id='word_1_247' title='bbox 2564 818 2810 887; x_wconf 86' lang='lat' dir='ltr'><strong>quamvis</strong></span> <span class='ocrx_word' id='word_1_248' title='bbox 2830 819 3089 871; x_wconf 88' lang='lat' dir='ltr'><strong>virtutum</strong></span> <span class='ocrx_word' id='word_1_249' title='bbox 3121 818 3508 872; x_wconf 85' lang='lat' dir='ltr'><strong>sublimitatem</strong></span> 
     </span>
    </p>
   </div>
   <div class='ocr_carea' id='block_1_38' title="bbox 1931 905 3512 976">
    <p class='ocr_par' dir='ltr' id='par_1_38' title="bbox 1931 905 3512 976">
     <span class='ocr_line' id='line_1_38' title="bbox 1931 905 3512 976; baseline 0.001 -19"><span class='ocrx_word' id='word_1_250' title='bbox 1931 905 2231 973; x_wconf 87' lang='lat' dir='ltr'><strong>perﬁciant,</strong></span> <span class='ocrx_word' id='word_1_251' title='bbox 2264 914 2441 960; x_wconf 89' lang='lat' dir='ltr'><strong>tamen</strong></span> <span class='ocrx_word' id='word_1_252' title='bbox 2471 922 2641 976; x_wconf 86' lang='lat' dir='ltr'><strong>usque</strong></span> <span class='ocrx_word' id='word_1_253' title='bbox 2672 907 2740 960; x_wconf 89' lang='lat' dir='ltr'><strong>ad</strong></span> <span class='ocrx_word' id='word_1_254' title='bbox 2767 905 3144 960; x_wconf 78' lang='lat' dir='ltr'><strong>excellentiam</strong></span> <span class='ocrx_word' id='word_1_255' title='bbox 3174 906 3368 960; x_wconf 71' lang='lat' dir='ltr'><strong>divina:</strong></span> <span class='ocrx_word' id='word_1_256' title='bbox 3394 907 3512 960; x_wconf 86' lang='lat' dir='ltr'><strong>Tri—</strong></span> 
     </span>
    </p>
   </div>
   <div class='ocr_carea' id='block_1_39' title="bbox 1934 996 3510 1067">
    <p class='ocr_par' dir='ltr' id='par_1_39' title="bbox 1934 996 3510 1067">
     <span class='ocr_line' id='line_1_39' title="bbox 1934 996 3510 1067; baseline 0.002 -18"><span class='ocrx_word' id='word_1_257' title='bbox 1934 996 2120 1050; x_wconf 89' lang='lat' dir='ltr'><strong>nitatis</strong></span> <span class='ocrx_word' id='word_1_258' title='bbox 2142 1012 2478 1066; x_wconf 84' lang='lat' dir='ltr'><strong>nequaquam</strong></span> <span class='ocrx_word' id='word_1_259' title='bbox 2506 999 2791 1067; x_wconf 81' lang='lat' dir='ltr'><strong>attingunt.</strong></span> <span class='ocrx_word' id='word_1_260' title='bbox 2818 999 2945 1051; x_wconf 80' lang='lat' dir='ltr'><strong>Inde</strong></span> <span class='ocrx_word' id='word_1_261' title='bbox 2964 1007 3065 1062; x_wconf 90' lang='lat' dir='ltr'><strong>est,</strong></span> <span class='ocrx_word' id='word_1_262' title='bbox 3090 997 3230 1066; x_wconf 89' lang='lat' dir='ltr'><strong>quod</strong></span> <span class='ocrx_word' id='word_1_263' title='bbox 3253 998 3510 1067; x_wconf 86' lang='lat' dir='ltr'><strong>scriptum</strong></span> 
     </span>
    </p>
   </div>
   <div class='ocr_carea' id='block_1_40' title="bbox 1933 1088 3505 1157">
    <p class='ocr_par' dir='ltr' id='par_1_40' title="bbox 1933 1088 3505 1157">
     <span class='ocr_line' id='line_1_40' title="bbox 1933 1088 3505 1157; baseline -0.001 -15"><span class='ocrx_word' id='word_1_264' title='bbox 1933 1097 2016 1142; x_wconf 88' lang='lat' dir='ltr'><strong>est</strong></span> <span class='ocrx_word' id='word_1_265' title='bbox 2062 1088 2177 1144; x_wconf 89' lang='lat' dir='ltr'><strong>ibi:</strong></span> <span class='ocrx_word' id='word_1_266' title='bbox 2224 1107 2242 1139; x_wconf 80' lang='grc' dir='ltr'><strong>ι</strong></span> <span class='ocrx_word' id='word_1_267' title='bbox 2292 1089 2474 1157; x_wconf 84' lang='lat' dir='ltr'><strong>Usque</strong></span> <span class='ocrx_word' id='word_1_268' title='bbox 2519 1088 2585 1142; x_wconf 89' lang='lat' dir='ltr'><strong>ad</strong></span> <span class='ocrx_word' id='word_1_269' title='bbox 2632 1096 2742 1143; x_wconf 91' lang='lat' dir='ltr'><strong>tres</strong></span> <span class='ocrx_word' id='word_1_270' title='bbox 2785 1088 2989 1156; x_wconf 85' lang='lat' dir='ltr'><strong>primos</strong></span> <span class='ocrx_word' id='word_1_271' title='bbox 3032 1103 3137 1141; x_wconf 90' lang='lat' dir='ltr'><strong>non</strong></span> <span class='ocrx_word' id='word_1_272' title='bbox 3182 1089 3446 1156; x_wconf 86' lang='lat' dir='ltr'><strong>pervenit.</strong></span> <span class='ocrx_word' id='word_1_273' title='bbox 3486 1109 3505 1141; x_wconf 64' lang='lat'><strong>3</strong></span> 
     </span>
    </p>
   </div>
   <div class='ocr_carea' id='block_1_41' title="bbox 1941 1177 3514 1248">
    <p class='ocr_par' dir='ltr' id='par_1_41' title="bbox 1941 1177 3514 1248">
     <span class='ocr_line' id='line_1_41' title="bbox 1941 1177 3514 1248; baseline 0.003 -20"><span class='ocrx_word' id='word_1_274' title='bbox 1941 1195 1958 1228; x_wconf 72' lang='grc' dir='ltr'><strong>ι</strong></span> <span class='ocrx_word' id='word_1_275' title='bbox 1994 1179 2123 1245; x_wconf 84' lang='lat' dir='ltr'><strong>Quis</strong></span> <span class='ocrx_word' id='word_1_276' title='bbox 2148 1180 2291 1234; x_wconf 89' lang='lat' dir='ltr'><strong>enim</strong></span> <span class='ocrx_word' id='word_1_277' title='bbox 2320 1180 2618 1248; x_wconf 65' lang='lat' dir='ltr'><strong>aequabitur</strong></span> <span class='ocrx_word' id='word_1_278' title='bbox 2643 1178 2891 1242; x_wconf 89' lang='lat' dir='ltr'><strong>Domino,</strong></span> <span class='ocrx_word' id='word_1_279' title='bbox 2919 1185 3012 1231; x_wconf 91' lang='lat' dir='ltr'><strong>aut</strong></span> <span class='ocrx_word' id='word_1_280' title='bbox 3043 1179 3165 1247; x_wconf 87' lang='lat' dir='ltr'><strong>quis</strong></span> <span class='ocrx_word' id='word_1_281' title='bbox 3193 1177 3382 1233; x_wconf 84' lang='lat' dir='ltr'><strong>similis</strong></span> <span class='ocrx_word' id='word_1_282' title='bbox 3408 1180 3514 1233; x_wconf 85' lang='lat' dir='ltr'><strong>erit</strong></span> 
     </span>
    </p>
   </div>
   <div class='ocr_carea' id='block_1_42' title="bbox 1935 1267 3513 1339">
    <p class='ocr_par' dir='ltr' id='par_1_42' title="bbox 1935 1267 3513 1339">
     <span class='ocr_line' id='line_1_42' title="bbox 1935 1267 3513 1339; baseline -0.001 -16"><span class='ocrx_word' id='word_1_283' title='bbox 1935 1269 2045 1323; x_wconf 92' lang='lat' dir='ltr'><strong>Deo</strong></span> <span class='ocrx_word' id='word_1_284' title='bbox 2071 1270 2211 1323; x_wconf 90' lang='lat' dir='ltr'><strong>inter</strong></span> <span class='ocrx_word' id='word_1_285' title='bbox 2246 1268 2385 1322; x_wconf 88' lang='lat' dir='ltr'><strong>ﬁlios</strong></span> <span class='ocrx_word' id='word_1_286' title='bbox 2411 1268 2505 1322; x_wconf 88' lang='lat' dir='ltr'><strong>Dei</strong></span> <span class='ocrx_word' id='word_1_287' title='bbox 2546 1267 2716 1339; x_wconf 76' lang='lat' dir='ltr'><strong>(Psal.</strong></span> <span class='ocrx_word' id='word_1_288' title='bbox 2748 1268 3049 1337; x_wconf 71' lang='lat' dir='ltr'><strong>Lxxxvm)?</strong></span> <span class='ocrx_word' id='word_1_289' title='bbox 3080 1285 3100 1318; x_wconf 78' lang='grc' dir='ltr'><strong>ι</strong></span> <span class='ocrx_word' id='word_1_290' title='bbox 3159 1267 3326 1337; x_wconf 81' lang='lat' dir='ltr'><strong>Igitur</strong></span> <span class='ocrx_word' id='word_1_291' title='bbox 3369 1268 3513 1336; x_wconf 85' lang='lat' dir='ltr'><strong>quod</strong></span> 
     </span>
    </p>
   </div>
   <div class='ocr_carea' id='block_1_43' title="bbox 1936 1357 3513 1429">
    <p class='ocr_par' dir='ltr' id='par_1_43' title="bbox 1936 1357 3513 1429">
     <span class='ocr_line' id='line_1_43' title="bbox 1936 1357 3513 1429; baseline -0.003 -14"><span class='ocrx_word' id='word_1_292' title='bbox 1936 1360 2134 1415; x_wconf 88' lang='lat' dir='ltr'><strong>dicitur</strong></span> <span class='ocrx_word' id='word_1_293' title='bbox 2162 1360 2228 1414; x_wconf 90' lang='lat' dir='ltr'><strong>de</strong></span> <span class='ocrx_word' id='word_1_294' title='bbox 2254 1361 2496 1429; x_wconf 86' lang='lat' dir='ltr'><strong>principe</strong></span> <span class='ocrx_word' id='word_1_295' title='bbox 2526 1358 2742 1414; x_wconf 81' lang='lat' dir='ltr'><strong>fortium</strong></span> <span class='ocrx_word' id='word_1_296' title='bbox 2775 1359 2943 1412; x_wconf 87' lang='lat' dir='ltr'><strong>David</strong></span> <span class='ocrx_word' id='word_1_297' title='bbox 2976 1357 3149 1429; x_wconf 81' lang='lat' dir='ltr'><strong>(cujus</strong></span> <span class='ocrx_word' id='word_1_298' title='bbox 3176 1360 3391 1428; x_wconf 88' lang='lat' dir='ltr'><strong>quidem</strong></span> <span class='ocrx_word' id='word_1_299' title='bbox 3415 1374 3513 1412; x_wconf 84' lang='lat' dir='ltr'><strong>no-</strong></span> 
     </span>
    </p>
   </div>
   <div class='ocr_carea' id='block_1_44' title="bbox 1937 1449 3515 1521">
    <p class='ocr_par' dir='ltr' id='par_1_44' title="bbox 1937 1449 3515 1521">
     <span class='ocr_line' id='line_1_44' title="bbox 1937 1449 3515 1521; baseline -0.002 -15"><span class='ocrx_word' id='word_1_300' title='bbox 1937 1467 2058 1506; x_wconf 89' lang='lat' dir='ltr'><strong>men</strong></span> <span class='ocrx_word' id='word_1_301' title='bbox 2084 1453 2136 1505; x_wconf 93' lang='lat' dir='ltr'><strong>in</strong></span> <span class='ocrx_word' id='word_1_302' title='bbox 2165 1451 2371 1521; x_wconf 77' lang='lat' dir='ltr'><strong>Regum</strong></span> <span class='ocrx_word' id='word_1_303' title='bbox 2400 1451 2538 1505; x_wconf 88' lang='lat' dir='ltr'><strong>libro</strong></span> <span class='ocrx_word' id='word_1_304' title='bbox 2570 1459 2781 1505; x_wconf 88' lang='lat' dir='ltr'><strong>tacetur</strong></span> <span class='ocrx_word' id='word_1_305' title='bbox 2801 1490 2815 1516; x_wconf 90' lang='lat'><strong>,</strong></span> <span class='ocrx_word' id='word_1_306' title='bbox 2845 1457 2900 1503; x_wconf 88' lang='lat' dir='ltr'><strong>at</strong></span> <span class='ocrx_word' id='word_1_307' title='bbox 2930 1465 3057 1504; x_wconf 87' lang='lat' dir='ltr'><strong>vero</strong></span> <span class='ocrx_word' id='word_1_308' title='bbox 3085 1451 3137 1502; x_wconf 92' lang='lat' dir='ltr'><strong>in</strong></span> <span class='ocrx_word' id='word_1_309' title='bbox 3176 1449 3316 1503; x_wconf 88' lang='lat' dir='ltr'><strong>libro</strong></span> <span class='ocrx_word' id='word_1_310' title='bbox 3350 1450 3515 1503; x_wconf 85' lang='lat' dir='ltr'><strong>Para-</strong></span> 
     </span>
    </p>
   </div>
   <div class='ocr_carea' id='block_1_45' title="bbox 1936 1537 3515 1611">
    <p class='ocr_par' dir='ltr' id='par_1_45' title="bbox 1936 1537 3515 1611">
     <span class='ocr_line' id='line_1_45' title="bbox 1936 1537 3515 1611; baseline -0.001 -17"><span class='ocrx_word' id='word_1_311' title='bbox 1936 1541 2238 1610; x_wconf 88' lang='lat' dir='ltr'><strong>lipomenon</strong></span> <span class='ocrx_word' id='word_1_312' title='bbox 2265 1540 2514 1596; x_wconf 88' lang='lat' dir='ltr'><strong>Jcsbaam</strong></span> <span class='ocrx_word' id='word_1_313' title='bbox 2541 1540 2855 1594; x_wconf 85' lang='lat' dir='ltr'><strong>nominatur</strong></span> <span class='ocrx_word' id='word_1_314' title='bbox 2891 1539 2943 1610; x_wconf 91' lang='grc' dir='ltr'><strong>(Ι</strong></span> <span class='ocrx_word' id='word_1_315' title='bbox 2973 1537 3101 1591; x_wconf 83' lang='lat' dir='ltr'><strong>Par.</strong></span> <span class='ocrx_word' id='word_1_316' title='bbox 3134 1537 3234 1611; x_wconf 78' lang='lat' dir='ltr'><strong>xi),</strong></span> <span class='ocrx_word' id='word_1_317' title='bbox 3271 1546 3323 1593; x_wconf 91' lang='lat' dir='ltr'><strong>et</strong></span> <span class='ocrx_word' id='word_1_318' title='bbox 3352 1537 3515 1593; x_wconf 81' lang='lat' dir='ltr'><strong>fuisse</strong></span> 
     </span>
    </p>
   </div>
   <div class='ocr_carea' id='block_1_46' title="bbox 1938 1628 3516 1699">
    <p class='ocr_par' dir='ltr' id='par_1_46' title="bbox 1938 1628 3516 1699">
     <span class='ocr_line' id='line_1_46' title="bbox 1938 1628 3516 1699; baseline -0.002 -16"><span class='ocrx_word' id='word_1_319' title='bbox 1938 1630 2078 1684; x_wconf 87' lang='lat' dir='ltr'><strong>ﬁlius</strong></span> <span class='ocrx_word' id='word_1_320' title='bbox 2100 1629 2394 1684; x_wconf 84' lang='lat' dir='ltr'><strong>Aehamom</strong></span> <span class='ocrx_word' id='word_1_321' title='bbox 2419 1629 2935 1699; x_wconf 81' lang='lat' dir='ltr'><strong>commemoratur):</strong></span> <span class='ocrx_word' id='word_1_322' title='bbox 2975 1647 2994 1675; x_wconf 73' lang='grc' dir='ltr'><strong><em>ε</em></strong></span> <span class='ocrx_word' id='word_1_323' title='bbox 3026 1628 3142 1696; x_wconf 86' lang='lat' dir='ltr'><strong>Ipse</strong></span> <span class='ocrx_word' id='word_1_324' title='bbox 3181 1638 3263 1681; x_wconf 89' lang='lat' dir='ltr'><strong>est</strong></span> <span class='ocrx_word' id='word_1_325' title='bbox 3289 1628 3516 1681; x_wconf 87' lang='lat' dir='ltr'><strong>tenerri-</strong></span> 
     </span>
    </p>
   </div>
   <div class='ocr_carea' id='block_1_47' title="bbox 1939 1717 3515 1791">
    <p class='ocr_par' dir='ltr' id='par_1_47' title="bbox 1939 1717 3515 1791">
     <span class='ocr_line' id='line_1_47' title="bbox 1939 1717 3515 1791; baseline -0.003 -16"><span class='ocrx_word' id='word_1_326' title='bbox 1939 1735 2060 1775; x_wconf 90' lang='lat' dir='ltr'><strong>mus</strong></span> <span class='ocrx_word' id='word_1_327' title='bbox 2087 1720 2218 1791; x_wconf 81' lang='lat' dir='ltr'><strong>ligni</strong></span> <span class='ocrx_word' id='word_1_328' title='bbox 2249 1719 2593 1782; x_wconf 82' lang='lat' dir='ltr'><strong>vermiculus,</strong></span> <span class='ocrx_word' id='word_1_329' title='bbox 2627 1738 2645 1769; x_wconf 72' lang='grc' dir='ltr'><strong>ι</strong></span> <span class='ocrx_word' id='word_1_330' title='bbox 2680 1719 2853 1773; x_wconf 91' lang='lat' dir='ltr'><strong>virtus</strong></span> <span class='ocrx_word' id='word_1_331' title='bbox 2880 1717 3037 1772; x_wconf 86' lang='lat' dir='ltr'><strong>simul</strong></span> <span class='ocrx_word' id='word_1_332' title='bbox 3074 1717 3261 1771; x_wconf 83' lang='lat' dir='ltr'><strong>bellica</strong></span> <span class='ocrx_word' id='word_1_333' title='bbox 3302 1725 3358 1771; x_wconf 88' lang='lat' dir='ltr'><strong>et</strong></span> <span class='ocrx_word' id='word_1_334' title='bbox 3401 1733 3515 1771; x_wconf 89' lang='lat' dir='ltr'><strong>mo-</strong></span> 
     </span>
    </p>
   </div>
   <div class='ocr_carea' id='block_1_48' title="bbox 1867 1788 3519 1881">
    <p class='ocr_par' dir='ltr' id='par_1_48' title="bbox 1867 1788 3519 1881">
     <span class='ocr_line' id='line_1_48' title="bbox 1867 1788 3519 1881; baseline -0.004 -14"><span class='ocrx_word' id='word_1_335' title='bbox 1867 1788 1914 1845; x_wconf 72' lang='lat' dir='ltr'><strong>B</strong></span> <span class='ocrx_word' id='word_1_336' title='bbox 1942 1813 2093 1867; x_wconf 87' lang='lat' dir='ltr'><strong>desta</strong></span> <span class='ocrx_word' id='word_1_337' title='bbox 2134 1788 2237 1866; x_wconf 67' lang='lat' dir='ltr'><strong>viri</strong></span> <span class='ocrx_word' id='word_1_338' title='bbox 2279 1811 2590 1881; x_wconf 81' lang='lat' dir='ltr'><strong>designatur</strong></span> <span class='ocrx_word' id='word_1_339' title='bbox 2631 1808 2898 1874; x_wconf 86' lang='lat' dir='ltr'><strong>civilitas,</strong></span> <span class='ocrx_word' id='word_1_340' title='bbox 2942 1808 3069 1878; x_wconf 88' lang='lat' dir='ltr'><strong>quia</strong></span> <span class='ocrx_word' id='word_1_341' title='bbox 3102 1808 3348 1862; x_wconf 80' lang='lat' dir='ltr'><strong>videlicet</strong></span> <span class='ocrx_word' id='word_1_342' title='bbox 3378 1808 3519 1861; x_wconf 89' lang='lat' dir='ltr'><strong>sicut</strong></span> 
     </span>
    </p>
   </div>
   <div class='ocr_carea' id='block_1_49' title="bbox 1939 1897 3519 1972">
    <p class='ocr_par' dir='ltr' id='par_1_49' title="bbox 1939 1897 3519 1972">
     <span class='ocr_line' id='line_1_49' title="bbox 1939 1897 3519 1972; baseline -0.005 -15"><span class='ocrx_word' id='word_1_343' title='bbox 1939 1903 2268 1958; x_wconf 85' lang='lat' dir='ltr'><strong>vermiculus</strong></span> <span class='ocrx_word' id='word_1_344' title='bbox 2307 1902 2436 1972; x_wconf 89' lang='lat' dir='ltr'><strong>ligni</strong></span> <span class='ocrx_word' id='word_1_345' title='bbox 2482 1909 2635 1954; x_wconf 89' lang='lat' dir='ltr'><strong>tener</strong></span> <span class='ocrx_word' id='word_1_346' title='bbox 2664 1900 2878 1968; x_wconf 87' lang='lat' dir='ltr'><strong>quidem</strong></span> <span class='ocrx_word' id='word_1_347' title='bbox 2921 1908 2975 1951; x_wconf 91' lang='lat' dir='ltr'><strong>et</strong></span> <span class='ocrx_word' id='word_1_348' title='bbox 3018 1897 3225 1968; x_wconf 84' lang='lat' dir='ltr'><strong>fragilis</strong></span> <span class='ocrx_word' id='word_1_349' title='bbox 3267 1905 3379 1951; x_wconf 83' lang='lat' dir='ltr'><strong>toto</strong></span> <span class='ocrx_word' id='word_1_350' title='bbox 3420 1912 3519 1950; x_wconf 90' lang='lat' dir='ltr'><strong>suo</strong></span> 
     </span>
    </p>
   </div>
   <div class='ocr_carea' id='block_1_50' title="bbox 1939 1985 3517 2062">
    <p class='ocr_par' dir='ltr' id='par_1_50' title="bbox 1939 1985 3517 2062">
     <span class='ocr_line' id='line_1_50' title="bbox 1939 1985 3517 2062; baseline -0.006 -14"><span class='ocrx_word' id='word_1_351' title='bbox 1939 2008 2187 2062; x_wconf 90' lang='lat' dir='ltr'><strong>corpore,</strong></span> <span class='ocrx_word' id='word_1_352' title='bbox 2218 2007 2317 2046; x_wconf 90' lang='lat' dir='ltr'><strong>nec</strong></span> <span class='ocrx_word' id='word_1_353' title='bbox 2340 2007 2443 2046; x_wconf 89' lang='lat' dir='ltr'><strong>non</strong></span> <span class='ocrx_word' id='word_1_354' title='bbox 2467 1998 2520 2045; x_wconf 90' lang='lat' dir='ltr'><strong>et</strong></span> <span class='ocrx_word' id='word_1_355' title='bbox 2543 1989 2885 2060; x_wconf 82' lang='lat' dir='ltr'><strong>permodicus</strong></span> <span class='ocrx_word' id='word_1_356' title='bbox 2911 1996 3152 2057; x_wconf 76' lang='lat' dir='ltr'><strong>apparet,</strong></span> <span class='ocrx_word' id='word_1_357' title='bbox 3170 1985 3517 2039; x_wconf 83' lang='lat' dir='ltr'><strong>nihilominus</strong></span> 
     </span>
    </p>
   </div>
   <div class='ocr_carea' id='block_1_51' title="bbox 1941 2075 3519 2149">
    <p class='ocr_par' dir='ltr' id='par_1_51' title="bbox 1941 2075 3519 2149">
     <span class='ocr_line' id='line_1_51' title="bbox 1941 2075 3519 2149; baseline -0.006 -12"><span class='ocrx_word' id='word_1_358' title='bbox 1941 2091 2123 2137; x_wconf 88' lang='lat' dir='ltr'><strong>tamen</strong></span> <span class='ocrx_word' id='word_1_359' title='bbox 2149 2081 2502 2142; x_wconf 78' lang='lat' dir='ltr'><strong>fortissimum</strong></span> <span class='ocrx_word' id='word_1_360' title='bbox 2535 2078 2664 2149; x_wconf 89' lang='lat' dir='ltr'><strong>ligni</strong></span> <span class='ocrx_word' id='word_1_361' title='bbox 2692 2078 2857 2132; x_wconf 89' lang='lat' dir='ltr'><strong>robur</strong></span> <span class='ocrx_word' id='word_1_362' title='bbox 2883 2077 3119 2131; x_wconf 80' lang='lat' dir='ltr'><strong>exedens</strong></span> <span class='ocrx_word' id='word_1_363' title='bbox 3139 2075 3431 2138; x_wconf 85' lang='lat' dir='ltr'><strong>consumit,</strong></span> <span class='ocrx_word' id='word_1_364' title='bbox 3465 2084 3519 2127; x_wconf 89' lang='lat' dir='ltr'><strong>et</strong></span> 
     </span>
    </p>
   </div>
   <div class='ocr_carea' id='block_1_52' title="bbox 1940 2165 3520 2242">
    <p class='ocr_par' dir='ltr' id='par_1_52' title="bbox 1940 2165 3520 2242">
     <span class='ocr_line' id='line_1_52' title="bbox 1940 2165 3520 2242; baseline -0.007 -14"><span class='ocrx_word' id='word_1_365' title='bbox 1940 2187 2293 2228; x_wconf 89' lang='lat' dir='ltr'><strong>cavernosum</strong></span> <span class='ocrx_word' id='word_1_366' title='bbox 2327 2170 2434 2242; x_wconf 82' lang='grc' dir='ltr'><strong>[ΑΙ.</strong></span> <span class='ocrx_word' id='word_1_367' title='bbox 2459 2210 2473 2232; x_wconf 84' lang='grc'>,</span> <span class='ocrx_word' id='word_1_368' title='bbox 2501 2168 2585 2223; x_wconf 89' lang='lat' dir='ltr'><strong>vel</strong></span> <span class='ocrx_word' id='word_1_369' title='bbox 2618 2167 2912 2239; x_wconf 87' lang='lat' dir='ltr'><strong>cariosum]</strong></span> <span class='ocrx_word' id='word_1_370' title='bbox 2940 2167 3135 2231; x_wconf 85' lang='lat' dir='ltr'><strong>reddit,</strong></span> <span class='ocrx_word' id='word_1_371' title='bbox 3173 2165 3314 2220; x_wconf 86' lang='lat' dir='ltr'><strong>unde</strong></span> <span class='ocrx_word' id='word_1_372' title='bbox 3351 2173 3406 2218; x_wconf 91' lang='lat' dir='ltr'><strong>et</strong></span> <span class='ocrx_word' id='word_1_373' title='bbox 3442 2172 3520 2218; x_wconf 90' lang='lat' dir='ltr'><strong>te-</strong></span> 
     </span>
    </p>
   </div>
   <div class='ocr_carea' id='block_1_53' title="bbox 1940 2255 3519 2331">
    <p class='ocr_par' dir='ltr' id='par_1_53' title="bbox 1940 2255 3519 2331">
     <span class='ocr_line' id='line_1_53' title="bbox 1940 2255 3519 2331; baseline -0.005 -13"><span class='ocrx_word' id='word_1_374' title='bbox 1940 2264 2107 2318; x_wconf 89' lang='lat' dir='ltr'><strong>rendo</strong></span> <span class='ocrx_word' id='word_1_375' title='bbox 2131 2262 2276 2331; x_wconf 83' lang='lat' dir='ltr'><strong>ligna</strong></span> <span class='ocrx_word' id='word_1_376' title='bbox 2306 2260 2564 2315; x_wconf 79' lang='lat' dir='ltr'><strong>teredonis</strong></span> <span class='ocrx_word' id='word_1_377' title='bbox 2585 2273 2780 2313; x_wconf 88' lang='lat' dir='ltr'><strong>nomen</strong></span> <span class='ocrx_word' id='word_1_378' title='bbox 2813 2258 3013 2312; x_wconf 88' lang='lat' dir='ltr'><strong>habet:</strong></span> <span class='ocrx_word' id='word_1_379' title='bbox 3056 2257 3135 2312; x_wconf 88' lang='lat' dir='ltr'><strong>sic</strong></span> <span class='ocrx_word' id='word_1_380' title='bbox 3162 2255 3252 2311; x_wconf 90' lang='lat' dir='ltr'><strong>ille</strong></span> <span class='ocrx_word' id='word_1_381' title='bbox 3288 2255 3519 2310; x_wconf 75' lang='lat' dir='ltr'><strong>affabilis</strong></span> 
     </span>
    </p>
   </div>
   <div class='ocr_carea' id='block_1_54' title="bbox 1940 2349 3518 2421">
    <p class='ocr_par' dir='ltr' id='par_1_54' title="bbox 1940 2349 3518 2421">
     <span class='ocr_line' id='line_1_54' title="bbox 1940 2349 3518 2421; baseline -0.006 -12"><span class='ocrx_word' id='word_1_382' title='bbox 1940 2356 2192 2410; x_wconf 91' lang='lat' dir='ltr'><strong>omnibus</strong></span> <span class='ocrx_word' id='word_1_383' title='bbox 2216 2353 2359 2409; x_wconf 87' lang='lat' dir='ltr'><strong>domi</strong></span> <span class='ocrx_word' id='word_1_384' title='bbox 2387 2361 2443 2407; x_wconf 92' lang='lat' dir='ltr'><strong>et</strong></span> <span class='ocrx_word' id='word_1_385' title='bbox 2470 2353 2684 2421; x_wconf 91' lang='lat' dir='ltr'><strong>quietus</strong></span> <span class='ocrx_word' id='word_1_386' title='bbox 2704 2358 2865 2420; x_wconf 88' lang='lat' dir='ltr'><strong>atque</strong></span> <span class='ocrx_word' id='word_1_387' title='bbox 2890 2349 3108 2405; x_wconf 89' lang='lat' dir='ltr'><strong>humilis</strong></span> <span class='ocrx_word' id='word_1_388' title='bbox 3133 2349 3436 2412; x_wconf 86' lang='lat' dir='ltr'><strong>videbatur,</strong></span> <span class='ocrx_word' id='word_1_389' title='bbox 3462 2356 3518 2401; x_wconf 88' lang='lat' dir='ltr'><strong>at</strong></span> 
     </span>
    </p>
   </div>
   <div class='ocr_carea' id='block_1_55' title="bbox 1941 2438 3520 2516">
    <p class='ocr_par' dir='ltr' id='par_1_55' title="bbox 1941 2438 3520 2516">
     <span class='ocr_line' id='line_1_55' title="bbox 1941 2438 3520 2516; baseline -0.005 -16"><span class='ocrx_word' id='word_1_390' title='bbox 1941 2447 1994 2500; x_wconf 91' lang='lat' dir='ltr'><strong>in</strong></span> <span class='ocrx_word' id='word_1_391' title='bbox 2037 2446 2335 2501; x_wconf 88' lang='lat' dir='ltr'><strong>certamine</strong></span> <span class='ocrx_word' id='word_1_392' title='bbox 2364 2444 2579 2516; x_wconf 88' lang='lat' dir='ltr'><strong>publico</strong></span> <span class='ocrx_word' id='word_1_393' title='bbox 2621 2444 2898 2497; x_wconf 88' lang='lat' dir='ltr'><strong>robustum</strong></span> <span class='ocrx_word' id='word_1_394' title='bbox 2933 2457 2991 2499; x_wconf 86' lang='lat' dir='ltr'><strong>se</strong></span> <span class='ocrx_word' id='word_1_395' title='bbox 3019 2449 3181 2510; x_wconf 89' lang='lat' dir='ltr'><strong>atque</strong></span> <span class='ocrx_word' id='word_1_396' title='bbox 3207 2438 3520 2494; x_wconf 86' lang='lat' dir='ltr'><strong>intolerabi-</strong></span> 
     </span>
    </p>
   </div>
   <div class='ocr_carea' id='block_1_56' title="bbox 1941 2526 3517 2599">
    <p class='ocr_par' dir='ltr' id='par_1_56' title="bbox 1941 2526 3517 2599">
     <span class='ocr_line' id='line_1_56' title="bbox 1941 2526 3517 2599; baseline -0.006 -11"><span class='ocrx_word' id='word_1_397' title='bbox 1941 2534 2049 2588; x_wconf 85' lang='lat' dir='ltr'><strong>lem</strong></span> <span class='ocrx_word' id='word_1_398' title='bbox 2070 2534 2317 2587; x_wconf 90' lang='lat' dir='ltr'><strong>hostibus</strong></span> <span class='ocrx_word' id='word_1_399' title='bbox 2333 2531 2642 2586; x_wconf 80' lang='lat' dir='ltr'><strong>exhibebat.</strong></span> <span class='ocrx_word' id='word_1_400' title='bbox 2667 2530 2771 2584; x_wconf 87' lang='lat' dir='ltr'><strong>Sed</strong></span> <span class='ocrx_word' id='word_1_401' title='bbox 2794 2530 2937 2583; x_wconf 91' lang='lat' dir='ltr'><strong>hunc</strong></span> <span class='ocrx_word' id='word_1_402' title='bbox 2955 2529 3251 2599; x_wconf 88' lang='lat' dir='ltr'><strong>principem</strong></span> <span class='ocrx_word' id='word_1_403' title='bbox 3274 2526 3517 2591; x_wconf 87' lang='lat' dir='ltr'><strong>fortium,</strong></span> 
     </span>
    </p>
   </div>
   <div class='ocr_carea' id='block_1_57' title="bbox 1942 2620 3516 2694">
    <p class='ocr_par' dir='ltr' id='par_1_57' title="bbox 1942 2620 3516 2694">
     <span class='ocr_line' id='line_1_57' title="bbox 1942 2620 3516 2694; baseline -0.003 -16"><span class='ocrx_word' id='word_1_404' title='bbox 1942 2624 2198 2679; x_wconf 64' lang='lat' dir='ltr'><strong>Hebrazus</strong></span> <span class='ocrx_word' id='word_1_405' title='bbox 2239 2625 2417 2694; x_wconf 89' lang='lat' dir='ltr'><strong>ipsum</strong></span> <span class='ocrx_word' id='word_1_406' title='bbox 2462 2624 2769 2692; x_wconf 85' lang='lat' dir='ltr'><strong>suspicatur</strong></span> <span class='ocrx_word' id='word_1_407' title='bbox 2801 2636 2920 2676; x_wconf 86' lang='lat' dir='ltr'><strong>esse</strong></span> <span class='ocrx_word' id='word_1_408' title='bbox 2962 2621 3162 2685; x_wconf 84' lang='lat' dir='ltr'><strong>David;</strong></span> <span class='ocrx_word' id='word_1_409' title='bbox 3203 2620 3268 2674; x_wconf 88' lang='lat' dir='ltr'><strong>de</strong></span> <span class='ocrx_word' id='word_1_410' title='bbox 3297 2636 3405 2689; x_wconf 91' lang='lat' dir='ltr'><strong>quo</strong></span> <span class='ocrx_word' id='word_1_411' title='bbox 3442 2620 3516 2673; x_wconf 82' lang='lat' dir='ltr'><strong>ita</strong></span> 
     </span>
    </p>
   </div>
   <div class='ocr_carea' id='block_1_58' title="bbox 1942 2710 3519 2786">
    <p class='ocr_par' dir='ltr' id='par_1_58' title="bbox 1942 2710 3519 2786">
     <span class='ocr_line' id='line_1_58' title="bbox 1942 2710 3519 2786; baseline -0.006 -15"><span class='ocrx_word' id='word_1_412' title='bbox 1942 2717 2200 2786; x_wconf 88' lang='lat' dir='ltr'><strong>scriptum</strong></span> <span class='ocrx_word' id='word_1_413' title='bbox 2236 2722 2354 2769; x_wconf 90' lang='lat' dir='ltr'><strong>est:</strong></span> <span class='ocrx_word' id='word_1_414' title='bbox 2404 2732 2422 2764; x_wconf 77' lang='grc' dir='ltr'><strong>ι</strong></span> <span class='ocrx_word' id='word_1_415' title='bbox 2461 2711 2667 2768; x_wconf 87' lang='lat' dir='ltr'><strong>Sedens</strong></span> <span class='ocrx_word' id='word_1_416' title='bbox 2695 2714 2748 2766; x_wconf 89' lang='lat' dir='ltr'><strong>in</strong></span> <span class='ocrx_word' id='word_1_417' title='bbox 2787 2712 3042 2766; x_wconf 87' lang='lat' dir='ltr'><strong>cathedra</strong></span> <span class='ocrx_word' id='word_1_418' title='bbox 3086 2710 3519 2781; x_wconf 84' lang='lat' dir='ltr'><strong>sapientissimus</strong></span> 
     </span>
    </p>
   </div>
   <div class='ocr_carea' id='block_1_59' title="bbox 1948 2790 3516 2879">
    <p class='ocr_par' dir='ltr' id='par_1_59' title="bbox 1948 2790 3516 2879">
     <span class='ocr_line' id='line_1_59' title="bbox 1948 2790 3516 2879; baseline -0.006 -17"><span class='ocrx_word' id='word_1_419' title='bbox 1948 2829 1966 2861; x_wconf 78' lang='grc' dir='ltr'><strong>ι</strong></span> <span class='ocrx_word' id='word_1_420' title='bbox 1999 2809 2251 2879; x_wconf 88' lang='lat' dir='ltr'><strong>princeps</strong></span> <span class='ocrx_word' id='word_1_421' title='bbox 2278 2807 2417 2861; x_wconf 89' lang='lat' dir='ltr'><strong>inter</strong></span> <span class='ocrx_word' id='word_1_422' title='bbox 2446 2790 2576 2868; x_wconf 85' lang='lat' dir='ltr'><strong>tres,</strong></span> <span class='ocrx_word' id='word_1_423' title='bbox 2604 2805 2716 2874; x_wconf 87' lang='lat' dir='ltr'><strong>ipse</strong></span> <span class='ocrx_word' id='word_1_424' title='bbox 2744 2811 2828 2858; x_wconf 89' lang='lat' dir='ltr'><strong>est</strong></span> <span class='ocrx_word' id='word_1_425' title='bbox 2853 2805 3004 2872; x_wconf 86' lang='lat' dir='ltr'><strong>quasi</strong></span> <span class='ocrx_word' id='word_1_426' title='bbox 3038 2801 3359 2856; x_wconf 87' lang='lat' dir='ltr'><strong>tenerrimus</strong></span> <span class='ocrx_word' id='word_1_427' title='bbox 3388 2800 3516 2869; x_wconf 79' lang='lat' dir='ltr'><strong>ligat</strong></span> 
     </span>
    </p>
   </div>
   <div class='ocr_carea' id='block_1_60' title="bbox 1946 2892 3510 2965">
    <p class='ocr_par' dir='ltr' id='par_1_60' title="bbox 1946 2892 3510 2965">
     <span class='ocr_line' id='line_1_60' title="bbox 1946 2892 3510 2965; baseline -0.005 -15"><span class='ocrx_word' id='word_1_428' title='bbox 1946 2918 1965 2950; x_wconf 68' lang='grc' dir='ltr'><strong>ι</strong></span> <span class='ocrx_word' id='word_1_429' title='bbox 2004 2897 2352 2961; x_wconf 87' lang='lat' dir='ltr'><strong>vermiculus,</strong></span> <span class='ocrx_word' id='word_1_430' title='bbox 2375 2895 2820 2965; x_wconf 85' lang='lat' dir='ltr'><strong>quioctingentos</strong></span> <span class='ocrx_word' id='word_1_431' title='bbox 2841 2892 3109 2947; x_wconf 80' lang='lat' dir='ltr'><strong>interfecit</strong></span> <span class='ocrx_word' id='word_1_432' title='bbox 3127 2892 3326 2960; x_wconf 81' lang='lat' dir='ltr'><strong>impetu</strong></span> <span class='ocrx_word' id='word_1_433' title='bbox 3349 2906 3474 2943; x_wconf 90' lang='lat' dir='ltr'><strong>uno.</strong></span> <span class='ocrx_word' id='word_1_434' title='bbox 3490 2909 3510 2941; x_wconf 69' lang='grc' dir='ltr'><strong>ι</strong></span> 
     </span>
    </p>
   </div>
   <div class='ocr_carea' id='block_1_61' title="bbox 2013 2980 3515 3051">
    <p class='ocr_par' dir='ltr' id='par_1_61' title="bbox 2013 2980 3515 3051">
     <span class='ocr_line' id='line_1_61' title="bbox 2013 2980 3515 3051; baseline -0.005 -11"><span class='ocrx_word' id='word_1_435' title='bbox 2013 2988 2129 3040; x_wconf 81' lang='lat' dir='ltr'><strong>Dixi</strong></span> <span class='ocrx_word' id='word_1_436' title='bbox 2162 2987 2306 3039; x_wconf 89' lang='lat' dir='ltr'><strong>enim</strong></span> <span class='ocrx_word' id='word_1_437' title='bbox 2329 2986 2383 3038; x_wconf 90' lang='lat' dir='ltr'><strong>in</strong></span> <span class='ocrx_word' id='word_1_438' title='bbox 2415 2984 2498 3038; x_wconf 92' lang='lat' dir='ltr'><strong>his</strong></span> <span class='ocrx_word' id='word_1_439' title='bbox 2520 2984 2700 3038; x_wconf 89' lang='lat' dir='ltr'><strong>verbis</strong></span> <span class='ocrx_word' id='word_1_440' title='bbox 2720 2997 3029 3051; x_wconf 75' lang='lat' dir='ltr'><strong>expressam</strong></span> <span class='ocrx_word' id='word_1_441' title='bbox 3056 2997 3176 3036; x_wconf 89' lang='lat' dir='ltr'><strong>esse</strong></span> <span class='ocrx_word' id='word_1_442' title='bbox 3200 2980 3515 3050; x_wconf 87' lang='lat' dir='ltr'><strong>sapientiam</strong></span> 
     </span>
    </p>
   </div>
   <div class='ocr_carea' id='block_1_62' title="bbox 1944 3070 3518 3142">
    <p class='ocr_par' dir='ltr' id='par_1_62' title="bbox 1944 3070 3518 3142">
     <span class='ocr_line' id='line_1_62' title="bbox 1944 3070 3518 3142; baseline -0.006 -10"><span class='ocrx_word' id='word_1_443' title='bbox 1944 3077 2132 3142; x_wconf 83' lang='lat' dir='ltr'><strong>David,</strong></span> <span class='ocrx_word' id='word_1_444' title='bbox 2165 3076 2521 3130; x_wconf 88' lang='lat' dir='ltr'><strong>humilitatem</strong></span> <span class='ocrx_word' id='word_1_445' title='bbox 2546 3082 2602 3128; x_wconf 89' lang='lat' dir='ltr'><strong>et</strong></span> <span class='ocrx_word' id='word_1_446' title='bbox 2628 3073 3017 3136; x_wconf 86' lang='lat' dir='ltr'><strong>fortitudinem,</strong></span> <span class='ocrx_word' id='word_1_447' title='bbox 3045 3071 3149 3125; x_wconf 92' lang='lat' dir='ltr'><strong>hoc</strong></span> <span class='ocrx_word' id='word_1_448' title='bbox 3173 3079 3271 3133; x_wconf 87' lang='lat' dir='ltr'><strong>est,</strong></span> <span class='ocrx_word' id='word_1_449' title='bbox 3306 3070 3518 3140; x_wconf 88' lang='lat' dir='ltr'><strong>sapien-</strong></span> 
     </span>
    </p>
   </div>
   <div class='ocr_carea' id='block_1_63' title="bbox 260 3129 3520 3234">
    <p class='ocr_par' dir='ltr' id='par_1_63' title="bbox 260 3129 3520 3234">
     <span class='ocr_line' id='line_1_63' title="bbox 260 3129 3520 3234; baseline 0 -22"><span class='ocrx_word' id='word_1_450' title='bbox 260 3159 357 3214; x_wconf 84' lang='lat' dir='ltr'><strong>Dei</strong></span> <span class='ocrx_word' id='word_1_451' title='bbox 387 3159 807 3215; x_wconf 87' lang='lat' dir='ltr'><strong>dominationem</strong></span> <span class='ocrx_word' id='word_1_452' title='bbox 838 3159 892 3211; x_wconf 90' lang='lat' dir='ltr'><strong>in</strong></span> <span class='ocrx_word' id='word_1_453' title='bbox 931 3158 1172 3213; x_wconf 89' lang='lat' dir='ltr'><strong>subditos</strong></span> <span class='ocrx_word' id='word_1_454' title='bbox 1209 3167 1457 3234; x_wconf 70' lang='lat' dir='ltr'><strong>exercet,</strong></span> <span class='ocrx_word' id='word_1_455' title='bbox 1503 3158 1639 3214; x_wconf 92' lang='lat' dir='ltr'><strong>lucis</strong></span> <span class='ocrx_word' id='word_1_456' title='bbox 1672 3176 1837 3228; x_wconf 88' lang='lat' dir='ltr'><strong>opera</strong></span> <span class='ocrx_word' id='word_1_457' title='bbox 1866 3129 1910 3190; x_wconf 78' lang='lat' dir='ltr'><strong>C</strong></span> <span class='ocrx_word' id='word_1_458' title='bbox 1946 3166 2074 3219; x_wconf 90' lang='lat' dir='ltr'><strong>tiam</strong></span> <span class='ocrx_word' id='word_1_459' title='bbox 2101 3166 2156 3219; x_wconf 91' lang='lat' dir='ltr'><strong>in</strong></span> <span class='ocrx_word' id='word_1_460' title='bbox 2184 3163 2600 3234; x_wconf 87' lang='lat' dir='ltr'><strong>sapientissimo,</strong></span> <span class='ocrx_word' id='word_1_461' title='bbox 2633 3162 2686 3215; x_wconf 92' lang='lat' dir='ltr'><strong>in</strong></span> <span class='ocrx_word' id='word_1_462' title='bbox 2715 3159 2963 3229; x_wconf 80' lang='lat' dir='ltr'><strong>exemplo</strong></span> <span class='ocrx_word' id='word_1_463' title='bbox 2994 3158 3272 3213; x_wconf 88' lang='lat' dir='ltr'><strong>vermiculi</strong></span> <span class='ocrx_word' id='word_1_464' title='bbox 3301 3158 3520 3213; x_wconf 85' lang='lat' dir='ltr'><strong>humili-</strong></span> 
     </span>
    </p>
   </div>
   <div class='ocr_carea' id='block_1_64' title="bbox 260 3221 1839 3320">
    <p class='ocr_par' dir='ltr' id='par_1_64' title="bbox 260 3221 1839 3320">
     <span class='ocr_line' id='line_1_64' title="bbox 260 3221 1839 3320; baseline -0.001 -16"><span class='ocrx_word' id='word_1_465' title='bbox 260 3266 357 3320; x_wconf 85' lang='lat' dir='ltr'><strong>per</strong></span> <span class='ocrx_word' id='word_1_466' title='bbox 386 3250 553 3304; x_wconf 86' lang='lat' dir='ltr'><strong>solem</strong></span> <span class='ocrx_word' id='word_1_467' title='bbox 578 3248 803 3319; x_wconf 70' lang='lat' dir='ltr'><strong>iustitiae</strong></span> <span class='ocrx_word' id='word_1_468' title='bbox 831 3247 1127 3301; x_wconf 82' lang='lat' dir='ltr'><strong>illuminata</strong></span> <span class='ocrx_word' id='word_1_469' title='bbox 1154 3248 1360 3317; x_wconf 89' lang='lat' dir='ltr'><strong>profert</strong></span> <span class='ocrx_word' id='word_1_470' title='bbox 1378 3221 1521 3313; x_wconf 56' lang='lat' dir='ltr'><strong>{nec</strong></span> <span class='ocrx_word' id='word_1_471' title='bbox 1555 3249 1612 3301; x_wconf 88' lang='lat' dir='ltr'><strong>in</strong></span> <span class='ocrx_word' id='word_1_472' title='bbox 1636 3221 1722 3303; x_wconf 76' lang='lat' dir='ltr'><strong>eis</strong></span> <span class='ocrx_word' id='word_1_473' title='bbox 1741 3249 1839 3304; x_wconf 90' lang='lat' dir='ltr'><strong>ali-</strong></span> 
     </span>
    </p>
   </div>
   <div class='ocr_carea' id='block_1_65' title="bbox 260 3338 1838 3409">
    <p class='ocr_par' dir='ltr' id='par_1_65' title="bbox 260 3338 1838 3409">
     <span class='ocr_line' id='line_1_65' title="bbox 260 3338 1838 3409; baseline 0.002 -18"><span class='ocrx_word' id='word_1_474' title='bbox 260 3341 390 3408; x_wconf 82' lang='lat' dir='ltr'><strong>quid</strong></span> <span class='ocrx_word' id='word_1_475' title='bbox 420 3339 720 3394; x_wconf 85' lang='lat' dir='ltr'><strong>remanebit</strong></span> <span class='ocrx_word' id='word_1_476' title='bbox 743 3339 1052 3401; x_wconf 89' lang='lat' dir='ltr'><strong>obscurum,</strong></span> <span class='ocrx_word' id='word_1_477' title='bbox 1085 3338 1179 3391; x_wconf 88' lang='lat' dir='ltr'><strong>scd</strong></span> <span class='ocrx_word' id='word_1_478' title='bbox 1202 3338 1374 3392; x_wconf 88' lang='lat' dir='ltr'><strong>imbre</strong></span> <span class='ocrx_word' id='word_1_479' title='bbox 1396 3338 1633 3393; x_wconf 71' lang='lat' dir='ltr'><strong>cmlestis</strong></span> <span class='ocrx_word' id='word_1_480' title='bbox 1651 3340 1838 3409; x_wconf 65' lang='lat' dir='ltr'><strong>gratia:</strong></span> 
     </span>
    </p>
   </div>
   <div class='ocr_carea' id='block_1_66' title="bbox 260 3425 1840 3511">
    <p class='ocr_par' dir='ltr' id='par_1_66' title="bbox 260 3425 1840 3511">
     <span class='ocr_line' id='line_1_66' title="bbox 260 3425 1840 3511; baseline -0.002 -27"><span class='ocrx_word' id='word_1_481' title='bbox 260 3428 820 3511; x_wconf 53' lang='lat' dir='ltr'><strong>irrigatuszgcrmina</strong></span> <span class='ocrx_word' id='word_1_482' title='bbox 853 3425 1114 3481; x_wconf 89' lang='lat' dir='ltr'><strong>virtutum</strong></span> <span class='ocrx_word' id='word_1_483' title='bbox 1149 3425 1205 3480; x_wconf 87' lang='lat' dir='ltr'><strong>in</strong></span> <span class='ocrx_word' id='word_1_484' title='bbox 1242 3440 1407 3481; x_wconf 89' lang='lat' dir='ltr'><strong>carne</strong></span> <span class='ocrx_word' id='word_1_485' title='bbox 1431 3426 1621 3481; x_wconf 86' lang='lat' dir='ltr'><strong>vivens</strong></span> <span class='ocrx_word' id='word_1_486' title='bbox 1653 3426 1840 3482; x_wconf 86' lang='lat' dir='ltr'><strong>fructi--</strong></span> 
     </span>
    </p>
   </div>
   <div class='ocr_carea' id='block_1_67' title="bbox 263 3523 410 3578">
    <p class='ocr_par' dir='ltr' id='par_1_67' title="bbox 263 3523 410 3578">
     <span class='ocr_line' id='line_1_67' title="bbox 263 3523 410 3578; baseline -0.027 0"><span class='ocrx_word' id='word_1_487' title='bbox 263 3523 410 3578; x_wconf 77' lang='lat' dir='ltr'><strong>ﬂeat.</strong></span> 
     </span>
    </p>
   </div>
   <div class='ocr_carea' id='block_1_68' title="bbox 338 3607 1851 3684">
    <p class='ocr_par' dir='ltr' id='par_1_68' title="bbox 338 3607 1851 3684">
     <span class='ocr_line' id='line_1_68' title="bbox 338 3607 1851 3684; baseline -0.001 -23"><span class='ocrx_word' id='word_1_488' title='bbox 338 3628 358 3661; x_wconf 69' lang='grc' dir='ltr'><strong>ι</strong></span> <span class='ocrx_word' id='word_1_489' title='bbox 389 3609 499 3664; x_wconf 84' lang='lat' dir='ltr'><strong>Nec</strong></span> <span class='ocrx_word' id='word_1_490' title='bbox 525 3616 670 3663; x_wconf 90' lang='lat' dir='ltr'><strong>tanta</strong></span> <span class='ocrx_word' id='word_1_491' title='bbox 691 3610 987 3665; x_wconf 73' lang='lat' dir='ltr'><strong>estdomus</strong></span> <span class='ocrx_word' id='word_1_492' title='bbox 1013 3623 1130 3662; x_wconf 87' lang='lat' dir='ltr'><strong>mea</strong></span> <span class='ocrx_word' id='word_1_493' title='bbox 1156 3608 1297 3678; x_wconf 89' lang='lat' dir='ltr'><strong>apud</strong></span> <span class='ocrx_word' id='word_1_494' title='bbox 1319 3607 1506 3673; x_wconf 89' lang='lat' dir='ltr'><strong>Deum,</strong></span> <span class='ocrx_word' id='word_1_495' title='bbox 1537 3615 1596 3661; x_wconf 90' lang='lat' dir='ltr'><strong>ut</strong></span> <span class='ocrx_word' id='word_1_496' title='bbox 1623 3614 1851 3684; x_wconf 82' lang='lat' dir='ltr'><strong>pactum</strong></span> 
     </span>
    </p>
   </div>
   <div class='ocr_carea' id='block_1_69' title="bbox 268 3698 1838 3766">
    <p class='ocr_par' dir='ltr' id='par_1_69' title="bbox 268 3698 1838 3766">
     <span class='ocr_line' id='line_1_69' title="bbox 268 3698 1838 3766; baseline 0.001 -16"><span class='ocrx_word' id='word_1_497' title='bbox 268 3720 287 3750; x_wconf 72' lang='grc' dir='ltr'><strong>ι</strong></span> <span class='ocrx_word' id='word_1_498' title='bbox 323 3708 584 3753; x_wconf 65' lang='lat' dir='ltr'><strong>aeternum</strong></span> <span class='ocrx_word' id='word_1_499' title='bbox 611 3698 773 3754; x_wconf 87' lang='lat' dir='ltr'><strong>iniret</strong></span> <span class='ocrx_word' id='word_1_500' title='bbox 800 3714 1032 3763; x_wconf 89' lang='lat' dir='ltr'><strong>mecum,</strong></span> <span class='ocrx_word' id='word_1_501' title='bbox 1068 3698 1281 3751; x_wconf 84' lang='lat' dir='ltr'><strong>firmum</strong></span> <span class='ocrx_word' id='word_1_502' title='bbox 1312 3698 1368 3751; x_wconf 90' lang='lat' dir='ltr'><strong>in</strong></span> <span class='ocrx_word' id='word_1_503' title='bbox 1396 3698 1648 3751; x_wconf 89' lang='lat' dir='ltr'><strong>omnibus</strong></span> <span class='ocrx_word' id='word_1_504' title='bbox 1676 3707 1838 3766; x_wconf 88' lang='lat' dir='ltr'><strong>atque</strong></span> 
     </span>
    </p>
   </div>
   <div class='ocr_carea' id='block_1_70' title="bbox 267 3787 1839 3853">
    <p class='ocr_par' dir='ltr' id='par_1_70' title="bbox 267 3787 1839 3853">
     <span class='ocr_line' id='line_1_70' title="bbox 267 3787 1839 3853; baseline 0.001 -12"><span class='ocrx_word' id='word_1_505' title='bbox 267 3808 286 3841; x_wconf 75' lang='grc' dir='ltr'><strong>ι</strong></span> <span class='ocrx_word' id='word_1_506' title='bbox 322 3789 608 3851; x_wconf 83' lang='lat' dir='ltr'><strong>munitum.</strong></span> <span class='ocrx_word' id='word_1_507' title='bbox 636 3789 842 3844; x_wconf 87' lang='lat' dir='ltr'><strong>Cuncta</strong></span> <span class='ocrx_word' id='word_1_508' title='bbox 874 3790 1019 3848; x_wconf 82' lang='lat' dir='ltr'><strong>enim</strong></span> <span class='ocrx_word' id='word_1_509' title='bbox 1041 3788 1187 3844; x_wconf 90' lang='lat' dir='ltr'><strong>salus</strong></span> <span class='ocrx_word' id='word_1_510' title='bbox 1210 3803 1351 3853; x_wconf 88' lang='lat' dir='ltr'><strong>mea,</strong></span> <span class='ocrx_word' id='word_1_511' title='bbox 1380 3796 1433 3842; x_wconf 90' lang='lat' dir='ltr'><strong>et</strong></span> <span class='ocrx_word' id='word_1_512' title='bbox 1457 3788 1633 3842; x_wconf 91' lang='lat' dir='ltr'><strong>omnis</strong></span> <span class='ocrx_word' id='word_1_513' title='bbox 1654 3787 1839 3842; x_wconf 85' lang='lat' dir='ltr'><strong>volun-</strong></span> 
     </span>
    </p>
   </div>
   <div class='ocr_carea' id='block_1_71' title="bbox 267 3880 1831 3951">
    <p class='ocr_par' dir='ltr' id='par_1_71' title="bbox 267 3880 1831 3951">
     <span class='ocr_line' id='line_1_71' title="bbox 267 3880 1831 3951; baseline 0.001 -21"><span class='ocrx_word' id='word_1_514' title='bbox 267 3899 285 3930; x_wconf 73' lang='grc' dir='ltr'><strong>ι</strong></span> <span class='ocrx_word' id='word_1_515' title='bbox 325 3891 426 3944; x_wconf 88' lang='lat' dir='ltr'><strong>tas,</strong></span> <span class='ocrx_word' id='word_1_516' title='bbox 456 3896 562 3936; x_wconf 86' lang='lat' dir='ltr'><strong>nec</strong></span> <span class='ocrx_word' id='word_1_517' title='bbox 590 3890 673 3936; x_wconf 88' lang='lat' dir='ltr'><strong>est</strong></span> <span class='ocrx_word' id='word_1_518' title='bbox 694 3882 984 3951; x_wconf 89' lang='lat' dir='ltr'><strong>quidquam</strong></span> <span class='ocrx_word' id='word_1_519' title='bbox 1006 3897 1074 3936; x_wconf 81' lang='lat' dir='ltr'><strong>ex</strong></span> <span class='ocrx_word' id='word_1_520' title='bbox 1099 3896 1160 3935; x_wconf 89' lang='lat' dir='ltr'><strong>ea</strong></span> <span class='ocrx_word' id='word_1_521' title='bbox 1189 3881 1334 3951; x_wconf 92' lang='lat' dir='ltr'><strong>quod</strong></span> <span class='ocrx_word' id='word_1_522' title='bbox 1360 3895 1465 3934; x_wconf 93' lang='lat' dir='ltr'><strong>non</strong></span> <span class='ocrx_word' id='word_1_523' title='bbox 1491 3880 1772 3949; x_wconf 79' lang='lat' dir='ltr'><strong>germinet.</strong></span> <span class='ocrx_word' id='word_1_524' title='bbox 1812 3898 1831 3931; x_wconf 79' lang='grc' dir='ltr'><strong>ι</strong></span> 
     </span>
    </p>
   </div>
   <div class='ocr_carea' id='block_1_72' title="bbox 263 3970 1838 4042">
    <p class='ocr_par' dir='ltr' id='par_1_72' title="bbox 263 3970 1838 4042">
     <span class='ocr_line' id='line_1_72' title="bbox 263 3970 1838 4042; baseline -0.001 -16"><span class='ocrx_word' id='word_1_525' title='bbox 263 3973 401 4027; x_wconf 81' lang='lat' dir='ltr'><strong>Hinc</strong></span> <span class='ocrx_word' id='word_1_526' title='bbox 426 3973 569 4037; x_wconf 85' lang='lat' dir='ltr'><strong>idem</strong></span> <span class='ocrx_word' id='word_1_527' title='bbox 593 3973 860 4042; x_wconf 83' lang='lat' dir='ltr'><strong>Propheta</strong></span> <span class='ocrx_word' id='word_1_528' title='bbox 887 3973 939 4026; x_wconf 85' lang='lat' dir='ltr'><strong>in</strong></span> <span class='ocrx_word' id='word_1_529' title='bbox 976 3972 1199 4042; x_wconf 88' lang='lat' dir='ltr'><strong>psalmis</strong></span> <span class='ocrx_word' id='word_1_530' title='bbox 1229 3971 1390 4039; x_wconf 90' lang='lat' dir='ltr'><strong>dicit,</strong></span> <span class='ocrx_word' id='word_1_531' title='bbox 1416 3970 1555 4039; x_wconf 87' lang='lat' dir='ltr'><strong>quod</strong></span> <span class='ocrx_word' id='word_1_532' title='bbox 1589 3989 1607 4020; x_wconf 76' lang='grc' dir='ltr'>σ</span> <span class='ocrx_word' id='word_1_533' title='bbox 1646 3971 1838 4025; x_wconf 84' lang='lat' dir='ltr'><strong>Beatus</strong></span> 
     </span>
    </p>
   </div>
   <div class='ocr_carea' id='block_1_73' title="bbox 261 4062 1837 4133">
    <p class='ocr_par' dir='ltr' id='par_1_73' title="bbox 261 4062 1837 4133">
     <span class='ocr_line' id='line_1_73' title="bbox 261 4062 1837 4133; baseline -0.001 -16"><span class='ocrx_word' id='word_1_534' title='bbox 261 4064 367 4129; x_wconf 71' lang='lat' dir='ltr'><strong>Vir,</strong></span> <span class='ocrx_word' id='word_1_535' title='bbox 397 4064 487 4133; x_wconf 92' lang='lat' dir='ltr'><strong>qui</strong></span> <span class='ocrx_word' id='word_1_536' title='bbox 516 4064 568 4117; x_wconf 89' lang='lat' dir='ltr'><strong>in</strong></span> <span class='ocrx_word' id='word_1_537' title='bbox 597 4063 715 4133; x_wconf 77' lang='lat' dir='ltr'><strong>lege</strong></span> <span class='ocrx_word' id='word_1_538' title='bbox 743 4064 953 4118; x_wconf 90' lang='lat' dir='ltr'><strong>Domini</strong></span> <span class='ocrx_word' id='word_1_539' title='bbox 993 4064 1283 4118; x_wconf 87' lang='lat' dir='ltr'><strong>meditatur</strong></span> <span class='ocrx_word' id='word_1_540' title='bbox 1310 4064 1395 4117; x_wconf 91' lang='lat' dir='ltr'><strong>die</strong></span> <span class='ocrx_word' id='word_1_541' title='bbox 1435 4079 1498 4117; x_wconf 93' lang='lat' dir='ltr'><strong>ac</strong></span> <span class='ocrx_word' id='word_1_542' title='bbox 1543 4070 1729 4127; x_wconf 87' lang='lat' dir='ltr'><strong>nocte,</strong></span> <span class='ocrx_word' id='word_1_543' title='bbox 1767 4062 1837 4116; x_wconf 87' lang='lat' dir='ltr'><strong>sit</strong></span> 
     </span>
    </p>
   </div>
   <div class='ocr_carea' id='block_1_74' title="bbox 261 4153 1837 4222">
    <p class='ocr_par' dir='ltr' id='par_1_74' title="bbox 261 4153 1837 4222">
     <span class='ocr_line' id='line_1_74' title="bbox 261 4153 1837 4222; baseline 0 -15"><span class='ocrx_word' id='word_1_544' title='bbox 261 4164 519 4222; x_wconf 91' lang='lat' dir='ltr'><strong>tanquam</strong></span> <span class='ocrx_word' id='word_1_545' title='bbox 541 4154 742 4222; x_wconf 88' lang='lat' dir='ltr'><strong>lignum</strong></span> <span class='ocrx_word' id='word_1_546' title='bbox 780 4153 920 4222; x_wconf 92' lang='lat' dir='ltr'><strong>quod</strong></span> <span class='ocrx_word' id='word_1_547' title='bbox 941 4153 1242 4222; x_wconf 88' lang='lat' dir='ltr'><strong>plantatum</strong></span> <span class='ocrx_word' id='word_1_548' title='bbox 1277 4161 1361 4208; x_wconf 90' lang='lat' dir='ltr'><strong>est</strong></span> <span class='ocrx_word' id='word_1_549' title='bbox 1390 4169 1546 4208; x_wconf 88' lang='lat' dir='ltr'><strong>secus</strong></span> <span class='ocrx_word' id='word_1_550' title='bbox 1576 4153 1837 4208; x_wconf 86' lang='lat' dir='ltr'><strong>decursus</strong></span> 
     </span>
    </p>
   </div>
   <div class='ocr_carea' id='block_1_75' title="bbox 261 4242 1833 4314">
    <p class='ocr_par' dir='ltr' id='par_1_75' title="bbox 261 4242 1833 4314">
     <span class='ocr_line' id='line_1_75' title="bbox 261 4242 1833 4314; baseline 0.003 -17"><span class='ocrx_word' id='word_1_551' title='bbox 261 4259 546 4314; x_wconf 83' lang='lat' dir='ltr'><strong>aquarum,</strong></span> <span class='ocrx_word' id='word_1_552' title='bbox 570 4244 713 4314; x_wconf 89' lang='lat' dir='ltr'><strong>quod</strong></span> <span class='ocrx_word' id='word_1_553' title='bbox 739 4242 973 4298; x_wconf 79' lang='lat' dir='ltr'><strong>fructum</strong></span> <span class='ocrx_word' id='word_1_554' title='bbox 1002 4259 1156 4299; x_wconf 88' lang='lat' dir='ltr'><strong>suum</strong></span> <span class='ocrx_word' id='word_1_555' title='bbox 1184 4245 1330 4299; x_wconf 87' lang='lat' dir='ltr'><strong>dabit</strong></span> <span class='ocrx_word' id='word_1_556' title='bbox 1359 4244 1413 4298; x_wconf 90' lang='lat' dir='ltr'><strong>in</strong></span> <span class='ocrx_word' id='word_1_557' title='bbox 1444 4254 1686 4314; x_wconf 86' lang='lat' dir='ltr'><strong>tempore</strong></span> <span class='ocrx_word' id='word_1_558' title='bbox 1714 4261 1833 4310; x_wconf 92' lang='lat' dir='ltr'><strong>suo,</strong></span> 
     </span>
    </p>
   </div>
   <div class='ocr_carea' id='block_1_76' title="bbox 260 4333 1835 4405">
    <p class='ocr_par' dir='ltr' id='par_1_76' title="bbox 260 4333 1835 4405">
     <span class='ocr_line' id='line_1_76' title="bbox 260 4333 1835 4405; baseline 0 -14"><span class='ocrx_word' id='word_1_559' title='bbox 260 4343 318 4391; x_wconf 84' lang='lat' dir='ltr'><strong>et</strong></span> <span class='ocrx_word' id='word_1_560' title='bbox 341 4334 525 4390; x_wconf 89' lang='lat' dir='ltr'><strong>folium</strong></span> <span class='ocrx_word' id='word_1_561' title='bbox 552 4333 670 4405; x_wconf 85' lang='lat' dir='ltr'><strong>ejus</strong></span> <span class='ocrx_word' id='word_1_562' title='bbox 696 4350 802 4389; x_wconf 92' lang='lat' dir='ltr'><strong>non</strong></span> <span class='ocrx_word' id='word_1_563' title='bbox 828 4335 1059 4401; x_wconf 88' lang='lat' dir='ltr'><strong>decidet,</strong></span> <span class='ocrx_word' id='word_1_564' title='bbox 1089 4344 1144 4390; x_wconf 90' lang='lat' dir='ltr'><strong>et</strong></span> <span class='ocrx_word' id='word_1_565' title='bbox 1170 4337 1367 4401; x_wconf 88' lang='lat' dir='ltr'><strong>omnia,</strong></span> <span class='ocrx_word' id='word_1_566' title='bbox 1402 4351 1737 4405; x_wconf 71' lang='lat' dir='ltr'><strong>quazcunqne</strong></span> <span class='ocrx_word' id='word_1_567' title='bbox 1758 4336 1835 4391; x_wconf 86' lang='lat' dir='ltr'><strong>fe-</strong></span> 
     </span>
    </p>
   </div>
   <div class='ocr_carea' id='block_1_77' title="bbox 262 4425 1269 4501">
    <p class='ocr_par' dir='ltr' id='par_1_77' title="bbox 262 4425 1269 4501">
     <span class='ocr_line' id='line_1_77' title="bbox 262 4425 1269 4501; baseline -0.002 -20"><span class='ocrx_word' id='word_1_568' title='bbox 262 4427 416 4492; x_wconf 89' lang='lat' dir='ltr'><strong>cerit,</strong></span> <span class='ocrx_word' id='word_1_569' title='bbox 448 4427 906 4501; x_wconf 86' lang='lat' dir='ltr'><strong>prosperabuntur</strong></span> <span class='ocrx_word' id='word_1_570' title='bbox 931 4426 1102 4499; x_wconf 76' lang='lat' dir='ltr'><strong>(Psal.</strong></span> <span class='ocrx_word' id='word_1_571' title='bbox 1142 4425 1204 4498; x_wconf 88' lang='grc' dir='ltr'><strong>ι).</strong></span> <span class='ocrx_word' id='word_1_572' title='bbox 1249 4447 1269 4479; x_wconf 78' lang='grc' dir='ltr'><strong>ι</strong></span> 
     </span>
    </p>
   </div>
   <div class='ocr_carea' id='block_1_78' title="bbox 338 4519 1835 4587">
    <p class='ocr_par' dir='ltr' id='par_1_78' title="bbox 338 4519 1835 4587">
     <span class='ocr_line' id='line_1_78' title="bbox 338 4519 1835 4587; baseline 0.002 -15"><span class='ocrx_word' id='word_1_573' title='bbox 338 4539 356 4572; x_wconf 74' lang='grc' dir='ltr'><strong>ι</strong></span> <span class='ocrx_word' id='word_1_574' title='bbox 386 4519 838 4576; x_wconf 70' lang='lat' dir='ltr'><strong>Prtevaricatores</strong></span> <span class='ocrx_word' id='word_1_575' title='bbox 881 4528 1093 4580; x_wconf 87' lang='lat' dir='ltr'><strong>autem,</strong></span> <span class='ocrx_word' id='word_1_576' title='bbox 1126 4519 1277 4587; x_wconf 90' lang='lat' dir='ltr'><strong>quasi</strong></span> <span class='ocrx_word' id='word_1_577' title='bbox 1325 4519 1511 4587; x_wconf 62' lang='lat' dir='ltr'><strong>spinae,</strong></span> <span class='ocrx_word' id='word_1_578' title='bbox 1540 4520 1835 4577; x_wconf 83' lang='lat' dir='ltr'><strong>evellentur</strong></span> 
     </span>
    </p>
   </div>
   <div class='ocr_carea' id='block_1_79' title="bbox 270 4611 1838 4681">
    <p class='ocr_par' dir='ltr' id='par_1_79' title="bbox 270 4611 1838 4681">
     <span class='ocr_line' id='line_1_79' title="bbox 270 4611 1838 4681; baseline 0.003 -18"><span class='ocrx_word' id='word_1_579' title='bbox 270 4630 289 4663; x_wconf 77' lang='grc' dir='ltr'><strong>ι</strong></span> <span class='ocrx_word' id='word_1_580' title='bbox 322 4612 595 4679; x_wconf 80' lang='lat' dir='ltr'><strong>universi:</strong></span> <span class='ocrx_word' id='word_1_581' title='bbox 629 4629 747 4681; x_wconf 63' lang='lat' dir='ltr'><strong>qua:</strong></span> <span class='ocrx_word' id='word_1_582' title='bbox 772 4628 875 4666; x_wconf 82' lang='lat' dir='ltr'><strong>non</strong></span> <span class='ocrx_word' id='word_1_583' title='bbox 914 4613 1172 4667; x_wconf 88' lang='lat' dir='ltr'><strong>tolluntur</strong></span> <span class='ocrx_word' id='word_1_584' title='bbox 1201 4611 1477 4679; x_wconf 90' lang='lat' dir='ltr'><strong>manibus,</strong></span> <span class='ocrx_word' id='word_1_585' title='bbox 1523 4623 1579 4667; x_wconf 93' lang='lat' dir='ltr'><strong>et</strong></span> <span class='ocrx_word' id='word_1_586' title='bbox 1625 4614 1670 4667; x_wconf 90' lang='lat' dir='ltr'><strong>si</strong></span> <span class='ocrx_word' id='word_1_587' title='bbox 1717 4614 1838 4681; x_wconf 87' lang='lat' dir='ltr'><strong>quis</strong></span> 
     </span>
    </p>
   </div>
   <div class='ocr_carea' id='block_1_80' title="bbox 270 4703 1839 4774">
    <p class='ocr_par' dir='ltr' id='par_1_80' title="bbox 270 4703 1839 4774">
     <span class='ocr_line' id='line_1_80' title="bbox 270 4703 1839 4774; baseline 0.002 -20"><span class='ocrx_word' id='word_1_588' title='bbox 270 4722 289 4754; x_wconf 73' lang='grc' dir='ltr'><strong>ι</strong></span> <span class='ocrx_word' id='word_1_589' title='bbox 326 4711 543 4774; x_wconf 79' lang='lat' dir='ltr'><strong>tangere</strong></span> <span class='ocrx_word' id='word_1_590' title='bbox 577 4703 810 4765; x_wconf 77' lang='lat' dir='ltr'><strong>voluerit</strong></span> <span class='ocrx_word' id='word_1_591' title='bbox 831 4718 942 4766; x_wconf 88' lang='lat' dir='ltr'><strong>eas,</strong></span> <span class='ocrx_word' id='word_1_592' title='bbox 975 4704 1274 4762; x_wconf 86' lang='lat' dir='ltr'><strong>armabitur</strong></span> <span class='ocrx_word' id='word_1_593' title='bbox 1303 4703 1447 4759; x_wconf 91' lang='lat' dir='ltr'><strong>ferro</strong></span> <span class='ocrx_word' id='word_1_594' title='bbox 1474 4714 1529 4759; x_wconf 88' lang='lat' dir='ltr'><strong>et</strong></span> <span class='ocrx_word' id='word_1_595' title='bbox 1556 4704 1699 4774; x_wconf 89' lang='lat' dir='ltr'><strong>ligno</strong></span> <span class='ocrx_word' id='word_1_596' title='bbox 1723 4704 1839 4757; x_wconf 90' lang='lat' dir='ltr'><strong>lan-</strong></span> 
     </span>
    </p>
   </div>
   <div class='ocr_carea' id='block_1_81' title="bbox 271 4792 1839 4863">
    <p class='ocr_par' dir='ltr' id='par_1_81' title="bbox 271 4792 1839 4863">
     <span class='ocr_line' id='line_1_81' title="bbox 271 4792 1839 4863; baseline 0.004 -21"><span class='ocrx_word' id='word_1_597' title='bbox 271 4809 292 4842; x_wconf 73' lang='grc'><strong>(</strong></span> <span class='ocrx_word' id='word_1_598' title='bbox 325 4802 499 4855; x_wconf 89' lang='lat' dir='ltr'><strong>ceato,</strong></span> <span class='ocrx_word' id='word_1_599' title='bbox 544 4792 772 4863; x_wconf 89' lang='lat' dir='ltr'><strong>igneque</strong></span> <span class='ocrx_word' id='word_1_600' title='bbox 813 4807 1086 4848; x_wconf 67' lang='lat' dir='ltr'><strong>succensa:</strong></span> <span class='ocrx_word' id='word_1_601' title='bbox 1129 4794 1514 4849; x_wconf 88' lang='lat' dir='ltr'><strong>comburentur</strong></span> <span class='ocrx_word' id='word_1_602' title='bbox 1557 4810 1728 4863; x_wconf 87' lang='lat' dir='ltr'><strong>usque</strong></span> <span class='ocrx_word' id='word_1_603' title='bbox 1771 4794 1839 4849; x_wconf 91' lang='lat' dir='ltr'><strong>ad</strong></span> 
     </span>
    </p>
   </div>
   <div class='ocr_carea' id='block_1_82' title="bbox 269 4883 1832 4956">
    <p class='ocr_par' dir='ltr' id='par_1_82' title="bbox 269 4883 1832 4956">
     <span class='ocr_line' id='line_1_82' title="bbox 269 4883 1832 4956; baseline 0.001 -19"><span class='ocrx_word' id='word_1_604' title='bbox 269 4905 288 4937; x_wconf 85' lang='grc'><em>‹</em></span> <span class='ocrx_word' id='word_1_605' title='bbox 321 4885 544 4939; x_wconf 86' lang='lat' dir='ltr'><strong>nihilum</strong></span> <span class='ocrx_word' id='word_1_606' title='bbox 570 4926 585 4952; x_wconf 93' lang='lat'><strong>,</strong></span> <span class='ocrx_word' id='word_1_607' title='bbox 621 4893 725 4940; x_wconf 90' lang='lat' dir='ltr'><strong>etc.</strong></span> <span class='ocrx_word' id='word_1_608' title='bbox 771 4905 791 4937; x_wconf 75' lang='grc' dir='ltr'><strong>ι</strong></span> <span class='ocrx_word' id='word_1_609' title='bbox 821 4883 957 4941; x_wconf 89' lang='lat' dir='ltr'><strong>IIinc</strong></span> <span class='ocrx_word' id='word_1_610' title='bbox 992 4884 1043 4938; x_wconf 92' lang='lat' dir='ltr'><strong>in</strong></span> <span class='ocrx_word' id='word_1_611' title='bbox 1070 4884 1360 4956; x_wconf 87' lang='lat' dir='ltr'><strong>Evangelio</strong></span> <span class='ocrx_word' id='word_1_612' title='bbox 1403 4887 1664 4955; x_wconf 89' lang='lat' dir='ltr'><strong>scriptum</strong></span> <span class='ocrx_word' id='word_1_613' title='bbox 1708 4893 1832 4939; x_wconf 90' lang='lat' dir='ltr'><strong>est:</strong></span> 
     </span>
    </p>
   </div>
   <div class='ocr_carea' id='block_1_83' title="bbox 270 4973 1835 5046">
    <p class='ocr_par' dir='ltr' id='par_1_83' title="bbox 270 4973 1835 5046">
     <span class='ocr_line' id='line_1_83' title="bbox 270 4973 1835 5046; baseline 0.002 -22"><span class='ocrx_word' id='word_1_614' title='bbox 270 4994 287 5024; x_wconf 79' lang='grc' dir='ltr'><strong>ι</strong></span> <span class='ocrx_word' id='word_1_615' title='bbox 326 4974 512 5030; x_wconf 91' lang='lat' dir='ltr'><strong>Omnis</strong></span> <span class='ocrx_word' id='word_1_616' title='bbox 542 4976 725 5041; x_wconf 91' lang='lat' dir='ltr'><strong>arbor,</strong></span> <span class='ocrx_word' id='word_1_617' title='bbox 749 4989 868 5046; x_wconf 62' lang='lat' dir='ltr'><strong>quae</strong></span> <span class='ocrx_word' id='word_1_618' title='bbox 892 4989 997 5028; x_wconf 90' lang='lat' dir='ltr'><strong>non</strong></span> <span class='ocrx_word' id='word_1_619' title='bbox 1033 4973 1160 5030; x_wconf 87' lang='lat' dir='ltr'><strong>facit</strong></span> <span class='ocrx_word' id='word_1_620' title='bbox 1189 4974 1420 5029; x_wconf 84' lang='lat' dir='ltr'><strong>fructum</strong></span> <span class='ocrx_word' id='word_1_621' title='bbox 1446 4976 1668 5041; x_wconf 89' lang='lat' dir='ltr'><strong>bonum,</strong></span> <span class='ocrx_word' id='word_1_622' title='bbox 1693 4975 1835 5030; x_wconf 86' lang='lat' dir='ltr'><strong>cxci-</strong></span> 
     </span>
    </p>
   </div>
   <div class='ocr_carea' id='block_1_84' title="bbox 264 5064 1838 5136">
    <p class='ocr_par' dir='ltr' id='par_1_84' title="bbox 264 5064 1838 5136">
     <span class='ocr_line' id='line_1_84' title="bbox 264 5064 1838 5136; baseline -0.004 -15"><span class='ocrx_word' id='word_1_623' title='bbox 264 5070 421 5122; x_wconf 83' lang='lat' dir='ltr'><strong>detur</strong></span> <span class='ocrx_word' id='word_1_624' title='bbox 448 5074 499 5119; x_wconf 90' lang='lat' dir='ltr'><strong>et</strong></span> <span class='ocrx_word' id='word_1_625' title='bbox 536 5065 588 5119; x_wconf 89' lang='lat' dir='ltr'><strong>in</strong></span> <span class='ocrx_word' id='word_1_626' title='bbox 630 5066 811 5135; x_wconf 88' lang='lat' dir='ltr'><strong>ignem</strong></span> <span class='ocrx_word' id='word_1_627' title='bbox 847 5066 1093 5120; x_wconf 87' lang='lat' dir='ltr'><strong>mittetur</strong></span> <span class='ocrx_word' id='word_1_628' title='bbox 1136 5064 1359 5136; x_wconf 74' lang='lat' dir='ltr'><strong>(Matt-It.</strong></span> <span class='ocrx_word' id='word_1_629' title='bbox 1399 5079 1499 5128; x_wconf 87' lang='grc' dir='ltr'>ιιι,</span> <span class='ocrx_word' id='word_1_630' title='bbox 1530 5065 1661 5134; x_wconf 65' lang='lat' dir='ltr'><strong>vn):</strong></span> <span class='ocrx_word' id='word_1_631' title='bbox 1708 5085 1726 5116; x_wconf 76' lang='grc' dir='ltr'><strong>ι</strong></span> <span class='ocrx_word' id='word_1_632' title='bbox 1770 5064 1838 5116; x_wconf 84' lang='grc' dir='ltr'>Ει</span> 
     </span>
    </p>
   </div>
   <div class='ocr_carea' id='block_1_85' title="bbox 264 5148 1839 5226">
    <p class='ocr_par' dir='ltr' id='par_1_85' title="bbox 264 5148 1839 5226">
     <span class='ocr_line' id='line_1_85' title="bbox 264 5148 1839 5226; baseline -0.003 -14"><span class='ocrx_word' id='word_1_633' title='bbox 264 5159 431 5212; x_wconf 87' lang='lat' dir='ltr'><strong>item:</strong></span> <span class='ocrx_word' id='word_1_634' title='bbox 480 5176 498 5210; x_wconf 77' lang='grc' dir='ltr'><strong>ι</strong></span> <span class='ocrx_word' id='word_1_635' title='bbox 535 5156 702 5211; x_wconf 77' lang='lat' dir='ltr'><strong>Filius</strong></span> <span class='ocrx_word' id='word_1_636' title='bbox 746 5157 1015 5222; x_wconf 89' lang='lat' dir='ltr'><strong>hominis,</strong></span> <span class='ocrx_word' id='word_1_637' title='bbox 1059 5148 1254 5226; x_wconf 87' lang='lat' dir='ltr'><strong>inquit,</strong></span> <span class='ocrx_word' id='word_1_638' title='bbox 1293 5156 1467 5212; x_wconf 80' lang='lat' dir='ltr'><strong>mittet</strong></span> <span class='ocrx_word' id='word_1_639' title='bbox 1497 5154 1752 5224; x_wconf 84' lang='lat' dir='ltr'><strong>angelos,</strong></span> <span class='ocrx_word' id='word_1_640' title='bbox 1783 5162 1839 5208; x_wconf 89' lang='lat' dir='ltr'><strong>ct</strong></span> 
     </span>
    </p>
   </div>
   <div class='ocr_carea' id='block_1_86' title="bbox 264 5243 1834 5317">
    <p class='ocr_par' dir='ltr' id='par_1_86' title="bbox 264 5243 1834 5317">
     <span class='ocr_line' id='line_1_86' title="bbox 264 5243 1834 5317; baseline -0.003 -16"><span class='ocrx_word' id='word_1_641' title='bbox 264 5247 515 5317; x_wconf 84' lang='lat' dir='ltr'><strong>colligent</strong></span> <span class='ocrx_word' id='word_1_642' title='bbox 554 5248 618 5301; x_wconf 93' lang='lat' dir='ltr'><strong>de</strong></span> <span class='ocrx_word' id='word_1_643' title='bbox 657 5261 823 5316; x_wconf 88' lang='lat' dir='ltr'><strong>regno</strong></span> <span class='ocrx_word' id='word_1_644' title='bbox 849 5245 966 5315; x_wconf 89' lang='lat' dir='ltr'><strong>ejus</strong></span> <span class='ocrx_word' id='word_1_645' title='bbox 990 5246 1168 5301; x_wconf 88' lang='lat' dir='ltr'><strong>omnia</strong></span> <span class='ocrx_word' id='word_1_646' title='bbox 1204 5244 1489 5307; x_wconf 86' lang='lat' dir='ltr'><strong>scandala,</strong></span> <span class='ocrx_word' id='word_1_647' title='bbox 1522 5253 1577 5306; x_wconf 80' lang='lat' dir='ltr'><strong>et</strong></span> <span class='ocrx_word' id='word_1_648' title='bbox 1607 5259 1701 5297; x_wconf 91' lang='lat' dir='ltr'><strong>eos</strong></span> <span class='ocrx_word' id='word_1_649' title='bbox 1744 5243 1834 5312; x_wconf 90' lang='lat' dir='ltr'><strong>qui</strong></span> 
     </span>
    </p>
   </div>
   <div class='ocr_carea' id='block_1_87' title="bbox 264 5331 1833 5405">
    <p class='ocr_par' dir='ltr' id='par_1_87' title="bbox 264 5331 1833 5405">
     <span class='ocr_line' id='line_1_87' title="bbox 264 5331 1833 5405; baseline -0.004 -14"><span class='ocrx_word' id='word_1_650' title='bbox 264 5338 468 5391; x_wconf 82' lang='lat' dir='ltr'><strong>faciunt</strong></span> <span class='ocrx_word' id='word_1_651' title='bbox 490 5334 850 5405; x_wconf 81' lang='lat' dir='ltr'><strong>iniquitatem,</strong></span> <span class='ocrx_word' id='word_1_652' title='bbox 878 5343 933 5388; x_wconf 90' lang='lat' dir='ltr'><strong>et</strong></span> <span class='ocrx_word' id='word_1_653' title='bbox 957 5334 1172 5389; x_wconf 86' lang='lat' dir='ltr'><strong>mittent</strong></span> <span class='ocrx_word' id='word_1_654' title='bbox 1195 5349 1286 5387; x_wconf 92' lang='lat' dir='ltr'><strong>eos</strong></span> <span class='ocrx_word' id='word_1_655' title='bbox 1310 5333 1363 5386; x_wconf 87' lang='lat' dir='ltr'><strong>in</strong></span> <span class='ocrx_word' id='word_1_656' title='bbox 1386 5333 1654 5386; x_wconf 86' lang='lat' dir='ltr'><strong>caminum</strong></span> <span class='ocrx_word' id='word_1_657' title='bbox 1678 5331 1833 5401; x_wconf 87' lang='lat' dir='ltr'><strong>ignis,</strong></span> 
     </span>
    </p>
   </div>
   <div class='ocr_carea' id='block_1_88' title="bbox 262 5420 1840 5493">
    <p class='ocr_par' dir='ltr' id='par_1_88' title="bbox 262 5420 1840 5493">
     <span class='ocr_line' id='line_1_88' title="bbox 262 5420 1840 5493; baseline -0.005 -12"><span class='ocrx_word' id='word_1_658' title='bbox 262 5428 337 5482; x_wconf 88' lang='lat' dir='ltr'><strong>ibi</strong></span> <span class='ocrx_word' id='word_1_659' title='bbox 365 5427 469 5482; x_wconf 86' lang='lat' dir='ltr'><strong>erit</strong></span> <span class='ocrx_word' id='word_1_660' title='bbox 496 5425 654 5481; x_wconf 80' lang='lat' dir='ltr'><strong>fletus</strong></span> <span class='ocrx_word' id='word_1_661' title='bbox 686 5433 740 5479; x_wconf 90' lang='lat' dir='ltr'><strong>et</strong></span> <span class='ocrx_word' id='word_1_662' title='bbox 769 5425 974 5479; x_wconf 90' lang='lat' dir='ltr'><strong>stridor</strong></span> <span class='ocrx_word' id='word_1_663' title='bbox 1009 5425 1243 5479; x_wconf 86' lang='lat' dir='ltr'><strong>dentium</strong></span> <span class='ocrx_word' id='word_1_664' title='bbox 1274 5422 1489 5493; x_wconf 80' lang='lat' dir='ltr'><strong>(Matth.</strong></span> <span class='ocrx_word' id='word_1_665' title='bbox 1522 5421 1661 5486; x_wconf 76' lang='lat' dir='ltr'><strong>xui).</strong></span> <span class='ocrx_word' id='word_1_666' title='bbox 1696 5441 1714 5472; x_wconf 77' lang='grc' dir='ltr'><strong>ι</strong></span> <span class='ocrx_word' id='word_1_667' title='bbox 1748 5420 1840 5474; x_wconf 88' lang='lat' dir='ltr'><strong>Ille</strong></span> 
     </span>
    </p>
   </div>
   <div class='ocr_carea' id='block_1_89' title="bbox 266 5510 1840 5586">
    <p class='ocr_par' dir='ltr' id='par_1_89' title="bbox 266 5510 1840 5586">
     <span class='ocr_line' id='line_1_89' title="bbox 266 5510 1840 5586; baseline -0.002 -19"><span class='ocrx_word' id='word_1_668' title='bbox 266 5520 498 5582; x_wconf 56' lang='lat' dir='ltr'><strong>scilicet,</strong></span> <span class='ocrx_word' id='word_1_669' title='bbox 530 5517 684 5586; x_wconf 86' lang='lat' dir='ltr'><strong>quasi</strong></span> <span class='ocrx_word' id='word_1_670' title='bbox 719 5523 943 5586; x_wconf 86' lang='lat' dir='ltr'><strong>tangens</strong></span> <span class='ocrx_word' id='word_1_671' title='bbox 977 5516 1179 5583; x_wconf 91' lang='lat' dir='ltr'><strong>spinas,</strong></span> <span class='ocrx_word' id='word_1_672' title='bbox 1217 5533 1234 5562; x_wconf 75' lang='grc' dir='ltr'><strong>ι</strong></span> <span class='ocrx_word' id='word_1_673' title='bbox 1276 5513 1576 5566; x_wconf 84' lang='lat' dir='ltr'><strong>armabitur</strong></span> <span class='ocrx_word' id='word_1_674' title='bbox 1613 5510 1756 5564; x_wconf 92' lang='lat' dir='ltr'><strong>ferro</strong></span> <span class='ocrx_word' id='word_1_675' title='bbox 1787 5520 1840 5565; x_wconf 87' lang='lat' dir='ltr'><strong>et</strong></span> 
     </span>
    </p>
   </div>
   <div class='ocr_carea' id='block_1_90' title="bbox 266 5602 1838 5683">
    <p class='ocr_par' dir='ltr' id='par_1_90' title="bbox 266 5602 1838 5683">
     <span class='ocr_line' id='line_1_90' title="bbox 266 5602 1838 5683; baseline -0.006 -16"><span class='ocrx_word' id='word_1_676' title='bbox 266 5614 439 5683; x_wconf 80' lang='lat' dir='ltr'><strong>ligneo</strong></span> <span class='ocrx_word' id='word_1_677' title='bbox 470 5612 736 5673; x_wconf 85' lang='lat' dir='ltr'><strong>lanceato,</strong></span> <span class='ocrx_word' id='word_1_678' title='bbox 769 5627 787 5660; x_wconf 81' lang='grc' dir='ltr'><strong>ι</strong></span> <span class='ocrx_word' id='word_1_679' title='bbox 819 5607 910 5662; x_wconf 86' lang='lat' dir='ltr'><strong>uui</strong></span> <span class='ocrx_word' id='word_1_680' title='bbox 938 5606 1342 5661; x_wconf 68' lang='lat' dir='ltr'><strong>communicaris</strong></span> <span class='ocrx_word' id='word_1_681' title='bbox 1382 5603 1619 5673; x_wconf 83' lang='lat' dir='ltr'><strong>peccatis</strong></span> <span class='ocrx_word' id='word_1_682' title='bbox 1649 5602 1838 5657; x_wconf 85' lang='lat' dir='ltr'><strong>alienis</strong></span> 
     </span>
    </p>
   </div>
   <div class='ocr_carea' id='block_1_91' title="bbox 269 5694 1839 5777">
    <p class='ocr_par' dir='ltr' id='par_1_91' title="bbox 269 5694 1839 5777">
     <span class='ocr_line' id='line_1_91' title="bbox 269 5694 1839 5777; baseline -0.005 -20"><span class='ocrx_word' id='word_1_683' title='bbox 269 5715 485 5777; x_wconf 81' lang='lat' dir='ltr'><strong>propter</strong></span> <span class='ocrx_word' id='word_1_684' title='bbox 509 5706 684 5763; x_wconf 76' lang='lat' dir='ltr'><strong>cordis</strong></span> <span class='ocrx_word' id='word_1_685' title='bbox 709 5700 790 5761; x_wconf 72' lang='lat' dir='ltr'><strong>Sili</strong></span> <span class='ocrx_word' id='word_1_686' title='bbox 816 5699 1067 5757; x_wconf 81' lang='lat' dir='ltr'><strong>duritiam</strong></span> <span class='ocrx_word' id='word_1_687' title='bbox 1094 5696 1433 5769; x_wconf 71' lang='lat' dir='ltr'><strong>iniquitatem</strong></span> <span class='ocrx_word' id='word_1_688' title='bbox 1462 5694 1695 5764; x_wconf 82' lang='lat' dir='ltr'><strong>pondere</strong></span> <span class='ocrx_word' id='word_1_689' title='bbox 1716 5710 1839 5763; x_wconf 61' lang='lat' dir='ltr'><strong>pre-</strong></span> 
     </span>
    </p>
   </div>
   <div class='ocr_carea' id='block_1_92' title="bbox 1861 4469 1913 4528">
    <p class='ocr_par' dir='ltr' id='par_1_92' title="bbox 1861 4469 1913 4528">
     <span class='ocr_line' id='line_1_92' title="bbox 1861 4469 1913 4528; baseline 0 0"><span class='ocrx_word' id='word_1_690' title='bbox 1861 4469 1913 4528; x_wconf 93' lang='lat' dir='ltr'><strong>D</strong></span> 
     </span>
    </p>
   </div>
   <div class='ocr_carea' id='block_1_93' title="bbox 1943 3248 3517 3321">
    <p class='ocr_par' dir='ltr' id='par_1_93' title="bbox 1943 3248 3517 3321">
     <span class='ocr_line' id='line_1_93' title="bbox 1943 3248 3517 3321; baseline -0.006 -11"><span class='ocrx_word' id='word_1_691' title='bbox 1943 3264 2139 3321; x_wconf 89' lang='lat' dir='ltr'><strong>tatem,</strong></span> <span class='ocrx_word' id='word_1_692' title='bbox 2174 3255 2227 3308; x_wconf 90' lang='lat' dir='ltr'><strong>in</strong></span> <span class='ocrx_word' id='word_1_693' title='bbox 2270 3253 2645 3310; x_wconf 89' lang='lat' dir='ltr'><strong>interfectione</strong></span> <span class='ocrx_word' id='word_1_694' title='bbox 2684 3252 3115 3318; x_wconf 83' lang='lat' dir='ltr'><strong>octingentorum</strong></span> <span class='ocrx_word' id='word_1_695' title='bbox 3148 3248 3517 3304; x_wconf 84' lang='lat' dir='ltr'><strong>fortitudinem</strong></span> 
     </span>
    </p>
   </div>
   <div class='ocr_carea' id='block_1_94' title="bbox 1940 3344 2405 3415">
    <p class='ocr_par' dir='ltr' id='par_1_94' title="bbox 1940 3344 2405 3415">
     <span class='ocr_line' id='line_1_94' title="bbox 1940 3344 2405 3415; baseline -0.013 -15"><span class='ocrx_word' id='word_1_696' title='bbox 1940 3344 2061 3415; x_wconf 88' lang='lat' dir='ltr'><strong>ejus</strong></span> <span class='ocrx_word' id='word_1_697' title='bbox 2091 3344 2405 3398; x_wconf 81' lang='lat' dir='ltr'><strong>maximam.</strong></span> 
     </span>
    </p>
   </div>
   <div class='ocr_carea' id='block_1_95' title="bbox 2019 3426 3519 3500">
    <p class='ocr_par' dir='ltr' id='par_1_95' title="bbox 2019 3426 3519 3500">
     <span class='ocr_line' id='line_1_95' title="bbox 2019 3426 3519 3500; baseline -0.001 -16"><span class='ocrx_word' id='word_1_698' title='bbox 2019 3450 2037 3484; x_wconf 78' lang='grc' dir='ltr'><strong>ι</strong></span> <span class='ocrx_word' id='word_1_699' title='bbox 2072 3430 2202 3486; x_wconf 89' lang='lat' dir='ltr'><strong>Post</strong></span> <span class='ocrx_word' id='word_1_700' title='bbox 2240 3432 2385 3485; x_wconf 89' lang='lat' dir='ltr'><strong>hunc</strong></span> <span class='ocrx_word' id='word_1_701' title='bbox 2426 3430 2655 3485; x_wconf 82' lang='lat' dir='ltr'><strong>Eleazar</strong></span> <span class='ocrx_word' id='word_1_702' title='bbox 2683 3429 2825 3484; x_wconf 91' lang='lat' dir='ltr'><strong>ﬁlius</strong></span> <span class='ocrx_word' id='word_1_703' title='bbox 2846 3428 3024 3500; x_wconf 87' lang='lat' dir='ltr'><strong>patrui</strong></span> <span class='ocrx_word' id='word_1_704' title='bbox 3072 3426 3190 3496; x_wconf 87' lang='lat' dir='ltr'><strong>ejus</strong></span> <span class='ocrx_word' id='word_1_705' title='bbox 3231 3427 3519 3483; x_wconf 81' lang='lat' dir='ltr'><strong>Ahotbites</strong></span> 
     </span>
    </p>
   </div>
   <div class='ocr_carea' id='block_1_96' title="bbox 1948 3521 3520 3591">
    <p class='ocr_par' dir='ltr' id='par_1_96' title="bbox 1948 3521 3520 3591">
     <span class='ocr_line' id='line_1_96' title="bbox 1948 3521 3520 3591; baseline 0.001 -17"><span class='ocrx_word' id='word_1_706' title='bbox 1948 3540 1966 3574; x_wconf 79' lang='grc' dir='ltr'><strong>ι</strong></span> <span class='ocrx_word' id='word_1_707' title='bbox 2004 3523 2145 3577; x_wconf 90' lang='lat' dir='ltr'><strong>inter</strong></span> <span class='ocrx_word' id='word_1_708' title='bbox 2173 3530 2283 3576; x_wconf 84' lang='lat' dir='ltr'><strong>tres</strong></span> <span class='ocrx_word' id='word_1_709' title='bbox 2308 3521 2476 3576; x_wconf 87' lang='lat' dir='ltr'><strong>fortes</strong></span> <span class='ocrx_word' id='word_1_710' title='bbox 2497 3522 2589 3591; x_wconf 90' lang='lat' dir='ltr'><strong>qui</strong></span> <span class='ocrx_word' id='word_1_711' title='bbox 2617 3530 2916 3576; x_wconf 87' lang='lat' dir='ltr'><strong>erantcum</strong></span> <span class='ocrx_word' id='word_1_712' title='bbox 2945 3521 3136 3584; x_wconf 82' lang='lat' dir='ltr'><strong>David,</strong></span> <span class='ocrx_word' id='word_1_713' title='bbox 3172 3521 3386 3589; x_wconf 88' lang='lat' dir='ltr'><strong>quando</strong></span> <span class='ocrx_word' id='word_1_714' title='bbox 3423 3535 3520 3575; x_wconf 81' lang='lat' dir='ltr'><strong>ex-</strong></span> 
     </span>
    </p>
   </div>
   <div class='ocr_carea' id='block_1_97' title="bbox 1946 3610 3518 3682">
    <p class='ocr_par' dir='ltr' id='par_1_97' title="bbox 1946 3610 3518 3682">
     <span class='ocr_line' id='line_1_97' title="bbox 1946 3610 3518 3682; baseline 0 -17"><span class='ocrx_word' id='word_1_715' title='bbox 1946 3632 1965 3665; x_wconf 79' lang='grc' dir='ltr'><strong>ι</strong></span> <span class='ocrx_word' id='word_1_716' title='bbox 2002 3614 2393 3682; x_wconf 89' lang='lat' dir='ltr'><strong>probraverunt</strong></span> <span class='ocrx_word' id='word_1_717' title='bbox 2413 3611 2756 3673; x_wconf 87' lang='lat' dir='ltr'><strong>Philisthiim,</strong></span> <span class='ocrx_word' id='word_1_718' title='bbox 2776 3620 2832 3665; x_wconf 88' lang='lat' dir='ltr'><strong>et</strong></span> <span class='ocrx_word' id='word_1_719' title='bbox 2856 3611 3164 3681; x_wconf 84' lang='lat' dir='ltr'><strong>congregati</strong></span> <span class='ocrx_word' id='word_1_720' title='bbox 3181 3620 3305 3665; x_wconf 91' lang='lat' dir='ltr'><strong>sunt</strong></span> <span class='ocrx_word' id='word_1_721' title='bbox 3318 3610 3444 3665; x_wconf 90' lang='lat' dir='ltr'><strong>illuc</strong></span> <span class='ocrx_word' id='word_1_722' title='bbox 3462 3610 3518 3665; x_wconf 89' lang='lat' dir='ltr'><strong>in</strong></span> 
     </span>
    </p>
   </div>
   <div class='ocr_carea' id='block_1_98' title="bbox 1946 3698 3519 3771">
    <p class='ocr_par' dir='ltr' id='par_1_98' title="bbox 1946 3698 3519 3771">
     <span class='ocr_line' id='line_1_98' title="bbox 1946 3698 3519 3771; baseline -0.001 -17"><span class='ocrx_word' id='word_1_723' title='bbox 1946 3721 1964 3754; x_wconf 72' lang='grc' dir='ltr'><strong>ι</strong></span> <span class='ocrx_word' id='word_1_724' title='bbox 1998 3701 2261 3771; x_wconf 72' lang='lat' dir='ltr'><strong>pnelium.</strong></span> <span class='ocrx_word' id='word_1_725' title='bbox 2286 3702 2525 3770; x_wconf 89' lang='lat' dir='ltr'><strong>Cumque</strong></span> <span class='ocrx_word' id='word_1_726' title='bbox 2547 3701 2915 3755; x_wconf 89' lang='lat' dir='ltr'><strong>ascendissent</strong></span> <span class='ocrx_word' id='word_1_727' title='bbox 2938 3700 3040 3754; x_wconf 88' lang='lat' dir='ltr'><strong>viri</strong></span> <span class='ocrx_word' id='word_1_728' title='bbox 3064 3698 3247 3763; x_wconf 87' lang='lat' dir='ltr'><strong>Israel,</strong></span> <span class='ocrx_word' id='word_1_729' title='bbox 3264 3700 3383 3769; x_wconf 84' lang='lat' dir='ltr'><strong>ipse</strong></span> <span class='ocrx_word' id='word_1_730' title='bbox 3409 3708 3519 3752; x_wconf 91' lang='lat' dir='ltr'><strong>ste-</strong></span> 
     </span>
    </p>
   </div>
   <div class='ocr_carea' id='block_1_99' title="bbox 1946 3787 3515 3860">
    <p class='ocr_par' dir='ltr' id='par_1_99' title="bbox 1946 3787 3515 3860">
     <span class='ocr_line' id='line_1_99' title="bbox 1946 3787 3515 3860; baseline -0.001 -17"><span class='ocrx_word' id='word_1_731' title='bbox 1946 3811 1964 3843; x_wconf 76' lang='grc' dir='ltr'><strong>ι</strong></span> <span class='ocrx_word' id='word_1_732' title='bbox 2004 3792 2070 3846; x_wconf 89' lang='lat' dir='ltr'><strong>tit</strong></span> <span class='ocrx_word' id='word_1_733' title='bbox 2113 3802 2167 3846; x_wconf 87' lang='lat' dir='ltr'><strong>et</strong></span> <span class='ocrx_word' id='word_1_734' title='bbox 2193 3790 2462 3860; x_wconf 89' lang='lat' dir='ltr'><strong>percussit</strong></span> <span class='ocrx_word' id='word_1_735' title='bbox 2497 3789 2817 3853; x_wconf 81' lang='lat' dir='ltr'><strong>Philistaeos,</strong></span> <span class='ocrx_word' id='word_1_736' title='bbox 2848 3789 3018 3843; x_wconf 90' lang='lat' dir='ltr'><strong>donec</strong></span> <span class='ocrx_word' id='word_1_737' title='bbox 3041 3787 3302 3843; x_wconf 84' lang='lat' dir='ltr'><strong>deﬁceret</strong></span> <span class='ocrx_word' id='word_1_738' title='bbox 3322 3802 3515 3841; x_wconf 88' lang='lat' dir='ltr'><strong>manus</strong></span> 
     </span>
    </p>
   </div>
   <div class='ocr_carea' id='block_1_100' title="bbox 1945 3879 3516 3952">
    <p class='ocr_par' dir='ltr' id='par_1_100' title="bbox 1945 3879 3516 3952">
     <span class='ocr_line' id='line_1_100' title="bbox 1945 3879 3516 3952; baseline -0.001 -18"><span class='ocrx_word' id='word_1_739' title='bbox 1945 3902 1964 3934; x_wconf 71' lang='grc' dir='ltr'><strong>ι</strong></span> <span class='ocrx_word' id='word_1_740' title='bbox 2002 3883 2211 3951; x_wconf 88' lang='lat' dir='ltr'><strong>ejus,ct</strong></span> <span class='ocrx_word' id='word_1_741' title='bbox 2237 3883 2602 3952; x_wconf 89' lang='lat' dir='ltr'><strong>obrigesceret</strong></span> <span class='ocrx_word' id='word_1_742' title='bbox 2632 3895 2752 3934; x_wconf 90' lang='lat' dir='ltr'><strong>cum</strong></span> <span class='ocrx_word' id='word_1_743' title='bbox 2782 3881 2977 3950; x_wconf 90' lang='lat' dir='ltr'><strong>gladio,</strong></span> <span class='ocrx_word' id='word_1_744' title='bbox 3003 3888 3107 3935; x_wconf 91' lang='lat' dir='ltr'><strong>etc.</strong></span> <span class='ocrx_word' id='word_1_745' title='bbox 3137 3880 3204 3934; x_wconf 88' lang='lat' dir='ltr'><strong>Et</strong></span> <span class='ocrx_word' id='word_1_746' title='bbox 3225 3888 3346 3949; x_wconf 91' lang='lat' dir='ltr'><strong>post</strong></span> <span class='ocrx_word' id='word_1_747' title='bbox 3371 3879 3516 3933; x_wconf 91' lang='lat' dir='ltr'><strong>hunc</strong></span> 
     </span>
    </p>
   </div>
   <div class='ocr_carea' id='block_1_101' title="bbox 1946 3970 3517 4041">
    <p class='ocr_par' dir='ltr' id='par_1_101' title="bbox 1946 3970 3517 4041">
     <span class='ocr_line' id='line_1_101' title="bbox 1946 3970 3517 4041; baseline -0.001 -17"><span class='ocrx_word' id='word_1_748' title='bbox 1946 3993 1964 4024; x_wconf 75' lang='grc' dir='ltr'><strong>ι</strong></span> <span class='ocrx_word' id='word_1_749' title='bbox 2004 3973 2241 4037; x_wconf 90' lang='lat' dir='ltr'><strong>Semma,</strong></span> <span class='ocrx_word' id='word_1_750' title='bbox 2282 3972 2423 4026; x_wconf 89' lang='lat' dir='ltr'><strong>ﬁlius</strong></span> <span class='ocrx_word' id='word_1_751' title='bbox 2451 3972 2562 4041; x_wconf 83' lang='lat' dir='ltr'><strong>Age</strong></span> <span class='ocrx_word' id='word_1_752' title='bbox 2592 3971 2657 4025; x_wconf 91' lang='lat' dir='ltr'><strong>de</strong></span> <span class='ocrx_word' id='word_1_753' title='bbox 2701 3970 2889 4034; x_wconf 76' lang='lat' dir='ltr'><strong>Arari,</strong></span> <span class='ocrx_word' id='word_1_754' title='bbox 2935 3979 2991 4025; x_wconf 90' lang='lat' dir='ltr'><strong>et</strong></span> <span class='ocrx_word' id='word_1_755' title='bbox 3037 3970 3344 4040; x_wconf 87' lang='lat' dir='ltr'><strong>congregati</strong></span> <span class='ocrx_word' id='word_1_756' title='bbox 3390 3976 3517 4022; x_wconf 90' lang='lat' dir='ltr'><strong>sunt</strong></span> 
     </span>
    </p>
   </div>
   <div class='ocr_carea' id='block_1_102' title="bbox 1945 4060 3517 4130">
    <p class='ocr_par' dir='ltr' id='par_1_102' title="bbox 1945 4060 3517 4130">
     <span class='ocr_line' id='line_1_102' title="bbox 1945 4060 3517 4130; baseline -0.001 -15"><span class='ocrx_word' id='word_1_757' title='bbox 1945 4083 1962 4115; x_wconf 83' lang='grc'><em>‹</em></span> <span class='ocrx_word' id='word_1_758' title='bbox 2000 4063 2325 4119; x_wconf 89' lang='lat' dir='ltr'><strong>Philisthiim</strong></span> <span class='ocrx_word' id='word_1_759' title='bbox 2371 4063 2428 4117; x_wconf 92' lang='lat' dir='ltr'><strong>in</strong></span> <span class='ocrx_word' id='word_1_760' title='bbox 2465 4062 2715 4116; x_wconf 87' lang='lat' dir='ltr'><strong>statione.</strong></span> <span class='ocrx_word' id='word_1_761' title='bbox 2767 4060 2898 4114; x_wconf 86' lang='lat' dir='ltr'><strong>Erat</strong></span> <span class='ocrx_word' id='word_1_762' title='bbox 2935 4062 3131 4129; x_wconf 90' lang='lat' dir='ltr'><strong>quippe</strong></span> <span class='ocrx_word' id='word_1_763' title='bbox 3154 4076 3282 4130; x_wconf 87' lang='lat' dir='ltr'><strong>ager</strong></span> <span class='ocrx_word' id='word_1_764' title='bbox 3325 4060 3517 4128; x_wconf 87' lang='lat' dir='ltr'><strong>plenus</strong></span> 
     </span>
    </p>
   </div>
   <div class='ocr_carea' id='block_1_103' title="bbox 1944 4148 3517 4221">
    <p class='ocr_par' dir='ltr' id='par_1_103' title="bbox 1944 4148 3517 4221">
     <span class='ocr_line' id='line_1_103' title="bbox 1944 4148 3517 4221; baseline -0.001 -18"><span class='ocrx_word' id='word_1_765' title='bbox 1944 4172 1962 4203; x_wconf 74' lang='grc' dir='ltr'><strong>ι</strong></span> <span class='ocrx_word' id='word_1_766' title='bbox 2002 4153 2163 4207; x_wconf 89' lang='lat' dir='ltr'><strong>lente.</strong></span> <span class='ocrx_word' id='word_1_767' title='bbox 2190 4151 2430 4221; x_wconf 90' lang='lat' dir='ltr'><strong>Cumque</strong></span> <span class='ocrx_word' id='word_1_768' title='bbox 2452 4151 2670 4220; x_wconf 86' lang='lat' dir='ltr'><strong>fugisset</strong></span> <span class='ocrx_word' id='word_1_769' title='bbox 2688 4149 2919 4218; x_wconf 90' lang='lat' dir='ltr'><strong>populus</strong></span> <span class='ocrx_word' id='word_1_770' title='bbox 2945 4164 2975 4202; x_wconf 90' lang='lat' dir='ltr'><strong>a</strong></span> <span class='ocrx_word' id='word_1_771' title='bbox 3001 4148 3136 4203; x_wconf 90' lang='lat' dir='ltr'><strong>facie</strong></span> <span class='ocrx_word' id='word_1_772' title='bbox 3163 4149 3517 4214; x_wconf 90' lang='lat' dir='ltr'><strong>Philisthiim,</strong></span> 
     </span>
    </p>
   </div>
   <div class='ocr_carea' id='block_1_104' title="bbox 1944 4242 3519 4314">
    <p class='ocr_par' dir='ltr' id='par_1_104' title="bbox 1944 4242 3519 4314">
     <span class='ocr_line' id='line_1_104' title="bbox 1944 4242 3519 4314; baseline -0.002 -16"><span class='ocrx_word' id='word_1_773' title='bbox 1944 4267 1963 4298; x_wconf 71' lang='grc' dir='ltr'><strong><em>ο</em></strong></span> <span class='ocrx_word' id='word_1_774' title='bbox 1999 4248 2149 4302; x_wconf 87' lang='lat' dir='ltr'><strong>stetit</strong></span> <span class='ocrx_word' id='word_1_775' title='bbox 2169 4245 2257 4301; x_wconf 91' lang='lat' dir='ltr'><strong>ille</strong></span> <span class='ocrx_word' id='word_1_776' title='bbox 2280 4246 2333 4299; x_wconf 94' lang='lat' dir='ltr'><strong>in</strong></span> <span class='ocrx_word' id='word_1_777' title='bbox 2357 4245 2534 4298; x_wconf 89' lang='lat' dir='ltr'><strong>medio</strong></span> <span class='ocrx_word' id='word_1_778' title='bbox 2552 4244 2686 4314; x_wconf 89' lang='lat' dir='ltr'><strong>agri,</strong></span> <span class='ocrx_word' id='word_1_779' title='bbox 2702 4244 3069 4312; x_wconf 89' lang='lat' dir='ltr'><strong>percussitque</strong></span> <span class='ocrx_word' id='word_1_780' title='bbox 3080 4242 3439 4306; x_wconf 63' lang='lat' dir='ltr'><strong>Philisthatos,</strong></span> <span class='ocrx_word' id='word_1_781' title='bbox 3463 4250 3519 4297; x_wconf 90' lang='lat' dir='ltr'><strong>et</strong></span> 
     </span>
    </p>
   </div>
   <div class='ocr_carea' id='block_1_105' title="bbox 1944 4334 3521 4407">
    <p class='ocr_par' dir='ltr' id='par_1_105' title="bbox 1944 4334 3521 4407">
     <span class='ocr_line' id='line_1_105' title="bbox 1944 4334 3521 4407; baseline -0.001 -18"><span class='ocrx_word' id='word_1_782' title='bbox 1944 4356 1963 4389; x_wconf 69' lang='grc' dir='ltr'><em>ς</em></span> <span class='ocrx_word' id='word_1_783' title='bbox 2001 4337 2125 4392; x_wconf 90' lang='lat' dir='ltr'><strong>fecit</strong></span> <span class='ocrx_word' id='word_1_784' title='bbox 2149 4336 2411 4391; x_wconf 90' lang='lat' dir='ltr'><strong>Dominus</strong></span> <span class='ocrx_word' id='word_1_785' title='bbox 2432 4336 2658 4391; x_wconf 90' lang='lat' dir='ltr'><strong>salutem</strong></span> <span class='ocrx_word' id='word_1_786' title='bbox 2683 4350 2954 4407; x_wconf 87' lang='lat' dir='ltr'><strong>magnam,</strong></span> <span class='ocrx_word' id='word_1_787' title='bbox 2971 4342 3078 4389; x_wconf 89' lang='lat' dir='ltr'><strong>etc.</strong></span> <span class='ocrx_word' id='word_1_788' title='bbox 3108 4354 3126 4387; x_wconf 74' lang='grc' dir='ltr'><strong>ι</strong></span> <span class='ocrx_word' id='word_1_789' title='bbox 3158 4335 3231 4388; x_wconf 91' lang='lat' dir='ltr'><strong>De</strong></span> <span class='ocrx_word' id='word_1_790' title='bbox 3253 4334 3369 4389; x_wconf 89' lang='lat' dir='ltr'><strong>istis</strong></span> <span class='ocrx_word' id='word_1_791' title='bbox 3388 4349 3521 4403; x_wconf 85' lang='lat' dir='ltr'><strong>ergo</strong></span> 
     </span>
    </p>
   </div>
   <div class='ocr_carea' id='block_1_106' title="bbox 1940 4424 3518 4497">
    <p class='ocr_par' dir='ltr' id='par_1_106' title="bbox 1940 4424 3518 4497">
     <span class='ocr_line' id='line_1_106' title="bbox 1940 4424 3518 4497; baseline -0.004 -13"><span class='ocrx_word' id='word_1_792' title='bbox 1940 4429 2166 4484; x_wconf 88' lang='lat' dir='ltr'><strong>fortibus</strong></span> <span class='ocrx_word' id='word_1_793' title='bbox 2193 4426 2458 4497; x_wconf 88' lang='lat' dir='ltr'><strong>Josephus</strong></span> <span class='ocrx_word' id='word_1_794' title='bbox 2485 4427 2587 4482; x_wconf 90' lang='lat' dir='ltr'><strong>hoc</strong></span> <span class='ocrx_word' id='word_1_795' title='bbox 2612 4427 2729 4482; x_wconf 90' lang='lat' dir='ltr'><strong>loco</strong></span> <span class='ocrx_word' id='word_1_796' title='bbox 2759 4428 2832 4482; x_wconf 89' lang='lat' dir='ltr'><strong>ita</strong></span> <span class='ocrx_word' id='word_1_797' title='bbox 2861 4433 3085 4480; x_wconf 87' lang='lat' dir='ltr'><strong>narrat:</strong></span> <span class='ocrx_word' id='word_1_798' title='bbox 3122 4444 3139 4475; x_wconf 77' lang='grc' dir='ltr'><strong>ι</strong></span> <span class='ocrx_word' id='word_1_799' title='bbox 3178 4424 3391 4478; x_wconf 88' lang='lat' dir='ltr'><strong>Primus</strong></span> <span class='ocrx_word' id='word_1_800' title='bbox 3417 4425 3518 4477; x_wconf 90' lang='lat' dir='ltr'><strong>ita-</strong></span> 
     </span>
    </p>
   </div>
   <div class='ocr_carea' id='block_1_107' title="bbox 1940 4516 3512 4593">
    <p class='ocr_par' dir='ltr' id='par_1_107' title="bbox 1940 4516 3512 4593">
     <span class='ocr_line' id='line_1_107' title="bbox 1940 4516 3512 4593; baseline -0.006 -17"><span class='ocrx_word' id='word_1_801' title='bbox 1940 4537 2046 4593; x_wconf 91' lang='lat' dir='ltr'><strong>que</strong></span> <span class='ocrx_word' id='word_1_802' title='bbox 2069 4521 2307 4576; x_wconf 90' lang='lat' dir='ltr'><strong>omnium</strong></span> <span class='ocrx_word' id='word_1_803' title='bbox 2330 4528 2449 4575; x_wconf 87' lang='lat' dir='ltr'><strong>erat</strong></span> <span class='ocrx_word' id='word_1_804' title='bbox 2474 4520 2739 4574; x_wconf 78' lang='lat' dir='ltr'><strong>Eusebius</strong></span> <span class='ocrx_word' id='word_1_805' title='bbox 2766 4519 2907 4573; x_wconf 88' lang='lat' dir='ltr'><strong>ﬁlius</strong></span> <span class='ocrx_word' id='word_1_806' title='bbox 2928 4518 3200 4582; x_wconf 68' lang='lat' dir='ltr'><strong>Achineae,</strong></span> <span class='ocrx_word' id='word_1_807' title='bbox 3225 4517 3316 4585; x_wconf 89' lang='lat' dir='ltr'><strong>qui</strong></span> <span class='ocrx_word' id='word_1_808' title='bbox 3344 4516 3512 4571; x_wconf 89' lang='lat' dir='ltr'><strong>aciem</strong></span> 
     </span>
    </p>
   </div>
   <div class='ocr_carea' id='block_1_108' title="bbox 1940 4593 3519 4683">
    <p class='ocr_par' dir='ltr' id='par_1_108' title="bbox 1940 4593 3519 4683">
     <span class='ocr_line' id='line_1_108' title="bbox 1940 4593 3519 4683; baseline -0.006 -14"><span class='ocrx_word' id='word_1_809' title='bbox 1940 4613 2177 4669; x_wconf 91' lang='lat' dir='ltr'><strong>hostium</strong></span> <span class='ocrx_word' id='word_1_810' title='bbox 2200 4610 2507 4680; x_wconf 86' lang='lat' dir='ltr'><strong>frequenter</strong></span> <span class='ocrx_word' id='word_1_811' title='bbox 2528 4612 3209 4683; x_wconf 84' lang='lat' dir='ltr'><strong>irrumpens,nequaquam</strong></span> <span class='ocrx_word' id='word_1_812' title='bbox 3229 4593 3519 4678; x_wconf 67' lang='lat' dir='ltr'><strong>pugnando</strong></span> 
     </span>
    </p>
   </div>
   <div class='ocr_carea' id='block_1_109' title="bbox 1939 4696 3522 4770">
    <p class='ocr_par' dir='ltr' id='par_1_109' title="bbox 1939 4696 3522 4770">
     <span class='ocr_line' id='line_1_109' title="bbox 1939 4696 3522 4770; baseline -0.006 -12"><span class='ocrx_word' id='word_1_813' title='bbox 1939 4703 2190 4765; x_wconf 87' lang='lat' dir='ltr'><strong>cessavit,</strong></span> <span class='ocrx_word' id='word_1_814' title='bbox 2218 4702 2389 4757; x_wconf 86' lang='lat' dir='ltr'><strong>donec</strong></span> <span class='ocrx_word' id='word_1_815' title='bbox 2409 4717 2474 4756; x_wconf 78' lang='lat' dir='ltr'><strong>ex</strong></span> <span class='ocrx_word' id='word_1_816' title='bbox 2498 4701 2577 4755; x_wconf 91' lang='lat' dir='ltr'><strong>eis</strong></span> <span class='ocrx_word' id='word_1_817' title='bbox 2599 4707 2894 4770; x_wconf 87' lang='lat' dir='ltr'><strong>nongentos</strong></span> <span class='ocrx_word' id='word_1_818' title='bbox 2914 4698 3203 4754; x_wconf 90' lang='lat' dir='ltr'><strong>occideret.</strong></span> <span class='ocrx_word' id='word_1_819' title='bbox 3226 4696 3356 4751; x_wconf 83' lang='lat' dir='ltr'><strong>Post</strong></span> <span class='ocrx_word' id='word_1_820' title='bbox 3374 4696 3522 4750; x_wconf 88' lang='lat' dir='ltr'><strong>hunc</strong></span> 
     </span>
    </p>
   </div>
   <div class='ocr_carea' id='block_1_110' title="bbox 1941 4783 3519 4858">
    <p class='ocr_par' dir='ltr' id='par_1_110' title="bbox 1941 4783 3519 4858">
     <span class='ocr_line' id='line_1_110' title="bbox 1941 4783 3519 4858; baseline -0.007 -10"><span class='ocrx_word' id='word_1_821' title='bbox 1941 4802 2059 4849; x_wconf 90' lang='lat' dir='ltr'><strong>erat</strong></span> <span class='ocrx_word' id='word_1_822' title='bbox 2082 4793 2308 4847; x_wconf 89' lang='lat' dir='ltr'><strong>Eleazar</strong></span> <span class='ocrx_word' id='word_1_823' title='bbox 2331 4792 2474 4847; x_wconf 88' lang='lat' dir='ltr'><strong>ﬁlius</strong></span> <span class='ocrx_word' id='word_1_824' title='bbox 2506 4790 2664 4853; x_wconf 85' lang='lat' dir='ltr'><strong>Dodi,</strong></span> <span class='ocrx_word' id='word_1_825' title='bbox 2691 4789 2927 4858; x_wconf 90' lang='lat' dir='ltr'><strong>quicum</strong></span> <span class='ocrx_word' id='word_1_826' title='bbox 2962 4802 3085 4858; x_wconf 89' lang='lat' dir='ltr'><strong>rege</strong></span> <span class='ocrx_word' id='word_1_827' title='bbox 3108 4785 3284 4841; x_wconf 86' lang='lat' dir='ltr'><strong>fuerat</strong></span> <span class='ocrx_word' id='word_1_828' title='bbox 3308 4785 3361 4839; x_wconf 93' lang='lat' dir='ltr'><strong>in</strong></span> <span class='ocrx_word' id='word_1_829' title='bbox 3390 4783 3519 4839; x_wconf 77' lang='lat' dir='ltr'><strong>Sar-</strong></span> 
     </span>
    </p>
   </div>
   <div class='ocr_carea' id='block_1_111' title="bbox 1938 4876 3517 4955">
    <p class='ocr_par' dir='ltr' id='par_1_111' title="bbox 1938 4876 3517 4955">
     <span class='ocr_line' id='line_1_111' title="bbox 1938 4876 3517 4955; baseline -0.007 -16"><span class='ocrx_word' id='word_1_830' title='bbox 1938 4886 2066 4955; x_wconf 89' lang='lat' dir='ltr'><strong>pha.</strong></span> <span class='ocrx_word' id='word_1_831' title='bbox 2103 4884 2202 4938; x_wconf 85' lang='lat' dir='ltr'><strong>Hic</strong></span> <span class='ocrx_word' id='word_1_832' title='bbox 2232 4883 2517 4952; x_wconf 88' lang='lat' dir='ltr'><strong>aliquando</strong></span> <span class='ocrx_word' id='word_1_833' title='bbox 2545 4880 2804 4935; x_wconf 90' lang='lat' dir='ltr'><strong>Israelitis</strong></span> <span class='ocrx_word' id='word_1_834' title='bbox 2838 4878 3250 4934; x_wconf 88' lang='lat' dir='ltr'><strong>formidantibus</strong></span> <span class='ocrx_word' id='word_1_835' title='bbox 3277 4876 3517 4931; x_wconf 76' lang='lat' dir='ltr'><strong>Palaesti-</strong></span> 
     </span>
    </p>
   </div>
   <div class='ocr_carea' id='block_1_112' title="bbox 1943 4966 3520 5042">
    <p class='ocr_par' dir='ltr' id='par_1_112' title="bbox 1943 4966 3520 5042">
     <span class='ocr_line' id='line_1_112' title="bbox 1943 4966 3520 5042; baseline -0.008 -12"><span class='ocrx_word' id='word_1_836' title='bbox 1943 4992 2134 5030; x_wconf 91' lang='lat' dir='ltr'><strong>norum</strong></span> <span class='ocrx_word' id='word_1_837' title='bbox 2161 4975 2482 5039; x_wconf 80' lang='lat' dir='ltr'><strong>exercitum,</strong></span> <span class='ocrx_word' id='word_1_838' title='bbox 2513 4980 2567 5028; x_wconf 92' lang='lat' dir='ltr'><strong>et</strong></span> <span class='ocrx_word' id='word_1_839' title='bbox 2593 4972 2662 5026; x_wconf 91' lang='lat' dir='ltr'><strong>ob</strong></span> <span class='ocrx_word' id='word_1_840' title='bbox 2689 4972 2793 5026; x_wconf 91' lang='lat' dir='ltr'><strong>hoc</strong></span> <span class='ocrx_word' id='word_1_841' title='bbox 2820 4969 3166 5042; x_wconf 85' lang='lat' dir='ltr'><strong>fugientibus,</strong></span> <span class='ocrx_word' id='word_1_842' title='bbox 3196 4967 3342 5023; x_wconf 90' lang='lat' dir='ltr'><strong>solus</strong></span> <span class='ocrx_word' id='word_1_843' title='bbox 3362 4966 3520 5022; x_wconf 78' lang='lat' dir='ltr'><strong>resti-</strong></span> 
     </span>
    </p>
   </div>
   <div class='ocr_carea' id='block_1_113' title="bbox 1943 5058 3517 5133">
    <p class='ocr_par' dir='ltr' id='par_1_113' title="bbox 1943 5058 3517 5133">
     <span class='ocr_line' id='line_1_113' title="bbox 1943 5058 3517 5133; baseline -0.007 -12"><span class='ocrx_word' id='word_1_844' title='bbox 1943 5069 2008 5123; x_wconf 86' lang='lat' dir='ltr'><strong>tit</strong></span> <span class='ocrx_word' id='word_1_845' title='bbox 2034 5068 2245 5121; x_wconf 88' lang='lat' dir='ltr'><strong>irruens</strong></span> <span class='ocrx_word' id='word_1_846' title='bbox 2268 5080 2430 5133; x_wconf 89' lang='lat' dir='ltr'><strong>super</strong></span> <span class='ocrx_word' id='word_1_847' title='bbox 2454 5066 2656 5128; x_wconf 89' lang='lat' dir='ltr'><strong>hostes,</strong></span> <span class='ocrx_word' id='word_1_848' title='bbox 2682 5062 2882 5117; x_wconf 86' lang='lat' dir='ltr'><strong>occidit</strong></span> <span class='ocrx_word' id='word_1_849' title='bbox 2901 5076 3090 5117; x_wconf 85' lang='lat' dir='ltr'><strong>eorum</strong></span> <span class='ocrx_word' id='word_1_850' title='bbox 3116 5058 3332 5121; x_wconf 90' lang='lat' dir='ltr'><strong>multos,</strong></span> <span class='ocrx_word' id='word_1_851' title='bbox 3363 5058 3437 5111; x_wconf 90' lang='lat' dir='ltr'><strong>ita</strong></span> <span class='ocrx_word' id='word_1_852' title='bbox 3458 5066 3517 5111; x_wconf 91' lang='lat' dir='ltr'><strong>ut</strong></span> 
     </span>
    </p>
   </div>
   <div class='ocr_carea' id='block_1_114' title="bbox 1944 5147 3513 5225">
    <p class='ocr_par' dir='ltr' id='par_1_114' title="bbox 1944 5147 3513 5225">
     <span class='ocr_line' id='line_1_114' title="bbox 1944 5147 3513 5225; baseline -0.009 -15"><span class='ocrx_word' id='word_1_853' title='bbox 1944 5155 2201 5225; x_wconf 84' lang='lat' dir='ltr'><strong>sanguine</strong></span> <span class='ocrx_word' id='word_1_854' title='bbox 2229 5154 2531 5208; x_wconf 89' lang='lat' dir='ltr'><strong>occisorum</strong></span> <span class='ocrx_word' id='word_1_855' title='bbox 2553 5152 2761 5220; x_wconf 84' lang='lat' dir='ltr'><strong>gladius</strong></span> <span class='ocrx_word' id='word_1_856' title='bbox 2785 5150 2904 5220; x_wconf 87' lang='lat' dir='ltr'><strong>ejus</strong></span> <span class='ocrx_word' id='word_1_857' title='bbox 2931 5151 3163 5205; x_wconf 78' lang='lat' dir='ltr'><strong>haereret</strong></span> <span class='ocrx_word' id='word_1_858' title='bbox 3189 5148 3245 5200; x_wconf 87' lang='lat' dir='ltr'><strong>in</strong></span> <span class='ocrx_word' id='word_1_859' title='bbox 3270 5147 3513 5202; x_wconf 80' lang='lat' dir='ltr'><strong>dextera.</strong></span> 
     </span>
    </p>
   </div>
   <div class='ocr_carea' id='block_1_115' title="bbox 1944 5237 3519 5306">
    <p class='ocr_par' dir='ltr' id='par_1_115' title="bbox 1944 5237 3519 5306">
     <span class='ocr_line' id='line_1_115' title="bbox 1944 5237 3519 5306; baseline -0.007 -5"><span class='ocrx_word' id='word_1_860' title='bbox 1944 5247 2012 5301; x_wconf 86' lang='lat' dir='ltr'><strong>Et</strong></span> <span class='ocrx_word' id='word_1_861' title='bbox 2038 5261 2156 5300; x_wconf 90' lang='lat' dir='ltr'><strong>cum</strong></span> <span class='ocrx_word' id='word_1_862' title='bbox 2183 5243 2437 5299; x_wconf 69' lang='lat' dir='ltr'><strong>Israelita:</strong></span> <span class='ocrx_word' id='word_1_863' title='bbox 2471 5242 2789 5297; x_wconf 72' lang='lat' dir='ltr'><strong>Palmstinos</strong></span> <span class='ocrx_word' id='word_1_864' title='bbox 2822 5240 3066 5294; x_wconf 87' lang='lat' dir='ltr'><strong>viderent</strong></span> <span class='ocrx_word' id='word_1_865' title='bbox 3104 5239 3159 5292; x_wconf 88' lang='lat' dir='ltr'><strong>in</strong></span> <span class='ocrx_word' id='word_1_866' title='bbox 3189 5237 3365 5306; x_wconf 89' lang='lat' dir='ltr'><strong>fugam</strong></span> <span class='ocrx_word' id='word_1_867' title='bbox 3396 5250 3519 5291; x_wconf 88' lang='lat' dir='ltr'><strong>esse</strong></span> 
     </span>
    </p>
   </div>
   <div class='ocr_carea' id='block_1_116' title="bbox 1944 5328 3519 5398">
    <p class='ocr_par' dir='ltr' id='par_1_116' title="bbox 1944 5328 3519 5398">
     <span class='ocr_line' id='line_1_116' title="bbox 1944 5328 3519 5398; baseline -0.006 -7"><span class='ocrx_word' id='word_1_868' title='bbox 1944 5349 2251 5395; x_wconf 87' lang='lat' dir='ltr'><strong>conversos,</strong></span> <span class='ocrx_word' id='word_1_869' title='bbox 2285 5333 2670 5388; x_wconf 87' lang='lat' dir='ltr'><strong>descendentes</strong></span> <span class='ocrx_word' id='word_1_870' title='bbox 2694 5334 2760 5387; x_wconf 89' lang='lat' dir='ltr'><strong>de</strong></span> <span class='ocrx_word' id='word_1_871' title='bbox 2794 5331 3066 5386; x_wconf 87' lang='lat' dir='ltr'><strong>montibus</strong></span> <span class='ocrx_word' id='word_1_872' title='bbox 3099 5328 3363 5398; x_wconf 86' lang='lat' dir='ltr'><strong>persecuti</strong></span> <span class='ocrx_word' id='word_1_873' title='bbox 3392 5337 3519 5383; x_wconf 85' lang='lat' dir='ltr'><strong>sunt</strong></span> 
     </span>
    </p>
   </div>
   <div class='ocr_carea' id='block_1_117' title="bbox 1943 5418 3519 5489">
    <p class='ocr_par' dir='ltr' id='par_1_117' title="bbox 1943 5418 3519 5489">
     <span class='ocr_line' id='line_1_117' title="bbox 1943 5418 3519 5489; baseline -0.008 -8"><span class='ocrx_word' id='word_1_874' title='bbox 1943 5442 2075 5489; x_wconf 91' lang='lat' dir='ltr'><strong>eos;</strong></span> <span class='ocrx_word' id='word_1_875' title='bbox 2118 5432 2173 5479; x_wconf 90' lang='lat' dir='ltr'><strong>et</strong></span> <span class='ocrx_word' id='word_1_876' title='bbox 2209 5422 2474 5477; x_wconf 89' lang='lat' dir='ltr'><strong>mirabilis</strong></span> <span class='ocrx_word' id='word_1_877' title='bbox 2499 5438 2563 5477; x_wconf 88' lang='lat' dir='ltr'><strong>ac</strong></span> <span class='ocrx_word' id='word_1_878' title='bbox 2592 5422 2949 5477; x_wconf 86' lang='lat' dir='ltr'><strong>famosissima</strong></span> <span class='ocrx_word' id='word_1_879' title='bbox 2985 5418 3209 5473; x_wconf 85' lang='lat' dir='ltr'><strong>victoria</strong></span> <span class='ocrx_word' id='word_1_880' title='bbox 3244 5426 3372 5471; x_wconf 91' lang='lat' dir='ltr'><strong>tunc</strong></span> <span class='ocrx_word' id='word_1_881' title='bbox 3395 5433 3519 5487; x_wconf 88' lang='lat' dir='ltr'><strong>per-</strong></span> 
     </span>
    </p>
   </div>
   <div class='ocr_carea' id='block_1_118' title="bbox 1946 5509 3521 5579">
    <p class='ocr_par' dir='ltr' id='par_1_118' title="bbox 1946 5509 3521 5579">
     <span class='ocr_line' id='line_1_118' title="bbox 1946 5509 3521 5579; baseline -0.007 -9"><span class='ocrx_word' id='word_1_882' title='bbox 1946 5517 2110 5579; x_wconf 89' lang='lat' dir='ltr'><strong>venit,</strong></span> <span class='ocrx_word' id='word_1_883' title='bbox 2127 5528 2247 5570; x_wconf 89' lang='lat' dir='ltr'><strong>cum</strong></span> <span class='ocrx_word' id='word_1_884' title='bbox 2269 5514 2495 5568; x_wconf 85' lang='lat' dir='ltr'><strong>Eleazar</strong></span> <span class='ocrx_word' id='word_1_885' title='bbox 2516 5520 2695 5567; x_wconf 86' lang='lat' dir='ltr'><strong>tantos</strong></span> <span class='ocrx_word' id='word_1_886' title='bbox 2714 5509 3076 5566; x_wconf 88' lang='lat' dir='ltr'><strong>interfecisset</strong></span> <span class='ocrx_word' id='word_1_887' title='bbox 3092 5509 3297 5573; x_wconf 88' lang='lat' dir='ltr'><strong>hostes,</strong></span> <span class='ocrx_word' id='word_1_888' title='bbox 3317 5520 3521 5575; x_wconf 85' lang='lat' dir='ltr'><strong>eosque</strong></span> 
     </span>
    </p>
   </div>
   <div class='ocr_carea' id='block_1_119' title="bbox 1943 5597 3523 5673">
    <p class='ocr_par' dir='ltr' id='par_1_119' title="bbox 1943 5597 3523 5673">
     <span class='ocr_line' id='line_1_119' title="bbox 1943 5597 3523 5673; baseline -0.006 -14"><span class='ocrx_word' id='word_1_889' title='bbox 1943 5605 2200 5661; x_wconf 72' lang='lat' dir='ltr'><strong>Israeliue</strong></span> <span class='ocrx_word' id='word_1_890' title='bbox 2227 5610 2703 5673; x_wconf 87' lang='lat' dir='ltr'><strong>persequerentur,</strong></span> <span class='ocrx_word' id='word_1_891' title='bbox 2731 5609 2787 5656; x_wconf 91' lang='lat' dir='ltr'><strong>et</strong></span> <span class='ocrx_word' id='word_1_892' title='bbox 2814 5607 3089 5654; x_wconf 89' lang='lat' dir='ltr'><strong>sumerent</strong></span> <span class='ocrx_word' id='word_1_893' title='bbox 3111 5597 3282 5667; x_wconf 88' lang='lat' dir='ltr'><strong>spolia</strong></span> <span class='ocrx_word' id='word_1_894' title='bbox 3306 5611 3523 5667; x_wconf 86' lang='lat' dir='ltr'><strong>perem-</strong></span> 
     </span>
    </p>
   </div>
   <div class='ocr_carea' id='block_1_120' title="bbox 1896 5684 3518 5766">
    <p class='ocr_par' dir='ltr' id='par_1_120' title="bbox 1896 5684 3518 5766">
     <span class='ocr_line' id='line_1_120' title="bbox 1896 5684 3518 5766; baseline -0.002 -18"><span class='ocrx_word' id='word_1_895' title='bbox 1896 5706 1924 5739; x_wconf 68' lang='lat'><strong>~‘-‘</strong></span> <span class='ocrx_word' id='word_1_896' title='bbox 1945 5704 2181 5766; x_wconf 84' lang='lat' dir='ltr'><strong>ptorum.</strong></span> <span class='ocrx_word' id='word_1_897' title='bbox 2209 5690 2425 5748; x_wconf 85' lang='lat' dir='ltr'><strong>Tertius</strong></span> <span class='ocrx_word' id='word_1_898' title='bbox 2452 5699 2632 5746; x_wconf 87' lang='lat' dir='ltr'><strong>autem</strong></span> <span class='ocrx_word' id='word_1_899' title='bbox 2677 5688 2780 5746; x_wconf 88' lang='lat' dir='ltr'><strong>fuit</strong></span> <span class='ocrx_word' id='word_1_900' title='bbox 2819 5689 2960 5743; x_wconf 83' lang='lat' dir='ltr'><strong>ﬁlius</strong></span> <span class='ocrx_word' id='word_1_901' title='bbox 2999 5686 3138 5753; x_wconf 86' lang='lat' dir='ltr'><strong>IIeli,</strong></span> <span class='ocrx_word' id='word_1_902' title='bbox 3171 5686 3389 5743; x_wconf 74' lang='lat' dir='ltr'><strong>nomine</strong></span> <span class='ocrx_word' id='word_1_903' title='bbox 3426 5684 3518 5745; x_wconf 71' lang='lat' dir='ltr'><strong>Se-</strong></span> 
     </span>
    </p>
   </div>
  </div>
