4026 6202
441 301 536 356 il‘l

1258 298 1608 357 COMMENT.
1654 299 1718 352 IN
1757 298 2000 354 LIBROS
2040 301 2104 355 lV
2145 301 2405 356 REGUM.
2447 331 2514 340 —-
2555 301 2620 355 1N
2661 301 2786 356 ΜΒ.
2850 299 2909 354 ll.
2997 324 3002 330 ·

3597 303 3690 355 Ηὶί

439 417 630 470 uncias.
659 413 726 467 Et
763 414 852 467 hic
893 411 1038 466 enim
1081 411 1133 464 in
1175 411 1578 465 Palrestinorum
1608 413 2014 475 certaminibus,
2047 418 2094 474 Α
2121 422 2366 482 spectare
2393 423 2447 470 et
2478 415 2829 484 introspicere
2875 414 3209 493 iny‘sterium,
3266 413 3483 468 sitiebat
3529 416 3694 471 David

435 511 566 562 dum
597 507 652 560 in
682 505 860 559 locum
881 504 972 572 qui
996 503 1194 557 dicitur
1228 502 1436 555 Maxilla
1471 502 1640 555 aciem
1668 503 2010 570 posuissent,

431 609 490 651 et
519 612 710 650 rursus
751 594 960 648 Hebriei
989 608 1177 646 eorum
1208 601 1504 646 metuentes
1535 592 1830 645 exercitum
1871 591 2015 644 refu-

433 696 655 758 gerent,
702 684 850 738 solus
890 697 1080 736 eorum
1108 682 1278 735 aciem
1310 682 1718 748 exercitumque
1760 681 2012 750 portatit.

431 781 676 846 Quorum
706 776 844 829 alios
885 773 1102 842 quidem
1149 772 1478 842 prostravit:
1512 773 1645 826 alios
1687 781 1868 826 autem
1911 787 2018 825 non

434 871 669 923 ferentes
691 865 814 934 ejus
841 865 948 916 vim
976 871 1032 917 et
1057 861 1429 917 fortitudinem
1460 870 1775 932 persecutus
1796 870 1878 916 est
1899 877 2020 916 con-

428 976 620 1014 versos
651 960 706 1012 in
737 959 940 1026 fugam.
974 974 994 1008 ι

507 1067 528 1099 ι
566 1047 678 1102 Nec
697 1062 806 1102 non
823 1053 878 1100 et
899 1052 1024 1098 ante
1041 1043 1430 1098 descenderant
1446 1053 1576 1105 tres,
1601 1042 1692 1111 qui
1707 1050 1863 1096 erant
1879 1041 2021 1110 prin-

431 1157 452 1188 ε
489 1140 642 1208 cipes
663 1136 806 1190 inter
835 1134 1080 1204 triginta,
1106 1140 1162 1186 et
1188 1139 1450 1186 venerant
1481 1141 1718 1200 tempore
1741 1131 1928 1184 messis
1953 1129 2022 1184 ad

430 1255 452 1277 ε
490 1227 659 1280 David
690 1227 742 1280 in
773 1223 1092 1294 speluncam
1129 1221 1390 1277 Odollam.
1427 1219 1618 1275 Castra
1640 1229 1818 1274 autem
1853 1219 2021 1273 Phili—

431 1337 452 1368 ε
487 1317 669 1372 εῑιιῖίιη
682 1324 839 1370 erant
855 1312 1026 1384 posita
1043 1313 1097 1366 in
1112 1311 1249 1366 valle
1267 1311 1564 1382 gigantum,
1586 1319 1640 1365 et
1655 1309 1821 1366 David
1833 1318 1950 1364 erat
1967 1311 2021 1364 in

432 1428 452 1459 ι
487 1407 759 1478 praisidio.
785 1425 803 1458 ι
831 1404 968 1458 Hinc
980 1402 1277 1475 Iosephus:
1310 1423 1327 1452 ι
1353 1401 1496 1466 ΙΙιιὲο,
1516 1403 1710 1472 inquit,
1732 1415 1895 1471 opera
1912 1415 2024 1452 ma-

427 1515 594 1552 nuum
616 1507 832 1551 tuarum
862 1510 927 1550 ac
965 1493 1278 1564 przeliorum
1323 1501 1435 1547 tres
1481 1491 1572 1545 isti
1622 1493 2024 1545 demonstrave-

429 1597 588 1652 runt;
613 1602 722 1655 quo
736 1595 980 1654 tempore
993 1598 1116 1638 cum
1131 1597 1224 1637 rex
1245 1591 1390 1638 esset
1401 1583 1455 1636 in
1467 1581 1707 1652 Jerosoly
1717 1582 1838 1646 mis,
1855 1581 2020 1636 Palae-

427 1680 698 1733 stinorum
723 1678 788 1733 ad
805 1676 1111 1732 bellandum
1125 1674 1435 1745 supervenit
1449 1674 1737 1726 exercitus.
1760 1671 1909 1726 Tunc
1924 1671 2022 1724 Da.

2121 519 2229 560 non
2251 521 2599 574 aquam,qu:e
2626 514 2704 560 est
2732 501 3064 568 Bethlehém,
3095 505 3184 558 sed
3212 505 3494 559 oriundum
3521 507 3573 559 in
3605 525 3693 560 ea-

2120 593 2240 646 dem
2263 593 2571 646 Bcthlehem
2599 607 2664 646 cx
2689 593 2907 662 Virgine
2928 592 3195 646 Christum
3241 593 3293 646 in
3325 594 3515 663 spiritu
3563 611 3695 663 pra:-

2120 683 2352 736 videbat.
2405 682 2544 750 Ergo
2569 681 2784 736 volebat
2829 681 3013 735 bibere
3044 696 3150 734 non
3196 697 3390 750 aquam
3437 681 3693 745 ﬂuminis,

2119 773 2213 826 sed
2231 773 2501 826 lavacrum
2528 787 2590 825 ex
2618 771 2784 825 latere
2808 770 3006 824 Christi
3049 768 3256 824 ﬂuens:
3312 773 3410 826 hoc
3441 783 3542 837 est,
3589 790 3692 826 neu

2119 879 2378 932 aquarum
2417 865 2634 917 sitiebat
2663 863 2830 917 David
2868 861 3218 924 elementum,
3261 863 3353 915 sel
3381 865 3622 933 sanguini
3647 883 3694 916 ιιι

2120 953 2338 1007 Christi.
2385 953 2536 1008 Unde
2581 968 2686 1007 non
2741 953 2874 1005 bibit
2917 952 3149 1005 oblatam
3182 969 3400 1021 aquam,
3451 955 3543 1006 si-d
3591 954 3692 1006 Dzi-

2121 1045 2267 1098 mino
2289 1043 2454 1108 fudit,
2503 1043 2812 1112 significans
2840 1043 2991 1095 sitire
3030 1059 3086 1096 se
3113 1043 3312 1097 Christi
3344 1044 3690 1108 sacriﬁcium,

2122 1151 2228 1189 non
2249 1143 2454 1188 natura:
2483 1133 2741 1187 ﬂuentum
2775 1151 2788 1198 ;
2824 1133 2952 1186 illud
2988 1133 3333 1197 sacrificium,
3395 1135 3448 1188 in
3477 1150 3582 1204 quo
3613 1146 3694 1188 est

2122 1226 2368 1280 remissio
2389 1235 2732 1298 peccatorum
2757 1243 2771 1292 ;
2831 1225 2978 1278 illum
3008 1225 3157 1280 sitire
3187 1225 3386 1280 fontem
3410 1237 3688 1282 aeternum.

2123 1315 2212 1386 qui
2259 1331 2365 1370 non
2417 1315 2670 1385 periculis
2713 1317 2972 1385 quteritur
3022 1315 3251 1382 alienis,
3321 1318 3416 1372 sed
3459 1321 3694 1388 pericula

2121 1405 2294 1461 aliena
2338 1406 2558 1460 deleret.
2611 1405 2963 1475 Cogitandum
3011 1422 3350 1475 summopere
3375 1417 3478 1474 est,
3524 1413 3696 1478 utqui

2121 1512 2180 1551 se
2210 1497 2394 1551 illicita
2440 1497 2682 1550 meminit
2709 1498 3062 1560 commisisse,
3119 1513 3149 1554 a
3185 1498 3503 1566 quibusdam
3531 1502 3696 1555 etiam

2123 1586 2282 1641 licitis
2309 1588 2515 1640 studeat
2543 1587 2843 1654 abstinere,
2883 1597 3147 1656 quatenus
3189 1603 3284 1658 per
3310 1589 3412 1644 hoc
3434 1592 3701 1646 conditori

2127 1694 2225 1732 suo
2252 1678 2565 1742 satisfaciat,
2595 1689 2654 1733 ut
2671 1678 2762 1749 qui
2801 1679 3070 1733 commisit
3098 1681 3364 1748 prohibita
3394 1722 3408 1747 ,
3465 1682 3704 1737 sibimet-

427 1774 516 1826 vid
543 1774 596 1826 in
627 1787 811 1826 arcem
838 1771 1075 1826 civitatis
1098 1768 1360 1830 ascendit,
1392 1769 1532 1822 sicut
1557 1768 1928 1836 przediximus,
1961 1775 2022 1821 ut
2047 1762 2094 1820 Β
2123 1773 2224 1842 ipsi
2268 1773 2549 1826 abscidere
2593 1773 2784 1826 debeat
2812 1774 2974 1828 etiam
3003 1790 3260 1830 concessa
3284 1817 3298 1841 ,
3341 1784 3399 1831 ut
3428 1792 3486 1833 se
3517 1795 3702 1848 reprc-

426 1863 495 1918 de
515 1862 656 1916 bello
671 1861 977 1916 consuleret
997 1859 1302 1913 Dominum.
1329 1857 1515 1912 Castra
1529 1873 1659 1912 vero
1675 1857 2017 1910 inimicorum

423 1962 584 2006 erant
629 1953 680 2005 in
727 1951 863 2004 valle
892 1950 1015 2014 fixa,
1051 1963 1220 2016 usque
1263 1946 1326 2000 ad
1363 1947 1639 2001 civitatem
1688 1946 2014 2006 Bcthlchem,

422 2058 550 2111 qua:
594 2042 662 2094 ab
686 2039 1036 2110 Jerosolymis
1065 2036 1252 2106 procul
1281 2045 1365 2090 est
1393 2036 1584 2090 stadiis
1610 2035 1816 2105 viginti.
1852 2034 2018 2088 David

429 2135 621 2200 itaque
654 2130 820 2186 sociis
845 2130 922 2182 ait
951 2146 964 2182 :
992 2128 1192 2182 Bonam
1215 2141 1408 2196 aquam
1433 2125 1692 2178 habemus
1724 2125 1775 2177 in
1801 2124 2019 2194 regione

427 2236 577 2283 nica,
608 2227 663 2272 et
700 2219 970 2288 pnncipue
1001 2216 1253 2271 laudabat
1298 2230 1418 2269 eam
1447 2230 1566 2283 qum
1593 2221 1710 2267 erat
1739 2213 1894 2281 juxta
1921 2229 2017 2282 pu-

427 2321 584 2362 teum
609 2310 661 2362 in
691 2319 862 2380 porta.
888 2307 1184 2362 Mirabatur
1211 2306 1254 2360 si
1286 2313 1428 2359 esset
1458 2306 1548 2375 qui
1579 2320 1646 2358 ex
1672 2319 1737 2358 eo
1767 2303 2017 2373 poculum

424 2402 478 2454 ei
511 2401 780 2470 pnrberct
805 2439 819 2462 ,
867 2398 1011 2468 quod
1057 2397 1226 2468 magis
1268 2404 1483 2466 optaret
1536 2411 1695 2464 quam
1736 2395 1780 2447 si
1821 2396 1940 2462 quis
1967 2395 2015 2448 ei

427 2497 682 2560 magnam
713 2491 994 2560 pecuniam
1027 2489 1093 2542 ad
1129 2497 1338 2556 tempus
1369 2485 1606 2540 alfcrret.
1654 2485 1720 2539 Et
1748 2485 1864 2538 haec
1893 2500 2016 2537 cum

425 2583 710 2636 audissent
732 2581 821 2634 isti
847 2589 956 2634 tres
980 2580 1102 2645 viri,
1151 2594 1276 2633 mox
1308 2586 1682 2642 occurrentes,
1713 2584 1765 2632 et
1787 2592 1887 2646 per
1907 2591 2019 2630 me—

422 2674 570 2728 dium
597 2673 832 2727 hostium
859 2672 962 2726 iter
990 2671 1249 2726 facientes
1289 2679 1551 2724 venerunt
1572 2671 1645 2724 ad
1673 2669 2012 2734 Bethlehem,

423 2771 481 2817 et
520 2764 836 2818 haurientes
878 2777 1071 2830 aquam
1095 2801 1110 2826 ,
1151 2762 1325 2816 denuo
1377 2762 1444 2816 ad
1472 2775 1651 2830 regem
1685 2775 1782 2830 per
1829 2775 2014 2815 eorum

421 2864 609 2909 castra
653 2853 856 2908 reversi
889 2861 1035 2918 sunt,
1067 2853 1140 2907 ita
1171 2860 1230 2906 ut
1253 2853 1525 2908 Palaestini
1552 2868 1740 2907 eorum
1767 2853 2014 2907 ﬁduciam

419 2953 476 2998 et
507 2943 1005 3014 magnanimitatem
1023 2943 1483 3011 obstupescentcs,
1515 2947 1637 3011 quia
1655 2944 1732 2997 sic
1751 2943 2016 3011 paucieos

418 3042 856 3098 contemnerent,
885 3049 914 3086 a
962 3033 1285 3104 migratione
1309 3043 1608 3090 cessarent.
1636 3054 1653 3086 ι
1713 3033 1848 3089 Tres
1879 3035 2013 3089 istos

419 3126 651 3188 scilicet,
705 3125 798 3195 qui
829 3139 1024 3194 aquam
1082 3127 1147 3180 de
1187 3125 1497 3180 Betlilehem
1531 3125 1848 3191 aﬂ'erebant,
1893 3127 2012 3181 illos
2043 3113 2086 3174 C

421 3223 534 3270 tres
559 3215 733 3270 voluit
762 3216 984 3288 intelligi
1012 3257 1028 3284 ,
1083 3217 1174 3288 qui
1203 3232 1364 3287 supra
1407 3218 1670 3272 nominati
1704 3227 1857 3282 sunt,
1910 3219 2012 3275 hoc

417 3321 506 3366 est
543 3309 797 3365 Jesbaam
848 3310 1015 3364 ﬁlium
1045 3311 1364 3372 Aeliamoni,
1414 3325 1572 3380 quem
1603 3311 1693 3366 i-lle
1741 3320 2017 3382 nuncupat

415 3399 717 3454 Eusebium
741 3397 906 3452 lilium
946 3398 1204 3462 Aeliimze,
1221 3408 1277 3452 et
1300 3398 1617 3452 Eleazarum
1636 3399 1800 3452 filium
1822 3399 2015 3466 Achai,

417 3505 585 3559 quem
631 3489 763 3544 dicit
789 3503 911 3544 esse
937 3489 1103 3543 lilium
1137 3489 1292 3554 Dodi,
1338 3499 1502 3560 atque
1542 3490 1795 3544 Semmaa
1848 3490 2016 3545 lilium

422 3583 575 3651 Age,
623 3594 784 3648 quem
839 3587 1113 3649 nuncupat
1158 3578 1446 3650 Semegem
1497 3579 1666 3634 tilium
1720 3581 1858 3635 lleli.
1910 3581 2016 3636 Sed

423 3672 684 3726 Hebraeus
709 3671 827 3736 ille,
873 3669 1028 3738 cujus
1051 3673 1102 3725 in
1133 3672 1380 3742 plurimis
1404 3673 1540 3727 locis
1567 3673 1725 3729 istius
1747 3675 1868 3729 libri
1895 3691 2018 3729 sen-

420 3773 543 3814 sum
575 3762 817 3830 exposui,
858 3770 966 3816 tres
999 3762 1132 3816 istos
1161 3763 1458 3816 arbitratus
1502 3771 1586 3816 est
1617 3762 1785 3818 fuisse
1833 3761 2016 3819 Abisai

422 3854 594 3906 tilium
621 3851 848 3917 Sarvize,
879 3860 936 3906 et
958 3850 1286 3916 Subbocliai,
1319 3852 1622 3917 Usathiten,
1655 3863 1710 3908 et
1747 3854 2016 3909 Jonatlian

425 3943 593 3996 tilium
647 3942 864 3996 Semina
912 3940 1100 3997 fratris
1131 3943 1318 4007 David,
1361 3943 1454 4012 qui
1477 3959 1638 4012 supra
1685 3961 2016 4000 commento-

421 4035 523 4087 κιιὶ
547 4041 676 4088 sunt
717 4033 773 4088 in
809 4033 1011 4102 praaliis
1041 4033 1471 4098 Philistinorum,
1516 4033 1670 4102 cujus
1700 4037 1877 4089 sensui
1931 4037 2016 4089 fa-

420 4142 554 4180 vere
586 4126 718 4180 mihi
767 4126 982 4180 videtur
1004 4124 1304 4194 Scriptura,
1341 4141 1462 4194 qua:
1487 4127 1562 4179 ita
1589 4127 1860 4181 concludit
1885 4125 2015 4181 nar-

421 4217 692 4270 rationem
718 4215 786 4268 de
819 4214 1096 4284 pranlictis
1124 4215 1297 4269 tribus
1319 4215 1455 4269 viris
1497 4229 1693 4284 aquam
1735 4216 1906 4269 David
1931 4217 2014 4270 af-

421 4305 728 4362 ferentibus
753 4324 770 4359 :

501 4440 519 4470 ι
555 4419 738 4476 Abisai
771 4436 1010 4490 quoque,
1073 4420 1243 4475 frater
1260 4420 1417 4488 Jeab,
1446 4422 1588 4478 illius
1613 4422 1841 4487 Sarviaz,
1866 4424 2012 4492 prin-

425 4533 444 4560 ι
493 4526 622 4580 ceps
669 4519 789 4565 erat
841 4513 906 4565 de
943 4512 1117 4566 tribus
1160 4512 1320 4577 istis;
1379 4512 1493 4581 ipse
1541 4514 1738 4582 estqui
1783 4514 2011 4567 elevavit

425 4623 446 4651 ε
495 4604 711 4656 hastam
738 4618 890 4656 suam
932 4612 1117 4656 contra
1144 4612 1431 4668 trecentos,
1462 4620 1600 4672 quos
1627 4604 1896 4658 interfecit
1918 4621 2012 4657 no-

425 4713 442 4742 ι
493 4693 731 4747 minatus
779 4693 832 4746 in
865 4693 1057 4756 tribus,
1102 4703 1154 4748 et
1179 4694 1319 4748 inter
1342 4702 1452 4750 tres
1485 4695 1740 4759 nobilior,
1789 4704 2011 4764 eratque

425 4801 444 4831 ι
493 4797 681 4836 eorum
724 4781 1014 4850 princeps;
1061 4785 1154 4835 sed
1207 4799 1377 4852 usque
1418 4783 1483 4837 ad
1519 4793 1627 4837 tres
1667 4785 1869 4852 primos
1904 4802 2008 4838 non

425 4893 446 4921 ι
495 4883 834 4942 pervenerat.
877 4893 896 4926 ι
985 4874 1118 4929 [line
1165 4884 1390 4945 apparet
1448 4877 1589 4944 quod
1641 4877 1823 4930 .‘lbisai
1866 4877 2010 4945 prin-

419 4979 555 5032 ceps
571 4971 711 5027 erat,
741 4972 796 5018 et
821 4963 1126 5019 nominatus
1152 4965 1291 5019 inter
1318 4975 1427 5020 tres
1453 4973 1758 5036 sequentes.
1793 4965 1898 5020 Sed
1923 4984 2011 5021 us-

418 5069 534 5123 que
577 5053 643 5107 ad
676 5062 789 5107 tres
821 5054 1046 5122 primos,
1079 5055 1168 5124 qui
1218 5071 1377 5124 supra
1411 5055 1672 5110 nominati
1708 5063 1854 5119 sunt,
1901 5072 2007 5108 “92)

415 5145 690 5212 pervenit,
749 5145 850 5198 huc
879 5155 984 5208 est,
1007 5143 1279 5209 Jesbaazn,
1335 5147 1650 5200 Eleazarum
1679 5155 1732 5200 et
1769 5146 2007 5212 Semina,

415 5251 658 5305 quorum
693 5246 846 5291 actus
875 5236 1199 5291 fortissimos
1245 5253 1407 5307 supra
1443 5238 1700 5292 narravit.
1731 5238 1883 5303 Quod
1911 5254 2008 5291 au,

419 5334 539 5380 teni
566 5325 737 5380 David
771 5325 1004 5380 oblatam
1058 5327 1160 5380 sibi
1210 5343 1406 5396 aquam
1455 5327 1641 5382 bibere
1676 5327 1875 5391 noluit,
1917 5327 2009 5381 sel

421 5414 658 5466 bonum)
702 5428 820 5468 eam
866 5413 1086 5480 libavit,
1128 5416 1431 5486 exemplum
1475 5418 1702 5486 prrehuit
1748 5418 2006 5474 militibus

411 5502 542 5556 suis
579 5501 910 5558 fortitudinis
939 5512 995 5558 et
1019 5506 1355 5560 constantiae.
1399 5504 1540 5560 Vicit
1565 5522 1694 5578 ergo
1735 5516 2003 5572 naturain,

419 5603 486 5647 at
517 5594 714 5649 sitiens
740 5611 844 5648 non
871 5595 1098 5659 biberet,
1130 5612 1236 5665 quo
1256 5612 1354 5651 suo
1381 5597 1627 5666 exemplo
1645 5598 1824 5654 omnis
1861 5613 2009 5651 exer-

417 5681 572 5737 citrs
595 5681 824 5740 tolerare
844 5683 987 5738 sitim
1017 5684 1265 5742 disceret.
1308 5686 1460 5753 Quod
1493 5687 1536 5742 si
1566 5686 1723 5744 altius
1757 5688 1887 5744 velis
1915 5703 2006 5744 ex-

549 5779 572 5786 μ

565 5787 594 5811 ἢ

2120 1864 2320 1919 hendat
2349 1865 2402 1918 in
2433 1865 2690 1930 minimis,
2731 1881 2890 1934 quem
2936 1867 3179 1922 meminit
3225 1871 3278 1924 in
3317 1871 3568 1928 maximis
3609 1873 3702 1929 de-

2117 1955 2356 2024 liquisse.
2389 1954 2499 2008 Lex
2534 1964 2680 2008 recte
2715 1956 2923 2010 Veteris
2949 1955 3277 2012 Testamenti
3309 1958 3538 2014 alienam
3566 1977 3698 2016 uxo-

2118 2060 2232 2100 rem
2255 2048 2639 2115 concupiscere
2666 2048 2936 2116 prohibet,
2963 2065 2992 2104 a
3027 2065 3150 2121 rege
3181 2066 3308 2106 vero
3330 2053 3484 2106 fortia
3516 2051 3696 2121 juberi

2117 2137 2376 2193 militibus
2399 2139 2484 2192 vel
2513 2140 2806 2194 desiderari
2853 2157 3049 2210 aquam
3080 2159 3184 2198 non
3215 2145 3506 2214 pcenaliter
3529 2157 3696 2202 vetat.

2115 2227 2184 2284 Et
2195 2229 2380 2284 cuncti
2389 2231 2636 2284 novimus
2650 2232 2790 2298 quod
2805 2231 2970 2286 David
2989 2235 3432 2302 concupiscentia:
3447 2252 3705 2292 mucrone

2117 2317 2408 2374 transﬁxus
2445 2319 2671 2374 alienam
2701 2322 2980 2391 conjugem
3013 2326 3339 2394 etappetivit
3363 2335 3416 2379 et
3448 2327 3698 2382 abstulit:

2115 2410 2269 2479 cujus
2303 2411 2517 2482 culpam
2555 2413 2715 2484 digna
2746 2415 2971 2470 verbera
3019 2424 3143 2471 sunt
3169 2428 3371 2482 secuta,
3419 2426 3474 2472 et
3501 2418 3702 2472 malum

2115 2503 2260 2571 quod
2289 2504 2622 2573 perpetravit
2641 2545 2655 2568 ,
2686 2519 2783 2573 per
2807 2506 3139 2574 pwnitentiie
3173 2507 3410 2562 lamenta
3441 2509 3698 2564 correxit.

2116 2590 2364 2658 Quicum
2408 2592 2564 2661 longe
2589 2603 2710 2664 post
2737 2604 2930 2650 contra
2954 2597 3190 2650 hostium
3239 2613 3439 2652 cuneos
3466 2599 3700 2664 sederet,

2118 2696 2311 2751 aquam
2341 2681 2527 2737 bibere
2550 2697 2614 2736 ex
2639 2699 2826 2738 eorum
2855 2685 3089 2740 cisterna
3123 2702 3187 2740 ex
3217 2687 3485 2743 desiderio
3512 2689 3698 2744 voluit.

2116 2770 2281 2838 Cujus
2301 2771 2457 2826 electi
2481 2774 2698 2840 milites,
2731 2775 2872 2829 inter
2893 2784 2983 2830 cat
3001 2792 3141 2832 uvas
3162 2777 3562 2832 adversantium
3598 2796 3702 2834 me-

2117 2862 2235 2918 dias
2258 2872 2620 2932 erumpentes,
2644 2881 2862 2933 aquam,
2901 2883 3063 2936 quam
3093 2868 3518 2935 desideraverat,
3549 2871 3699 2926 illrsi

2117 2953 2443 3010 detulerunt.
2494 2954 2602 3010 Sed
2646 2956 2730 3010 vir
2783 2956 3006 3028 ﬂagellis
3055 2959 3298 3014 eruditus
3351 2963 3701 3032 semetipsum

2115 3047 2363 3116 protinus
2402 3063 2524 3102 cum
2563 3049 2805 3118 periculo
2848 3050 3080 3106 militum
3123 3067 3317 3121 aquam
3364 3053 3701 3123 desiderasse

2119 3137 2482 3207 reprehendit,
2522 3153 2749 3210 eamque
2783 3140 3010 3194 Domino
3037 3140 3265 3196 fundens
3310 3142 3512 3205 libavit,
3561 3146 3703 3198 sient

2117 3227 2230 3284 illic
2249 3230 2509 3299 scriptum
2535 3238 2617 3284 est
2650 3245 2664 3283 :
2723 3249 2740 3283 ι
2777 3230 2991 3286 Libavit
3019 3248 3136 3286 eam
3164 3233 3408 3289 Domino.
3452 3252 3470 3286 ι
3515 3213 3584 3286 in
3612 3250 3699 3288 sas

2117 3322 2385 3378 eriﬂcium
2426 3325 2621 3394 quippe
2666 3324 2878 3380 Domini
2921 3324 3088 3380 eﬂ'usa
3129 3341 3268 3394 aqua
3306 3341 3566 3380 conversa
3597 3336 3699 3389 est,

2116 3414 2242 3484 quia
2281 3414 2492 3483 culpam
2537 3416 2988 3485 concupiscentia:
3013 3417 3274 3472 mactavit
3315 3432 3411 3486 per
3438 3418 3704 3485 paeniten-

2119 3504 2248 3558 tiam
2280 3505 2715 3575 reprehensionis
2736 3522 2865 3561 suae.
2909 3506 3008 3573 Qui
3035 3521 3166 3578 ergo
3191 3507 3462 3576 quondam
3503 3523 3703 3560 concu-

2117 3594 2325 3664 piscere
2359 3595 2591 3650 alienam
2621 3595 2904 3667 conjugem
2951 3612 3290 3667 nequaquam
3338 3596 3536 3658 timuit,
3583 3605 3704 3665 post

2117 3687 2301 3748 etiam,
2331 3687 2457 3755 quia
2487 3703 2683 3756 aquam
2712 3689 3072 3758 concupisset,
3104 3689 3338 3759 expavit.
3393 3686 3528 3754 Quia
3555 3688 3698 3742 enim

2117 3795 2177 3834 se
2197 3779 2381 3833 illicita
2402 3788 2746 3848 perpetrasse
2771 3782 3110 3847 meminerat,
3137 3790 3328 3836 contra
3351 3779 3698 3849 semetipsum

2110 3869 2224 3938 jam
2253 3870 2456 3938 rigidus
2479 3871 2645 3926 etiam
2682 3888 2714 3925 a
2736 3872 2900 3926 licitis
2929 3872 3254 3926 abstinebat.

2191 3978 2210 4011 ι
2241 3961 2306 4014 Ει
2329 3961 2560 4015 Banaias
2579 3960 2721 4017 ﬂlins
2747 3961 2931 4016 Joadai
2951 3963 3050 4016 viri
3075 3962 3355 4018 fortissimi
3383 3979 3698 4033 magnorum

2121 4069 2141 4101 ι
2169 4066 2391 4119 operum
2404 4052 2468 4104 de
2485 4051 2766 4120 Capsahel.
2792 4072 2810 4102 υ
2837 4053 3142 4106 Notandum
3159 4063 3336 4106 autem
3363 4057 3524 4122 quod,
3543 4054 3700 4122 juxta

2118 4141 2400 4196 Hebraeum
2429 4143 2774 4211 praedictum,
2812 4145 2868 4197 in
2905 4143 3131 4200 Hebraeo
3174 4161 3280 4200 non
3312 4145 3542 4202 habetur
3587 4163 3702 4200 ma-

2116 4249 2334 4302 gnorum
2371 4250 2604 4303 operum,
2637 4235 2732 4290 sed
2759 4236 3010 4305 magister
3042 4253 3276 4306 operum.
3328 4237 3592 4306 Capsahcl
3616 4238 3696 4292 iii-

2120 4331 2444 4394 terprctatur
2468 4327 2798 4395 congregatio
2828 4325 2946 4380 Dei.
2990 4327 3245 4397 Magister
3290 4328 3436 4384 enim
3461 4335 3581 4382 erat
3626 4331 3694 4384 de

2115 4415 2529 4486 congregatione
2549 4415 2666 4480 Dei,
2698 4415 2752 4470 id
2785 4424 2905 4482 est,
2952 4415 3166 4471 Cerethi
3205 4425 3256 4472 et
3295 4416 3560 4483 Phelethi,
3605 4419 3698 4488 qui

2117 4505 2541 4573 interpretantur
2568 4504 2853 4559 occidentes
2896 4513 2952 4560 et
2983 4504 3319 4573 viviﬁcaules.
3383 4524 3401 4556 ι
3430 4506 3548 4576 lpsc
3577 4524 3700 4577 per-

2126 4611 2142 4645 ι
2179 4595 2348 4650 cussit
2375 4595 2509 4650 duos
2556 4594 2739 4649 leones
2781 4594 2952 4648 illaab.
2988 4615 3005 4645 ι
3056 4595 3202 4660 Quos
3251 4595 3694 4665 Paralipomenon

2118 4686 2250 4740 duos
2270 4685 2414 4738 Ariel
2447 4684 2604 4738 Moab
2634 4685 2878 4740 nominat
2903 4684 2955 4755 (Ι
2991 4685 3115 4738 Par.
3147 4685 3244 4755 XI).
3287 4685 3396 4741 Viri
3428 4702 3557 4758 ergo
3589 4687 3698 4742 for-

2121 4774 2311 4829 tissimi
2342 4774 2430 4828 isti
2466 4774 2685 4828 fuerunt
2729 4775 2783 4828 in
2815 4790 2982 4844 regno
3013 4775 3167 4829 Moab
3196 4793 3208 4830 :
3256 4777 3398 4832 unde
3434 4778 3580 4834 Ariel
3615 4782 3694 4834 vel

2121 4867 2301 4920 leones
2343 4873 2739 4934 nuncupantur.
2770 4865 2916 4918 Ariel
2945 4867 3088 4920 enim
3117 4867 3540 4935 interpretantur
3562 4887 3696 4941 pra:-

2109 4955 2180 5010 lia
2197 4956 2314 5010 Dei.
2346 4956 2492 5020 Quos
2507 4955 2755 5019 Banaias,
2782 4955 2908 5009 dum
2937 4966 3258 5026 provocatus
3285 4968 3428 5014 esset
3461 4962 3528 5027 ab
3569 4963 3690 5026 illis,

2111 5056 2392 5116 superatos
2420 5045 2708 5100 interfecit.
2742 5045 2892 5112 Quod
2921 5055 3100 5100 auwm
3131 5047 3328 5102 dicitur
3360 5050 3426 5104 de
3455 5049 3653 5105 lianaia
3677 5073 3688 5104 :

2116 5155 2134 5188 I
2175 5138 2240 5191 Et
2261 5137 2372 5207 ipse
2397 5137 2675 5198 descendit
2697 5144 2752 5191 et
2775 5137 3039 5206 percussit
3076 5137 3283 5194 leonem
3309 5141 3362 5194 in
3387 5142 3563 5196 medio
3581 5143 3692 5197 cis-

2119 5247 2137 5282 ι
2173 5238 2340 5284 terna:
2361 5229 2413 5283 in
2449 5229 2640 5284 diebus
2661 5228 2824 5295 nivis,
2871 5248 2891 5282 ι
2946 5229 3214 5297 quomodo
3259 5231 3330 5286 sit
3350 5231 3572 5298 factum,
3595 5232 3689 5287 Jo-

2111 5323 2310 5392 seplius
2351 5330 2540 5377 narrat
2573 5321 2850 5392 apertius:
2880 5321 3004 5390 quia
3032 5320 3276 5376 videlicet
3317 5323 3549 5377 cisterna
3579 5323 3692 5380 fue-

2115 5413 2186 5467 rit
2230 5413 2457 5471 nimium
2479 5411 2767 5484 profunda,
2795 5428 2918 5482 quae
2940 5421 3182 5483 tempore
3207 5413 3422 5478 hiemis,
3444 5429 3570 5468 cum
3599 5429 3688 5469 es-

2113 5513 2234 5558 sent
2289 5506 2470 5562 omnia
2521 5505 2732 5560 nivibus
2779 5504 2967 5574 plena,
3007 5504 3121 5575 ipsa
3166 5520 3380 5574 quoque
3415 5505 3580 5559 nimio
3610 5508 3689 5560 ni-

2112 5596 2256 5650 vium
2301 5605 2518 5667 aggestu
2567 5596 2730 5652 fuerit
2769 5607 3063 5666 eomquata.
3121 5598 3292 5663 Quam
3334 5611 3454 5648 cum
3483 5594 3566 5650 leo
3597 5613 3687 5652 su—

2113 5688 2432 5757 perveniens
2493 5688 2712 5758 periculi
2755 5688 2969 5744 nescius
3017 5685 3328 5752 incidisset,
3379 5684 3686 5762 ibidemque
