4026 6202
417 344 515 399 ilﬁ
1090 337 1149 391 B.
1192 336 1444 391 IIABANI
1484 335 1703 391 MAURI
1736 332 1999 390 ARCIIIEI

2105 330 2400 388 MOGUNT.
2443 330 2729 387 OPEIIUM
2766 332 2946 388 PARS
2982 331 3023 387 1.
3573 336 3672 390 120

414 460 699 514 conclusus
725 454 912 526 grandi
958 453 1135 522 rugitu
1176 453 1472 507 clamaret:
1512 449 1868 505 accurrebant
1895 448 1990 500 ho-
2024 454 2066 505 Α
2096 443 2160 498 Ili
2182 444 2346 499 etiam
2374 453 2485 498 tres
2521 452 2676 497 erant
2706 458 2868 513 super
2892 444 3131 513 triginta.
3172 443 3236 497 Et
3275 457 3341 499 ne
3375 459 3536 514 quem
3561 462 3675 501 mo.

413 554 586 604 mines
626 548 812 603 videre
855 546 983 614 quid
1024 552 1188 599 esset.
1261 545 1324 597 Et
1354 544 1477 597 dum
1508 557 1630 597 cum
1657 541 1777 595 aliis
1798 540 1864 593 ad
1890 537 1993 591 tale
2096 543 2238 599 vcat,
2288 534 2431 603 quod
2460 534 2512 586 in
2562 548 2772 588 summa
2801 548 2907 587 non
2938 534 3173 602 triginta,
3227 534 3321 588 sed
3352 536 3567 605 triginta
3596 554 3678 591 se-

412 640 780 713 speetacnlum
803 641 1014 693 veniret
1041 637 1293 701 Banaias,
1325 635 1534 690 resiluit
1574 634 1755 689 statim
1805 632 1860 685 in
1883 631 1993 685 cis-
2093 637 2230 698 ptem
2280 627 2566 696 legantur;
2606 625 2827 695 triginta
2883 625 3030 713 enim
3059 633 3115 678 et
3159 633 3364 713 septem
3413 636 3541 680 sunt
3576 628 3677 683 hoc

386 747 646 799 iternam,
701 740 755 788 et
782 746 1094 803 aggressum
1147 730 1341 783 mediis
1373 729 1425 782 in
1450 727 1665 781 nivibus
1701 722 1991 795 percussit,

411 838 465 883 et
488 826 757 881 interfecit
788 825 1019 878 leonem.
1054 821 1154 875 Nix
1178 822 1361 889 itaque
1390 834 1534 872 nunc
1571 814 1893 871 innocentia:
1915 812 1997 865 ui-

414 928 497 973 tor
519 926 572 971 et
608 916 813 987 gratite,
853 928 998 967 nunc
1024 910 1218 967 hiemis
1237 918 1292 965 et
1324 909 1492 981 frigus
1520 905 1804 961 charitatis
1841 900 1998 957 intel-

413 1010 501 1079 ligi
533 1013 728 1079 potest.
762 1005 913 1073 Quod
944 1013 1122 1058 autem
1153 1002 1380 1074 legimus
1405 1000 1458 1055 in
1483 1001 1791 1071 Regnorum
1821 994 1996 1058 libris,

412 1101 666 1156 Dauniam
691 1097 979 1168 quemdam
1008 1097 1075 1150 de
1118 1093 1351 1150 fortibus
1376 1091 1540 1147 Israel
1568 1088 1913 1145 descendisse
1943 1086 1997 1139 in

414 1192 740 1254 cisternam,
791 1195 845 1242 et
868 1185 1201 1257 percussisse
1228 1184 1438 1238 leonem
1466 1182 1521 1236 iu
1552 1189 1794 1250 tempore
1836 1176 1993 1237 nivis,

416 1280 781 1335 in:iiii'erentcr
823 1285 953 1348 puto
980 1277 1034 1331 in
1067 1275 1199 1330 locis
1228 1274 1334 1328 illis
1357 1273 1588 1344 positam
1622 1270 1821 1324 nivem.
1860 1266 1998 1332 Quia

414 1384 470 1427 et
495 1371 694 1427 Christi
722 1369 916 1439 gratia,
945 1382 1065 1438 qua:
1113 1367 1166 1420 in
1195 1366 1296 1421 hoc
1321 1364 1521 1419 mundo
1548 1359 1915 1430 resplenduit,
1945 1365 2000 1412 et

416 1463 584 1531 frigus
618 1460 898 1515 charitatis
939 1459 1058 1524 Dei,
1090 1474 1196 1528 quo
1223 1452 1830 1514 infrixerunthomines,
1858 1449 2000 1503 nivis

417 1551 634 1606 nomine
660 1549 836 1620 potuit
862 1547 1141 1618 Scriptura
1182 1562 1337 1601 sacra
1365 1542 1661 1615 signiﬁcari
1691 1559 1704 1595 :
1736 1540 1999 1593 Banaiam

414 1658 543 1698 vero
574 1640 870 1713 ﬁguraliter
907 1638 1258 1710 intelligimus
1287 1636 1649 1698 Salvatorcm,
1708 1632 1821 1700 qui,
1844 1629 2000 1699 juxta

415 1732 521 1786 vim
545 1732 779 1787 nominis
812 1730 917 1795 sui,
943 1730 1052 1799 ipse
1077 1728 1368 1796 wdiﬁcator
1395 1726 1652 1779 Dominus
1679 1724 2003 1792 interpreta-

418 1832 508 1877 tur
531 1864 546 1889 ,
577 1822 645 1877 de
670 1838 779 1892 quo
800 1821 1066 1891 Propheta
1097 1819 1491 1874 vaticinaverat
1511 1858 1526 1883 ,
1576 1816 1701 1886 quia
1736 1831 1836 1886 per
1872 1829 1996 1869 eum

415 1912 733 1969 aediﬁcanda
758 1910 999 1966 Ecclesia
1025 1918 1190 1975 esset,
1211 1909 1397 1963 dicens
1427 1927 1440 1961 :
1478 1926 1497 1957 ι
1527 1904 1828 1960 Ᾱεῖἀὶιίοειιιδ
1846 1904 2003 1959 Jeru-

414 2003 581 2058 salem
602 2002 859 2058 Dominus
884 1998 1055 2074 (Psal.
1081 1997 1282 2071 cexrv).
1320 2016 1339 2050 ι
1370 1997 1613 2065 Itemque
1642 2013 1655 2049 :
1685 2013 1704 2045 ι
1742 1994 2004 2048 Dominus

416 2092 704 2149 :ediﬁeavit
733 2089 862 2148 Sion
897 2088 1068 2164 (Psal.
1095 2089 1191 2162 Cl).
1228 2108 1247 2142 ι
1283 2088 1436 2156 Quod
1462 2086 1685 2142 verbum
1715 2085 1770 2140 in
1791 2083 2002 2140 factura

414 2183 561 2248 Evze,
587 2196 708 2252 qua:
737 2179 992 2236 Ecclesia:
1017 2186 1201 2250 typum
1233 2176 1446 2241 habuit,
1474 2174 1754 2244 Scriptura
1781 2174 2002 2244 propria

414 2271 812 2342 signiﬁcatione
839 2269 1038 2338 posuit,
1079 2267 1303 2322 dicens:
1338 2285 1357 2317 ι
1394 2265 1461 2319 Et
1480 2263 1768 2320 aediﬁcavit
1811 2261 1999 2318 Domi-

414 2375 515 2415 nus
544 2358 688 2414 Deus
717 2366 941 2422 costam,
972 2371 1134 2427 quam
1172 2355 1371 2411 tulerat
1398 2356 1464 2410 de
1500 2355 1695 2418 Adam,
1729 2353 1783 2407 in
1806 2352 1999 2407 mulie-

414 2462 530 2503 rem
544 2438 713 2520 '(Gen.
746 2447 832 2520 ιι).
864 2466 883 2500 ι
943 2446 1011 2501 Ει
1037 2445 1236 2500 Paulus
1263 2443 1506 2500 construi
1534 2458 1655 2498 eam
1679 2443 1869 2496 videns
1891 2442 1998 2495 ait:

416 2557 436 2589 ι
473 2538 570 2593 Dei
599 2537 887 2593 aediﬁcatio
911 2536 1046 2591 estis
1081 2534 1133 2608 (Ι
1164 2534 1287 2588 Cor.
1319 2532 1425 2603 ιιι).
1464 2552 1483 2584 ι
1533 2532 1645 2587 Nec
1671 2539 2004 2615 prmtereun-

413 2628 543 2682 dum
574 2628 717 2696 quod
765 2625 1025 2681 Hebrreus
1062 2624 1154 2679 ille
1197 2624 1410 2678 leonem
1454 2624 1637 2688 hunc,
1700 2636 1860 2691 quem
1899 2620 2006 2675 Ba-

417 2720 571 2773 naias
598 2715 894 2781 interfecit,
923 2714 1058 2771 Joab
1087 2714 1311 2786 intelligi
1338 2721 1591 2783 oportere
1608 2719 1796 2782 putat,
1825 2711 1918 2782 qui
1947 2711 2004 2766 in

416 2810 597 2867 medio
625 2810 891 2873 cisternae,
921 2809 973 2864 id
1007 2815 1109 2874 est,
1151 2807 1207 2861 in
1231 2807 1392 2861 domo
1416 2805 1648 2871 Domini,
1676 2805 1768 2859 ubi
1799 2818 2003 2860 cornua

416 2899 603 2956 altaris
642 2902 881 2966 tenebat,
904 2900 1117 2956 occisus
1136 2906 1222 2954 est
1246 2897 1365 2971 (ΙΙΙ
1390 2897 1520 2968 Reg.
1554 2896 1636 2970 ιι).
1665 2896 1808 2967 Ergo
1832 2895 2005 2952 altare

417 2994 651 3049 cisterna
693 2992 931 3059 dicitur,
979 2991 1106 3061 quia
1145 2991 1285 3045 sicut
1311 3003 1449 3059 aqua
1492 2988 1743 3044 cisterna:
1791 2986 2005 3042 mundi-

419 3086 549 3143 tiam
586 3085 764 3153 all’ert,
810 3086 883 3141 ita
918 3085 1083 3141 etiam
1121 3084 1471 3140 nihilominus
1497 3082 1615 3137 haec
1659 3081 1917 3146 cisterna,
1948 3077 2002 3133 id

421 3189 508 3235 est
534 3180 902 3238 sanctuarium
932 3177 1168 3243 Domini,
1195 3182 1413 3246 peccata
1440 3174 1710 3244 expiabat.
1749 3191 1768 3223 ι
1801 3171 1858 3227 In
1883 3171 2000 3227 die—

415 3269 517 3324 bus
571 3270 728 3333 nivis,
766 3288 785 3321 ›
840 3268 969 3339 quia
1020 3281 1119 3337 per
1155 3272 1386 3320 mortem
1435 3262 1671 3333 expiavit
1700 3268 1999 3332 peccatum,

409 3358 564 3428 juxta
597 3359 727 3414 illud
765 3359 1065 3415 Psalmista:
1094 3376 1106 3412 :
1142 3376 1162 3410 ι
1194 3355 1424 3412 Lavabis
1455 3370 1561 3422 me,
1596 3374 1616 3408 ι
1652 3355 1795 3424 quod
1818 3353 2007 3424 imple—

413 3460 529 3506 tum
550 3459 634 3506 est
663 3450 716 3505 in
745 3450 924 3506 medio
942 3450 1214 3514 cisternae,
1248 3467 1267 3499 ι
1308 3457 1363 3504 et
1403 3462 1565 3517 super
1595 3446 1776 3501 nivem
1798 3444 2006 3500 dealba-

415 3543 515 3597 bor
536 3539 708 3613 (Psal.
738 3540 818 3613 ι),
854 3560 873 3594 ι
910 3540 1053 3611 quod
1089 3539 1368 3609 impletum
1412 3546 1495 3592 est
1523 3537 1576 3591 in
1605 3552 1670 3591 eo
1704 3536 1845 3605 quod
1883 3535 2001 3589 ait:

420 3649 443 3681 ι
470 3631 659 3687 diebus
687 3631 845 3687 nivis.
883 3651 903 3685 ι
957 3630 1033 3686 De
1074 3645 1140 3685 eo
1178 3638 1380 3694 autem,
1424 3629 1566 3697 quod
1616 3628 2009 3696 subscquenter

417 3730 710 3778 narratur:
743 3740 763 3774 ι
794 3721 915 3793 Ipse
934 3735 1149 3793 quoque
1172 3718 1444 3774 interfecit
1468 3718 1644 3772 virum
1667 3716 2004 3787 Egyptium,

416 3829 440 3863 ι
477 3812 653 3866 virum
681 3812 904 3882 dignum
947 3809 1278 3881 spectaculo,
1314 3829 1334 3860 ι
1392 3806 1569 3861 virum
1598 3807 1760 3861 istum
1799 3806 2005 3873 Semei,

423 3903 594 3958 ﬁlium
640 3903 783 3959 Gera
832 3917 955 3958 esse
986 3902 1303 3966 arbitratur,
1350 3900 1444 3969 qui
1486 3899 1762 3954 maledixit
1812 3899 2001 3954 David.

419 3992 712 4048 Sciendum
757 3990 900 4064 quod
935 3992 1077 4048 idem
1120 3990 1300 4047 Semel
1333 3990 1400 4045 de
1442 3990 1679 4044 Bavicim
1712 3988 1896 4055 fuerit,
1952 3991 2005 4045 id

420 4091 528 4149 est,
558 4084 763 4139 electis.
819 4082 943 4138 Ideo
967 4081 1251 4154 Egyptius
1282 4082 1479 4147 dictus,
1503 4082 1629 4151 quia
1666 4096 1830 4152 opera
1859 4081 2004 4137 illius

419 4173 658 4244 Aﬁgyptii
685 4174 853 4228 Deum
873 4172 1323 4243 biasphcmantis,
1343 4186 1503 4242 quem
1526 4171 1757 4243 Moyses,
1781 4172 2006 4243 jubente

346 4336 351 4341 ῃ
419 4263 648 4317 Domino
673 4303 689 4328 ,
734 4263 1007 4318 interfecit
1050 4263 1104 4317 in
1134 4277 1352 4329 eremo,
1397 4278 1564 4333 opera
1594 4263 1838 4317 imitatus
1878 4263 2001 4319 fuit.

417 4354 511 4410 Ille
533 4356 679 4411 enim
703 4355 1097 4427 blasphemavit
1122 4357 1287 4412 Deum
1308 4397 1324 4423 ,
1350 4365 1406 4412 et
1444 4358 1548 4413 iste
1572 4357 1854 4413 maledixit
1877 4373 2004 4428 pro—

416 4444 635 4513 phetam
682 4452 738 4500 et
766 4459 969 4515 regem,
1008 4463 1027 4497 ι
1060 4445 1288 4517 Dignum
1318 4445 1664 4516 spectaculo:
1706 4467 1724 4499 ι
1784 4455 2000 4517 specta-

413 4540 573 4595 batur
599 4540 784 4605 etiam,
815 4548 908 4604 ut,
939 4540 985 4595 si
1018 4541 1395 4607 regrederetur
1419 4539 1741 4617 Jerusalem,
1788 4540 1998 4596 interﬁ-

415 4640 650 4687 ceretur.
705 4649 724 4681 ι
763 4629 1062 4684 [labentem
1088 4630 1139 4682 in
1168 4645 1330 4683 manu
1376 4629 1609 4693 hastam,
1649 4649 1672 4682 ι
1702 4630 1756 4684 id
1780 4640 1889 4694 est,
1923 4630 1998 4686 le-

413 4735 535 4789 gem
555 4717 672 4784 Dei,
700 4733 863 4788 quam
914 4718 962 4773 si
987 4718 1280 4773 meditatus
1315 4716 1504 4772 fuisset
1548 4720 1916 4788 permanendo
1941 4720 1997 4775 in

416 4808 737 4874 Jerusalem,
782 4823 891 4864 non
928 4807 1308 4879 perimeretur.
1350 4807 1485 4875 Quia
1512 4823 1641 4878 ergo
1667 4817 1995 4880 prteceptum

417 4902 557 4973 regis
578 4902 792 4956 irritum
816 4898 966 4967 fecit,
994 4898 1241 4955 exeundo
1269 4898 1417 4955 foras
1442 4898 1763 4966 Jerusalem,
1792 4901 1994 4958 idcirw

412 4992 467 5046 in
500 5008 623 5048 eum
649 5009 680 5046 a
710 4991 911 5045 Banaia
939 4991 993 5046 in
1020 4990 1199 5063 virga,
1241 4990 1297 5046 id
1323 4998 1427 5058 est,
1459 4991 1514 5045 in
1544 4990 1870 5047 rectitudine
1904 4991 1994 5061 ju-

410 5081 572 5137 stitia:
610 5083 931 5137 descensum
979 5088 1100 5146 est,
1141 5091 1198 5136 et
1221 5081 1396 5147 hasta,
1452 5096 1610 5153 quam
1632 5079 1746 5150 jam
1772 5098 1887 5138 non
1912 5099 1997 5139 re-

333 5162 336 5165 ’
412 5182 555 5227 ctam
586 5172 821 5237 tenebat,
844 5172 899 5227 vi
929 5172 998 5227 ab
1027 5184 1098 5227 eo
1117 5179 1330 5227 extorta
1351 5180 1453 5228 est.

488 5283 507 5314 ι
544 5264 670 5319 Haec
693 5263 821 5320 fecit
860 5264 1110 5331 Banaias,
1139 5264 1283 5322 ﬁlius
1329 5264 1529 5330 Joadaz,
1569 5275 1625 5322 et
1673 5267 1789 5337 ipse
1816 5268 1993 5322 nomi-

417 5374 436 5405 ι
475 5363 634 5409 natur
673 5355 818 5410 inter
846 5362 963 5411 tres
990 5355 1267 5422 robustos,
1287 5357 1381 5426 qui
1402 5364 1560 5411 erant
1580 5357 1725 5411 inter
1770 5358 1989 5428 triginta

419 5464 437 5495 ι
477 5443 789 5510 nobiliores,
819 5453 1191 5501 verumtamen
1220 5461 1396 5516 usque
1429 5447 1498 5501 ad
1530 5454 1641 5503 tres
1665 5462 1773 5503 non
1802 5462 1992 5518 perve-

418 5554 437 5587 ι
475 5545 650 5591 uerat.
673 5556 693 5588 ι
723 5534 1069 5607 Intelligitur,
1090 5537 1216 5607 quia
1238 5537 1352 5606 ipse
1385 5536 1654 5592 nominari
1683 5538 1873 5608 dignus
1900 5553 1990 5595 es-

410 5635 494 5679 set
522 5626 663 5682 inter
691 5634 801 5683 tres
832 5626 1099 5692 robustos,
1127 5626 1180 5682 id
1203 5634 1318 5691 est,
1348 5625 1533 5682 Abisai
1559 5636 1615 5682 et
1644 5625 1896 5682 Sibachai
1934 5636 1993 5683 et

410 5717 704 5785 Jonathan,
753 5720 949 5790 quippe
977 5719 1070 5789 qui
1096 5718 1305 5775 viribus
1324 5719 1403 5777 eis
1430 5719 1749 5791 :equiparari
1783 5729 1986 5791 posset.

2025 1785 2072 1844 Β

2098 717 2274 772 modo.
2333 716 2550 784 Septem
2601 713 2851 768 videlicet
2905 711 3159 767 fortiores
3186 712 3243 767 hi
3287 722 3455 766 sunt:
3487 713 3674 779 David,

2096 808 2186 877 qui
2215 806 2516 876 appellatur
2561 802 2889 868 Adeodatus,
2926 803 3134 867 Abisai,
3190 801 3466 867 Sibachai,
3511 804 3675 859 Jona-

2095 899 2248 964 than,
2294 898 2539 962 Eleazar,
2587 896 2803 951 Semma
2850 894 2992 950 ﬁlius
3023 893 3131 964 Age
3178 894 3246 949 de
3289 893 3468 961 Arari,
3495 906 3551 951 et
3572 895 3679 951 Ba-

2099 992 2270 1046 naias.
2309 990 2447 1045 Ecce
2470 1001 2697 1060 septem.
2748 989 2990 1058 Triginta
3031 997 3209 1042 autem
3235 988 3290 1042 hi
3315 997 3443 1044 sunt
3474 1007 3487 1043 :
3518 988 3679 1044 Aeaci

2098 1080 2375 1145 Eleanam,
2399 1078 2636 1144 Semma,
2674 1078 2893 1143 Sarath,
2919 1078 3239 1143 Elichaelcs,
3282 1079 3389 1145 Ira,
3428 1078 3678 1143 Abiezer,

2099 1170 2410 1235 Mobounai,
2449 1169 2692 1233 Selmon,
2746 1168 2987 1232 Maarai,
3028 1167 3178 1232 Eled,
3228 1167 3367 1233 Itai.,
3416 1166 3680 1231 Banaiau,

2100 1260 2448 1324 Eufrouitcs,
2496 1261 2717 1324 Abdas,
2770 1260 3035 1315 Abialbon
3063 1300 3078 1324 ,
3125 1259 3422 1324 Azmavct,
3474 1259 3682 1323 Eliaba,

2102 1351 2319 1406 Semma
2350 1352 2416 1406 de
2444 1351 2621 1417 Arari,
2671 1350 2846 1417 Aiam,
2898 1349 3222 1419 Eliphclcth,
3268 1350 3459 1415 Eliam,
3506 1351 3682 1415 Esrai,

2100 1445 2279 1509 Farai,
2304 1445 2458 1514 Giga,
2486 1445 2698 1507 Albani,
2723 1442 2930 1510 Seleth,
2955 1443 3169 1508 Naarai,
3199 1444 3304 1508 Ira,
3327 1445 3501 1511 Iareh,
3554 1446 3683 1501 Uria

2101 1536 2337 1589 Ethzeus.
2366 1535 2489 1590 Ideo
2518 1549 2647 1605 ergo
2676 1534 2806 1589 Uria
2833 1534 3053 1589 Ethaeus
3080 1534 3303 1589 ultimus
3322 1536 3540 1604 portitor
3559 1549 3685 1605 pro-
3765 1601 3770 1605 _

2100 1637 2224 1698 pter
2252 1628 2305 1683 id
2335 1630 2477 1698 quod
2503 1629 2767 1697 sequitur.

2669 1760 2898 1818 CAPUT
2935 1763 3123 1819 XXIV.

2104 1871 2183 1927 De
2228 1873 2427 1944 oﬂ'easa
2465 1873 2655 1944 David,
2693 1889 2799 1944 qua
2840 1874 3059 1944 o/I‘endit
3111 1875 3393 1931 Dominum
3435 1876 3491 1931 in
3528 1878 3688 1932 dinu-

2172 1943 2459 1996 meratione
2486 1942 2691 2015 Israel,
2706 1942 2769 1998 et
2800 1942 3045 2015 de'plaga
3084 1944 3146 2015 ob
3177 1945 3275 1999 hoc
3305 1948 3361 2000 in
3393 1945 3563 2001 Israel
3606 1949 3691 2000 di-

2176 2021 2336 2086 recta.
2375 2043 2447 2052 —
2482 2011 2636 2086 Quod
2656 2013 2828 2086 David
2853 2011 3095 2086 placabat
3123 2014 3404 2070 Dominum
3423 2017 3691 2086 offerendo

2175 2081 2484 2136 holocausta
2506 2083 2561 2136 in
2588 2099 2713 2137 area
2743 2081 2956 2137 Arcana
2982 2082 3233 2139 Jebustri.

2176 2213 2327 2285 (CAP.
2366 2219 2538 2285 xxrv).
2579 2233 2598 2266 ι
2635 2213 2703 2269 Ει
2733 2215 2940 2270 addidit
2961 2214 3112 2272 furor
3132 2216 3345 2271 Domini
3374 2217 3534 2273 irasci
3557 2234 3689 2273 con-

2110 2326 2130 2358 ι
2166 2316 2247 2362 tra
2276 2307 2467 2373 Israel,
2497 2327 2515 2361 ι
2550 2307 2670 2362 Jam
2700 2308 2845 2363 enim
2882 2309 3016 2366 ultio
3053 2310 3196 2365 facta
3236 2310 3411 2366 fuerat
3438 2311 3492 2366 in
3524 2313 3691 2366 David

2104 2404 2159 2451 et
2187 2396 2241 2450 in
2263 2397 2423 2451 domo
2444 2397 2595 2468 ejus;
2627 2399 2681 2452 in
2716 2397 2901 2468 praelio
2937 2414 3068 2453 vero
3094 2400 3186 2468 qui
3229 2399 3400 2453 noluit
3439 2401 3694 2455 resistere

2104 2488 2275 2542 David
2311 2488 2363 2541 in
2391 2489 2667 2557 pereundo
2697 2487 2824 2543 Uria
2844 2529 2859 2553 ,
2912 2489 3027 2543 htec
3073 2490 3311 2544 nondum
3356 2489 3489 2544 ultio
3511 2490 3691 2545 divina

2104 2574 2245 2630 facta
2285 2574 2480 2631 fuerat.
2538 2576 2744 2633 Idcirco
2769 2579 2861 2633 hic
2910 2577 3133 2633 ultimus
3179 2580 3418 2650 ponitur,
3462 2588 3522 2635 ιιι
3559 2580 3692 2636 ultio

2104 2666 2300 2721 mortis
2324 2664 2444 2735 ejus
2468 2666 2522 2721 in
2552 2667 2739 2737 prmlio
2771 2671 3192 2725 monstraretur.

2181 2796 2202 2830 ι
2234 2777 2863 2849 Commovitque‘David
2914 2781 2968 2836 in
3018 2782 3098 2837 eis
3141 2782 3412 2838 dicentem
3450 2800 3465 2837 :
3520 2781 3686 2847 Vade,

2111 2887 2131 2923 ι
2175 2886 2402 2926 numera
2444 2870 2612 2926 Israel
2654 2879 2710 2926 et
2750 2870 2964 2927 Judam.
3017 2872 3271 2942 Dixitque
3314 2888 3411 2928 rex
3457 2874 3523 2928 ad
3556 2872 3695 2928 Joan

2112 2980 2132 3015 ι
2175 2962 2476 3034 principem
2504 2962 2777 3018 exercitus
2797 2962 2880 3018 sui
2913 2980 2928 3020 :
2954 2962 3276 3019 Perambula
3302 2978 3492 3019 omnes
3519 2964 3695 3019 tribus

2113 3072 2134 3107 ι
2176 3054 2343 3111 Israel
2366 3071 2398 3110 a
2421 3056 2537 3110 Dan
2570 3071 2744 3126 usque
2785 3055 3070 3111 Bersabee.
3115 3056 3184 3111 Et
3210 3064 3492 3113 numerate
3520 3072 3691 3126 popu—

2028 3142 2075 3204 C
2112 3163 2132 3197 ι
2177 3144 2287 3201 lum
2309 3186 2326 3212 ,
2353 3145 2603 3201 utsciam
2625 3160 2911 3202 numerum
2953 3143 3090 3214 ejus,
3140 3155 3246 3202 etc.
3278 3165 3296 3200 ι
3335 3147 3440 3203 Pro
3461 3147 3695 3218 qualita-

2111 3234 2253 3291 tibus
2292 3235 2633 3292 subditorum
2678 3237 3039 3306 disponuntur
3085 3250 3205 3293 acta
3243 3238 3542 3309 regentium
3567 3277 3582 3303 ,
3635 3246 3696 3293 ut

2108 3345 2251 3400 saepe
2295 3343 2397 3399 pro
2443 3329 2587 3384 malo
2634 3328 2836 3400 gregis,
2890 3329 3057 3383 ctiam
3102 3328 3206 3383 viri
3246 3329 3375 3384 boni
3418 3328 3694 3398 delinquat

2107 3421 2217 3477 vita
2235 3420 2491 3491 pastoris.
2528 3419 2620 3475 ille
2638 3421 2805 3487 enim,
2834 3420 3273 3487 Deoattestante,
3301 3422 3573 3489 laudatus,
3603 3422 3697 3478 ille

2107 3527 2465 3583 supernorum
2491 3512 2871 3583 mysteriorum
2898 3515 3150 3569 conscius
3188 3513 3358 3569 David
3404 3515 3690 3585 propheta,

2108 3613 2320 3659 tumore
2342 3605 2626 3674 repentino
2665 3604 2916 3661 elationis
2958 3605 3199 3672 inflatus,
3224 3606 3477 3677 populum
3507 3622 3697 3662 nume-

2107 3695 2276 3751 rando
2304 3697 2572 3766 peccavit,
2603 3705 2661 3752 et
2698 3705 2880 3753 tamen
2912 3698 3204 3754 vindictam
3246 3698 3494 3769 populus,
3524 3697 3694 3754 David

2105 3795 2386 3856 peccante,
2456 3788 2712 3857 suscepit.
2758 3785 2870 3843 Cur
2917 3788 3071 3843 hoc?
3117 3788 3252 3855 Quia
3304 3789 3559 3845 videlicet
3606 3804 3694 3846 se-

2105 3876 2341 3932 cundum
2387 3877 2641 3932 meritum
2669 3877 2910 3947 plebium
2934 3878 3295 3949 disponuntur
3314 3881 3477 3936 corda
3516 3889 3693 3937 recto-

2106 3984 2247 4023 rum.
2283 3967 2470 4025 Justus
2490 3984 2620 4026 vero
2643 3968 2812 4041 judex
2839 3985 2907 4025 ex
2950 3970 3190 4040 ipsorum
3222 3970 3693 4028 animadversione

2105 4060 2367 4130 corripuit
2390 4069 2698 4130 peccantes,
2731 4076 2828 4117 rex
2854 4076 3086 4131 quorum
3111 4075 3275 4117 causa
3293 4061 3557 4131 peccavit.
3581 4059 3691 4119 Sed

2104 4150 2233 4219 quia
2265 4150 2400 4220 ipse,
2422 4167 2519 4206 sua
2540 4151 2749 4206 scilicet
2777 4150 3056 4207 voluntate
3105 4151 3445 4222 superhiens,
3474 4166 3505 4205 a
3531 4151 3689 4222 culpa

2104 4240 2313 4295 alienus
2335 4256 2443 4297 non
2472 4241 2597 4306 fuit,
2631 4241 2922 4297 vindictam
2963 4242 3134 4312 culpa:
3161 4243 3276 4312 ipse
3300 4242 3464 4299 etiam
3506 4259 3691 4300 susce-

2102 4331 2199 4400 pit.
2251 4329 2388 4385 Nam
2432 4332 2514 4385 ira
2555 4333 2801 4399 saeviens,
2858 4347 2980 4401 quae
3017 4332 3376 4403 corporaliter
3432 4333 3688 4404 populum

2102 4422 2353 4494 perculit,
2406 4431 2671 4479 rectorem
2700 4421 2915 4495 quoque
2941 4424 3125 4495 populi
3167 4424 3361 4480 intimo
3386 4425 3567 4482 cordis
3594 4427 3690 4483 do-
3765 4416 3771 4421 ’

2024 4500 2079 4561 Ι)
2104 4514 2220 4571 lore
2238 4514 2551 4585 prostravit.

2177 4628 2337 4685 Certe
2361 4643 2551 4684 verum
2579 4635 2697 4694 est,
2739 4628 2886 4698 quod
2930 4628 3005 4683 ita
3036 4628 3140 4685 sibi
3169 4629 3402 4686 invicem
3431 4639 3488 4686 et
3510 4639 3684 4687 recto-

2106 4735 2228 4775 rum
2255 4719 2450 4775 merita
2490 4726 2888 4774 connectentur
2930 4725 2986 4775 et
3017 4718 3281 4789 plebium,
3329 4727 3392 4775 ut
3439 4734 3584 4790 saepe
3616 4736 3684 4776 ex

2104 4810 2256 4880 culpa
2292 4817 2570 4880 pastorum
2595 4809 2834 4865 deterior
2859 4808 2953 4864 ﬁat
2992 4810 3103 4865 vita
3143 4810 3416 4881 plebium,
3441 4820 3499 4867 et
3541 4827 3688 4884 saepe

2102 4918 2168 4957 ex
2198 4902 2393 4956 merito
2420 4901 2658 4971 plebium
2687 4907 2929 4956 mutetur
2961 4901 3070 4956 vita
3092 4909 3388 4971 pastorum.
3423 4902 3531 4959 Sed
3555 4903 3685 4974 quia

2100 4991 2358 5047 certiores
2381 4991 2585 5046 habent
2607 4990 2845 5062 judicem
2868 5007 3046 5058 suum,
3088 5007 3282 5062 magna
3317 4993 3528 5048 cautela
3557 4994 3683 5048 sub-

2096 5083 2333 5138 ditorum
2367 5089 2453 5136 est
2493 5095 2602 5136 non
2632 5089 2834 5136 temere
2874 5081 3043 5138 vitam
3073 5080 3321 5151 judicare
3354 5081 3676 5152 regentium.

2096 5172 2282 5242 Neque
2304 5172 2449 5226 enim
2497 5171 2696 5226 frustra
2728 5186 2822 5241 per
2850 5172 3199 5242 semetipsum
3241 5172 3501 5228 Dominus
3549 5191 3570 5223 ι
3603 5187 3680 5228 ωδ

2095 5261 2580 5316 nummulariorum
2608 5260 2780 5327 fudit,
2821 5269 2877 5317 et
2902 5262 3192 5318 cathedras
3221 5263 3566 5319 vendentium
3593 5279 3680 5319 co-

2094 5354 2304 5411 lumbas
2331 5354 2524 5410 evertit
2545 5353 2729 5427 (Joan.
2761 5357 2856 5427 u):
2892 5376 2911 5408 ι
2940 5355 3194 5410 nimirum
3213 5354 3526 5425 signiﬁcans
3549 5356 3677 5425 quia

2091 5461 2192 5519 per
2236 5446 2526 5517 magistros
2567 5446 2784 5516 quidem
2810 5447 2980 5502 vitam
3018 5446 3226 5517 judicat
3268 5446 3530 5516 plebium,
3581 5447 3679 5503 sed

2091 5553 2191 5609 per
2211 5538 2558 5609 semetipsum
2590 5538 2732 5593 facta
2752 5537 3029 5593 examinat
3057 5538 3460 5608 magistrorum,
3491 5552 3676 5609 quam-

2092 5630 2176 5686 vis
2203 5630 2368 5685 etiam
2409 5630 2745 5686 subditorum
2778 5629 2929 5696 vitia,
2977 5644 3097 5698 qua:
3126 5644 3157 5682 a
3192 5629 3466 5698 magistris
3512 5624 3675 5683 modo

2093 5722 2501 5778 dissimulantur
2515 5722 2598 5778 vel
2623 5719 2852 5792 iudicari
2879 5727 3174 5791 nequeunt,
3201 5718 3318 5788 ejus
3337 5717 3548 5791 (procul
3574 5715 3674 5773 du-
