4010 6194
340 313 438 370 121
1158 302 1510 361 COMMENT.
1551 302 1617 357 IN
1658 298 1901 358 LIBROS
1934 301 2002 358 IV
2043 302 2312 359 REGUM.
2348 331 2418 343 --
2450 301 2519 358 IN
2558 300 2685 359 LIB.
2724 300 2788 359 II.
3490 305 3596 361 {22

334 429 452 501 hic)
472 425 679 499 iudicio
705 431 1068 480 reservantur.
1118 420 1287 492 Igitur
1327 419 1456 474 dum
1507 418 1653 474 salva
1696 418 1800 471 fide
1830 432 1917 471 res
1946 420 1992 477 Α
2023 431 2163 480 rum,
2210 415 2412 470 dabunt
2435 415 2628 486 singuli
2654 416 2884 485 pretium
2922 431 3020 486 pro
3039 416 3321 473 animabus
3352 419 3465 473 suis
3487 419 3595 473 Do-

340 521 543 593 agitur,
584 516 802 571 virtutis
841 522 927 569 est
953 512 1166 575 merito,
1209 510 1254 566 si
1302 510 1560 580 quidquid
1612 508 1811 579 prioris
1837 517 1921 562 est
2024 504 2187 570 inino,
2231 513 2285 559 ct
2314 520 2418 558 non
2447 505 2719 576 eritplaga
2744 506 2796 559 in
2819 506 2916 570 cis,
2947 522 3070 560 cum
3096 506 3294 561 fuerint
3324 510 3591 564 rcecnsiti.

343 610 624 667 toleratur.
649 605 827 660 Debet
855 613 1034 659 tamen
1058 601 1334 657 humiliter
1353 600 1590 671 suggeri,
1619 600 1665 655 si
1691 598 1923 653 fortasse
2023 596 2134 651 Iloc
2171 605 2350 651 autem
2382 596 2531 652 dabit
2559 598 2764 661 OIIIIIIS,
2803 598 2894 666 qui
2922 599 3117 652 transit
3161 598 3228 652 ad
3253 616 3473 665 nomen,
3517 602 3597 655 cli-

342 700 515 754 valeat
568 695 715 767 quod
771 694 1020 764 displicet
1075 690 1385 748 emendare.
1457 690 1564 745 Sed
1623 689 1919 745 curandum

344 804 687 861 summopere
712 796 800 843 est
842 803 912 843 ne
949 786 1003 840 in
1038 784 1348 855 superbiam
1379 791 1655 837 transeant
1695 778 1920 848 iustitiae

345 882 661 937 inordinata
683 877 1024 933 defensiones
1048 916 1065 942 ,
1113 876 1240 931 dum
1289 872 1554 936 rectitudo
1580 873 1796 927 incaute
1845 871 1924 925 di-

340 973 542 1044 ligitur,
588 971 706 1041 ipsa
747 969 1005 1038 magistra
1048 965 1391 1021 rectitudinis
1432 964 1707 1020 humilitas
1764 962 1922 1015 amit-

341 1072 529 1127 tatur,
591 1076 664 1117 ne
721 1074 846 1115 eum
906 1058 1006 1114 sibi
1070 1071 1303 1128 przeesse
1354 1056 1583 1126 quisque
1636 1052 1918 1123 despiciat,

340 1167 499 1224 quem
538 1150 771 1206 fortasse
793 1148 1022 1218 contigit
1064 1155 1123 1202 ut
1160 1147 1216 1201 in
1247 1145 1428 1215 aliqua
1474 1144 1688 1200 actione
1733 1157 1919 1213 repre-

341 1244 561 1299 heudat.

406 1335 609 1389 Contra
639 1333 786 1388 hunc
817 1340 1083 1388 tumorem
1112 1331 1378 1400 superbiae
1406 1329 1744 1387 subditorum
1768 1342 1921 1383 mens

341 1425 407 1479 ad
456 1423 763 1480 custodiam
807 1421 1126 1478 humilitatis
1187 1421 1503 1485 edomatur,
1549 1418 1596 1474 si
1635 1418 1919 1473 infirmitas

340 1515 557 1586 propria
607 1515 943 1571 incessanter
993 1512 1307 1568 attenditur.
1370 1510 1479 1567 Has
1517 1510 1661 1565 vires
1705 1516 1920 1564 nostras

342 1605 607 1660 veraciter
653 1603 966 1659 examinare
1010 1602 1350 1672 negligimus,
1394 1609 1451 1655 et
1480 1600 1606 1670 quia
1659 1600 1725 1654 de
1766 1598 1921 1653 nobis
1965 1654 1981 1665 ε

342 1695 563 1751 fortiora
612 1694 928 1759 credimus,
985 1693 1186 1749 idcirco
1218 1708 1311 1748 eos
1358 1692 1451 1763 qui
1502 1690 1659 1745 nobis
1709 1687 1917 1759 praelati

2023 686 2244 740 tnidium
2283 685 2398 740 sicli
2443 685 2598 755 juxta
2651 702 2959 740 mensuram
3007 686 3207 756 templi.
3296 687 3473 743 Siclus
3518 689 3595 743 vi-

2019 778 2153 847 ginti
2177 778 2339 831 habet
2362 777 2562 836 obolos,
2591 776 2763 831 media
2785 792 2911 845 pars
2927 777 3042 831 sicli
3066 778 3323 833 offeretur
3341 779 3605 835 Domino.

2024 866 2117 932 Qui
2150 867 2377 920 habetur
2400 868 2451 921 in
2481 882 2707 921 numero
2728 883 2757 920 a
2790 868 2972 936 viginti
3002 868 3157 922 annis
3182 877 3236 922 ες
3276 883 3458 938 supra,
3504 874 3597 923 dae

2020 957 2096 1011 bit
2120 958 2370 1025 pretium.
2417 957 2724 1025 Divesuon
2773 959 2934 1012 addet
2980 960 3045 1013 ad
3075 960 3310 1014 medium
3355 960 3493 1026 sicli,
3542 969 3600 1015 ct

2018 1062 2222 1116 pauper
2256 1046 2385 1101 mihi
2415 1047 2639 1101 minuet.
2688 1046 3111 1118 SusccpuImque
3137 1049 3440 1117 pecuniam,
3478 1065 3598 1117 qua:

2019 1138 2212 1193 collata
2238 1153 2267 1190 a
2310 1136 2433 1192 filiis
2461 1137 2647 1203 Israel,
2686 1138 2865 1194 trades
2902 1138 2955 1192 in
2993 1154 3123 1194 usus
3153 1138 3481 1194 tabernaculi
3520 1148 3597 1191 te~

2019 1230 2280 1294 stimonii.
2308 1238 2367 1283 ut
2392 1229 2464 1284 sit
2493 1239 2895 1285 monumentum
2918 1245 3103 1286 eorum
3138 1246 3319 1285 coram
3346 1231 3597 1297 Domino,

2017 1326 2074 1373 et
2093 1318 2416 1388 propitietur
2440 1319 2721 1375 animabus
2749 1335 2935 1374 eorum
2960 1318 3157 1391 (Exod.
3180 1322 3331 1391 xxx).
3371 1342 3389 1373 ι

2094 1427 2113 1460 ι
2148 1409 2259 1464 Iloc
2292 1425 2419 1464 vero
2471 1409 2667 1464 oblitus
2706 1410 2873 1464 David
2911 1410 3111 1475 facere,
3153 1410 3355 1466 idcirco
3379 1408 3601 1465 offendit

2019 1499 2233 1564 Deum,.
2255 1507 2311 1553 et
2339 1499 2410 1555 ob
2436 1500 2539 1554 hoc
2557 1500 2713 1569 plaga
2742 1502 2892 1556 venit
2940 1501 2996 1555 in
3025 1500 3211 1556 Isracl.
3251 1499 3421 1569 Hujus
3468 1517 3598 1573 ergo

2018 1587 2121 1644 loci
2153 1589 2481 1644 mentionem
2511 1589 2715 1646 faciens
2741 1590 3008 1660 Iosephus
3053 1592 3128 1646 ita
3157 1591 3345 1658 refert,
3373 1592 3558 1648 dicens
3588 1610 3604 1645 :

2025 1698 2043 1732 ι
2082 1679 2363 1749 Prophetis
2390 1679 2571 1753 itaque
2592 1680 2991 1739 declarantibus
3014 1682 3202 1748 David,
3230 1683 3372 1752 quod
3390 1682 3441 1737 ei
3460 1682 3603 1739 Deus

342 1794 463 1840 sunt
487 1785 736 1840 distriete
770 1784 1096 1856 iudicamus.
1123 1782 1241 1849 Quo
1267 1783 1410 1837 enim
1438 1780 1795 1850 nosmetipsos
1820 1779 1919 1834 mi-
1945 1763 1993 1822 B
2021 1774 2383 1841 irasceretur,
2434 1775 2737 1845 supplicare
2785 1776 2982 1846 cwpit‘,
3029 1791 3260 1846 eumque
3298 1790 3489 1844 rogare
3542 1783 3603 1830 ut

340 1891 439 1930 nus
461 1875 832 1947 agnoscimus,
877 1888 945 1931 eo
973 1874 1122 1938 illos,
1163 1888 1299 1942 quos
1350 1871 1751 1943 reprehendere
1800 1870 1922 1924 niti-

338 1978 459 2018 mur
481 2003 499 2028 ,
556 1963 681 2034 plus
728 1964 993 2019 videmus.
1061 1962 1225 2035 Signa
1252 1964 1366 2021 haec
1398 1962 1535 2017 mala
1559 1970 1702 2026 sunt,
1743 1976 1861 2030 quze
1887 1976 1920 2015 a

336 2051 568 2107 subditis
596 2067 740 2123 saepe
788 2052 844 2108 in
869 2053 1128 2124 praelatis,
1170 2067 1312 2122 saepe
1353 2068 1383 2108 a
1418 2053 1655 2122 prmlatis
1682 2052 1736 2106 in
1787 2052 1919 2106 sub-

336 2140 463 2196 ditis
488 2143 922 2206 committuntur,
969 2143 1096 2212 quia
1135 2151 1191 2197 et
1230 2156 1420 2198 omnes
1465 2142 1714 2197 subditos
1746 2140 1802 2194 hi
1826 2140 1919 2208 qui

334 2241 579 2302 pra-sunt
622 2233 799 2288 minus
826 2248 989 2302 quam
1042 2232 1143 2302 ipsi
1180 2239 1308 2286 sunt
1336 2232 1609 2302 sapientes
1647 2230 1920 2285 arbitran-

338 2328 427 2374 tur
457 2336 475 2385 ;
527 2328 584 2375 et
603 2335 814 2375 rursum
844 2321 937 2390 qui
962 2321 1190 2392 subjecti
1222 2330 1371 2386 sunt,
1402 2329 1674 2376 rectorum
1702 2335 1922 2375 suorum

335 2412 581 2466 actiones
601 2412 886 2482 iudicant;
935 2421 992 2467 et
1036 2413 1082 2467 si
1123 2412 1267 2482 ipsos
1296 2412 1536 2483 regimen
1566 2420 1749 2467 tenere
1794 2425 1923 2465 con-

337 2498 593 2569 tingeret,
648 2516 708 2555 se
745 2502 987 2570 potuisse
1033 2516 1195 2571 agere
1247 2501 1440 2557 melius
1503 2509 1711 2562 putant.
1770 2500 1923 2558 Unde

335 2589 657 2660 plerumque
689 2592 753 2645 fit
801 2600 862 2649 ut
906 2600 964 2648 et
1013 2601 1251 2649 rectores
1295 2593 1474 2648 minus
1524 2593 1815 2662 prudenter
1856 2605 1922 2645 ea

336 2693 458 2752 qua:
476 2680 691 2752 agenda
728 2690 854 2735 sunt
903 2682 1136 2747 videant,
1174 2682 1300 2751 quia
1346 2698 1535 2738 eorum
1581 2681 1767 2738 oculos
1806 2682 1922 2752 ipsa

339 2770 534 2825 nebula
580 2770 831 2827 elationis
878 2773 1169 2838 obscurat;
1230 2782 1286 2827 et
1309 2789 1689 2843 nonnunquam
1736 2773 1785 2828 is
1830 2772 1923 2842 qui

340 2858 617 2929 subjectus
641 2869 728 2914 est
750 2861 878 2926 hoc,
931 2878 1052 2916 cum
1079 2863 1333 2931 praelatus
1357 2862 1543 2928 fuerit,
1595 2861 1760 2917 faciat
1780 2862 1924 2932 quod

340 2949 542 3005 dudum
590 2950 708 3006 ﬁeri
752 2952 998 3007 subditus
1039 2953 1319 3024 arguebat,
1345 2962 1399 3008 et
1427 2967 1527 3022 pro
1555 2968 1621 3008 eo
1662 2954 1806 3023 quod
1832 2953 1924 3008 illa

338 3056 459 3112 qua:
503 3040 844 3111 iudicaverat
891 3052 1195 3113 perpetrat,
1245 3043 1435 3098 saltem
1464 3042 1592 3114 quia
1637 3041 1923 3112 judicavit,

2020 1864 2285 1935 prepitius
2305 1872 2466 1932 esset,
2499 1874 2556 1920 et
2586 1866 2797 1921 veniam
2818 1867 3026 1935 peccati
3062 1866 3399 1921 concederet:
3448 1865 3603 1921 Tunc

2018 1971 2147 2026 ergo
2188 1955 2302 2010 Gad
2340 1957 2656 2027 prophetam
2695 1958 2844 2012 misit
2887 1958 2954 2013 ad
2990 1972 3113 2012 eum
3158 1957 3440 2022 Dominus,
3491 1964 3603 2012 tres

2020 2046 2266 2116 supplicii
2312 2047 2653 2103 conditiones
2696 2055 3026 2117 portantem,
3084 2055 3146 2101 ut
3193 2062 3383 2102 earum
3435 2058 3598 2115 quam

2019 2136 2273 2208 probaret
2300 2136 2544 2208 eligeret,
2595 2146 2779 2192 utrum
2811 2136 2971 2193 vellet
2998 2137 3196 2193 famem
3226 2136 3282 2191 in
3318 2132 3596 2206 provincia

2019 2228 2265 2298 generari
2293 2229 2450 2284 annis
2477 2237 2705 2299 septem,
2734 2245 2804 2283 an
2826 2230 2998 2284 tribus
3018 2228 3294 2283 mensibus
3312 2226 3601 2298 pugnando

2020 2323 2326 2377 vinceretur
2349 2321 2417 2375 ab
2437 2321 2682 2377 hostibus
2703 2362 2719 2389 ,
2764 2338 2832 2376 an
2860 2330 3005 2377 certe
3052 2321 3271 2376 morbus
3295 2327 3353 2374 et
3374 2319 3604 2387 languor

2024 2413 2305 2470 accederet
2328 2412 2502 2469 tribus
2526 2412 2715 2471 diebus
2739 2411 3002 2467 Hebraeis.
3050 2410 3143 2466 Ille
3171 2425 3300 2465 vero
3330 2410 3385 2464 in
3418 2408 3605 2464 anxie-

2023 2510 2191 2565 tatem
2226 2500 2388 2572 hujus
2421 2502 2702 2559 electionis
2743 2503 2983 2557 omnium
3033 2516 3216 2556 rerum
3243 2501 3603 2571 pessimarum

2025 2593 2331 2657 incurrens,
2358 2592 2715 2648 tribulabatur
2732 2600 2788 2646 et
2805 2593 3151 2649 vehementer
3175 2592 3356 2647 animo
3383 2590 3603 2646 videba-

2027 2690 2113 2737 tur
2160 2696 2282 2751 esse
2329 2682 2604 2738 confusus.
2658 2680 2902 2751 Cumque
2934 2684 3198 2753 propheta
3239 2682 3462 2747 diceret,
3501 2681 3605 2736 hoc

2022 2774 2333 2831 omnimodo
2356 2773 2661 2839 imminere,
2705 2784 2761 2828 et
2786 2787 3102 2842 responsum
3149 2773 3403 2829 velociter
3423 2774 3599 2842 exige-

2024 2872 2129 2929 ret,
2174 2872 2235 2918 ut
2257 2862 2482 2919 electam
2509 2863 2576 2917 ab
2603 2878 2669 2918 eo
2702 2862 3062 2916 conditionem
3092 2862 3428 2915 renuntiaret
3470 2861 3604 2926 Deo,

2026 2956 2270 3025 cogitans
2296 2970 2388 3009 rex
2431 2956 2577 3024 quia,
2624 2955 2668 3009 si
2709 2953 2905 3009 famem
2936 2954 3179 3025 eligeret,
3227 2963 3418 3009 contra
3467 2954 3604 3010 alios

2028 3046 2131 3105 hoc
2159 3045 2340 3102 facere
2368 3046 2675 3112 videretur,
2721 3046 2937 3115 quando
2976 3046 3089 3116 ipse
3129 3045 3345 3115 quidem
3397 3044 3605 3099 habens

342 3132 650 3187 erubescat.
713 3131 881 3203 Igitur
925 3134 1066 3189 sicut
1099 3136 1340 3205 pradatis
1386 3135 1685 3190 curandum
1721 3144 1805 3191 est
1855 3152 1926 3192 ne
1952 3115 1997 3178 (ἶ
2028 3134 2197 3191 multa
2224 3134 2493 3191 frumenta
2520 3151 2627 3191 non
2652 3142 2931 3206 pateretur
2952 3115 3207 3204 inopiam,
3232 3134 3453 3204 reliquis
3475 3149 3604 3189 vero

342 3237 527 3277 eorum
559 3223 745 3288 corda,
803 3224 1160 3280 aestimatione
1210 3226 1500 3298 singularis
1526 3227 1823 3297 sapientiae,
1845 3226 1927 3284 lo-

342 3327 439 3367 cus
463 3313 717 3382 superior
739 3313 983 3380 extollat,
1035 3315 1108 3370 ita
1143 3315 1403 3386 sul-iectis
1427 3319 1816 3389 providendum
1846 3330 1929 3377 est

342 3400 529 3455 nesibi
573 3409 850 3456 rectorum
899 3402 1042 3461 facta
1085 3405 1404 3477 despiciant.
1459 3406 1518 3464 Si
1553 3417 1733 3464 autem
1760 3410 1929 3480 magi-

342 3501 578 3548 strorum
626 3494 734 3547 vita
771 3492 895 3565 jure
943 3498 1393 3566 reprehenditur,
1439 3509 1652 3570 oportet
1697 3508 1757 3556 ut
1812 3500 1929 3570 eius

343 3586 560 3648 subditi,
592 3586 759 3641 etiam
788 3603 912 3643 cum
948 3589 1213 3660 displicet,
1240 3593 1559 3664 magistrum
1579 3604 1924 3652 venerentur.

347 3672 451 3729 Sed
475 3676 581 3731 hoc
607 3676 837 3733 solerter
857 3679 1197 3751 intuendum,
1223 3699 1292 3740 ne
1316 3700 1478 3755 quem
1498 3687 1696 3742 mutari
1720 3688 1929 3758 conspi-

346 3762 442 3828 cis,
471 3768 728 3822 venerari
760 3777 1095 3825 contemnas.

412 3854 647 3912 Subtilis
670 3858 871 3914 etenim
893 3859 980 3914 via
1009 3863 1237 3918 tenenda
1266 3871 1351 3921 est
1383 3865 1723 3923 rectitudinis
1747 3876 1803 3923 et
1831 3867 1930 3924 hu-

350 3943 615 4010 militatis,
665 3954 720 4002 et
765 3946 845 4002 sic
871 3950 1316 4019 reprehensibilia
1362 3954 1745 4025 magistrorum
1786 3955 1930 4012 facta

349 4036 706 4105 displiceant,
741 4047 1007 4108 quatenus
1034 4042 1367 4098 subditorum
1414 4059 1569 4100 mens
1611 4060 1643 4099 a
1664 4046 1929 4101 servanda

352 4127 648 4197 magisterii
676 4130 975 4184 reverentia
1002 4146 1109 4186 non
1138 4134 1378 4189 recedat.

420 4239 438 4270 ι
476 4221 636 4276 Dedit
662 4237 794 4293 ergo
833 4221 969 4279 Joab
1012 4240 1296 4280 numerum
1330 4227 1710 4298 descriptionis
1747 4229 1929 4300 populi

359 4327 375 4358 ι
410 4310 544 4381 regi.
576 4311 646 4366 Et
672 4312 890 4367 inventa
909 4322 1036 4368 sunt
1054 4315 1120 4371 de
1141 4315 1626 4389 Israeloctingenta
1653 4319 1818 4375 millia
1845 4320 1926 4374 vi-

360 4417 376 4449 I
410 4416 594 4454 rerum
618 4400 861 4468 fortium,
905 4404 994 4473 qui
1020 4406 1311 4461 educerent
1338 4407 1596 4480 gladium,
1625 4419 1680 4465 et
1703 4410 1769 4466 de
1787 4409 1925 4466 Iuda

358 4508 375 4538 ι
406 4491 797 4562 quinquaginta
812 4494 975 4548 millia
987 4506 1361 4567 pugnatorum.
1385 4518 1404 4552 ι
1431 4499 1731 4557 Notandum
1743 4512 1922 4557 autem

354 4580 571 4649 quodin
610 4575 1057 4648 Paralipomenon
1087 4584 1312 4655 legitur,
1351 4606 1369 4640 ‹
1406 4590 1552 4645 mille
1590 4591 1755 4646 millia
1797 4609 1925 4648 cen-

356 4678 464 4721 tum
489 4668 660 4722 millia
688 4668 758 4724 de
794 4669 985 4735 Israel,
1022 4681 1079 4728 et
1100 4674 1165 4729 de
1191 4672 1327 4731 Iuda
1348 4679 1739 4750 quadringenta
1761 4692 1816 4737 et
1843 4698 1929 4737 se-

356 4759 633 4830 ptuaginta
662 4759 831 4815 millia
858 4760 911 4831 (I
948 4760 1073 4816 Par.
1116 4764 1249 4837 xxi).
1281 4786 1299 4819 ι
1342 4765 1494 4833 Quod
1521 4770 1737 4838 quidem
1768 4771 1929 4827 intel-

358 4845 624 4915 ligendum
665 4857 800 4902 esta
840 4848 976 4904 Joab
1004 4864 1314 4910 numeratos
1346 4871 1487 4924 esse,
1530 4859 1624 4914 sed
1661 4876 1928 4918 summam

355 4952 538 4991 eorum
565 4937 803 4993 noluisse
825 4938 1109 4997 ostendere
1128 4942 1313 5011 David,
1348 4946 1453 5002 nisi
1480 4956 1711 5017 tantum,
1760 4968 1932 5022 quan-

359 5036 470 5081 tum
510 5029 565 5082 in
598 5028 871 5087 Samuelis
907 5031 1046 5088 libro
1072 5035 1328 5091 scribitur

432 5136 452 5168 ε
492 5117 771 5176 Percussit
808 5130 988 5177 autem
1037 5138 1131 5179 cor
1153 5124 1324 5181 David
1352 5142 1474 5182 eum
1511 5138 1795 5201 postquam
1828 5150 1932 5189 nu-

363 5227 384 5259 σ
417 5219 655 5265 meratus
684 5220 769 5268 est
790 5214 1040 5285 populus,
1070 5226 1125 5271 et
1148 5218 1284 5274 dixit
1302 5218 1369 5274 ad
1398 5220 1683 5277 Dominum
1725 5225 1929 5282 David:

364 5319 383 5352 ι
422 5299 650 5358 Peccavi
696 5304 851 5360 valde
889 5306 943 5360 in
983 5307 1087 5364 hoc
1113 5305 1287 5377 facto,
1328 5310 1423 5366 sed
1445 5327 1657 5383 precor,
1684 5315 1930 5384 Domine,

2026 3235 2172 3283 esset
2198 3226 2487 3297 angustia;
2524 3227 2655 3282 item
2686 3226 2732 3281 si
2775 3224 2999 3297 eligeret
3038 3225 3201 3281 trium
3236 3224 3502 3280 mensium
3524 3225 3605 3279 vi-

2027 3316 2255 3373 ctoriam
2290 3315 2551 3383 hostium,
2581 3316 2693 3387 ipse
2719 3317 2939 3386 quidem
2970 3315 3176 3371 habens
3200 3316 3347 3372 circa
3372 3330 3432 3370 se
3456 3314 3606 3371 viros

2027 3407 2374 3474 fortissimos,
2426 3416 2482 3464 et
2526 3409 2808 3475 custodes,
2863 3408 2999 3464 nihil
3044 3409 3266 3465 omnino
3318 3416 3604 3473 metueret,

2026 3499 2149 3555 neci
2191 3514 2321 3555 vero
2345 3498 2460 3568 eius
2501 3499 2771 3555 exercitus
2799 3497 3104 3568 subiaceret
3133 3515 3148 3565 ;
3194 3498 3336 3554 inter
3372 3499 3489 3552 haec
3509 3512 3607 3551 au-

2029 3600 2136 3647 tem
2179 3606 2520 3647 communem
2545 3590 2725 3662 potius
2754 3590 3061 3662 passionem
3086 3598 3142 3645 et
3168 3604 3354 3660 regum
3390 3594 3447 3643 et
3473 3588 3605 3643 sub-

2018 3682 2290 3753 jectorum
2320 3681 2503 3752 eligit,
2556 3681 2612 3735 in
2635 3696 2741 3752 qua
2778 3681 2939 3737 timor
2963 3680 3215 3736 omnibus
3249 3689 3336 3736 est
3357 3676 3607 3749 aequalis,

2027 3774 2251 3830 dicens:
2302 3771 2439 3840 Quia
2486 3772 2654 3828 multo
2684 3771 2877 3828 melius
2918 3768 2977 3825 in
3022 3770 3118 3826 Dei
3148 3770 3319 3841 magis
3357 3783 3517 3838 quam
3550 3768 3607 3823 iu

2027 3867 2264 3922 hostium
2304 3880 2496 3920 manus
2521 3864 2779 3921 incidere.
2830 3862 2957 3918 Hazc
2980 3856 3204 3917 audiens
3229 3861 3493 3932 propheta
3519 3874 3609 3916 rc—

2027 3956 2314 4013 nuntiabat
2356 3956 2601 4012 Domino.
2640 3956 2743 4023 Qui
2774 3956 3022 4012 morbum
3072 3961 3129 4009 et
3155 3952 3432 4007 interitum
3457 3951 3608 4009 misit

2029 4049 2083 4105 in
2133 4049 2431 4106 exercitum
2484 4047 2854 4103 IIebrazorum.
2900 4045 3267 4100 Moriebantur
3304 4045 3447 4100 enim
3497 4058 3607 4098 non

2029 4157 2137 4196 uno
2162 4141 2340 4205 modo,
2388 4148 2445 4195 ct
2483 4138 2638 4195 facile
2666 4138 2891 4210 languor
2911 4137 3176 4209 potuisset
3217 4138 3478 4206 agnosci;
3510 4135 3608 4192 sed

2032 4247 2180 4288 mors
2208 4231 2301 4300 qui
2324 4234 2424 4285 Sem
2451 4231 2504 4286 in
2543 4230 2816 4296 clunibus,
2873 4230 3057 4285 multis
3107 4245 3234 4286 vero
3290 4230 3607 4299 languorum

2029 4322 2426 4386 occasionibus,
2479 4330 2535 4378 et
2582 4336 2703 4391 qua:
2728 4336 2835 4376 non
2869 4330 3094 4392 possent
3129 4320 3378 4391 cognosci
3424 4318 3606 4386 facile,

2028 4413 2297 4485 peribant.
2347 4411 2500 4466 Alius
2550 4411 2696 4466 enim
2747 4425 2906 4481 super
2932 4409 3099 4464 alium
3155 4408 3507 4474 moriebatur,
3553 4417 3611 4464 et

2030 4504 2262 4558 latenter
2305 4500 2595 4557 imminens
2639 4499 2840 4554 malum
2884 4499 3140 4554 velociter
3177 4496 3387 4555 ferebat
3437 4498 3612 4555 inter-

2029 4593 2183 4648 itmn.
2203 4591 2308 4647 Alii
2338 4590 2600 4661 siquidem
2628 4590 2805 4660 perire
2828 4604 2951 4646 cum
2974 4590 3380 4646 rebennentibus
3404 4589 3614 4645 dolori—

2029 4686 2132 4741 bus
2156 4692 2212 4740 et
2240 4698 2427 4738 amaro
2447 4682 2645 4755 gemitu
2673 4682 2912 4737 animam
2933 4681 3326 4755 relinquebant.
3352 4678 3455 4736 Ah‘i
3477 4697 3617 4737 vero

2031 4777 2165 4848 ipsis
2188 4775 2522 4846 passionibus
2547 4776 2971 4839 marcescebant,
3003 4774 3078 4829 ita
3122 4782 3183 4828 ut
3204 4789 3378 4843 neque
3422 4789 3611 4829 curam

2036 4867 2291 4922 exhibere
2317 4865 2636 4935 corporibus
2658 4865 3034 4934 praevalerent,
3057 4865 3152 4920 sed
3175 4881 3273 4935 pro
3298 4864 3482 4919 labore
3515 4864 3610 4919 de-

2036 4957 2278 5012 ﬁcerent.
2308 4955 2413 5008 Alii
2440 4963 2619 5009 autem
2644 4954 2940 5023 repentinis
2961 4954 3198 5010 tenebris
3233 4970 3421 5010 eorum
3444 4968 3608 5010 cona-

2036 5056 2122 5100 tus
2178 5043 2562 5117 arripientibus
2601 5042 2844 5099 sull‘ocati
2868 5082 2884 5108 ,
2940 5043 3190 5112 protinus
3232 5043 3607 5112 exspirahant.

2033 5137 2137 5193 Alii
2167 5150 2328 5204 super
2356 5142 2618 5199 mortuos,
2659 5149 2796 5203 quos
2843 5132 3196 5203 sepeliebant,
3246 5133 3349 5205 ipsi
3391 5151 3607 5205 quoque

2036 5224 2424 5286 moriebantur,
2473 5220 2816 5297 imperfectas
2864 5221 3230 5293 relinquentes
3278 5224 3605 5293 sepulturas.

2035 5314 2327 5385 Incipiente
2354 5313 2535 5382 itaque
2554 5312 2811 5382 pestifero
2834 5312 3095 5385 languore
3128 5329 3221 5370 eos
3247 5315 3318 5369 ab
3338 5314 3470 5370 hora
3496 5329 3610 5368 ma-

362 5409 387 5444 ι
423 5402 481 5447 ιιι
508 5394 806 5451 transferas
825 5397 1167 5468 iniquitatem
1197 5401 1340 5458 servi
1364 5402 1463 5469 tui,
1488 5404 1613 5475 quia
1638 5406 1801 5462 stulte
1849 5408 1936 5478 egi
2038 5407 2212 5462 tutina
2248 5404 2538 5476 perimere,
2570 5419 2742 5475 usque
2788 5404 2854 5459 ad
2883 5404 3071 5460 horam
3116 5405 3327 5476 prandii
3359 5418 3609 5459 consum-

364 5500 387 5534 ι
417 5484 608 5551 nimis,
646 5494 753 5541 etc.
789 5506 809 5540 ι
855 5487 912 5544 In
940 5488 1081 5546 libro
1104 5506 1319 5563 quoque
1358 5492 1526 5549 Exodi
1559 5495 1631 5551 ita
1676 5497 1936 5566 scriptum

358 5585 474 5629 est:
536 5592 557 5628 ι
590 5573 829 5633 Locutus
863 5589 949 5635 est
996 5580 1252 5639 Dominus
1291 5582 1357 5638 ad
1406 5583 1659 5657 Moysen,
1710 5587 1933 5643 dicens:

2041 5506 2180 5551 mata
2215 5504 2340 5551 sunt
2373 5495 2535 5550 millia
2593 5495 2951 5566 septuaginta.
2998 5495 3128 5549 Erat
3176 5504 3356 5550 autem
3385 5491 3611 5562 angelus

2042 5587 2253 5643 Domini
2274 5586 2429 5658 iuxta
2452 5586 2669 5642 Areuna
2698 5585 2951 5643 Iobusaai.
2990 5606 3008 5638 ι
3057 5586 3113 5641 1η
3163 5584 3606 5652 Paralipomenon

359 5668 584 5737 Quando
606 5668 798 5726 tuleris
830 5686 1096 5728 summam
1125 5673 1355 5732 ﬁliorum
1386 5675 1549 5734 Israel
1581 5677 1734 5749 iuxta
1761 5693 1943 5735 numc-
2043 5695 2255 5750 quoque
2307 5678 2380 5734 ita
2428 5678 2688 5747 scriptum
2731 5687 2813 5734 est
2846 5696 2856 5730 :
2908 5696 2925 5728 ι
2959 5675 3127 5733 I’orro
3152 5674 3370 5745 angelus
3398 5675 3608 5732 Domini
