4010 6194
471 347 576 403 1Ωό

1143 340 1203 392 Β.
1243 334 1492 391 RABANI
1531 332 1746 386 MAURI
1785 329 2104 386 AliClllEl‘.
2151 328 2456 384 MOGUNI'.
2495 329 2778 382 Ol’ElillM
2819 327 2994 380 PARS
3035 326 3073 380 I.

3609 323 3718 384 1:".

469 455 810 524 stabatjuxta
835 464 1015 506 aream
1042 447 1222 505 Ornan
1244 443 1494 507 Jebuszei,
1545 441 1836 509 levansque
1868 443 2032 496 David
2061 449 2108 506 Α
2136 438 2275 490 Area
2317 436 2533 488 Areuna
2567 435 2650 488 vel
2675 449 2798 488 area
2829 433 3004 496 Ornzr,‘
3049 433 3159 502 ipsa
3185 442 3266 486 est
3293 433 3725 489 videlicct‘ierw

467 546 652 601 oculos
684 558 832 608 suos,
856 541 989 595 vidit
1016 537 1259 607 angelum
1283 534 1495 590 Domini
1519 541 1749 588 stantem
1781 533 1920 586 inter
1939 541 2041 588 ter-

473 653 583 690 ram
607 645 661 688 et
688 633 902 696 caelum,
934 639 988 684 et
1014 628 1350 698 evaginatum
1379 625 1611 696 gladium
1639 625 1692 678 in
1715 639 1874 678 manu
1901 620 2039 694 ejus,

467 736 521 782 et
552 740 763 780 versum
787 732 973 778 contra
994 719 1288 774 Jesusalem
1314 734 1328 782 ;
1378 725 1432 771 ct
1456 717 1766 770 ceciderunt
1790 725 1897 768 tam
1929 715 2042 784 ipse

467 831 627 886 qzmm
659 812 888 890 maiores
931 817 1060 862 natu
1115 807 1292 861 vestiti
1321 805 1514 861 ciliciis
1543 805 1700 874 proni
1733 803 1786 858 in
1841 812 2040 858 terram

468 909 518 976 (I
553 907 680 960 Par.

541 1018 558 1048 ‹
597 999 846 1064 Dixitque
889 993 1054 1048 David
1087 992 1152 1046 ad
1182 991 1484 1054 Dominum,
1532 1005 1654 1044 cum
1699 989 1922 1043 vidisset
1945 1003 2042 1040 au-

469 1108 487 1138 ‹
533 1089 710 1158 gelum
740 1088 1031 1146 creleutcm
1066 1083 1322 1154 populum
1353 1101 1364 1134 :
1399 1082 1510 1153 Ego
1540 1098 1656 1136 sum
1683 1081 1773 1150 qui
1793 1078 2037 1151 peccavi,

469 1197 487 1228 ι
531 1194 628 1248 ego
655 1177 836 1246 inique
864 1175 968 1244 egi.
1001 1167 1112 1237 isti,
1138 1173 1228 1242 qui
1253 1187 1380 1226 oves
1421 1180 1563 1234 sunt,
1595 1172 1722 1240 quid
1759 1168 2040 1223 fecerunt?

469 1285 487 1318 ι
535 1267 806 1329 Vertatur,
846 1267 1093 1327 obsecro,
1143 1277 1333 1316 manus
1371 1269 1460 1314 tua
1491 1270 1679 1315 contra
1701 1275 1805 1322 me,
1832 1266 1886 1313 et
1913 1274 2042 1311 con-

469 1376 488 1408 c
535 1365 618 1411 tra
646 1357 862 1410 domum
887 1355 1056 1424 patris
1085 1353 1208 1406 mei.
1239 1351 1402 1407 Venit
1436 1360 1614 1405 autem
1640 1350 1752 1404 Gad
1779 1350 1845 1403 ad
1869 1349 2038 1402 David

467 1464 485 1497 ι
534 1447 586 1500 in
619 1447 706 1500 die
733 1445 844 1511 illa,
893 1443 1111 1500 ctdixit
1153 1443 1244 1497 ei:
1297 1442 1576 1506 Ascende,
1623 1441 1891 1496 constitue
1939 1441 2044 1494 Do-

467 1554 485 1585 ι
531 1536 676 1588 mino
711 1535 880 1588 altare
929 1534 982 1588 in
1025 1549 1148 1587 area
1174 1533 1358 1588 ()rnan
1382 1530 1636 1596 Jebusaei,
1665 1541 1769 1585 etc.
1807 1550 1824 1583 ι
1881 1529 2043 1584 Ι)οηί-

459 1642 565 1695 que
590 1625 802 1680 Arcuna
837 1627 1224 1695 interpretatur
1268 1641 1416 1688 area,
1461 1631 1516 1677 et
1547 1622 1726 1677 Oruan
1751 1623 1916 1677 latine
1954 1637 2039 1676 re-

459 1723 617 1769 sonat
645 1714 816 1768 lumen
844 1715 1011 1768 nobis.
1063 1714 1208 1770 Bene
1246 1729 1376 1784 ergo
1407 1713 1574 1766 David
1605 1727 1724 1766 cum
1753 1712 2035 1766 Dominum

2143 528 2329 582 salem.
2361 526 2502 579 Emit
2529 540 2658 595 ergo
2685 524 2848 578 David
2881 538 3062 577 aream
3085 531 3140 576 et
3167 523 3330 577 heves
3385 527 3590 593 argenti
3651 529 3727 582 si-

2141 617 2242 672 clis
2269 615 2686 685 quinquaginta,
2731 615 2875 683 quod
2903 615 2955 666 iu
2990 613 3428 682 Paralipomenon
3461 615 3536 669 ita
3587 617 3726 686 legi—

2144 716 2232 762 tur
2256 725 2269 759 :
2321 724 2340 756 ‹
2379 706 2535 760 Dedit
2573 720 2701 774 ergo
2728 705 2895 758 David
2917 703 3118 758 Ornata
3149 719 3246 773 pro
3275 707 3391 760 loco
3419 707 3582 763 siclos
3603 711 3730 764 auri

2138 799 2426 868 justissimi
2472 798 2725 867 ponderis
2749 807 3034 851 sexcentos
3069 796 3118 864 (1
3149 797 3280 850 Par.
3313 800 3450 868 XXI).
3492 819 3510 852 ι
3564 801 3734 856 lutei.

2145 889 2416 959 ligendum
2442 902 2676 956 namque
2719 895 2833 952 est,
2867 887 3032 940 boves
3055 888 3261 955 argenti
3299 889 3446 942 siclis
3463 891 3734 959 quinqua-

2143 985 2310 1054 ginta,
2342 998 2524 1036 aream
2568 996 2696 1035 vero
2733 982 3007 1036 sexcentis
3036 981 3216 1034 aureis
3239 983 3458 1038 emisse.

2219 1096 2238 1126 ‹
2273 1077 2340 1128 Εῑ
2371 1074 2657 1130 aedificavit
2687 1075 2760 1128 ibi
2789 1075 2954 1128 David
2983 1075 3152 1128 altare
3177 1075 3422 1141 Domino,
3455 1087 3510 1132 ct
3535 1079 3734 1132 obtulit

2149 1185 2168 1218 ε
2214 1167 2527 1221 holocausta
2551 1175 2606 1219 et
2647 1165 2893 1235 paciﬁca,
2915 1174 2969 1220 et
2997 1165 3379 1234 repropitiatus
3409 1176 3493 1221 est
3535 1170 3721 1223 Domi-

2151 1274 2169 1306 ι
2213 1271 2314 1310 nus
2341 1265 2519 1320 terrae,
2559 1263 2615 1308 et
2643 1255 2879 1309 cohibita
2908 1264 2994 1309 est
3037 1255 3192 1326 plaga
3221 1255 3289 1308 ab
3317 1255 3500 1310 israel.
3531 1277 3550 1308 υ
3586 1258 3728 1312 Hinc

2142 1360 2357 1416 quoque
2384 1343 2557 1399 Verba
2595 1345 2813 1400 Dierum
2844 1344 3204 1399 ita‘narrant:
3251 1363 3271 1396 ι
3294 1345 3730 1403 Tabernaculum

2145 1444 2320 1489 autem
2362 1434 2606 1499 Domini,
2657 1433 2801 1502 quod
2840 1433 3045 1488 fecerat
3069 1432 3277 1504 Moyses
3306 1435 3360 1488 in
3385 1435 3624 1500 deserto,
3673 1448 3734 1491 et

2145 1529 2314 1582 altare
2338 1527 2774 1582 holocaustorum
2807 1541 2872 1580 ea
2897 1533 3216 1595 tempestate
3259 1534 3379 1580 erat
3418 1525 3472 1580 in
3511 1527 3732 1584 creelso

2144 1618 2388 1683 Gabaon,
2436 1627 2490 1674 et
2515 1633 2620 1672 non
2650 1617 2932 1687 praevaluit
2958 1615 3127 1671 David
3153 1617 3232 1672 ire
3255 1617 3325 1672 ad
3353 1617 3541 1684 altare,
3571 1627 3633 1673 ut
3653 1619 3728 1673 ibi

2145 1709 2460 1764 obsecraret
2483 1709 2670 1772 Deum,
2705 1707 2872 1762 nimio
2900 1707 3045 1761 enim
3075 1706 3252 1762 fuerat
3285 1708 3479 1764 timore
3519 1717 3731 1778 perter-

461 1819 557 1872 pro
584 1804 803 1867 offensa,
861 1821 963 1874 qua
991 1805 1254 1874 peccavit,
1280 1803 1498 1873 placare
1543 1803 1724 1867 vellet,
1765 1802 1934 1856 altare
1949 1803 2036 1872 ju.
2065 1784 2110 1842 Β
2137 1801 2292 1865 ritus,
2311 1801 2500 1854 videns
2523 1799 2756 1868 gladium
2779 1799 2955 1871 angeli
2979 1798 3215 1853 Domini.
3245 1799 3497 1869 Dixitque
3518 1799 3688 1854 David
3713 1821 3725 1854 :

461 1894 617 1946 betur
647 1879 713 1947 in
757 1910 881 1948 area
921 1896 1139 1948 Arcuna
1173 1894 1254 1949 vel
1283 1895 1441 1949 Ornae
1482 1902 1817 1958 construere,
1841 1893 2040 1948 utinde

461 1983 826 2051 unusquisque
877 1984 1126 2054 conjiciat
1151 1984 1277 2052 quia
1306 1984 1462 2037 aliter
1515 1983 1778 2037 Divinitas
1831 1985 1898 2037 ab
1943 1985 2039 2037 ho-

459 2071 603 2126 mine
635 2072 835 2141 placari
865 2090 967 2129 non
995 2084 1206 2143 potest,
1241 2076 1344 2128 nisi
1387 2075 1440 2128 in
1471 2090 1595 2129 area
1631 2075 1808 2130 cordis
1830 2089 1927 2142 per
1956 2075 2038 2127 lu-

459 2175 582 2214 mcn
616 2170 774 2216 certa:
804 2163 927 2216 ﬁdei
961 2172 1015 2217 et
1042 2180 1183 2219 vera:
1205 2164 1508 2220 dilectionis
1535 2165 1703 2218 altare
1730 2165 1804 2218 illi
1829 2165 2036 2219 devota:

459 2249 776 2306 humilitatis
807 2253 1117 2318 constituat,
1148 2255 1199 2307 in
1221 2270 1328 2322 quo
1355 2255 1678 2308 sacrificium
1705 2255 1806 2324 piae
1833 2255 2039 2309 confes-

459 2339 625 2393 sionis
648 2353 712 2394 ac
735 2339 908 2395 laudis
951 2341 1061 2396 Deo
1103 2343 1430 2412 acceptabile
1461 2343 1672 2398 offerat.
1711 2343 1864 2409 Quod
1892 2354 2040 2398 certe

459 2441 555 2496 per
596 2429 842 2484 eumdem
891 2433 1203 2500 prophetam
1259 2433 1313 2486 in
1367 2433 1594 2488 Psalmis
1640 2433 2037 2499 manifestatur,

459 2515 546 2568 ubi
572 2515 766 2568 dicitur
789 2533 855 2569 ex
885 2532 1110 2585 persona
1138 2519 1346 2572 Domini
1378 2537 1390 2571 :
1439 2538 1457 2570 ι
1502 2519 1834 2574 Sacrificium
1863 2521 2036 2575 laudis

461 2602 834 2656 bonoriticabit
861 2620 948 2659 me
987 2604 1158 2676 (l’sal.
1197 2607 1366 2674 κως).
1399 2628 1418 2661 ι
1454 2609 1520 2662 Et
1547 2610 1727 2664 idem:
1764 2628 1782 2661 ι
1817 2610 2038 2664 Sacriﬁ-

459 2691 624 2756 cium,
676 2693 870 2762 inquit,
897 2693 1008 2748 Deo
1047 2696 1266 2765 spiritus
1317 2699 1728 2764 contribulatus,
1761 2716 1857 2755 cor
1897 2716 2032 2756 cou-

461 2781 647 2834 tritum
679 2790 734 2836 et
775 2783 1112 2838 humiliatum
1146 2787 1285 2841 Deus
1310 2803 1414 2840 non
1440 2789 1646 2858 spernit
1697 2788 1870 2860 (Psal.
1899 2791 1971 2860 ι).
2008 2810 2028 2842 ι

1684 3039 1788 3116 ΙΝ
1853 3039 2239 3116 LIBRUM
2293 2978 2460 3118 'IIl.

979 3257 1204 3320 CAPUT
1227 3259 1518 3316 PRIMUM.

462 3347 538 3403 De
581 3358 836 3403 senectute
859 3349 1102 3426 Dnvidnet
1139 3352 1464 3426 [νὶρὶαἰιαιεξ9
1512 3370 1664 3424 quem
1699 3353 2038 3426 calefacicbat

983 3420 1176 3492 Abisag
1197 3420 1507 3477 Sunamitis.

533 3530 684 3602 (Car.
723 3529 784 3600 ι).
857 3550 873 3580 ι
903 3531 969 3585 Ει
1001 3548 1095 3586 rex
1138 3535 1305 3588 David
1357 3543 1610 3590 scnuerat
1637 3576 1654 3602 ,
1699 3537 2040 3607 habebatque

469 3637 488 3669 ‹
531 3619 705 3674 aetatis
729 3619 988 3687 plurimos
1013 3621 1146 3675 dies.
1195 3619 1436 3692 Cumque
1474 3625 1779 3692 operiretur
1799 3625 2040 3680 vestibus

467 3726 487 3760 ε
529 3723 635 3762 non
675 3708 970 3763 caleﬁebat.
1024 3709 1280 3764 Dixerunt
1313 3726 1440 3782 ergo
1468 3713 1516 3767 ei
1539 3714 1678 3767 servi
1715 3714 1840 3768 sui:
1878 3714 2036 3782 Quae-

469 3817 490 3851 ‹
534 3814 714 3854 ramus
748 3800 964 3854 domino
990 3809 1176 3856 nostro
1218 3802 1329 3872 regi
1369 3802 1822 3858 adolescentulam
1870 3806 2038 3876 virgi-

469 3908 488 3940 ι
532 3905 671 3952 nem,
705 3899 760 3945 et
785 3898 890 3946 stet
913 3905 1092 3946 coram
1118 3907 1264 3962 rege,
1295 3902 1351 3947 et
1389 3892 1567 3948 foveat
1595 3910 1738 3959 eum,
1783 3897 2040 3951 dormiat-

469 3999 488 4031 ι
533 3995 636 4050 que
663 3982 716 4035 in
746 3982 867 4036 sinu
915 3997 1030 4048 suo,
1072 3991 1127 4037 et
1156 3983 1438 4038 calefaciat
1480 3987 1752 4042 dominum
1793 3996 2038 4042 nostrum

471 4091 490 4122 ι
535 4087 736 4142 regem.
785 4073 1123 4140 Quaesierunt
1157 4075 1318 4146 igitur
1351 4077 1804 4132 adolescentulam
1834 4080 2040 4148 specio-

475 4180 490 4214 ι
536 4177 650 4217 sam
675 4163 728 4217 iu
753 4163 1000 4218 omnibus
1028 4163 1152 4219 filiis
1191 4166 1375 4222 israel.
1427 4166 1495 4220 Et
1535 4167 1854 4222 invenerunt
1907 4167 2038 4223 Abi-

471 4276 490 4308 σ
537 4272 632 4326 sag
669 4255 1023 4321 Sunamitem,
1073 4267 1128 4313 et
1173 4259 1516 4315 adduxerunt
1563 4275 1686 4315 eam
1722 4263 1790 4316 ad
1833 4276 2034 4330 regem.

471 4366 490 4400 ι
533 4348 663 4402 Erat
688 4359 864 4403 autem
909 4349 1083 4419 puella
1123 4349 1348 4419 pulchra
1395 4352 1578 4418 nimis,
1634 4354 2040 4422 dormiebatque

472 4457 490 4488 ε
535 4453 658 4493 cum
683 4454 827 4509 rege,
867 4447 922 4493 et
941 4438 1282 4494 ministrabat
1317 4440 1386 4494 ei.
1420 4441 1535 4496 Rex
1560 4456 1688 4496 vero
1709 4457 1815 4496 non
1840 4457 2040 4512 cogno-

473 4547 490 4578 α
533 4528 611 4583 vit
634 4543 770 4592 cam,
798 4537 903 4584 etc.
944 4549 963 4582 ι
1013 4530 1203 4595 David,
1248 4546 1418 4586 annos
1465 4540 1625 4586 natus
1677 4534 2033 4602 septuaginta,

2136 1891 2262 1946 Hice
2290 1890 2588 1946 estdomus
2609 1888 2841 1953 Domini,
2865 1897 2922 1944 ct
2940 1890 3044 1944 hoc
3069 1889 3239 1944 altare
3269 1889 3321 1944 in
3350 1890 3728 1945 holocaustum

2135 1981 2319 2035 lsrael.
2361 1981 2428 2034 Et
2446 1981 2705 2050 praecepit
2744 1988 2806 2034 ut
2851 1988 3311 2051 congregarentur
3356 1995 3546 2035 omnes
3593 1995 3722 2050 pro-

2133 2071 2286 2140 selyti
2331 2071 2398 2125 de
2436 2081 2583 2126 terra
2624 2069 2812 2136 lsrael,
2851 2077 2906 2124 et
2957 2071 3238 2126 constituit
3279 2087 3342 2125 ex
3388 2071 3467 2125 eis
3495 2071 3730 2126 latomos

2135 2161 2199 2214 ad
2225 2161 2508 2214 cmdendos
2531 2160 2736 2229 lapides
2757 2168 2812 2215 et
2837 2161 3132 2230 poliendas,
3163 2168 3223 2214 ut
3243 2160 3605 2216 :ediﬁcaretur
3634 2163 3730 2216 do-

2133 2265 2254 2304 mus
2295 2249 2388 2303 Dei
2421 2248 2627 2320 (Ibid.).
2665 2269 2684 2301 ι
2745 2250 2800 2303 In
2833 2249 2924 2304 illo
2957 2250 3224 2320 siquidem
3253 2251 3370 2304 loco
3401 2251 3481 2318 (ut
3509 2250 3726 2305 llebriei

2145 2337 2448 2410 autumant)
2499 2337 2786 2408 aliquando
2831 2339 3130 2408 contigerat
3195 2338 3469 2393 Abraham
3517 2339 3722 2392 offerre

2143 2429 2311 2484 ﬁlium
2341 2444 2497 2484 suum
2537 2429 2706 2495 lsaac,
2739 2429 2975 2499 quando,
3005 2443 3128 2483 cum
3168 2427 3280 2497 jam
3308 2439 3527 2499 paratus
3579 2441 3726 2484 esset

2141 2521 2386 2574 occidere
2423 2519 2591 2574 ﬁlium
2615 2535 2791 2584 suum,
2839 2527 2894 2574 et
2922 2519 2976 2572 in
3019 2519 3390 2574 holocaustum
3443 2519 3722 2580 exhibere,

2141 2608 2432 2679 improviso
2487 2609 2630 2662 aries
2676 2607 2950 2678 apparuit,
3015 2615 3069 2662 et
3120 2607 3290 2660 altare
3346 2607 3722 2666 circumstetit.

2141 2716 2304 2770 quem
2340 2699 2615 2754 Abraham
2647 2715 2748 2771 pro
2769 2699 2901 2766 ﬁlio,
2930 2699 3070 2754 sicut
3107 2699 3456 2770 prtediximus
3477 2739 3492 2762 ,
3526 2698 3724 2753 immo-

2142 2789 2295 2844 lavit.

3601 2937 3697 2951 ..υ-η

2063 3268 2108 3329 C
2139 3264 2290 3319 lsaac
2318 3265 2556 3335 duplices
2583 3265 2752 3322 David
2785 3283 2954 3324 annos
2990 3270 3196 3336 habuit,
3229 3282 3428 3327 etcum
3475 3273 3726 3332 Rebecca

2136 3352 2250 3422 jam
2281 3356 2460 3411 vetula
2518 3373 2791 3428 nunquam
2847 3359 3079 3417 refrixit.
3133 3361 3308 3417 Taceo
3358 3363 3424 3417 dc
3452 3365 3728 3434 prioribus

2142 3452 2270 3498 ante
2304 3444 2562 3499 diluvium
2599 3447 2753 3512 viris,
2781 3448 2868 3517 qui
2898 3457 3020 3518 post
3047 3464 3216 3504 annos
3257 3443 3586 3522 nongentos.
3617 3472 3725 3510 non

2141 3535 2262 3589 dico
2301 3535 2576 3599 senilibus,
2623 3537 2716 3592 sed
2745 3553 2880 3608 pene
2925 3538 3036 3606 jam
3073 3541 3298 3596 cariosis
3342 3543 3589 3608 artubus,
3631 3565 3730 3600 ne-

2144 3641 2412 3696 qzraquam
2429 3628 2698 3698 puellares
2718 3631 3014 3700 quaesivere
3031 3632 3364 3702 complexus.
3389 3634 3546 3690 Certe
3573 3637 3726 3710 Moy-

2143 3731 2248 3780 ses,
2278 3717 2382 3770 dux
2411 3716 2690 3773 Israelitici
2725 3719 2928 3790 populi,
2977 3730 3192 3775 centum
3228 3730 3278 3776 ct
3303 3723 3492 3793 viginti
3554 3743 3730 3783 annos

2141 3806 2394 3873 habebat,
2427 3816 2483 3862 et
2514 3807 2810 3878 Sephoram
2841 3825 2947 3864 non
2980 3812 3225 3866 mutavit.
3266 3813 3394 3879 Qua:
3421 3823 3503 3870 est
3556 3817 3730 3886 igitur

2143 3897 2244 3951 ista
2270 3896 2564 3953 Sunamitis
2605 3917 2758 3965 uxor,
2806 3910 2859 3956 ct
2903 3901 3054 3974 virgo
3082 3911 3191 3956 tam
3215 3902 3451 3969 fervens,
3485 3915 3543 3960 ut
3574 3907 3731 3977 frigi-

2142 3985 2267 4041 dum
2291 3987 2630 4053 calefaceret,
2665 3997 2772 4044 tam
2815 4000 3020 4057 sancta,
3070 4002 3130 4046 ut
3175 3993 3440 4048 calentem
3491 3996 3558 4050 ad
3605 3997 3730 4051 libi-

2141 4078 2320 4133 dinem
2351 4095 2457 4134 non
2489 4092 2808 4148 provocarat
2834 4083 2859 4134 ?
2887 4083 3132 4152 Exponat
3157 4083 3587 4152 sapientissimus
3621 4087 3722 4139 Sa-

2140 4168 2318 4222 lomon
2361 4171 2530 4239 patris
2553 4172 2634 4224 sui
2667 4171 2908 4236 delicias,
2947 4181 3002 4227 et
3029 4173 3286 4243 pacificus
3317 4175 3592 4230 bellatoris
3621 4177 3727 4231 viri

2140 4267 2326 4310 narret
2349 4258 2642 4328 amplexus.
2683 4277 2702 4310 ί
2747 4261 2967 4316 Posside
3014 4263 3354 4332 sapientiam,
3406 4266 3730 4335 possidein-

2142 4345 2508 4414 tclligcntiam,
2566 4364 2634 4404 ne
2682 4349 3042 4416 obliviscaris,
3079 4362 3133 4406 et
3180 4369 3246 4408 ne
3289 4354 3647 4410 declinaveris
3697 4372 3726 4410 a

2138 4436 2319 4489 verbis
2346 4437 2456 4491 oris
2485 4438 2610 4492 mei.
2663 4439 2740 4496 Ne
2768 4441 3118 4510 dereliqucris
3144 4459 3288 4508 eam,
3337 4454 3391 4499 et
3423 4445 3730 4515 apprchen-

2140 4526 2231 4580 det
2259 4535 2347 4592 te;
2389 4543 2506 4582 ama
2540 4529 2709 4597 illam,
2759 4542 2810 4586 et
2859 4533 3098 4589 servabit
3147 4541 3217 4588 te.
3272 4533 3606 4603 Principium
3635 4551 3724 4589 sa-

467 4617 755 4673 bellicosus
807 4619 1074 4686 quondam
1103 4619 1205 4682 vir,
1247 4628 1524 4672 senectute
1561 4619 1902 4689 frigescente,
1934 4638 2040 4677 non
2070 4630 2120 4687 1)
2146 4618 2360 4687 pientia:
2387 4621 2600 4688 posside
2636 4624 2956 4693 sapientiam
2981 4665 2996 4689 ,
3035 4633 3100 4696 et.
3121 4625 3174 4678 in
3207 4625 3351 4678 omni
3383 4625 3728 4696 possessione

469 4717 678 4777 poterat
698 4708 952 4763 calefieri.
983 4706 1252 4774 Quazritur
1281 4707 1464 4778 itaque
1508 4709 1684 4778 puella
1731 4711 1798 4764 de
1823 4712 2040 4767 univer-

469 4799 544 4852 sis
569 4797 693 4852 ﬁliis
731 4797 896 4853 Israel
920 4797 1118 4867 Abisag
1153 4797 1465 4864 Sunamitis,
1494 4815 1613 4870 qua:
1635 4815 1754 4854 cum
1777 4817 1903 4871 rege
1923 4803 2042 4857 dor.-

471 4889 653 4954 miret,
682 4896 736 4944 ct
784 4887 952 4943 senile
992 4903 1187 4958 corpus
1216 4887 1552 4944 calefaceret.
1604 4888 1793 4944 Nonne
1844 4892 1939 4946 tibi
1961 4892 2040 4946 vi-

471 4977 648 5042 dctur,
671 4977 716 5032 si
745 4979 1074 5032 occidentem
1097 4979 1324 5050 signaris
1347 4978 1598 5044 litteram,
1623 4981 1705 5036 vel
1729 4981 2042 5052 ﬁgmentum

470 5079 591 5120 esse
614 5066 678 5120 de
705 5066 892 5132 mimo,
928 5067 1012 5122 vel
1039 5078 1156 5122 arte
1199 5067 1443 5123 lanarum
1495 5069 1700 5125 ludicra
1731 5071 1755 5124 ?
1794 5071 2042 5140 Frigidus

445 5166 634 5210 'scnex
665 5156 964 5213 obvolvitur
1003 5159 1356 5226 vestimentis,
1397 5167 1454 5215 et
1474 5159 1576 5214 nisi
1607 5159 1884 5228 complexu
1913 5162 2041 5216 ado-

471 5245 794 5313 lescentulze,
840 5265 944 5303 non
974 5250 1214 5319 tepescit.
1268 5249 1494 5306 Vivebat
1538 5252 1713 5306 adhuc
1752 5252 2037 5320 Bersabee,

471 5349 751 5408 supererat
777 5339 981 5411 Abigail
1025 5352 1081 5396 et
1124 5342 1340 5411 reliquae
1367 5357 1566 5397 uxores
1606 5351 1660 5397 et
1703 5345 2034 5410 concubinae,

471 5443 607 5498 quas
653 5429 929 5498 Scriptura
971 5431 1387 5498 commemorat,
1420 5449 1608 5489 omnes
1647 5435 1800 5504 quasi
1833 5434 2039 5504 frigidae

474 5519 842 5588 repudiantur,
882 5528 935 5574 et
963 5521 1015 5575 in
1061 5523 1218 5576 unius
1247 5530 1452 5576 tantum
1481 5524 1797 5594 grandaevus
1819 5525 2041 5580 calescit

473 5609 820 5680 amplexibus.
849 5609 1118 5666 Abraham
1149 5627 1274 5666 vero
1300 5611 1466 5666 multo
1504 5613 1670 5667 David
1695 5614 1874 5668 senior
1899 5613 1999 5666 fuit
2024 5632 2036 5667 :

475 5707 531 5752 et
553 5707 728 5756 tamen
759 5703 970 5758 vivente
997 5701 1150 5770 Sara,
1189 5702 1347 5758 aliam
1385 5721 1488 5762 non
1517 5703 1761 5775 quaesivit
1791 5718 2035 5760 uxorem.

2143 4715 2231 4761 tua
2260 4709 2474 4778 posside
2507 4711 2934 4782 intelligentiam.
2963 4715 3246 4770 Circumda
3285 4715 3454 4781 illam,
3484 4725 3537 4770 et
3575 4717 3728 4770 exal-

2145 4798 2279 4851 tabit
2309 4809 2378 4852 te.
2443 4799 2652 4856 Honora
2685 4803 2851 4867 illam,
2899 4813 2953 4857 et
2997 4805 3392 4875 amplexalitur
3436 4813 3510 4872 te,
3547 4814 3605 4859 ut
3637 4809 3728 4860 det

2142 4889 2303 4958 capiti
2333 4897 2423 4945 tuo
2442 4907 2693 4945 coronam
2746 4895 3063 4963 gratiarum,
3119 4911 3318 4950 corona
3352 4913 3564 4966 quoque
3593 4899 3730 4952 deli-

2144 4978 2348 5033 ciarum
2373 4989 2616 5051 proteget
2643 4990 2694 5036 te
2743 4981 2924 5052 (Prov.
2956 4985 3050 5057 ιγ).
3085 5007 3103 5040 ι
3155 4986 3353 5042 Omnes
3381 5003 3516 5058 pene
3555 4991 3726 5042 virtu-

2147 5079 2228 5124 tes
2251 5073 2495 5140 corporis
2518 5082 2797 5127 mutantur
2830 5076 2884 5128 in
2917 5077 3158 5140 senibus,
3199 5087 3272 5141 ct,
3305 5086 3586 5131 crescente
3611 5077 3726 5130 sola

2147 5161 2432 5228 sapientia,
2490 5164 2810 5217 decrescunt
2840 5173 3053 5218 extera.
3097 5165 3328 5235 Jejunia,
3367 5167 3724 5230 chameunim,

2146 5250 2250 5306 huc
2301 5252 2530 5321 illucque
2583 5253 2874 5310 descensus
2901 5295 2916 5320 ,
2961 5269 3027 5326 pc
3058 5257 3368 5326 egriuorum
3429 5257 3725 5326 susceptio,

2145 5341 2383 5397 defensio
2411 5359 2728 5412 pauperum,
2777 5345 3031 5399 instantia
3065 5347 3392 5410 orationum,
3443 5355 3498 5400 et
3542 5361 3726 5414 persc-

2145 5437 2406 5502 verantia,
2437 5437 2672 5492 visitatio
2701 5439 3086 5508 languentium,
3105 5439 3256 5494 labor
3278 5453 3554 5502 manuum,
3583 5437 3726 5491 unde

2145 5527 2485 5593 pra'chantur
2512 5527 2883 5598 elcemosynze,
2934 5537 2988 5583 et
3034 5528 3124 5599 (ne
3158 5543 3462 5584 sermonem
3513 5525 3726 5597 longius

2145 5616 2375 5688 traham)
2425 5627 2636 5681 cuncta,
2681 5632 2800 5683 quae
2825 5632 2921 5687 per
2949 5629 3142 5687 corpus
3167 5625 3512 5680 exercentur,
3547 5614 3732 5668 fracto

2145 5722 2388 5777 corpore,
2419 5705 2627 5764 ininor'a
2669 5705 2820 5761 fiunt.
2856 5705 2962 5762 Nec
2997 5707 3097 5762 hoc
3139 5707 3276 5775 dico,
3325 5705 3540 5774 quodin
3565 5703 3722 5771 jure»
