4026 6202
239 340 340 394 ιξς

1082 336 1433 393 COMMENT.
1473 335 1542 390 IN
1581 331 1828 389 LIBROS
1864 329 1928 387 IV
1970 332 2233 391 REGUM.
2274 367 2342 379 —
2378 338 2446 393 IN
2483 341 2610 397 LIB.
2646 342 2729 401 III.

234 458 397 511 nibus
421 461 485 508 et
517 452 698 508 adhuc
726 451 993 506 solidioris
1022 453 1195 506 artatis
1221 453 1305 506 bis
1325 451 1606 516 duntaxat,
1642 450 1730 519 qui
1755 448 1829 502 la-
1856 446 1909 504 Α
1932 447 2229 504 dominator
2278 451 2528 507 Dominus
2566 458 2950 524 interpretatur
2976 499 2989 522 ,
3036 456 3153 527 ejus
3199 463 3380 527 typum
3417 474 3521 512 cx-

234 548 365 601 borc
408 555 471 599 et
506 544 894 598 ardentissimo
938 543 1137 607 studio,
1186 543 1309 597 vita:
1333 542 1687 597 sanctimonia
1711 556 1840 609 quo-

234 651 338 707 que
361 645 423 689 et
450 635 725 689 orationis
753 634 819 687 ad
868 633 1154 685 Dominum
1194 632 1493 702 frequentia
1556 629 1837 684 scientiam

238 725 533 781 consecuti
570 734 714 786 sunt,
765 722 957 790 frigeat
1002 724 1283 792 sapientia,
1310 738 1428 791 qum
1466 722 1519 775 in
1571 721 1838 790 plerisque

238 817 466 871 senibus
497 825 660 870 mtate
685 815 1091 877 marcescit,sed
1111 815 1253 884 quod
1285 814 1645 869 adolescentia
1669 815 1836 866 multa

241 906 490 975 curpmis
514 906 749 960 sustinet
780 904 934 967 bella,
979 912 1032 957 et
1074 905 1215 958 inter
1250 904 1520 958 incentiva
1581 904 1835 957 vitiorum

241 1003 294 1047 et
320 994 517 1047 carnis
546 993 906 1056 titillationes,
935 993 1087 1060 quasi
1118 992 1253 1061 ignis
1281 992 1333 1045 in
1366 993 1523 1062 lignis
1555 992 1834 1053 viridibus,

243 1084 548 1141 suli'ocetur
570 1095 800 1138 utsuum
845 1099 948 1138 non
974 1083 1144 1151 possit
1170 1083 1387 1151 explere
1428 1083 1708 1152 fulgorem.
1746 1081 1837 1136 Se-

245 1187 432 1232 nectus
469 1192 608 1230 vero
630 1191 840 1240 eorum,
887 1176 976 1243 qui
1029 1175 1447 1230 adolescentiam
1474 1191 1623 1229 suam
1665 1176 1833 1228 hone-

245 1265 340 1321 stis
386 1267 612 1320 actibus
642 1266 1015 1319 instruxerunt
1040 1274 1095 1318 et
1126 1266 1178 1318 in
1203 1265 1319 1336 lege
1350 1266 1559 1320 Domini
1588 1265 1833 1320 meditati

246 1366 367 1410 sunt
390 1357 483 1410 die
540 1371 603 1409 ac
652 1365 812 1408 nocte
863 1354 1032 1425 (Psal.
1083 1354 1141 1425 ι),
1193 1365 1351 1409 aetate
1379 1355 1438 1410 ﬁt
1472 1357 1699 1423 doctior,
1736 1372 1834 1411 usu

248 1446 465 1509 tritior,
522 1460 775 1515 processu
830 1446 1090 1515 temporis
1136 1447 1451 1515 sapientior,
1494 1456 1549 1502 ct
1593 1456 1832 1502 veterum

249 1536 552 1590 studiorum
583 1536 923 1591 dulcissimos
964 1536 1171 1591 fructus
1194 1546 1376 1591 metet.
1412 1536 1519 1592 Sed
1542 1538 1710 1606 ipsius
1740 1554 1836 1593 no-

248 1631 405 1684 minis
433 1631 640 1698 Abisag
686 1640 1085 1685 sacramentum
1118 1632 1437 1700 sapientiam
1481 1646 1667 1685 senum
1698 1631 1835 1685 inli-

248 1731 333 1774 cat
364 1720 681 1790 ampliorem
710 1737 723 1783 ;
780 1721 1167 1790 interpretatur
1209 1722 1354 1775 enim
1398 1731 1547 1791 pater
1578 1739 1721 1775 naeus
1748 1739 1834 1775 su-

1937 541 2134 607 pressit
2165 542 2254 609 qui
2298 542 2470 597 solum
2498 560 2554 597 se
2586 546 2848 601 dominari
2881 564 3003 602 cum
3037 548 3260 603 Domino
3290 548 3515 603 arbitra-

1940 639 2027 684 tus
2048 640 2147 685 est.
2191 631 2297 685 Sed
2339 633 2591 688 Ecclesia:
2628 636 2856 705 populus
2882 653 3005 691 cum
3050 652 3177 692 vero
3204 638 3515 703 Salomone,

1937 720 1988 772 id
2016 728 2116 784 cst,
2146 720 2371 790 paciﬁco
2407 730 2593 777 nostro
2625 724 2837 796 (Eplies.
2872 726 2931 796 ι),
2987 726 3139 795 cujus
3174 727 3287 797 ipse
3318 744 3517 798 corpus

1936 818 2035 871 cst,
2070 826 2164 878 per
2193 811 2425 866 divinam
2458 814 2852 869 ordinationem
2893 816 2948 870 in
2972 833 3199 885 regnum
3238 819 3515 873 substitui-

1936 912 2053 958 tur:
2077 906 2143 960 de
2165 923 2271 976 quo
2294 910 2485 964 merito
2508 911 2767 981 perﬁditc,
2791 912 2962 981 major
2981 914 3141 980 ﬁlius,
3166 914 3217 969 id
3241 923 3344 979 est,
3369 916 3517 985 prior

1936 999 2179 1066 pepulus,
2211 1003 2574 1072 prrecipitatus
2596 1013 2700 1057 est.
2750 1004 2849 1058 llic
2877 1021 3004 1075 ergo
3033 1006 3269 1060 Adonias
3290 1049 3303 1071 ,
3331 1007 3516 1060 Bersa-

1935 1088 2032 1142 bec
2063 1089 2468 1156 interveniente,
2490 1108 2609 1161 qua:
2636 1094 3020 1163 interpretatur
3066 1097 3177 1164 ﬁlia
3201 1098 3514 1159 δαιιινίιαιέε,

1933 1177 2133 1246 Abisag
2165 1178 2556 1235 Sunamitidem
2587 1198 2932 1254 corrumpere
2962 1186 3178 1255 gestivit
3204 1203 3218 1251 ;
3264 1187 3387 1255 quia
3423 1185 3514 1240 Ju'-

1936 1268 2121 1322 daicus
2159 1269 2386 1338 populus
2424 1286 2521 1340 per
2543 1272 2940 1327 observantiam
2967 1274 3406 1329 cmremoniarum
3440 1275 3512 1328 le-

1936 1358 2037 1428 gis,
2078 1374 2180 1426 qua
2213 1369 2427 1415 saturus
2460 1370 2515 1414 et
2554 1362 2896 1430 plenissimus
2919 1373 3057 1429 erat,
3088 1379 3273 1417 veram
3304 1365 3513 1434 sapien-

1937 1439 2064 1503 tiam
2112 1452 2369 1520 spiritalis
2408 1469 2614 1517 sensus,
2665 1470 2784 1524 qum
2814 1457 2978 1512 David
3020 1466 3204 1512 nostro
3231 1457 3513 1527 conjuncta

1935 1548 2056 1604 est,
2103 1550 2352 1610 stuprare
2404 1544 2627 1609 volens,
2678 1561 2783 1599 non
2817 1546 3013 1600 meruit
3041 1546 3157 1617 ejus
3185 1549 3519 1602 consortium

1935 1629 2088 1697 cujus
2133 1631 2336 1687 violare
2389 1635 2593 1703 appetit
2647 1636 3052 1691 immaculatum
3100 1645 3294 1694 torum.
3355 1639 3509 1706 Qqu

1936 1729 2116 1775 autem
2164 1722 2329 1776 David
2378 1724 2650 1779 Salomoni
2683 1725 2793 1780 ﬁlio
2842 1744 2939 1783 suo
2977 1730 3234 1800 prmcepit
3276 1730 3341 1785 de
3365 1729 3507 1799 justa

248 1815 503 1883 perﬂatus,
533 1812 621 1867 vel
663 1813 828 1883 patris
874 1814 973 1866 mei
1029 1814 1250 1882 rugitus.
1301 1814 1534 1869 Verbum
1581 1815 1832 1884 super/lui
1860 1786 1908 1846 Β
1936 1811 2289 1866 retributione
2326 1828 2515 1868 eorum
2550 1816 2643 1884 qui
2670 1817 2769 1871 sibi
2799 1786 2995 1873 solatid
3022 1786 3239 1897 {ueri-nrt
3265 1820 3350 1873 vel
3365 1786 3519 1891 'inju7

249 1906 558 1975 ambiguum
585 1913 689 1970 est,
740 1904 832 1958 sed
862 1905 913 1958 in
944 1906 1198 1973 prmsenti
1228 1905 1345 1960 loco
1369 1906 1619 1959 virtutem
1652 1916 1829 1969 sonat,

248 1998 383 2067 quod
413 1997 651 2066 amplior
673 1998 744 2051 sit
775 1998 828 2050 in
868 1997 1106 2061 senibus,
1146 2006 1201 2051 et
1230 1998 1536 2052 redundans
1578 2011 1643 2050 ac
1683 1996 1833 2066 larga

250 2087 533 2156 sapientia.
580 2087 636 2140 In
666 2086 767 2140 alio
795 2095 971 2141 autem
1006 2087 1125 2142 loco
1151 2089 1470 2157 super/tuus,
1509 2088 1685 2156 quasi,
1733 2103 1835 2140 non

250 2178 597 2240 necessarius,
628 2179 864 2246 ponitur.
894 2178 1093 2247 Abisag
1135 2186 1338 2241 autem,
1384 2177 1436 2231 id
1459 2184 1560 2242 est,
1610 2177 1832 2245 rugitus,

250 2271 462 2338 proprie
509 2278 872 2338 nuncupatur,
920 2269 1063 2338 quod
1095 2269 1261 2322 maris
1291 2267 1482 2321 fluctus
1517 2276 1755 2330 resonat,
1784 2273 1838 2320 et

251 2361 326 2431 (ut
349 2361 421 2413 ita
458 2358 665 2431 dicam)
709 2360 767 2414 de
802 2359 990 2429 pelago
1039 2359 1263 2414 veniens
1292 2357 1543 2411 fremitus
1569 2356 1788 2410 auditur
1820 2374 1833 2409 :

250 2467 309 2507 ex
334 2468 438 2521 quo
471 2452 778 2506 ostenditur
829 2450 1354 2505 abundantissimum
1391 2457 1447 2503 et
1478 2448 1621 2503 ultra
1648 2448 1838 2501 buma-

251 2558 367 2596 nam
402 2557 600 2596 vocem
658 2542 709 2593 in
753 2542 973 2594 senibus
1021 2540 1184 2594 divini
1229 2538 1498 2593 sermonis
1539 2537 1837 2591 tonitruum

253 2632 591 2687 commorari.
629 2630 801 2684 Porro
830 2629 1142 2695 Sunamitis,
1175 2629 1229 2683 in
1257 2629 1440 2699 lingua
1469 2636 1676 2691 nostra,
1721 2642 1838 2679 coc-

254 2725 411 2787 cium,
444 2723 674 2788 dicitur,
720 2732 780 2775 ut
808 2722 1069 2790 s’gniﬁcet
1100 2721 1277 2776 calere
1305 2720 1641 2789 sapientiam,
1669 2726 1723 2772 et
1757 2719 1836 2773 di-

253 2816 362 2866 vina
384 2812 619 2866 lectione
649 2810 877 2866 fervere.
911 2811 1063 2878 Quod
1090 2812 1216 2866 licet
1265 2811 1529 2867 Dominici
1557 2810 1835 2880 sanguinis

254 2903 442 2957 indicet
488 2910 911 2966 sacramentum,
969 2912 1149 2957 tamen
1200 2913 1255 2959 et.
1283 2902 1551 2959 fervorem
1597 2902 1836 2958 ostendit

252 2994 539 3062 sapientim.
602 2992 752 3048 Unde
804 3002 859 3047 et
901 2994 1161 3048 obstetrix
1187 2994 1297 3059 illa,
1344 2995 1397 3048 in
1443 2994 1639 3050 Genesi
1676 2992 1829 3066 (Cen.

251 3086 494 3155 xxxviii),
529 3085 810 3138 coccinum
843 3084 973 3155 ligat
1000 3085 1052 3139 in
1078 3100 1237 3139 manu
1262 3084 1489 3150 Phares,
1526 3085 1616 3153 qui
1648 3084 1715 3138 ab
1744 3098 1827 3149 eo,

1932 1908 2015 1954 ste
2056 1914 2385 1968 nocuerunt,
2416 1904 2544 1959 licet
2584 1906 2696 1975 ipse
2720 1907 3109 1976 patientissime
3143 1924 3237 1964 eos
3281 1924 3521 1979 regnans

1935 1988 2211 2055 toleraret,
2253 1992 2378 2061 quid
2411 1993 2602 2048 melius
2655 1995 2962 2065 signiﬁcare
3005 2006 3185 2067 potest
3223 2015 3382 2067 quam
3430 1999 3513 2051 l‘u-

1934 2087 2109 2135 turam
2130 2083 2539 2139 retributionem
2565 2085 2754 2156 judicii
2782 2085 2970 2153 futuri,
3020 2090 3073 2143 in
3114 2105 3217 2158 qua
3248 2090 3397 2160 impii
3416 2106 3515 2160 pro

1937 2176 2188 2231 mercede
2213 2192 2427 2246 poenam
2462 2189 2800 2249 perpetuam,
2840 2180 2971 2249 justi
3022 2191 3201 2237 autem
3252 2193 3511 2239 azternam

1935 2264 2323 2322 beatitudinem
2364 2270 2699 2339 percipient?
2746 2270 2804 2324 ln
2840 2273 3089 2342 praesenti
3122 2287 3335 2343 quoque
3374 2281 3506 2329 tem-

1936 2372 2068 2427 pore
2096 2357 2355 2425 patientia
2387 2359 2480 2413 Dei
2519 2374 2660 2429 saepe
2685 2361 2857 2416 bonos
2891 2362 3131 2417 tribulari
3163 2372 3324 2432 atque
3348 2378 3514 2433 angu-

1937 2447 2088 2502 stiari
2116 2448 2394 2517 permittit,
2427 2456 2481 2504 et
2500 2465 2531 2505 e
2552 2452 2825 2506 contrario
2854 2454 3112 2521 reprobos
3138 2453 3344 2509 deliciis
3376 2463 3511 2508 tem-

1934 2536 2210 2606 poralibus
2233 2546 2289 2591 et
2314 2540 2671 2608 prosperitate
2715 2550 2931 2596 terrena
2961 2542 3037 2595 uti
3070 2544 3313 2597 concedit
3342 2564 3353 2595 ;
3395 2543 3516 2613 qni-

1934 2629 2036 2683 bus
2063 2638 2243 2682 tamen
2267 2630 2508 2697 utrisque
2527 2646 2625 2700 per
2652 2629 2893 2686 Iudicem
2922 2632 3168 2686 vivorum
3198 2642 3252 2687 et
3277 2642 3517 2688 mortuo-

1934 2733 2053 2772 rum
2085 2719 2304 2787 praemia
2329 2728 2479 2774 certa
2532 2721 2584 2774 in
2618 2720 2800 2776 futuro
2823 2722 3097 2788 restituet,
3128 2724 3344 2794 quando
3378 2742 3396 2773 ι
3432 2724 3518 2781 bis

1933 2810 2025 2880 qui
2047 2810 2113 2863 ad
2140 2810 2416 2866 dexteram
2441 2812 2556 2881 ejus
2579 2821 2723 2878 sunt,
2749 2814 2990 2870 dicturus
3014 2816 3149 2870 erit:
3181 2815 3391 2880 Venite,
3424 2816 3516 2881 be:

1931 2901 2130 2956 nedicti
2158 2901 2334 2956 Patris
2363 2902 2491 2967 mei,
2533 2904 2793 2972 percipite
2827 2919 3049 2974 regnum
3074 2907 3215 2975 quod
3245 2904 3395 2960 vobis
3415 2921 3513 2973 pa-

1931 3000 2111 3045 ratum
2129 2998 2213 3045 est
2257 2989 2324 3045 ab
2346 2991 2552 3062 origine
2580 2990 2785 3045 mundi.
2826 2990 2936 3046 Illis
2965 3001 3146 3047 autem
3172 2992 3264 3062 qui
3291 2993 3358 3046 ad
3384 2992 3513 3046 sini-

1934 3089 2104 3134 stram
2144 3081 2261 3151 ejus
2294 3090 2475 3148 eru'nt,
2506 3081 2686 3136 dicet:
2718 3081 2985 3137 Discedite
3033 3098 3063 3135 a
3107 3098 3216 3146 me,
3282 3080 3507 3134 maledi-

251 3176 383 3243 quod
414 3142 680 3244 parietem
704 3142 961 3229 diviserat
1003 3176 1137 3230 duos
1174 3176 1399 3246 populos
1431 3142 1559 3229 ante
1577 3190 1831 3246 separan-
1856 3142 1904 3207 ο
1933 3172 2025 3237 cti,
2082 3171 2136 3225 in
2177 3171 2354 3241 ignem
2401 3180 2680 3235 mternum,
2722 3172 2812 3241 qui
2842 3179 3060 3240 paratus
3104 3180 3187 3225 est
3212 3168 3424 3225 diabolo
3461 3179 3516 3225 et

253 3275 371 3327 tem,
400 3264 663 3318 Dirisoris
707 3280 900 3319 nomen
922 3305 936 3330 ,
968 3266 1020 3319 id
1047 3275 1151 3331 est,
1192 3264 1413 3331 Phares,
1455 3265 1678 3319 sortitus
1728 3272 1828 3319 est.

251 3354 310 3408 Et
330 3356 479 3409 Raab
511 3357 768 3409 meretrix
801 3357 851 3409 in
881 3365 1003 3427 typo
1028 3356 1281 3411 Ecclesia:
1301 3356 1611 3411 resticulam
1634 3366 1833 3426 myste-

251 3446 378 3497 rium
406 3447 689 3516 sanguinis
701 3448 1089 3515 continentem,
1115 3447 1421 3514 nt,Jericbo
1433 3458 1716 3521 pereunte,
1746 3449 1829 3504 do~

252 3554 362 3593 mus
381 3539 501 3609 ejus
529 3539 857 3605 salvaretur,
888 3539 1139 3610 appendit
1178 3538 1314 3611 (Jos.
1340 3538 1423 3611 ιι).
1476 3540 1630 3595 Unde
1665 3540 1829 3595 etiam

252 3624 299 3678 in
329 3626 434 3680 alio
459 3627 582 3680 loco
609 3626 675 3680 de
708 3627 838 3680 viris
865 3626 1064 3680 sanctis
1092 3625 1371 3694 Scriptura
1400 3634 1785 3680 commemorat
1809 3642 1823 3680 :

258 3734 277 3767 ι
308 3716 369 3771 Ili
399 3727 550 3781 sunt,
596 3716 688 3786 qui
719 3725 982 3771 venerunt
1030 3716 1095 3771 de
1143 3716 1321 3772 calore
1375 3717 1566 3772 domus
1612 3716 1829 3771 Rechab

253 3804 300 3878 (ι
346 3806 477 3860 Par.
530 3807 615 3878 ιι).
651 3826 672 3860 ι
734 3807 803 3860 Et
846 3807 1104 3863 Dominus
1160 3815 1345 3862 noster
1386 3809 1440 3862 in
1498 3808 1824 3879 Evangelio:

257 3914 277 3948 ι
302 3897 501 3968 Ignem,
529 3897 729 3966 inquit,
756 3898 875 3952 veni
906 3898 1119 3953 mittere
1157 3914 1317 3969 super
1344 3906 1564 3963 terram,
1606 3908 1660 3954 et
1699 3899 1827 3968 quid

250 3991 383 4056 volo,
429 3990 534 4045 nisi
566 3999 625 4043 ut
652 3992 839 4045 ardeat
884 3988 1035 4061 (Luc.
1062 3990 1205 4065 xu)?
1257 4012 1275 4042 ι
1312 3990 1411 4056 Qui
1442 3990 1824 4060 discipulorum

252 4083 403 4137 corde
442 4098 776 4146 succensus,
819 4081 1044 4152 cogebat
1065 4096 1159 4136 eos
1181 4082 1360 4137 dicere
1408 4099 1421 4135 :
1472 4100 1489 4132 ι
1521 4081 1705 4135 Nonne
1736 4097 1828 4137 cor

252 4182 486 4227 nostrum
502 4181 625 4227 erat
649 4174 845 4228 ardens
872 4174 924 4227 in
946 4174 1264 4239 nobis,dum
1293 4174 1603 4244 loqueretur
1631 4173 1685 4228 in
1716 4174 1824 4240 via,

254 4274 302 4318 et
326 4264 567 4335 aperiret
586 4263 745 4318 nobis
776 4263 1126 4332 Scripturas?
1157 4284 1175 4315 ι
1212 4265 1363 4337 (Luc.
1393 4263 1566 4337 xxiv.)

876 4397 1102 4453 CAPUT
1131 4398 1195 4454 ll.

250 4486 323 4545 De
356 4489 566 4569 Adonia
587 4529 618 4570 ,γ
654 4505 755 4570 qui
787 4504 1003 4570 regnare
1050 4490 1317 4570 appetebat
1358 4506 1450 4570 pro
1484 4492 1663 4570 Dauid
1677 4502 1824 4570 patre
1851 4482 1900 4540 Ι)

312 4575 429 4621 suo,
455 4559 547 4628 qui
571 4569 619 4612 et
657 4559 850 4641 Ab‘isag
863 4558 1206 4641 “Sui-tantidem
1252 4558 1517 4641 expetebat
1558 4558 1683 4641 sibi;
1709 4562 1824 4641 ﬁeri

313 4626 528 4681 uxorem
555 4645 573 4692 ;
596 4626 835 4698 quodque
853 4627 1023 4681 David
1053 4626 1325 4684 Salomoni
1347 4631 1400 4683 in
1442 4626 1821 4685 mandatisdut

315 4699 378 4751 de
397 4698 713 4752 adversariis
744 4699 872 4753 suis.

316 4810 466 4880 (Car.
500 4810 583 4883 ιι).
615 4828 633 4860 ι
670 4810 909 4865 Adonias
953 4820 1129 4866 autem
1156 4811 1297 4867 ﬁlius
1323 4812 1551 4883 Haggith
1579 4812 1825 4868 elevaba-

254 4924 274 4954 ι
319 4913 425 4967 tur,
461 4904 687 4957 dicens:
722 4902 834 4973 Ego
875 4904 1129 4973 regnabo.
1177 4904 1433 4973 Fecitque
1479 4905 1578 4959 sibi
1605 4920 1823 4959 currum

250 5014 272 5044 ι
312 5006 368 5052 et
392 4996 630 5064 equites,
679 5001 734 5048 et
779 4994 1169 5065 quinquaginta
1206 4995 1373 5060 viros,
1425 4995 1515 5064 qui
1551 5004 1676 5050 ante
1702 5011 1823 5050 eum

254 5109 273 5140 ι
312 5096 618 5153 currerent,
649 5095 754 5141 etc.
789 5106 809 5139 ι
842 5087 995 5153 Quod
1020 5095 1200 5141 autem
1225 5087 1463 5142 Adonias
1494 5087 1634 5141 ﬁlius
1660 5087 1826 5141 David

244 5179 415 5248 major
440 5180 497 5233 in
535 5193 759 5248 regnum
780 5192 880 5246 pro
905 5186 1059 5247 patre
1104 5178 1392 5232 succedere
1414 5177 1583 5231 voluit
1627 5191 1725 5247 per
1750 5176 1829 5231 fa-

241 5284 381 5326 stum
425 5271 716 5340 superbiae,
771 5284 874 5324 non
911 5284 1008 5338 per
1040 5269 1295 5323 virtutem
1342 5268 1653 5338 disciplima,
1700 5268 1829 5338 quid

241 5364 513 5435 signiﬁcat
538 5363 641 5417 nisi
669 5362 812 5432 quod
835 5361 1089 5416 Judaicus
1112 5361 1355 5430 populus,
1399 5361 1490 5433 qui
1521 5362 1675 5430 quasi
1704 5376 1820 5416 ma-

234 5453 317 5521 jor
338 5454 486 5508 ﬁlius
515 5453 731 5508 videtur
756 5466 906 5516 esse,
955 5467 1078 5506 cum
1126 5452 1274 5521 prior
1303 5451 1473 5519 legem
1501 5451 1820 5520 susceperit,

240 5544 493 5611 gentilem
525 5541 803 5612 populum,
832 5543 923 5611 qui
952 5558 1047 5612 per
1069 5544 1300 5613 gratiam
1330 5544 1423 5596 Dei
1452 5542 1716 5611 posterior
1738 5558 1823 5596 vo-

242 5644 391 5691 catus
417 5641 530 5696 est,
560 5646 843 5701 spernens,
874 5632 1045 5686 solum
1070 5647 1252 5687 secum
1279 5632 1563 5686 Dominum
1589 5632 1825 5686 aestima-

242 5724 330 5781 bat
356 5722 757 5795 regnaturum?
800 5721 950 5778 Unde
983 5730 1038 5777 et
1066 5722 1202 5777 bene
1246 5736 1439 5777 nomen
1463 5721 1705 5788 Adonim,
1733 5722 1823 5791 qui

1933 3264 2141 3334 angelis
2187 3264 2322 3334 ejus.
2378 3263 2445 3317 Et
2487 3263 2640 3319 ibunt
2681 3263 2735 3317 bi
2764 3263 2816 3317 in
2865 3262 3185 3332 supplicium
3229 3268 3510 3324 aeternum,

1926 3353 2057 3427 justi
2086 3362 2265 3408 autem
2289 3353 2341 3407 in
2370 3352 2535 3406 vitam
2563 3361 2819 3406 :eternam
2848 3350 3061 3423 (Matth.
3101 3349 3275 3404 xxxvi.
3316 3370 3334 3403 ι

2532 3461 2760 3519 CAPUT
2815 3462 2900 3517 ΙΙΙ.

1931 3553 2200 3610 Iudicium
2238 3552 2625 3676 Salomonisdtie
2656 3553 2963 3676 mulieribus
2986 3569 3107 3623 qua:
3134 3553 3194 3607 de
3222 3551 3514 3621 infantibus

2562 3632 2752 3676 tsceuta
2791 3633 2903 3676 aut.

2562 3632 2903 3694 tsceptabant.

2001 3715 2155 3791 (CAP.
2181 3716 2289 3787 ιιι).
2342 3734 2361 3767 ι
2395 3715 2547 3771 Tunc
2589 3725 2859 3770 venerunt
2901 3713 3020 3769 dua:
3057 3713 3308 3768 mulieres
3337 3714 3512 3767 mere—

1936 3825 1954 3858 ς
2000 3807 2164 3863 trices
2185 3807 2251 3861 ad
2280 3819 2459 3876 regem
2486 3846 2501 3872 ,
2553 3812 2924 3874 steteruntque
2954 3819 3135 3858 coram
3161 3818 3245 3857 eo.
3275 3801 3512 3867 Quarum

1936 3921 1953 3949 ς
1999 3913 2105 3953 una
2142 3898 2220 3952 ait
2250 3915 2263 3951 :
2299 3896 2556 3971 Obsecro,
2589 3896 2661 3950 mi
2698 3897 2931 3959 domine,
2963 3910 3061 3966 ego
3097 3901 3151 3950 et
3177 3893 3369 3948 mulier
3397 3891 3516 3947 haec

1936 4007 1953 4039 ι
1998 3986 2374 4043 habitabamus
2404 3986 2457 4040 in
2488 3987 2646 4041 domo
2684 4000 2811 4049 una,
2845 3994 2899 4038 et
2932 3983 3113 4054 peperi
3141 3983 3281 4052 apud
3303 3998 3422 4038 eam
3452 3982 3505 4036 in

1934 4097 1953 4128 ι
1997 4074 2260 4132 cubiculo.
2287 4074 2468 4129 Tertia
2497 4089 2624 4128 vero
2651 4072 2738 4128 die
2762 4082 3045 4143 postquam
3076 4088 3173 4141 ego
3195 4071 3399 4142 peperi,
3419 4086 3514 4142 pe-

1934 4186 1952 4219 ι
1996 4166 2138 4237 perit
2160 4174 2215 4222 et
2239 4166 2378 4230 hinc,
2429 4172 2483 4219 et
2509 4179 2726 4219 eramus
2750 4162 2909 4218 simul
2931 4203 2944 4226 ,
2976 4162 3257 4231 nullusque
3283 4160 3419 4215 alius
3463 4160 3514 4214 in

1933 4278 1950 4312 ‹
1998 4236 2154 4314 domo
2175 4256 2731 4324 nobiscum,'exccptis
2748 4254 2900 4309 nobis
2920 4236 3143 4309 duabus.
3170 4251 3410 4305 Mortuus
3434 4259 3516 4305 est

1932 4371 1950 4403 ι
1998 4361 2177 4406 autem
2202 4349 2343 4404 ﬁlius
2369 4347 2610 4402 mulieris
2629 4344 2787 4414 hujus
2809 4356 2984 4410 nocte,
3020 4345 3289 4399 dormiens
3316 4344 3516 4413 quippe

1932 4459 1950 4491 ί
1996 4439 2264 4510 Oppressit
2297 4452 2440 4491 eum.
2491 4436 2560 4489 Et
2605 4450 2935 4507 consurgens
2982 4435 3301 4504 intempesta
3349 4441 3504 4486 nocte

1934 4553 1951 4585 ι
1999 4533 2210 4588 silentio
2239 4531 2360 4586 tulit
2404 4529 2572 4583 ﬁlium
2606 4544 2783 4583 meum
2824 4527 2890 4582 de
2935 4526 3101 4581 latere
3148 4540 3269 4578 meo
3306 4523 3514 4577 ancillzc

1936 4646 1953 4678 ‹
1996 4633 2101 4680 tua:
2126 4622 2465 4688 dormientis,
2516 4629 2573 4676 et
2609 4619 2894 4675 collocavit
2934 4619 2986 4672 in
3014 4618 3131 4672 sinu
3175 4632 3291 4671 suo.
3346 4615 3511 4668 Suum

1935 4734 1951 4765 ι
1997 4723 2176 4769 autem
2227 4712 2417 4778 ﬁlium,
2465 4712 2709 4781 quierat
2761 4719 3042 4774 mortuus;
3075 4708 3254 4778 posuit
3307 4706 3359 4760 in
3394 4705 3511 4760 sinu

1935 4824 1952 4855 ι
2000 4820 2140 4859 meo.
2197 4803 2438 4871 Cumque
2491 4802 2847 4856 surrexissem
2896 4814 3072 4864 mane,
3118 4809 3176 4851 ut
3207 4797 3392 4851 darem
3432 4798 3512 4852 lac

1936 4914 1953 4945 ι
2002 4895 2110 4949 lilio
2134 4909 2275 4959 meo,
2323 4892 2572 4961 apparuit
2607 4899 2879 4953 mortuus,
2908 4906 3068 4960 quem
3100 4889 3406 4960 diligentius
3430 4889 3512 4942 in-

1931 5004 1948 5035 ‹
1996 4992 2151 5038 tuens
2199 4983 2345 5037 clara
2398 4983 2539 5046 luce,
2597 4980 2927 5050 deprehendi
2984 4995 3090 5035 non
3143 4994 3261 5034 esse
3306 4994 3506 5044 meum,

1925 5092 1953 5132 (ι
1996 5091 2155 5147 quem
2211 5090 2525 5145 genueram.
2585 5072 2987 5144 Rcsponditqne
3045 5072 3215 5126 altera
3275 5065 3506 5127 mulier:

1931 5188 1950 5220 ‹
1996 5168 2111 5224 Non
2165 5175 2248 5222 est
2298 5168 2392 5233 ita,
2435 5166 2529 5221 sed
2565 5164 2706 5220 ﬁlius
2760 5174 2880 5220 tuus
2916 5171 3160 5218 mortuus
3198 5171 3300 5227 est,
3354 5176 3511 5217 meus

1934 5279 1950 5311 ι
1998 5267 2176 5314 autem
2210 5258 2359 5312 vivit.
2407 5257 2448 5311 E
2478 5256 2755 5311 contrario
2794 5255 2881 5309 illa
2912 5254 3165 5309 dicebat:
3220 5251 3504 5306 Mentiris:

1936 5370 1953 5402 ι
2001 5352 2142 5406 ﬁlius
2175 5351 2370 5421 quippe
2405 5364 2559 5404 meus
2604 5348 2770 5412 vivit,
2821 5354 2874 5403 et
2905 5346 3047 5401 ﬁlius
3094 5354 3217 5400 tuus
3259 5352 3507 5400 mortuus

1935 5460 1952 5492 ‹
1997 5450 2102 5497 est.
2151 5441 2327 5511 Atque
2374 5440 2427 5494 in
2459 5440 2601 5495 hunc
2629 5438 2846 5494 modum
2892 5436 3287 5491 contendebant
3323 5448 3504 5505 coram

1936 5552 1953 5582 ι
2000 5548 2145 5602 rege,
2185 5552 2203 5583 ι
2239 5539 2344 5586 etc.
2390 5528 2497 5600 (Ea;
2527 5526 2819 5599 Gregorio).
2865 5524 3168 5581 Notandum
3200 5524 3340 5595 quod
3362 5528 3514 5591 post-

1929 5638 2088 5694 quam
2148 5622 2406 5677 Dominus
2450 5618 2651 5674 erroris
2702 5616 2872 5671 nostri
2924 5614 3175 5668 tenebras
3228 5612 3344 5666 luce
3395 5623 3505 5663 sua:

1928 5717 2250 5789 cognitionis
2308 5719 2580 5780 illustrat,
2631 5731 2755 5772 mox
2815 5709 3123 5769 tentationis
3178 5708 3361 5764 aculeo
3421 5706 3501 5762 vi-
