4026 6202
489 368 595 425 127

1145 362 1204 417 Β.
1244 359 1496 416 RABANI
1539 359 1757 416 MAURI
1792 358 2111 414 AllClllEl‘.
2156 357 2461 413 MOGUNT.
2501 359 2786 414 OPERUM
2829 360 3008 415 PARS
3042 360 3079 417 l.

3652 363 3757 417 ΙΞὸ

486 480 701 538 sitando
753 478 985 550 probat:
1040 477 1164 548 quia
1201 477 1503 531 accedendo
1559 477 1724 531 corda
1761 485 1944 530 nostra
1995 476 2061 529 ad
2095 477 2140 533 A
2168 473 2320 527 bidus
2343 484 2714 545 congregaret.
2757 475 2851 528 liae
2876 485 2999 530 sunt
3030 476 3148 530 dum
3169 491 3334 547 Virga:
3366 493 3485 547 qua:
3507 478 3755 550 jungun-

484 574 712 628 virtutes
753 568 1021 639 provehit,
1069 575 1124 622 et
1170 567 1471 622 recedendo
1506 566 1721 621 concuti
1770 566 2063 620 tentationc

484 661 770 733 permittit.
814 658 871 715 Si
899 659 1041 713 enim
1069 665 1191 728 post
1228 658 1489 712 virtutum
1520 672 1746 711 munera
1781 657 1924 711 nulla
1951 667 2066 711 ten-

485 755 687 812 tatione
716 752 1021 809 concutitur
1045 792 1060 815 ,
1097 751 1202 806 hoc
1240 750 1353 820 jam
1406 765 1465 805 se
1499 750 1709 804 animus
1754 749 1958 804 habere
1997 765 2065 803 ex

486 845 664 916 seipso
690 843 968 915 gloriatur.
1020 841 1090 897 Ut
1113 856 1241 911 ergo
1289 856 1351 894 ea
1380 838 1652 893 ﬁrmitatis
1678 840 1816 892 dona
1845 838 2062 906 habeat,

485 945 540 991 et
560 935 925 992 inﬁrmitatem
967 949 1117 987 suam
1145 931 1426 986 humiliter
1452 939 1730 1000 agnoscat,
1760 946 1858 999 per
1886 945 2067 986 acces-

486 1040 604 1082 sum
658 1023 845 1094 gratiae
874 1022 943 1077 ad
992 1020 1099 1074 alta
1145 1019 1490 1084 sustollitur,
1543 1026 1598 1073 et
1624 1033 1720 1088 per
1770 1034 2064 1085 recessum,

484 1115 628 1190 quod
658 1129 724 1170 ex
752 1114 869 1184 ipso
889 1113 982 1178 sit,
1025 1112 1306 1181 probatur.
1356 1110 1507 1177 Quod
1535 1112 1670 1165 bene
1714 1111 1871 1165 nobis
1893 1125 1954 1166 ex
1981 1112 2064 1165 hi-

484 1207 653 1263 storia
682 1221 852 1262 sacrae
877 1204 1122 1259 lectionis
1164 1203 1427 1265 innuitur,
1473 1216 1581 1270 qua
1611 1200 1865 1255 Salomon
1905 1206 1960 1254 et
1989 1200 2068 1254 di-

485 1300 687 1355 vinitus
719 1297 997 1367 accepisse
1036 1295 1383 1366 sapientiam,
1429 1303 1483 1349 et
1514 1302 1715 1358 tamen,
1759 1301 1881 1363 post
1921 1308 2067 1346 eam-

485 1389 609 1443 dem
637 1386 980 1459 sapientiam,
1029 1385 1375 1440 meretricum
1423 1385 1607 1439 Statim
1656 1383 1897 1453 pulsatus
1924 1397 2070 1452 qum-

483 1480 657 1536 stione
679 1484 1030 1534 memoratur.
1056 1476 1177 1531 Mox
1198 1477 1341 1530 enim
1365 1485 1422 1530 ut
1437 1472 1849 1546 gratiam'tantaz
1865 1473 2070 1528 revela-

484 1568 647 1624 tionis
675 1567 903 1638 accepit,
932 1574 1205 1623 certamen
1250 1565 1483 1635 turpium
1512 1564 1798 1618 mulierum
1827 1563 2067 1632 pertulit.

483 1659 621 1727 Quia
669 1659 924 1713 nimirum
975 1673 1120 1728 smpe
1177 1671 1302 1711 cum
1358 1664 1593 1709 mentem
1640 1661 1884 1707 nostram
1935 1668 2068 1707 con-

484 1747 656 1804 cessis
706 1747 996 1802 virtutibus
1021 1754 1303 1815 respectus
1340 1744 1543 1798 intima:
1569 1742 1837 1811 largitatis
1863 1742 2066 1796 illumi-

2171 575 2257 619 tur
2294 567 2346 620 in
2376 567 2644 632 Ezechiel,
2694 568 2834 621 etde
2860 568 3055 636 quibus
3081 583 3176 637 per
3216 567 3533 624 Zachariam
3562 572 3756 627 Domi-

2167 674 2268 713 nus
2291 659 2456 714 refert
2498 658 2684 729 (Zach.
2715 660 2775 731 ιι)
2804 674 2819 714 :
2854 679 2872 711 ι
2906 661 2969 715 Ει
2994 663 3263 732 assumpsi
3294 663 3424 718 mihi
3473 664 3610 723 duas
3637 668 3753 722 vir-

2167 764 2281 818 gas,
2314 764 2474 802 unam
2498 749 2689 802 vocavi
2733 749 3003 815 decorem,
3054 758 3109 804 et
3131 750 3355 806 alteram
3389 755 3578 808 vocavi
3607 755 3757 810 funi-

2168 839 2369 905 culum,
2399 848 2454 893 et
2479 840 2599 908 pavi
2620 854 2859 910 gregem.
2891 860 2909 891 ι
2949 838 3138 894 Mulier
3159 856 3372 911 quoque
3387 841 3475 897 illa
3494 853 3757 899 meretrix

2169 928 2530 999 inEvaugelio
2555 929 2841 1001 (Luc.vu),
2871 946 2992 999 qua:
3027 948 3044 981 ‹
3067 930 3195 986 Jesu
3218 933 3647 1006 pedeslaerymis
3669 936 3754 989 la-

2166 1021 2264 1085 vit,
2318 1021 2466 1074 crine
2498 1020 2758 1086 detersit,
2803 1029 2858 1075 et
2886 1021 2972 1078 cui
3018 1030 3237 1091 peccata
3266 1025 3445 1079 omnia
3473 1025 3759 1082 dimittun-

2168 1119 2275 1173 tur,
2299 1128 2317 1160 ›
2354 1109 2636 1164 manifeste
2656 1110 3232 1181 signiﬁcatEcclesiam
3254 1115 3320 1168 dc
3346 1116 3595 1185 gentibus
3618 1133 3756 1172 con-

2168 1208 2460 1270 gregatam.
2493 1199 2618 1255 llrec
2648 1200 2849 1257 idcirco
2884 1202 2938 1256 in
2976 1204 3150 1272 prima
3174 1203 3349 1259 fronte
3379 1206 3653 1275 replicavi,
3685 1225 3759 1264 ne

2169 1291 2256 1343 cui
2315 1290 2561 1345 videatur
2622 1292 2975 1363 incongruum
3024 1295 3069 1348 si
3117 1295 3429 1351 meretrices
3479 1298 3759 1365 dicantur,

2169 1394 2399 1449 quarum
2431 1397 2534 1435 una
2566 1379 2870 1437 Salomonis
2913 1382 3118 1451 judicio
3155 1383 3252 1439 ﬁlii
3283 1387 3624 1455 possessione
3654 1389 3759 1444 do-

2171 1477 2297 1524 nata
2333 1478 2436 1524 est.
2466 1470 2710 1526 Prudens
2736 1481 2942 1541 quaerat
2963 1473 3176 1528 auditor
3202 1475 3468 1543 quomodo
3495 1478 3759 1531 meretrix

2171 1561 2436 1632 signiﬁcet
2474 1562 2768 1617 Ecclesiam
2795 1603 2809 1627 ,
2854 1578 2975 1632 qua:
3020 1578 3127 1618 non
3156 1564 3319 1619 habet
3360 1566 3626 1621 maculam
3659 1583 3758 1622 ne-

2171 1667 2275 1721 que
2298 1667 2485 1721 rugam
2525 1649 2742 1722 (Ephes.
2777 1653 2851 1722 v).
2885 1652 3002 1707 Non
3031 1652 3258 1708 dicimus
3293 1654 3588 1710 Ecclesiam
3630 1672 3759 1727 per-

2172 1743 2435 1799 mansisse
2463 1743 2826 1809 meretricem,
2873 1744 2967 1799 sed
3011 1743 3194 1799 fuisse.
3238 1744 3371 1799 Nam
3418 1755 3471 1802 ct
3520 1746 3764 1804 Simonis

486 1849 600 1908 nat,
655 1842 796 1897 hanc
833 1842 1079 1913 protinus
1123 1840 1288 1895 etiam
1316 1839 1538 1893 lubricae
1578 1837 1931 1907 cogitationes
1958 1844 2069 1890 tur—
2096 1816 2145 1877 Β
2174 1833 2368 1904 leprosi
2419 1834 2577 1888 domo
2606 1832 2859 1887 Salvator
2913 1834 3172 1888 scribitur
3224 1835 3390 1890 inisse
3450 1838 3793 1894 convivium:

484 1929 639 1996 bant,
687 1938 749 1985 ut
774 1945 893 2000 qua:
919 1930 1199 1986 sublevata
1226 1929 1491 1983 immenso
1526 1941 1747 1981 munere
1778 1925 2066 1991 exaltatur,

485 2019 650 2074 etiam
676 2021 975 2075 tentatione
995 2019 1225 2090 pulsata,
1257 2018 1385 2088 quid
1407 2018 1496 2083 sit,
1526 2017 1780 2072 inveniat.
1807 2014 1897 2070 Sic
1926 2016 2070 2072 Elias

486 2119 543 2164 et
573 2108 828 2165 visitatus
849 2110 1079 2179 desuper
1105 2124 1353 2166 sermone
1378 2107 1545 2162 cmlos
1565 2106 1778 2177 aperuit
1800 2105 1921 2179 (ΙΙΙ
1940 2105 2067 2176 Reg.

484 2198 664 2270 xvtu),
704 2207 760 2254 et
790 2207 968 2254 tamen
997 2200 1258 2269 probatus
1306 2198 1485 2253 subito
1526 2197 1805 2262 inﬁrmus,
1857 2211 1956 2266 per
1980 2196 2071 2251 de-

484 2297 630 2344 serta
666 2288 901 2359 fugiens,
941 2304 1105 2343 unam
1159 2288 1443 2343 mulierem
1492 2287 1711 2357 expavit
1760 2284 1881 2358 (III
1939 2284 2068 2356 Reg.

483 2380 620 2454 χιιι).
661 2382 752 2438 Sic
779 2381 980 2437 Paulus
1008 2383 1075 2437 ad
1103 2382 1320 2437 tertium
1351 2379 1547 2436 cmlum
1590 2378 1805 2433 ducitur
1834 2370 2067 2448 (II'Cor.

486 2471 608 2542 xu),
638 2472 872 2541 paradisi
896 2482 1187 2541 penetrans
1214 2477 1425 2525 secreta
1452 2466 1782 2532 considerat,
1806 2476 1862 2520 et
1890 2474 2069 2521 tamen

484 2561 553 2615 ad
581 2562 931 2631 semetipsum
960 2562 1203 2625 rediens,
1259 2566 1448 2614 contra
1498 2557 1677 2612 carnis
1702 2556 1899 2611 bellum
1922 2556 2070 2611 labo-

485 2659 613 2706 rat:
650 2650 822 2723 legem
857 2650 1017 2706 aliam
1066 2651 1121 2704 in
1165 2649 1423 2705 membris
1465 2648 1697 2703 sustinet
1749 2645 1918 2719 (Rom.
1948 2647 2068 2720 vn),

484 2737 640 2809 cujus
687 2740 743 2796 in
778 2741 1069 2797 rebellione
1122 2740 1338 2811 fatigari
1387 2738 1623 2810 Spiritus
1676 2738 1848 2808 legem
1902 2738 2066 2794 dolet.

485 2828 643 2897 Quod
679 2839 802 2902 post
836 2832 1186 2887 donationem
1236 2847 1366 2902 ergo
1397 2831 1638 2886 nmneris
1669 2831 1872 2886 idcirco
1926 2831 2070 2887 Deus

484 2922 761 2979 hominem
789 2924 1004 2994 probat,
1036 2926 1158 2993 quia
1204 2923 1403 2980 cellam
1445 2936 1669 2978 munere
1690 2922 1955 2989 sublevat,
1992 2931 2068 2989 et,

486 3011 761 3070 abstracto
776 3014 1070 3084 paululum,
1096 3015 1270 3087 ipsum
1293 3015 1394 3070 sibi
1418 3014 1694 3070 hominem
1710 3013 2066 3071 demonstrat.

483 3106 637 3175 Quod
663 3121 729 3163 eo
753 3123 925 3178 usque
964 3107 1150 3180 procul
1185 3106 1350 3163 dubio
1376 3107 1614 3179 patimur
1631 3148 1646 3174 ,
1674 3123 1780 3177 quo
1802 3106 1870 3163 de
1922 3115 2070 3162 terra

483 3194 727 3253 funditus
779 3198 898 3253 labe
934 3197 1143 3268 peccati
1200 3199 1268 3254 ad
1316 3198 1599 3268 promissae
1646 3198 2069 3278 incorruptionis

483 3288 847 3345 substantiam
898 3289 1275 3347 reformemur.
1323 3289 1596 3358 Quantum
1645 3290 1715 3345 ad
1768 3288 2069 3360 simplicem

485 3376 769 3434 historiam
795 3379 1050 3450 pertinet,
1092 3380 1378 3453 perspicua
1407 3388 1512 3446 est,
1567 3378 1710 3450 quod
1737 3393 1872 3449 puer
1896 3394 2068 3435 anno-

487 3484 607 3523 rum
628 3469 936 3537 duodecim,
979 3479 1169 3526 contra
1195 3470 1507 3526 mtatissuae
1528 3484 1858 3535 mensuram,
1889 3468 1958 3524 de
1983 3469 2068 3522 in-

487 3559 622 3615 timo
661 3560 912 3615 humana:
934 3568 1142 3616 natura:
1157 3558 1428 3629 iudicaret
1455 3558 1668 3615 affectu.
1713 3558 1868 3616 Unde
1894 3567 1951 3614 et
1971 3559 2069 3613 ad-

486 3650 718 3706 miratus
745 3657 829 3706 est
872 3658 930 3706 et
967 3650 1253 3721 pertimuit
1288 3650 1440 3704 illum
1477 3649 1654 3707 omnis
1690 3648 1875 3716 Israel,
1928 3648 2072 3719 quod

485 3738 696 3795 scilicet
732 3755 856 3797 eum
885 3739 1172 3797 manifesta
1204 3755 1312 3796 non
1352 3739 1620 3812 fugerent,
1671 3740 1765 3813 qui
1791 3747 1901 3794 tam
1938 3756 2071 3812 pru-

487 3827 679 3884 denter
711 3828 1029 3886 abscoudita
1071 3829 1536 3901 deprehendisset.
1595 3827 1867 3896 Quantum
1893 3829 1961 3884 ad
1984 3838 2071 3901 ty-

487 3918 638 3989 picos
665 3919 898 3989 pertinet
945 3918 1270 3981 intellectus,
1318 3918 1532 3974 dicente
1576 3917 1836 3989 Apostolo
1866 3917 1916 3992 (ι
1946 3918 2069 3975 Cor.

486 4009 544 4081 x)
576 4024 590 4062 :
624 4026 643 4059 ι
679 4007 805 4065 Ηιεο
825 4008 1008 4064 omnia
1038 4008 1092 4063 in
1139 4006 1310 4080 ﬁgura
1344 4007 1729 4078 contingebant
1765 4006 1890 4073 illis,
1932 4008 2071 4063 scri-

486 4111 577 4172 pta
606 4110 734 4158 sunt
776 4110 956 4159 autem
998 4101 1066 4158 de
1112 4101 1289 4167 nobis,
1338 4099 1394 4155 in
1419 4115 1555 4171 quos
1592 4099 1728 4154 ﬁnes
1752 4099 2072 4155 saeculorum

489 4193 843 4260 devenerunt,
873 4212 892 4246 ι
950 4193 1170 4264 quidam
1215 4190 1527 4248 Graecorum
1575 4196 1860 4245 autumant
1912 4206 2076 4261 super

486 4285 832 4358 Synagogam
865 4293 924 4341 et
950 4284 1250 4341 Ecclesiam
1303 4283 1664 4349 sentiendum,
1718 4291 1775 4337 et
1819 4283 1887 4338 ad
1942 4282 2073 4337 illud

488 4383 703 4446 tempus
744 4383 940 4431 caetera
976 4372 1297 4441 referenda,
1347 4373 1563 4445 quando
1608 4380 1729 4444 post
1771 4387 1989 4427 crucem
2018 4380 2075 4427 et

487 4466 962 4531 resurrectionem,
1013 4476 1123 4522 tam
1152 4466 1207 4521 in
1241 4465 1593 4535 Israeltquam
1618 4464 1671 4518 in
1707 4465 1943 4533 gentium
1969 4478 2068 4534 po-

483 4558 691 4630 pulum,
728 4574 889 4614 verus
907 4557 1185 4622 Salomon,
1213 4557 1268 4611 id
1302 4565 1386 4612 est
1407 4556 1685 4626 paciﬁcus,
1715 4571 1940 4626 regnare
1959 4570 2069 4611 cae-

482 4650 645 4719 perit.
676 4647 829 4714 Quod
858 4657 1038 4701 autem
1067 4647 1323 4701 adulterae
1349 4654 1404 4700 et
1427 4646 1742 4701 meretrices
1786 4644 2067 4717 Synagoga

480 4743 542 4789 et
567 4733 806 4789 Ecclesia
830 4734 881 4788 in
899 4731 1193 4805 Scripturis
1215 4732 1484 4799 dicantur,
1508 4732 1650 4787 nulla
1675 4733 1938 4790 dubitatio
1965 4745 2066 4791 est.

485 4823 555 4878 Et
582 4824 684 4878 hoc
708 4823 882 4893 prima
928 4820 1107 4878 fronte
1139 4823 1352 4878 videtur
1376 4839 1494 4880 esse
1523 4824 1918 4895 hlasphemum.
1950 4826 2066 4882 Cae-

485 4925 662 4972 tcmm
691 4917 736 4972 si
765 4931 1106 4972 recurramus
1151 4916 1218 4971 ad
1253 4918 1564 4988 prOphetas,
1614 4917 1753 4975 Osee
1796 4920 2063 4986 videlicet,

485 5005 580 5074 qui
617 5004 826 5076 accepit
863 5020 1087 5060 uxorem
1132 5003 1478 5061 fornicariam
1502 5047 1517 5073 ,
1561 5014 1616 5062 et
1659 5017 1883 5077 generat
1924 5010 2065 5066 ﬁlios

485 5093 861 5150 fornicationis
907 5103 966 5152 et
1013 5094 1207 5151 deinde
1253 5094 1553 5151 adulteram
1602 5095 1747 5170 (Ose.
1774 5098 1850 5170 ι);
1903 5108 1960 5155 et
1996 5101 2063 5156 ad

487 5183 758 5252 Ezechiel,
804 5185 897 5259 qui
941 5183 1241 5242 Jerusalem
1295 5188 1450 5258 quasi
1493 5191 1834 5246 meretricem
1865 5193 2060 5262 arguit,

483 5277 631 5347 quod
652 5286 836 5333 secuta
865 5277 936 5334 sit
955 5286 1227 5335 amatores
1254 5294 1401 5345 suos,
1435 5287 1490 5334 et
1510 5279 1888 5335 divaricaverit
1915 5282 2062 5336 omni

488 5369 791 5425 transeunti
818 5371 1003 5439 pedes,
1032 5370 1362 5441 lupanarque
1390 5369 1443 5423 in
1474 5369 1593 5426 loco
1622 5370 1823 5426 celebri
1843 5381 2061 5426 exstru-

488 5459 631 5515 xerit
672 5458 890 5517 (Ezech.
936 5460 1092 5532 xvn);
1138 5461 1635 5516 animadvertamus
1681 5460 1954 5517 Christum
1982 5462 2063 5518 id-

485 5551 634 5607 circo
660 5550 874 5607 venisse
900 5561 961 5607 ut
989 5552 1298 5608 meretrices
1326 5551 1553 5608 donaret
1597 5552 1961 5619 matrimonio,
2010 5562 2063 5609 et

486 5641 555 5695 de
580 5641 786 5700 duobus
819 5643 1070 5713 gregibus
1116 5658 1281 5697 unum
1333 5643 1474 5697 ovile
1511 5643 1733 5708 faceret,
1781 5627 2063 5713 medioque

489 5730 693 5801 [ariete
717 5734 1012 5795 destructo,
1043 5734 1096 5788 in
1124 5734 1338 5790 easdem
1366 5734 1549 5790 caulas
1585 5749 1713 5790 oves
1742 5735 1890 5803 prius
1914 5751 2059 5790 mor-

2093 4522 2146 4581 D

2174 1925 2388 1997 (Matth.
2420 1924 2593 1989 XXVI),
2620 1926 2807 1993 utique
2837 1941 2941 1980 non
2964 1926 3090 1994 quia
3123 1926 3369 1996 leprosus
3397 1938 3515 1983 erat
3533 1945 3598 1984 eo
3624 1938 3765 1985 tem-

2172 2029 2303 2084 pore
2350 2029 2456 2083 quo
2486 2013 2719 2069 habebat
2749 2015 3016 2084 hospitem
3065 2014 3424 2085 Salvatorem,
3480 2019 3575 2072 sed
3632 2021 3763 2089 quia

2173 2106 2416 2176 leprosus
2443 2114 2570 2162 ante
2607 2105 2805 2162 fuerat.
2856 2107 3141 2163 Matthaeus
3176 2124 3390 2180 quoque
3433 2111 3487 2166 in
3516 2112 3767 2182 catalogo

2172 2198 2538 2269 apostolorum
2603 2197 2919 2267 publicanus
2973 2198 3172 2253 dicitur
3225 2198 3444 2271 (Matth.
3506 2201 3604 2272 x),
3652 2219 3763 2257 non

2173 2291 2316 2360 quod
2343 2291 2705 2360 permanserit
2727 2291 3045 2361 publicanus
3067 2301 3191 2361 post
3214 2292 3562 2361 apostolicam
3586 2294 3766 2363 digni-

2174 2390 2364 2447 tatem,
2387 2381 2483 2438 sed
2509 2383 2633 2452 quia
2655 2382 2806 2452 prius
2828 2380 3003 2436 fuerat
3027 2382 3363 2452 publicanus,
3392 2391 3450 2436 ut
3475 2383 3563 2437 ubi
3590 2385 3767 2439 abun-

2173 2472 2397 2527 daverat
2432 2479 2714 2542 peccatum
2734 2511 2749 2537 ,
2782 2471 3245 2542 superabundaret
3273 2472 3447 2541 gratia
3475 2471 3648 2543 (Rom.
3683 2474 3762 2543 v).

2174 2562 2453 2633 Simulque
2473 2562 2757 2618 considera
2787 2563 2915 2633 quid
2942 2563 3085 2618 diwt
3115 2562 3361 2617 Ecclesia
3397 2573 3584 2618 contra
3616 2565 3765 2634 Syn-

2174 2666 2400 2724 agogam
2433 2650 2936 2706 calumniatrieem:
2996 2669 3014 2701 ι
3048 2651 3162 2721 Ego
3202 2659 3256 2706 et
3295 2652 3489 2706 mulier
3517 2652 3631 2706 haec
3659 2652 3763 2705 ha-

2172 2740 2480 2797 bitabamus
2504 2742 2557 2796 in
2585 2743 2742 2797 domo
2766 2757 2894 2797 una.
2930 2762 2948 2794 ι
2969 2741 3097 2797 Post
3121 2743 3572 2798 resurrectionem
3614 2744 3763 2797 enim

2173 2831 2388 2887 Domini
2417 2829 2716 2886 Salvatoris
2741 2848 2848 2886 una
2875 2830 2942 2885 de
2974 2839 3204 2900 utroque
3227 2832 3421 2902 populo
3436 2842 3762 2903 congregata

2172 2933 2276 2981 est.
2327 2925 2395 2979 Et
2423 2940 2583 2994 quam
2607 2924 2883 2995 eleganter
2913 2923 3174 2984 Ecclesia,
3213 2943 3232 2975 ι
3261 2925 3468 2994 peperi,
3505 2943 3523 2976 ι
3564 2925 3763 2994 inquit,

2180 3035 2199 3069 ι
2241 3015 2382 3086 apud
2428 3029 2547 3069 eam
2591 3015 2645 3069 in
2676 3014 2955 3070 cubiculo!
2992 3035 3011 3068 ι
3046 3014 3287 3070 Ecclesia
3318 3016 3462 3068 enim
3486 3015 3551 3069 de
3583 3016 3764 3085 genti-

2174 3107 2296 3173 bus,
2330 3120 2452 3176 quae
2481 3121 2586 3161 non
2625 3104 2859 3160 habebat
2886 3104 3037 3175 prius
3062 3103 3233 3176 legem
3261 3112 3315 3159 et
3334 3104 3645 3174 prophetas,
3671 3120 3765 3173 pe-

2172 3199 2314 3270 perit
2333 3198 2390 3253 iu
2406 3197 2566 3253 domo
2591 3196 2910 3268 Synagogae,
2935 3210 3036 3250 nec
3058 3209 3274 3266 egressa
3293 3203 3378 3248 est
3403 3194 3472 3249 de
3495 3194 3765 3260 cubiculo,

2172 3293 2270 3349 sed
2324 3293 2587 3364 ingressa.
2643 3290 2798 3348 Unde
2834 3290 2964 3345 dicit
3002 3290 3057 3343 in
3105 3286 3330 3344 Cautico
3377 3287 3761 3343 canticorum:

2178 3402 2197 3435 ι
2231 3383 2533 3439 Introduxit
2574 3396 2662 3437 me
2686 3396 2783 3436 rex
2813 3381 2868 3435 in
2900 3379 3204 3435 cubiculum
3230 3394 3387 3433 suum
3414 3374 3591 3449 (Cant.
3617 3377 3703 3447 ιι).
3737 3397 3761 3430 ι

2172 3474 2240 3529 Et
2298 3474 2495 3529 iterum
2556 3472 2806 3541 equidem
2861 3484 2970 3525 non
3033 3478 3378 3540 spernentem
3435 3483 3763 3524 assumens:

2179 3583 2196 3616 ι
2231 3564 2575 3621 Introducam
2604 3570 2658 3618 te
2685 3561 2740 3615 in
2770 3561 2990 3616 domum
3020 3559 3213 3614 matris
3235 3574 3387 3625 metu,
3415 3566 3471 3614 et
3518 3558 3575 3613 in
3607 3559 3765 3615 cubi-

2171 3655 2351 3713 culum
2382 3654 2499 3724 ejus
2525 3668 2647 3725 qua:
2681 3652 2928 3722 concepit
2954 3666 3041 3708 me
3067 3648 3246 3724 (Cant.
3276 3648 3397 3720 Vill)

2249 3765 2268 3801 ι
2305 3745 2486 3801 Tertia
2512 3753 2693 3801 autem
2730 3744 2839 3810 die,
2880 3751 3163 3814 postquam
3185 3755 3291 3813 ego,
3322 3740 3527 3811 peperi,
3553 3741 3765 3811 peperit

2177 3858 2195 3891 ι
2233 3846 2289 3894 et
2321 3838 2456 3893 hmo.
2489 3857 2508 3890 ι
2558 3836 2615 3893 Si
2653 3837 2975 3903 fconsideres
3006 3834 3252 3889 “Pilatum
3280 3834 3547 3889 lavantem
3569 3848 3765 3889 manus

2172 3939 2334 3999 atque
2356 3928 2621 3984 dicentem
2647 3943 2661 3982 :
2696 3944 2715 3977 ‹
2748 3925 2979 3981 Mundus
2999 3940 3099 3997 ego
3127 3940 3246 3979 sum
3276 3940 3307 3978 a
3343 3924 3603 3995 sanguine
3626 3923 3764 3993 justi

2174 4021 2328 4076 istius
2350 4019 2566 4094 (Matth.
2598 4016 2769 4089 xxvn)
2793 4033 2809 4083 ;
2843 4017 2891 4072 si
2919 4016 3285 4072 centurionem
3309 4023 3434 4069 ante
3460 4014 3764 4083 patibulum

2174 4112 2519 4187 conﬁtentem
2551 4128 2564 4164 :
2624 4127 2643 4161 ι
2674 4110 2813 4165 Vere
2839 4108 2930 4165 hic
2967 4116 3081 4162 erat
3121 4106 3296 4161 Filius
3335 4105 3430 4160 Dei
3470 4104 3696 4177 (Ibid.);
3739 4126 3761 4159 ι

2173 4201 2218 4257 si
2247 4215 2340 4256 eos
2359 4201 2449 4269 qui
2481 4207 2605 4253 ante
2625 4197 2952 4268 passionem,
2976 4210 3074 4266 per
3100 4193 3423 4263 Philippum,
3473 4194 3769 4249 Dominum

2171 4293 2356 4347 videre
2378 4289 2689 4346 desiderant
2708 4287 2891 4361 (Joan.
2926 4287 3058 4358 xu):
3086 4287 3229 4342 haud
3260 4287 3500 4358 ambiges
3523 4286 3768 4357 primam

2173 4379 2448 4451 peperisse
2487 4378 2806 4444 Ecclesiam,
2851 4385 2906 4432 et
2935 4385 3127 4448 postea
3156 4384 3342 4431 natum
3369 4375 3624 4447 populum
3658 4375 3761 4430 Ju-

2174 4468 2445 4535 dzcorum,
2499 4483 2598 4538 pro
2645 4482 2752 4537 quo
2796 4467 3056 4522 Dominus
3108 4466 3471 4536 precabatur:
3521 4483 3540 4516 ι
3570 4464 3761 4533 Pater,

2173 4558 2389 4631 ignosce
2408 4558 2531 4623 illis,
2555 4559 2683 4628 quid
2705 4559 2849 4613 enim
2870 4556 3076 4614 faciunt
3093 4556 3499 4629 nesciunt(Luc.
3521 4558 3702 4627 mn).
3730 4578 3753 4612 ι

2172 4650 2397 4720 Unaque
2430 4651 2517 4706 die
2546 4651 2891 4707 crediderunt
2919 4650 3021 4705 tria
3049 4649 3235 4715 millia,
3282 4656 3339 4703 et
3372 4648 3475 4702 alia
3517 4648 3760 4719 quinque

2169 4740 2334 4795 millia
2366 4740 2499 4813 (Act.
2524 4739 2605 4812 ιι).
2653 4758 2671 4790 ι
2704 4740 2932 4795 Eramus
2956 4740 3116 4795 simul
3142 4738 3277 4811 (Act.
3308 4736 3405 4810 tv).
3454 4737 3754 4795 Multitudi-

2168 4831 2253 4886 nis
2279 4840 2459 4885 autem
2504 4830 2838 4886 credentium
2864 4838 2983 4885 erat
3008 4845 3106 4885 cor
3141 4844 3307 4883 unum
3338 4836 3393 4884 et
3416 4829 3595 4883 anima
3643 4845 3755 4886 una

2170 4917 2357 4991 una.)
2385 4939 2405 4973 ι

2244 5030 2262 5061 ι
2292 5010 2479 5067 Nullus
2505 5024 2721 5081 quoque
2749 5008 2888 5064 alius
2906 5009 2962 5064 in
2988 5008 3147 5063 domo
3176 5008 3481 5074 nobiscum,
3510 5010 3755 5077 exceptis

2172 5119 2191 5152 ‹
2214 5102 2370 5157 nobis
2401 5100 2628 5156 duabus.
2663 5120 2682 5153 ι
2714 5098 2832 5155 Non
2878 5099 3367 5170 blasphemautimn
3417 5099 3751 5167 Judmorum,

2167 5209 2273 5250 non
2297 5193 2574 5264 gentilium
2611 5191 2768 5247 idolis
2802 5176 3170 5246 servientium.
3224 5208 3244 5241 ι
3276 5189 3516 5244 Mortuus
3541 5197 3626 5245 est
3650 5204 3753 5245 au-

2172 5301 2191 5334 ‹
2213 5293 2319 5339 tem
2340 5283 2481 5337 ﬁlius
2507 5281 2749 5337 mulieris
2763 5279 2923 5349 hujus
2948 5288 3124 5335 nocte.
3150 5300 3168 5332 ι
3189 5280 3323 5333 Dum
3349 5278 3482 5349 legis
3504 5278 3756 5348 sequitur

2164 5371 2585 5437 observantiam,
2613 5379 2668 5426 et
2687 5371 2914 5441 gratiam
2940 5368 3210 5434 Evangelii
3230 5366 3359 5437 jugo
3386 5365 3631 5422 Mosaicae
3650 5364 3753 5421 do-

2166 5462 2354 5518 ctrina:
2402 5460 2657 5530 copulat,
2706 5459 3049 5514 tenebrarum
3091 5470 3279 5511 errore
3325 5465 3581 5525 cooperta
3639 5464 3750 5510 est.

2172 5571 2191 5605 ι
2228 5552 2610 5623 Oppressitque
2629 5565 2753 5605 eum
2783 5548 3055 5604 dormiens
3080 5553 3255 5600 mater
3290 5560 3408 5611 sua,
3436 5564 3456 5598 ι
3481 5559 3602 5615 qua:
3638 5559 3751 5599 non

2165 5642 2337 5711 potuit
2367 5642 2547 5697 dicere
2595 5660 2608 5694 :
2664 5658 2683 5691 ι
2716 5639 2826 5709 Ego
2856 5636 3085 5700 dormio,
3136 5643 3189 5689 et
3235 5651 3329 5690 eor
3357 5648 3534 5690 meum
3560 5632 3753 5705 vigilas

2170 5731 2343 5793 (Cant.
2375 5733 2449 5794 ν).
2483 5753 2500 5785 ι
