4010 6194
190 254 281 309 I29

1003 247 1360 306 COMMENT.
1401 247 1468 302 IN
1508 246 1756 303 LIBROS
1788 246 1855 302 IV
1894 244 2157 313 REGUM.
2198 275 2268 285 —
2304 243 2373 300 IN
2413 244 2543 300 LIB.
2581 243 2667 301 III.

3371 243 3470 307 150

193 388 209 421 c
247 366 430 423 Hedia
475 371 635 421 nocte
657 378 991 435 consurgens
1043 363 1165 418 tulit
1209 363 1377 419 ﬁlium
1415 362 1483 416 de
1530 362 1716 417 latere.
1759 380 1777 414 ι
1811 364 1864 426 Α
1888 361 2226 415 subditorum
2277 358 2387 419 vita
2450 357 2783 413 mortiferam
2826 366 3007 427 tegant
3072 358 3469 431 negligentiam.

190 456 449 513 Ecclesiae
480 453 822 510 dormientis.
886 470 905 504 ο
936 453 1004 507 Ει
1030 453 1082 507 in
1129 469 1229 508 suo
1256 451 1540 507 collocavit
1578 455 1719 507 sinu.
1760 474 1777 503 ι

194 548 387 619 Relege
402 549 582 600 totam
599 544 857 615 Apostoli
874 547 943 599 ad
958 545 1178 600 Galatas
1193 544 1506 615 Epistulam,
1534 551 1589 599 et
1615 542 1788 596 anim—

196 636 444 691 advertes
462 635 735 705 quomodo
758 633 900 690 ﬁlios
927 634 1185 690 Ecclesia:
1212 649 1341 690 suos
1364 633 1545 689 facere
1569 632 1789 688 festinet

197 726 500 797 Synagoga.
536 725 605 779 Et
624 724 759 780 dicit
771 722 1061 794 Apostolus
1091 742 1104 778 :
1135 742 1153 775 ι
1174 723 1350 779 Filioli
1375 723 1501 792 mei,
1527 738 1663 792 quos
1693 723 1764 777 ite

200 831 312 869 rum
366 815 646 884 parturio,
701 815 874 870 donec
924 813 1187 870 formetur
1233 812 1481 868 Christus
1530 812 1585 867 in
1638 812 1791 867 vobis

202 901 337 975 (Cal.
364 902 464 975 tv).
486 924 505 956 ι
542 902 723 960 Unum
748 903 894 969 tulit,
934 920 1040 960 non
1071 912 1130 958 ut
1148 902 1467 974 possideret,
1496 902 1590 957 sed
1618 909 1678 956 ut
1699 916 1791 957 oc-

204 998 442 1063 cideret;
488 1012 599 1051 non
626 996 773 1052 enim
812 1011 998 1053 amore
1023 995 1154 1052 fecit
1182 997 1286 1051 hoc
1319 994 1440 1061 ﬁlii,
1465 995 1560 1051 sed
1585 994 1793 1050 remulce

206 1088 335 1142 odio.
366 1088 439 1142 Et
461 1103 620 1142 suum
645 1096 921 1144 mortuum
936 1087 1182 1159 perlegis
1202 1087 1558 1143 caeremonias
1586 1088 1640 1141 in
1670 1087 1792 1142 sinu

208 1178 455 1234 Ecclesia:
505 1179 812 1249 supposuit.
861 1179 1106 1249 Longum
1153 1186 1257 1244 est,
1310 1179 1356 1233 si
1382 1179 1544 1234 velim
1567 1193 1664 1249 per
1685 1178 1795 1233 sin-

207 1269 317 1340 gula
347 1283 577 1324 currere
596 1268 868 1339 quomodo
909 1284 1009 1340 per
1038 1269 1340 1339 apostolum
1364 1268 1589 1323 Paulum
1618 1278 1674 1323 et
1703 1283 1795 1324 ec-

207 1360 532 1415 clesiasticos
562 1361 710 1415 viros
736 1359 1066 1415 intellexerit
1097 1361 1335 1416 Ecclesia
1362 1376 1468 1415 non
1497 1376 1615 1415 esse
1640 1376 1796 1415 suum

210 1450 367 1505 ﬁlium
393 1452 489 1521 qui
534 1452 825 1507 tenebatur
872 1451 928 1505 in
968 1450 1105 1522 lege,
1153 1451 1295 1507 etin
1336 1452 1457 1507 luce
1483 1452 1798 1520 cognoverit

214 1555 358 1610 quem
385 1541 440 1595 in
484 1540 725 1596 tenebris
754 1555 864 1595 non
894 1541 1130 1596 videbat.
1183 1542 1311 1597 Inde
1352 1541 1592 1613 jurgium
1617 1551 1797 1600 ortum

211 1640 285 1687 est
312 1639 580 1703 prasente
609 1646 757 1703 rege,
789 1631 962 1687 altera
990 1633 1237 1688 dicente:
1277 1652 1296 1685 ι
1326 1634 1493 1690 Filius
1509 1644 1632 1691 tuus
1657 1651 1801 1689 mor-

1887 450 2041 506 Uude
2052 459 2105 504 ct
2116 449 2204 504 illa
2218 450 2430 515 mulier,
2444 464 2563 518 qua:
2576 448 2743 502 ﬁlium
2757 447 3016 502 exstinxit
3025 449 3323 519 proprium,
3335 464 3477 520 qua:-

1885 543 2011 598 sivit
2031 543 2285 597 alienum.
2343 542 2448 596 Sed
2481 551 2659 596 tamen
2684 557 2867 596 veram
2912 551 3138 599 matrem
3170 542 3475 601 Salomonis

1884 636 2093 707 gladius
2120 635 2343 696 invenit,
2374 634 2499 703 quia
2523 633 2772 688 videlicet
2795 631 2949 701 cujus
2970 632 3178 689 fructus
3199 635 3367 700 vivat,
3392 636 3476 691 vel

1831 746 1851 775 ι
1887 726 2040 796 cujus
2068 725 2320 789 intereat,
2345 732 2592 778 extreme
2614 724 2864 777 examine
2904 723 2984 777 ira
3014 723 3251 780 districti
3276 725 3478 795 jndicis

1888 816 2243 871 demonstrat.
2274 814 2349 869 lbi
2369 824 2424 868 et
2457 813 2584 868 illud
2609 821 2693 869 est
2712 813 2941 869 solerter
2965 814 3304 879 intuendum,
3333 816 3478 885 quod

1888 909 2075 963 vivens
2101 907 2241 961 ﬁlius
2271 906 2422 975 prius
2468 905 2634 960 dividi
2660 903 2970 975 praecipitur
3013 912 3074 958 ut
3098 905 3194 959 soli
3235 915 3476 973 postmou-

1890 1001 2016 1056 dum
2044 1000 2202 1054 matri
2232 999 2485 1053 reddatur
2511 1012 2526 1051 :
2575 998 2699 1066 quia
2751 998 2805 1051 in
2835 997 2938 1051 hac
2963 997 3071 1052 vita
3098 999 3252 1067 quasi
3280 999 3477 1069 partiri
3510 1069 3515 1073 ε

1891 1092 2204 1148 conceditur
2237 1090 2344 1145 vita
2388 1088 2657 1160 discipuli,
2701 1089 2828 1144 dum
2856 1104 2924 1143 ex
2958 1088 3047 1142 illa
3094 1104 3482 1159 nonnunquam

1892 1184 2029 1239 alter
2052 1183 2190 1253 apud
2228 1183 2395 1237 Deum
2421 1182 2700 1246 meritum,
2742 1179 2880 1235 alter
2903 1194 3033 1235 vero
3059 1180 3199 1249 apud
3234 1180 3483 1237 homines

1893 1273 2105 1328 laudem
2155 1272 2355 1326 habere
2407 1271 2773 1340 permittatur.
2822 1269 2929 1324 Sed
2979 1269 3116 1325 falsa
3159 1279 3333 1325 mater
3357 1285 3483 1326 eum

1892 1381 2054 1435 quem
2095 1379 2202 1418 non
2228 1363 2413 1432 genuit
2438 1361 2611 1418 occidi
2640 1377 2746 1416 non
2797 1361 3028 1416 metuit:
3071 1360 3197 1431 quia
3222 1375 3485 1430 arrogan—

1896 1464 1979 1511 tes
2002 1455 2245 1525 magistri
2274 1463 2329 1509 ct
2348 1452 2630 1508 charitatis
2658 1452 2830 1523 ignari
2854 1491 2869 1517 ,
2914 1452 2959 1507 si
2989 1451 3360 1521 plenissimum
3391 1465 3489 1507 no-

1895 1563 2019 1603 men
2059 1547 2233 1601 laudis
2264 1561 2331 1600 ex
2353 1543 2545 1599 alienis
2573 1542 2851 1612 discipulis
2893 1541 3151 1610 consequi
3193 1547 3486 1611 nequeunt,

1897 1652 2083 1692 eorum
2112 1636 2280 1690 vitam
2327 1633 2620 1689 crudeliter
2644 1632 3024 1701 insequuntur.
3072 1630 3292 1686 Invidiae
3343 1630 3489 1685 enim

218 1729 327 1776 tuus
371 1730 478 1785 est,
533 1736 688 1776 meus
711 1729 892 1777 autem
941 1723 1097 1789 vivit,
1130 1744 1148 1775 ι
1193 1723 1363 1779 altera
1402 1726 1796 1794 respondente:
1830 1710 1878 1770 Β
1906 1727 2111 1783 facibus
2134 1725 2380 1782 succensi
2410 1725 2597 1780 nolunt
2642 1724 2763 1779 aliis
2790 1725 2994 1789 vivere,
3019 1722 3164 1793 quod
3191 1738 3250 1778 se
3273 1721 3489 1791 conspi-

221 1830 239 1860 ε
267 1810 536 1875 Mentiris,
573 1809 716 1866 ﬁlius
745 1812 942 1882 quippe
967 1827 1118 1867 meus
1145 1812 1301 1878 vivit,
1349 1814 1493 1869 ﬁlius
1516 1821 1637 1869 tuus
1661 1830 1803 1870 mor-

216 1910 347 1955 tuus.
401 1899 584 1969 Atque
637 1900 690 1955 in
730 1901 877 1955 hunc
918 1901 1135 1956 modum
1185 1902 1585 1959 contendebant
1618 1918 1801 1959 coram

220 2004 418 2061 rege.)

277 2080 429 2135 Tune
454 2095 554 2135 rex
602 2078 879 2143 Salomon,
928 2080 1017 2150 qui
1048 2080 1335 2137 manifeste
1376 2080 1627 2136 Salvator
1656 2082 1803 2137 acci-

221 2170 350 2238 pitur
393 2166 717 2239 (sccundum
744 2168 1010 2239 psalmum
1040 2170 1498 2241 septuagesimum
1546 2173 1803 2242 primum,

222 2257 371 2327 quiin
401 2255 746 2311 Salomonem
768 2258 1100 2326 inscribitur,
1131 2261 1221 2316 ubi
1251 2260 1394 2315 nulla
1415 2261 1680 2317 dubitatio
1703 2270 1804 2322 est.

221 2350 338 2419 quin
360 2358 567 2405 caetera
613 2363 732 2418 quae
764 2350 1021 2405 dicuntur
1046 2392 1060 2417 ,
1109 2368 1216 2407 non
1250 2351 1524 2408 Salomoni
1569 2360 1805 2416 mortuo,

224 2441 307 2497 sed
339 2440 549 2496 Christi
586 2442 911 2496 wnveniant
941 2441 1255 2513 maiestati),
1293 2443 1510 2499 simulat
1554 2443 1807 2514 ignoran-

228 2532 375 2599 tiam,
412 2539 470 2587 et
499 2532 769 2586 humanos
795 2546 896 2601 pro
922 2532 1319 2603 dispensatione
1344 2532 1524 2587 carnis
1553 2532 1812 2587 mentitur

231 2620 461 2685 aﬁectus,
489 2619 635 2674 sicut
666 2619 723 2674 in
747 2619 855 2675 alio
874 2619 994 2675 loco
1023 2637 1038 2673 :
1080 2638 1099 2671 ι
1137 2620 1239 2675 Ubi
1265 2621 1521 2689 posuistis
1544 2619 1810 2674 Lazarum

233 2709 484 2782 (1008.11)
512 2709 536 2762 ?
564 2729 584 2762 ι
642 2709 713 2763 Et
746 2710 815 2764 ad
856 2709 1138 2764 mulierem
1166 2708 1420 2764 ﬂuentem
1451 2702 1807 2778 sanguinem:

237 2818 253 2849 ι
278 2799 403 2867 Quis
433 2813 527 2853 me
557 2799 734 2869 tetigit
761 2798 955 2870 (Marc.
984 2798 1077 2871 v)?
1113 2819 1132 2851 ι
1181 2799 1431 2854 Gladium
1459 2799 1715 2869 postulat,
1747 2799 1812 2853 de

234 2906 325 2959 quo
350 2890 569 2945 dixerat
602 2906 616 2942 :
677 2907 696 2939 ι
732 2888 912 2944 Nolite
936 2897 1128 2960 putare
1166 2890 1307 2960 quod
1336 2891 1577 2945 venerim
1623 2905 1811 2960 pacem

236 2977 432 3033 mittere
455 2991 625 3047 super
652 2985 855 3032 terram
881 2994 896 3043 ;
929 2993 1034 3032 non
1082 2979 1204 3033 veni
1233 2993 1422 3048 pacem
1452 2979 1687 3045 mittere,
1720 2978 1810 3034 sed

234 3068 476 3138 gladium.
524 3067 663 3122 Veni
716 3068 862 3123 enim
913 3069 1153 3123 dividere
1194 3069 1467 3124 hominem
1496 3079 1683 3125 contra
1713 3086 1812 3140 pa-
1842 3058 1885 3120 C

237 3174 355 3218 trt-m
377 3179 561 3226 suum,
594 3172 651 3218 et
675 3162 841 3217 ﬁliam
870 3172 1057 3219 contra
1080 3173 1309 3218 matrem
1341 3178 1515 3227 suam,
1544 3171 1601 3216 et
1621 3177 1818 3216 nurum

237 3264 406 3309 contra
431 3269 655 3309 socrum
688 3269 866 3319 suam,
914 3262 968 3309 et
993 3255 1195 3311 inimici
1231 3255 1489 3319 hominis,
1530 3254 1812 3309 domestici

238 3346 342 3414 ejus
386 3345 611 3419 (Matth.
650 3345 729 3415 χ).
766 3366 785 3399 ι
842 3346 909 3401 Ει
968 3354 1232 3417 temperat
1281 3356 1531 3402 naturam
1607 3355 1818 3400 natura:

241 3438 506 3503 Deminus,
521 3437 745 3508 vultque
758 3439 1050 3493 secundum
1068 3440 1345 3509 utriusque
1368 3438 1720 3504 voluntatem,
1745 3438 1822 3492 vi-

243 3536 441 3582 ventem
468 3527 638 3581 ﬁlium
663 3527 717 3581 in
740 3526 913 3598 legem
936 3528 1272 3598 gratiamque
1297 3527 1557 3592 dividere,
1583 3542 1689 3582 non
1713 3542 1820 3596 quo

241 3618 333 3672 hoc
352 3619 565 3688 probet,
601 3618 695 3673 sed
717 3633 825 3689 quo
850 3619 915 3674 ad
938 3618 1267 3690 arguendam
1301 3618 1623 3674 calumniam
1674 3616 1817 3688 Syn-

241 3723 411 3779 agogre
441 3710 546 3763 hoc
574 3708 711 3763 velle
740 3725 800 3764 se
837 3709 983 3764 dicat
1013 3728 1026 3764 :
1058 3709 1149 3764 Illa
1179 3725 1298 3779 qua:
1324 3709 1540 3763 nolebat
1563 3707 1821 3762 Ecclesiae

244 3801 399 3855 tilium
444 3801 500 3855 in
529 3803 705 3872 gratia
735 3802 935 3869 vivere,
965 3817 1067 3857 nec
1094 3818 1193 3872 per
1221 3802 1550 3871 baptismum
1579 3799 1819 3865 liberari,

242 3890 463 3945 libenter
489 3892 653 3945 habet
679 3890 844 3945 dividi
868 3907 1113 3961 puerum,
1146 3908 1249 3947 non
1295 3897 1357 3947 ut
1379 3891 1675 3962 possideat,
1730 3889 1823 3945 sed

245 3990 298 4034 ut
320 3976 629 4037 interﬁciat.
671 3982 928 4046 Ecclesia,
960 3998 1120 4052 quem
1162 3984 1263 4038 scit
1290 3998 1445 4037 suum
1476 3997 1616 4046 esse,
1654 3981 1824 4036 liLcn-

244 4081 319 4125 ter
339 4072 593 4127 concedit
631 4073 859 4138 :cznulze,
897 4073 1023 4127 dum
1054 4074 1200 4128 vivat
1229 4074 1415 4128 saltem
1446 4072 1589 4142 apud
1631 4070 1825 4126 adver-

242 4164 437 4218 sarium
462 4180 480 4229 ;
526 4180 595 4218 ne
620 4163 763 4218 inter
793 4163 962 4235 legem
990 4164 1194 4219 divisus
1214 4173 1269 4220 et
1288 4165 1536 4235 gratiam,
1576 4162 1824 4218 Salvato-

245 4252 314 4306 ris
358 4268 620 4308 mucrone
650 4252 908 4319 feriatur,
935 4254 1077 4309 unde
1107 4254 1236 4309 dicit
1260 4253 1550 4324 Apostolus
1578 4272 1592 4309 :
1636 4272 1653 4304 ι
1688 4254 1828 4309 Ecce

244 4359 337 4415 ego
368 4344 573 4399 Paulus
604 4346 727 4400 dico
779 4346 952 4412 vobis,
1004 4348 1146 4416 quod
1191 4347 1237 4401 si
1287 4347 1459 4418 legem
1504 4348 1822 4413 observetis,

1905 1819 2053 1874 ciunt
2075 1833 2182 1872 non
2221 1830 2382 1886 posse
2429 1814 2729 1869 possidere.
2788 1813 2944 1869 Unde
2977 1819 3033 1867 ct
3081 1810 3192 1866 illic
3238 1825 3493 1880 perversa

1904 1907 2099 1962 mulier
2124 1906 2326 1960 clamat
2359 1919 2374 1958 :

1982 2013 2002 2047 ι
2035 1994 2146 2050 Nec
2183 2008 2336 2048 meus
2384 1992 2475 2057 sit,
2525 2006 2627 2046 nec
2672 1990 2852 2046 istius.
2891 2009 2911 2041 ι
2960 1988 3033 2045 Ut
3057 1990 3200 2044 enim
3239 1988 3492 2055 diximus,

1905 2100 2045 2156 quos
2067 2084 2170 2139 sibi
2189 2083 2413 2152 obsequi
2438 2098 2544 2136 non
2565 2082 2750 2137 vident
2775 2083 2841 2136 ad
2867 2080 3091 2150 gloriam
3118 2080 3494 2150 temporalem,

1907 2190 2001 2233 eos
2020 2175 2141 2229 aliis
2160 2174 2404 2228 invident
2448 2172 2631 2226 vivere
2672 2185 2771 2241 per
2795 2170 3105 2225 veritatem.
3147 2168 3289 2223 Vera
3314 2177 3496 2224 autem

1908 2274 2085 2320 mater
2110 2262 2307 2332 satagit
2356 2270 2416 2315 ut
2466 2258 2584 2330 ejus
2607 2259 2747 2314 ﬁlius
2772 2258 2962 2314 saltem
2992 2257 3135 2327 apud
3179 2265 3497 2313 extraneam

1910 2357 1982 2412 sit
2005 2363 2060 2410 et
2106 2355 2254 2409 vivat
2283 2367 2298 2406 :
2328 2352 2455 2421 quia
2482 2351 2785 2406 concedunt
2808 2349 3021 2404 veracis
3046 2349 3291 2421 magistri
3333 2348 3497 2405 disci-

1909 2447 2019 2517 puli
2033 2455 2091 2501 ut
2112 2460 2178 2500 ex
2202 2458 2386 2500 corum
2405 2441 2686 2513 discipulis
2708 2440 2800 2496 alii
2825 2440 3045 2510 quidem
3070 2440 3365 2510 magisterii
3387 2440 3501 2494 lau-

1911 2537 2034 2592 dem
2064 2536 2339 2600 habeant,
2391 2533 2485 2588 sed
2526 2532 2892 2602 integritatem
2918 2531 3040 2585 vita:
3068 2531 3230 2587 iidem
3254 2530 3502 2602 discipuli

1911 2644 2018 2683 non
2054 2627 2324 2681 amittant.
2378 2625 2591 2694 Perque
2639 2624 2859 2693 pictatis
2905 2622 3114 2678 viscera
3153 2622 3269 2677 haec
3314 2625 3502 2679 eadem

1912 2726 2027 2773 mat
2059 2735 2088 2771 r
2117 2732 2244 2772 vera
2276 2715 2589 2787 agnoscitur
2612 2715 2854 2780 omnino,
2903 2714 3029 2783 quia
3049 2713 3421 2783 magisterium
3449 2713 3505 2768 in

1910 2807 2161 2863 examine
2188 2805 2472 2865 cbaritatis
2505 2805 2854 2873 approbatur.
2905 2804 2968 2858 Et
2996 2804 3108 2859 sola
3159 2812 3330 2859 totum
3368 2805 3505 2860 reci-

1914 2910 2041 2966 pere
2069 2894 2290 2956 mcruit,
2342 2909 2462 2962 qua:
2504 2893 2658 2963 quasi
2712 2901 2882 2948 totum
2911 2894 3114 2949 cessit:
3159 2894 3286 2962 quia
3322 2894 3508 2950 ﬁdeles

1915 2986 2187 3057 praepositi
2240 2999 2337 3054 pro
2365 2999 2430 3038 eo
2459 2984 2602 3052 quod
2628 2999 2693 3038 ex
2726 2984 2883 3039 bonis
2933 2982 3210 3054 discipulis
3261 2984 3372 3040 suis
3399 3000 3505 3040 non

1918 3075 2090 3130 solum
2147 3074 2269 3130 aliis
2303 3074 2515 3129 laudem
2545 3090 2652 3129 non
2688 3074 2951 3139 invident,
3001 3074 3093 3130 sed
3113 3074 3401 3130 utilitatem
3428 3076 3509 3131 eis

1916 3171 2085 3225 etiam
2127 3168 2401 3240 profectus
2446 3177 2693 3234 exorant,
2765 3169 2866 3238 ipsi
2898 3169 3136 3239 integros
3184 3176 3238 3224 et
3268 3171 3510 3224 viventes

1921 3261 2058 3315 ﬁlios
2085 3262 2374 3331 rccipiunt,
2424 3260 2639 3330 quando
2680 3259 2733 3313 in
2759 3275 3009 3330 supremo
3037 3261 3287 3316 examine
3316 3274 3507 3318 eorum

1916 3353 2043 3408 vita:
2082 3353 2333 3423 perfecta:
2359 3352 2731 3408 retributionis
2756 3353 2948 3423 gaudia
2974 3360 3395 3423 consequuntur.

2525 3485 2755 3542 CAPUT
2809 3486 2897 3541 IV.

1919 3578 1999 3635 De
2029 3588 2278 3652 potestate
2306 3577 2729 3652 Salomonisun
2754 3577 3347 3652 imperabqtnttniversis,
3367 3586 3415 3630 et
3444 3577 3511 3631 de

1991 3645 2245 3720 sapientia
2272 3649 2408 3719 ejus,
2452 3649 2516 3701 de
2561 3645 2757 3701 divitiis
2789 3645 2943 3717 atque
2961 3646 3276 3720 Adeliciistel
3307 3645 3509 3720 depace

1992 3715 2149 3791 quam
2178 3715 2475 3791 habebatin
2521 3734 2676 3791 regno
2704 3733 2820 3770 suo.
2845 3715 2919 3755 4-—
2947 3715 3099 3781 Quod
3127 3715 3377 3791 Salomon
3406 3717 3509 3791 (ria

1993 3782 2162 3864 millia
2203 3782 2595 3864 parabolarum'
2625 3786 2830 3864 locutus
2881 3793 3084 3864 estne:
3134 3782 3510 3864 quod-fuerint

1996 3852 2231 3913 carmiu'a
2259 3858 2372 3927 ejus
2399 3859 2623 3927 quinque
2650 3854 2817 3908 millia
2842 3871 2860 3917 ;
2884 3854 3121 3927 quodque
3135 3852 3241 3927 ipse
3264 3852 3509 3927 disseruit

1996 3931 2059 3982 de
2078 3921 2353 3996 jumcntis,
2401 3921 2715 3996 cohibilius,
2766 3921 3043 3996 reptilibtts
3089 3921 3505 3996 erratibus.—

2000 3991 2332 4065 De'a’diﬁcio
2377 3996 2568 4065 domus
2598 3994 2717 4056 Dei,
2755 3991 2985 4065 etquod
3017 3991 3297 4065 mjiﬁcatio
3336 3991 3504 4065 urber-

1998 4067 2174 4121 ηαεωὶ
2213 4060 2380 4119 ὐηαηι
2417 4063 2750 4133 eamdemque
2791 4060 2986 4117 Cliristi
3033 4060 3324 4114 Ecclesium
3369 4060 3510 4113 desi—

1998 4146 2141 4208 gnet.

2004 4248 2154 4321 (CAP.
2193 4245 2288 4317 tv).
2329 4245 2668 4300 Enumeratis
2693 4259 2821 4314 ergo
2844 4242 3178 4312 principibus
3206 4240 3512 4295 Salomonis

1932 4338 2023 4409 qui
2055 4338 2108 4391 iu
2153 4352 2318 4403 regno
2339 4332 2454 4403 cjus
2482 4334 2648 4389 variis
2674 4332 2863 4389 oﬁiciis
2892 4331 3129 4399 deputati
3154 4331 3383 4395 fuerant,
3416 4345 3509 4385 seu

244 4397 488 4489 C‘llrislus
523 4435 681 4489 vobis
713 4435 847 4490 nihil
876 4397 1094 4505 pr’odESt
1143 4397 1444 4509 (Galaauv).
1482 4458 1500 4490 ι
1556 4438 1687 4492 Item
1722 4397 1826 4493 alio
1852 4397 1903 4456 D
1930 4397 2158 4487 diversis
2198 4427 2487 4498 provinciis
2513 4432 2801 4496 praeerant,
2827 4425 3069 4494 sequitur
3092 4423 3404 4493 Scriptura,
3433 4423 3507 4477 ita

246 4524 418 4579 modo.
476 4524 582 4593 (Ea:
608 4523 905 4597 Gregorio.)
935 4524 1073 4592 Quid
1114 4527 1166 4580 in
1199 4528 1299 4582 hac
1326 4528 1590 4582 sententia
1614 4527 1826 4591 melius,

245 4629 335 4682 per
359 4623 597 4669 matrum
625 4616 943 4670 laetantium
960 4616 1200 4684 nomina,
1233 4617 1337 4672 nisi
1354 4618 1633 4673 doctorum
1660 4617 1827 4672 ordo?

247 4705 380 4772 Quid
402 4724 535 4762 vero
557 4723 652 4777 per
673 4724 861 4761 earum
888 4708 1046 4773 lilios,
1076 4708 1177 4762 nisi
1202 4708 1582 4777 discipulorum
1604 4722 1831 4777 persona

248 4798 529 4867 signatur?
559 4798 693 4853 Nam
719 4799 995 4871 magistri,
1030 4799 1283 4853 nimirum
1306 4800 1590 4870 vigilantes
1615 4798 1832 4868 quidem

246 4891 497 4955 scientia,
545 4891 637 4945 sed
672 4891 782 4944 vita
821 4890 1173 4955 dormientes,
1204 4889 1479 4945 auditores
1507 4904 1652 4951 suos,
1694 4904 1831 4957 quos

248 4994 341 5047 per
364 4980 579 5052 vigilias
604 4978 1006 5049 przedicationis
1036 4979 1295 5038 nutriunt.
1338 4980 1464 5033 dum
1486 4979 1627 5047 quod
1651 4977 1833 5031 dicunt

250 5070 426 5126 facere
464 5071 762 5143 negligant,
810 5087 909 5141 per
934 5086 1183 5125 somnum
1215 5071 1447 5140 torporis
1494 5070 1746 5125 occidunt
1780 5076 1835 5123 et

250 5163 567 5235 negligenda
612 5163 949 5233 opprimunt,
1000 5177 1135 5230 quos
1184 5162 1329 5217 alere
1372 5162 1657 5215 verborum
1696 5159 1835 5213 lacte

253 5255 590 5309 videbantur.
638 5254 793 5309 Unde
818 5254 1132 5324 plerumque
1156 5254 1283 5309 dum
1309 5254 1406 5323 ipsi
1439 5251 1835 5321 reprehensibi-

252 5342 370 5397 liter
414 5344 640 5405 vivunt,
689 5350 743 5397 ct
793 5343 995 5398 habere
1044 5344 1335 5412 discipulos
1381 5344 1504 5397 vita:
1556 5340 1839 5396 laudabilis

253 5443 545 5502 mqueunt,
596 5433 805 5489 alienos
831 5434 932 5487 sibi
960 5434 1232 5488 attrahere
1267 5442 1550 5497 conantur,
1575 5441 1840 5501 quatenus

252 5524 375 5576 dum
402 5525 570 5579 bonos
612 5539 671 5580 se
700 5524 903 5578 habere
930 5538 1188 5592 sequaces
1210 5524 1515 5585 ostendunt,
1548 5519 1839 5592 apudjudi-

254 5616 330 5664 cia
356 5614 634 5671 hominum
673 5622 941 5671 excusent
992 5613 1131 5666 mala
1183 5628 1300 5684 quac
1347 5621 1553 5683 agunt,
1602 5620 1651 5663 cl
1688 5610 1839 5678 quasi

1931 4520 2116 4576 dicens
2142 4538 2154 4572 :

2010 4630 2027 4663 α
2057 4611 2310 4666 Salomon
2336 4605 2515 4664 autem
2543 4609 2736 4663 eratin
2759 4606 2961 4662 ditione
2989 4620 3084 4661 sua
3107 4605 3313 4661 habens
3332 4604 3512 4658 omnia

1939 4723 1957 4756 ί
2001 4719 2165 4774 regna
2195 4712 2353 4757 terra:
2380 4699 2702 4754 Philisthiim
2733 4717 2746 4752 :
2795 4713 2825 4751 a
2851 4697 3070 4751 ﬂumine
3096 4709 3267 4765 usque
3300 4694 3369 4749 ad
3398 4703 3510 4748 ter-

1941 4816 1959 4847 ι
2001 4798 2205 4853 minum
2250 4793 2467 4864 Egypti
2497 4791 2837 4847 oll‘erentium
2887 4788 2988 4843 sibi
3019 4801 3261 4850 munera,
3305 4792 3361 4842 et
3396 4799 3511 4841 sero

1937 4908 1958 4940 α
2004 4886 2262 4941 vientium
2283 4885 2332 4939 ei
2356 4883 2564 4937 cunctis
2592 4881 2781 4935 diebus
2811 4880 2935 4933 vitae
2966 4878 3105 4947 ejus.
3136 4895 3158 4930 ι
3210 4877 3277 4930 Et
3298 4875 3419 4944 quis
3456 4875 3514 4930 in

1936 4979 2038 5033 hoc
2060 4976 2250 5031 melius
2276 4972 2610 5042 signiﬁcatur
2642 4985 2804 5039 quam
2829 4967 3091 5024 Paciﬁcus
3120 4974 3326 5030 noster,
3351 4978 3513 5035 quem

1936 5063 2320 5136 praeﬁgurabat
2398 5061 2538 5114 idem
2617 5058 2914 5113 Salomon?
2974 5057 3090 5126 Ipse
3138 5056 3283 5111 enim
3335 5053 3513 5110 omnia

1938 5171 2104 5225 regna
2136 5163 2293 5208 terra:
2324 5166 2353 5205 a
2377 5150 2504 5206 solis
2529 5158 2648 5203 ortu
2678 5164 2847 5218 usque
2872 5148 2938 5203 ad
2960 5161 3210 5201 occasum
3231 5146 3284 5199 in
3314 5144 3517 5199 ditiune

1941 5260 2035 5302 sua
2063 5244 2245 5305 habet,
2272 5240 2551 5309 Scriptura
2578 5247 2751 5293 teste:
2787 5256 2806 5287 ι
2834 5238 2878 5290 A
2904 5238 3033 5290 mari
3060 5250 3229 5305 usque
3249 5236 3315 5288 ad
3343 5246 3514 5295 mare,

1939 5343 2048 5390 eta
2088 5332 2307 5386 ﬂumine
2355 5343 2523 5398 usque
2574 5329 2641 5382 ad
2691 5327 2950 5381 terminos
2992 5326 3139 5381 orbis
3182 5332 3364 5387 terrm,
3414 5319 3517 5391 ipsi

1942 5425 2181 5479 servient
2225 5436 2413 5475 omnes
2437 5419 2636 5489 papuli,
2673 5418 2868 5487 linguae
2904 5424 2959 5471 ct
2992 5416 3183 5478 tribus,
3231 5411 3519 5467 oll‘erentes

1943 5516 1991 5570 ci
2020 5528 2241 5568 munera
2269 5504 2438 5581 (Psal.
2469 5509 2639 5579 ωλι),
2665 5530 2683 5559 ι
2723 5508 2928 5563 scilicet
2952 5514 3111 5560 rectae
3131 5503 3252 5558 ﬁdei
3278 5510 3332 5555 et
3355 5500 3531 5553 honor

1948 5624 2063 5661 tum
2115 5619 2355 5675 operum.
2415 5622 2431 5653 ι
2476 5603 2665 5669 llcgcs,
2720 5599 2912 5667 inquit,
2960 5597 3178 5650 'I'harsis
3232 5602 3287 5647 et
3333 5587 3517 5644 insula:
