4026 6202
507 369 603 424 151

1175 364 1236 417 Β.
1271 359 1528 416 BABANI
1567 355 1780 412 MAUltl
1819 349 2138 410 ARCllliiP.
2182 347 2492 408 MOGUNT.
2533 347 2816 405 OPERUM
2855 345 3054 402 PARS.
3095 347 3133 401 l.

3651 348 3756 404 lB‘i

503 493 726 535 munera
749 475 993 538 oil'erent,
1041 489 1197 542 reges
1216 472 1452 527 Arabum
1493 479 1546 526 et
1571 470 1712 526 Saba
1737 470 1872 524 dona
1905 467 2074 522 addu-
2105 467 2154 526 Λ
2179 471 2236 517 et
2258 461 2588 534 evangelico,
2637 461 2711 516 illi
2751 469 3014 530 quatenus
3042 459 3400 529 intelligentes
3430 459 3646 518 fuemnt
3687 467 3757 518 an

499 577 650 632 cent,
675 575 731 622 et
759 567 1058 622 adorabunt
1084 581 1206 620 eum
1229 579 1418 618 omnes
1462 577 1616 633 reges
1653 569 1841 626 terrai,
1887 573 2076 614 omnes

501 669 688 732 gentes
713 659 950 714 servient
975 657 1044 710 ei.
1069 677 1087 708 ι
1121 657 1270 722 Quod
1292 663 1471 710 autem
1493 655 1742 710 subditur
1767 668 1784 706 :
1813 671 1833 704 ε
1855 651 2077 707 Cunctis

507 751 726 805 «diebus
751 751 873 803 vitae
895 747 1029 816 ejus,
1059 765 1078 798 ι
1111 746 1213 801 hoc
1239 755 1342 810 est,
1366 746 1418 798 in
1443 743 1696 798 szeculum
1724 742 1925 800 saeculi.
1951 740 2078 810 quia

501 841 616 908 ipse
645 839 982 908 permanebit
1035 851 1294 904 semper:
1355 853 1374 884 ι
1417 835 1638 904 ejusque
1678 840 1932 902 potestas,
1979 845 2076 898 po-

503 939 668 984 testas
692 936 772 982 est
795 937 1018 992 acterna,
1067 924 1220 993 cujus
1242 924 1368 978 anni
1402 937 1506 977 non
1535 922 1806 986 deﬁcient,
1853 929 1908 974 et
1928 919 2077 988 regni

499 1018 614 1086 ejus
639 1033 744 1072 non
780 1017 884 1071 erit
913 1017 1036 1070 ﬁnis
1067 1017 1228 1088 (Dan.
1262 1033 1358 1082 vn,
1385 1015 1530 1070 Psal.
1554 1033 1628 1079 Cl,
1659 1015 1786 1069 Luc.
1819 1015 1880 1086 ι).
1917 1033 1936 1066 ι

577 1129 594 1160 ι
635 1111 763 1164 Erat
785 1119 968 1165 autem
1001 1110 1154 1164 cibus
1202 1110 1506 1165 Salomonis
1534 1125 1632 1180 per
1687 1110 1802 1163 dies
1841 1107 2080 1178 singulos

505 1221 522 1253 ι
571 1205 788 1272 triginta
827 1204 980 1258 chori
1015 1203 1237 1268 similae,
1277 1211 1332 1258 et
1371 1204 1652 1272 sexaginta
1687 1202 1841 1257 chori
1868 1201 2076 1266 farinae,

504 1311 522 1342 ι
570 1292 754 1346 decem
775 1292 941 1346 boves
965 1292 1207 1362 pingues,
1233 1299 1288 1347 et
1304 1292 1488 1362 viginti
1513 1292 1679 1345 boves
1699 1290 1994 1361 paseuales,
2025 1299 2080 1344 et

504 1398 522 1430 ι
568 1391 782 1434 centum
806 1381 1026 1446 arietes,
1068 1389 1290 1449 excepta
1327 1381 1613 1436 venatione
1639 1396 1948 1446 cervorum,
1988 1396 2074 1435 ca-

503 1490 522 1523 (
571 1489 820 1542 prearum
873 1485 1036 1542 atque
1087 1474 1402 1528 bubalorum
1440 1481 1495 1527 et
1545 1475 1722 1527 avium
1766 1474 2012 1526 altilium.
2053 1491 2072 1524 ι

501 1562 640 1627 Quid
667 1577 794 1630 ergo
833 1565 985 1617 cibus
1013 1563 1110 1616 iste
1139 1561 1444 1616 Salomonis
1475 1561 1774 1632 signiﬁcat,
1811 1562 1912 1614 nisi
1943 1559 2082 1614 refe-

496 1649 727 1702 ctionem
773 1649 912 1718 rcgis
941 1651 1112 1703 nostri
1136 1648 1262 1704 .lesu
1289 1650 1512 1715 Christi,
1543 1651 1636 1719 qui
1677 1651 1812 1704 bene
1842 1651 2082 1720 pascitur

500 1749 644 1795 recta
690 1739 796 1794 ﬁde
835 1749 890 1794 et
918 1740 1171 1810 operibus
1217 1739 1374 1794 bonis
1415 1755 1535 1809 qua:
1567 1741 1642 1793 illi
1673 1741 1912 1809 quotidie
1943 1739 2076 1794 oﬁ‘e-

2176 555 2435 624 praesepia
2495 559 2806 608 sanctarum
2859 550 3262 620 Scripturarum
3313 549 3645 618 invitantur,
3696 563 3760 607 ut

2175 642 2428 712 pabulum
2477 642 2551 696 ibi
2609 655 2778 695 saera:
2803 639 3062 694 doctrina:
3107 639 3437 708 acciperent,
3488 653 3762 710 quatenus

2177 733 2436 803 equitatui
2461 733 2654 787 summi
2691 732 2832 798 regis
2861 730 3068 784 habiles
3094 729 3306 784 ﬁerent.
3357 748 3374 782 ι
3409 731 3764 788 Nutriebant-

2176 840 2282 894 que
2309 839 2402 880 eos
2427 823 2718 892 supradicti
2739 822 2878 892 regis
2905 819 3167 891 prml'ecti,
3191 841 3210 874 ι
3239 837 3359 876 cum
3387 827 3763 894 unusquisque

2178 915 2457 969 doctorum
2491 927 2740 968 sermone
2789 920 2949 968 rectm
2995 911 3140 977 ﬁdei,
3172 914 3416 982 exemplo
3449 915 3602 968 bona:
3626 932 3759 985 epe-

2178 1004 2442 1067 rationis,
2499 1003 2692 1074 satagit
2747 1010 2959 1072 pastum
3010 1001 3118 1056 illis
3169 1001 3436 1056 salubrem
3487 1003 3759 1058 conferre.

2181 1095 2332 1151 Unde
2353 1097 2686 1164 subsequens
2715 1093 2993 1163 Scriptura
3016 1094 3080 1147 de
3109 1094 3186 1147 eis
3222 1094 3354 1147 dicit
3383 1112 3395 1146 :

2255 1211 2274 1243 ι
2317 1191 2423 1250 Sed
2453 1200 2508 1246 et
2535 1189 2839 1244 necessaria
2875 1203 3075 1242 mensa:
3098 1187 3243 1258 regis
3286 1187 3594 1244 Salomonis
3633 1204 3760 1244 curn

2183 1305 2204 1337 ε
2251 1285 2452 1356 ingenti
2497 1299 2625 1338 cura
2667 1280 2976 1352 pratbcbant
3025 1287 3264 1349 tempore
3317 1295 3433 1334 suo.
3483 1277 3761 1336 Hordeum

2185 1395 2205 1428 ι
2247 1390 2460 1446 quoque
2489 1384 2543 1428 et
2568 1373 2749 1442 paleas
2770 1387 3028 1440 equorum
3057 1379 3109 1423 et
3131 1368 3518 1438 jumentornm.
3559 1391 3576 1422 ›
3623 1371 3761 1438 Quia

2177 1483 2248 1522 ne
2277 1467 2406 1536 quid
2441 1465 2580 1519 desit
2626 1463 2709 1517 his
2739 1463 2827 1530 qui
2860 1461 2910 1515 in
2951 1461 3109 1515 domo
3156 1459 3296 1527 regis
3322 1470 3569 1524 manent,
3615 1469 3763 1515 tonis

2178 1557 2314 1613 ordo
2334 1563 2644 1609 sanctorum
2680 1551 3092 1622 praedicatorum
3124 1547 3430 1619 (scribendo
3460 1549 3669 1604 scilicet
3709 1558 3762 1604 ct

2180 1645 2466 1718 loquendo)
2507 1645 2738 1708 laborat,
2779 1652 3042 1695 ntmensa
3072 1639 3282 1694 Domini
3327 1640 3561 1694 abundet
3584 1641 3636 1694 in
3664 1658 3761 1696 co-

2179 1737 2268 1806 pia
2299 1736 2578 1798 librorum,
2617 1741 2672 1786 et
2694 1732 2972 1786 decentem
2998 1737 3212 1798 pastum
3239 1729 3362 1784 inde
3391 1731 3764 1802 habeantqui-

501 1840 691 1884 runtur
737 1831 804 1883 ab
858 1830 1098 1884 Ecclesia
1147 1829 1462 1884 catholici?
1531 1847 1550 1878 ι
1581 1829 1820 1898 Triginta
1861 1849 1878 1880 ι
1945 1843 2073 1898 ergo
2105 1837 2148 1895 Β
2176 1843 2282 1897 que
2307 1825 2562 1880 ﬁdelium.

503 1937 521 1970 ι
553 1920 704 1974 chori
747 1920 936 1974 similae
963 1940 982 1972 ι
1047 1930 1274 1989 possunt
1323 1919 1629 1988 exprimere
1671 1919 1830 1973 tidem
1877 1925 2078 1972 sancta:

495 2010 801 2074 Trinitatis,
833 2009 989 2077 juxta
1025 2011 1168 2080 quod
1200 2010 1254 2063 in
1280 2009 1394 2080 lege
1419 2010 1629 2064 Domini
1659 2011 1918 2078 scriptum
1950 2024 2079 2064 cnn-

498 2099 699 2155 tinetur
725 2115 740 2163 ;
765 2107 820 2152 et
847 2117 866 2149 ι
900 2099 1183 2169 sexaginta
1207 2099 1361 2154 chori
1399 2098 1610 2164 farinae,
1642 2118 1661 2151 ι
1693 2099 2078 2169 perfectionem

495 2191 758 2246 bonorum
789 2205 1016 2259 operum
1045 2205 1061 2246 :
1110 2208 1130 2240 c
1160 2190 1345 2246 decem
1367 2190 1534 2244 boves
1555 2189 1802 2259 pingues,
1832 2209 1851 2241 ι
1895 2189 2080 2244 docto-

495 2298 582 2337 res
603 2281 840 2352 dccalogi
867 2298 882 2347 ;
924 2290 982 2337 et
1013 2299 1033 2333 ι
1067 2281 1260 2352 viginti
1301 2280 1467 2336 boves
1493 2280 1792 2350 pascuales,
1829 2299 1849 2332 ι
1881 2279 2081 2350 praedi-

493 2381 703 2428 catores
727 2370 862 2428 N0vi
884 2371 1238 2438 Testamenti,
1269 2373 1358 2442 qui
1386 2373 1541 2442 quasi
1569 2371 1900 2443 geminatum
1925 2372 2081 2426 deca-

494 2461 674 2532 logum
706 2463 760 2516 in
803 2477 862 2518 se
892 2462 1113 2528 habent,
1166 2479 1289 2517 eum
1327 2461 1536 2517 Novum
1585 2470 1640 2517 et
1671 2463 1839 2517 Vetus
1887 2461 2078 2514 Testa—

495 2560 732 2608 mentum
761 2551 1042 2620 aequaliter
1059 2551 1379 2620 praedicant,
1405 2549 1550 2619 pleni
1575 2549 1860 2604 dilectione
1889 2549 1985 2603 Dei
2025 2557 2082 2603 et

491 2642 744 2712 proximi.
780 2659 800 2692 ι
827 2640 1054 2696 Centum
1080 2642 1298 2705 arietes,
1330 2660 1348 2693 ι
1380 2655 1518 2710 quos
1536 2639 1732 2694 melius
1776 2639 2082 2708 signiﬁcant

494 2748 658 2803 quam
685 2747 780 2787 eos
811 2731 904 2801 qui
945 2731 998 2786 in
1023 2745 1187 2801 grege
1215 2729 1427 2784 Domini
1450 2730 1588 2784 bene
1615 2729 1973 2792 dominantes,
2007 2729 2082 2782 si—

493 2823 604 2878 mul
640 2837 764 2878 cum
797 2821 900 2875 sibi
946 2820 1176 2876 subditis
1211 2827 1428 2876 aatcrnre
1472 2819 1821 2875 beatitudinis
1851 2818 2079 2888 gloriam

493 2915 748 2983 consequi
787 2913 1094 2968 festinant?
1152 2930 1171 2964 ‹
1215 2911 1440 2967 Venatio
1477 2926 1693 2982 quoque
1741 2911 2078 2966 diversorum

499 3026 517 3058 ι
547 3007 859 3060 animalium
894 3025 912 3057 ι
949 3020 1055 3061 non
1091 3005 1534 3059 inconvenienter
1565 3003 1735 3073 accipi
1768 3009 1946 3072 potest
1989 3017 2081 3055 ac-

488 3097 710 3167 .quisitio
752 3095 1052 3160 hominum,
1085 3094 1177 3164 qui
1201 3109 1269 3149 ex
1300 3094 1527 3148 diversis
1569 3079 1819 3164 gentibus
1843 3092 2079 3162 quotidie

2252 1937 2272 1968 ‹
2319 1916 2474 1970 Dedit
2499 1929 2712 1984 quoque
2726 1913 2867 1966 Deus
2895 1911 3213 1981 sapientiam
3239 1909 3532 1975 Saiomoni,
3565 1920 3618 1966 et
3643 1928 3766 1983 pru-

2181 2025 2203 2058 ι
2245 2005 2482 2062 dentiam
2514 2003 2736 2058 multam
2759 2003 2919 2056 nimis
2941 2009 2996 2056 et
3021 2001 3356 2055 latitudinem
3379 2002 3580 2066 cordis,
3604 1998 3760 2072 quasi

2184 2117 2203 2148 ε
2240 2111 2460 2150 arenam
2493 2110 2612 2164 quae
2655 2105 2740 2148 est
2778 2095 2831 2147 in
2861 2093 3043 2146 littore
3075 2093 3260 2146 maris.
3314 2093 3379 2146 Et
3423 2094 3765 2164 prmcedebat

2186 2209 2205 2242 ι
2249 2191 2514 2261 sapientia
2549 2187 2855 2243 Salomonis
2883 2185 3202 2255 sapientiam
3231 2187 3466 2241 omnium
3508 2185 3762 2242 Orienta-

2185 2299 2204 2332 ι
2249 2281 2378 2334 lium
2417 2287 2474 2334 et
2517 2277 2926 2348 Aigyptiornm:
2963 2284 3018 2330 ct
3051 2282 3168 2330 erat
3217 2275 3507 2346 sapientior
3551 2274 3766 2331 cunctis

2185 2389 2204 2422 ι
2251 2369 2582 2433 hominibus,
2617 2388 2635 2420 ι
2699 2376 2805 2422 etc.
2867 2365 3024 2420 Dedit
3073 2365 3260 2434 utique
3317 2363 3460 2419 Deus
3486 2359 3764 2421 Salomoni

2179 2468 2365 2515 nostro
2391 2458 2710 2529 sapientiam
2739 2465 2793 2510 ct
2823 2456 3160 2526 prudentiam
3209 2455 3348 2509 ultra
3377 2470 3565 2510 omnes
3589 2455 3769 2510 horni-

2181 2565 2311 2614 nes,
2344 2557 2400 2602 et
2451 2562 2666 2602 onmem
2715 2554 3019 2600 creaturam
3075 2545 3469 2598 rationabilem.
3527 2545 3602 2599 De
3655 2561 3770 2614 quo

2178 2638 2416 2694 Joannes
2441 2637 2571 2690 dicit
2603 2651 2616 2687 :
2659 2653 2677 2685 ι
2713 2634 2882 2701 Quem
2924 2635 3067 2690 enim
3096 2635 3247 2689 misit
3280 2632 3441 2698 Deus,
3475 2635 3637 2688 verba
3665 2633 3768 2689 Da-i

2182 2729 2439 2800 loquitur.
2491 2727 2606 2781 Non
2657 2727 2800 2780 enim
2833 2725 2900 2779 ad
2931 2739 3239 2780 mensuram
3276 2723 3370 2778 dat
3415 2725 3554 2780 Deus
3592 2725 3769 2796 Spiri-

2183 2831 2316 2875 tum.
2357 2821 2518 2874 Pater
2561 2817 2734 2889 diligit
2769 2817 2986 2880 Filium,
3035 2822 3089 2870 et
3128 2817 3307 2870 omnia
3339 2817 3482 2870 dedit
3509 2815 3563 2872 in
3599 2831 3768 2872 manu

2180 2910 2297 2979 ejus
2329 2908 2510 2981 (Joan.
2543 2907 2645 2978 ιιι).
2685 2927 2702 2960 ι
2742 2907 2808 2960 Et
2833 2907 2957 2960 alibi
2981 2905 3192 2960 Veritas
3215 2907 3330 2976 ipsa
3356 2905 3523 2962 dicit:
3561 2925 3580 2957 ‹
3610 2906 3770 2962 Sicut

2179 3005 2324 3058 enim
2353 3001 2516 3054 Pater
2545 3001 2706 3054 habet
2745 2999 2916 3054 vitam
2945 2999 2998 3052 in
3029 2999 3318 3069 semetipso
3341 3039 3355 3063 ,
3393 2999 3472 3053 sic
3515 3000 3662 3054 dedit
3709 3011 3772 3055 ct

2179 3091 2319 3147 Filio
2357 3092 2523 3146 vitam
2556 3091 2756 3145 habere
2784 3089 2835 3142 in
2868 3089 3174 3158 semetipso,
3219 3097 3274 3143 et
3311 3096 3631 3158 potestatem
3665 3088 3753 3144 de

497 3189 700 3242 retibus
748 3183 1020 3256 Evangelii
1046 3223 1060 3248 ,
1097 3199 1198 3253 per
1247 3201 1266 3234 ι
1297 3183 1606 3253 spirituales
1635 3191 1924 3238 venatores
1949 3180 2082 3252 (Jer.
2113 3173 2157 3234 C
2189 3183 2266 3236 dit
2291 3181 2338 3235 ei
2362 3178 2625 3250 judicium
2654 3179 2852 3244 facere,
2884 3179 3011 3248 quia
3037 3179 3179 3232 ﬁlius
3207 3178 3439 3232 hominis
3469 3187 3552 3234 est
3578 3174 3768 3248 (Jonn.

497 3277 606 3349 χιι)
639 3297 656 3328 ι
687 3276 991 3346 capiuntur,
1023 3281 1078 3328 et
1103 3273 1156 3326 in
1188 3280 1398 3344 pastum
1421 3271 1719 3328 Salvatoris
1740 3271 1911 3328 nostri
1932 3271 2076 3327 redi-

496 3375 716 3436 guutur.
1604 3356 1608 3360 ’

575 3475 610 3532 (⁸
631 3454 874 3510 Habebat
905 3468 1119 3524 quoque
1150 3453 1406 3509 Salomon
1434 3469 1626 3524 pacem
1660 3468 1728 3510 ex
1751 3455 1899 3510 omni
1925 3462 2080 3526 parte

508 3567 526 3600 ι
573 3547 628 3602 ἰιι
654 3547 904 3602 circuitu.
953 3545 1226 3600 Habitavit
1266 3544 1432 3602 ludas
1474 3555 1530 3601 ct
1562 3545 1728 3602 Israel
1779 3549 1985 3618 absque
2009 3549 2078 3602 ti-

505 3658 521 3689 ι
571 3653 718 3692 more
749 3638 876 3702 ullo,
922 3637 1291 3706 unusquisque
1313 3637 1414 3693 sub
1459 3638 1568 3692 vite
1617 3654 1712 3694 sua
1753 3647 1807 3695 et
1849 3639 1950 3694 sub
1975 3639 2080 3695 ﬁcu

510 3747 529 3782 ‹
573 3745 690 3794 sua,
721 3746 750 3784 a
779 3730 893 3784 Dan
935 3743 1106 3798 usque
1152 3727 1439 3795 Bersabee,
1469 3731 1680 3785 cunctis
1705 3729 1894 3786 diebus
1923 3730 2082 3786 Salo-

504 3838 522 3869 ι
570 3819 772 3876 monis.
797 3838 815 3870 ι
843 3827 948 3872 etc.
995 3817 1162 3872 lsaias
1187 3832 1399 3886 quoque
1429 3819 1494 3872 de
1520 3817 1878 3888 Redemptore
1905 3820 1980 3874 ita
2003 3821 2084 3875 di-

497 3911 614 3964 cit:
655 3928 672 3959 ι
703 3908 1142 3976 Multiplicabitur
1171 3907 1287 3976 ejus
1335 3909 1642 3978 imperium,
1689 3919 1744 3964 et
1787 3911 1936 3982 pacis
1974 3927 2080 3966 non

497 4001 602 4054 erit
627 3999 748 4053 ﬁnis
779 3997 910 4070 (Im.
943 3997 1041 4071 ix).
1075 4018 1093 4050 ι
1137 3996 1248 4053 Sub
1275 3995 1426 4066 cujus
1455 3999 1765 4056 defensione
1797 4017 1958 4058 verus
1991 4001 2085 4058 Ju-

500 4091 598 4146 das
623 4099 677 4146 et
705 4104 866 4144 verus
902 4087 1065 4145 lsrael
1087 4088 1288 4159 absque
1324 4090 1515 4146 timore
1551 4090 1660 4146 ullo
1691 4093 1934 4148 habitant
1960 4111 2083 4148 cum

501 4183 756 4237 cordibus
791 4181 990 4237 erectis
1037 4181 1104 4236 ad
1149 4181 1354 4236 Deum:
1397 4190 1592 4237 caetera
1639 4193 1854 4240 terrena
1906 4186 2084 4257 despi-

501 4275 672 4337 ciunt,
715 4287 814 4326 nec
838 4272 1072 4326 hostium
1105 4273 1278 4326 minas
1303 4273 1722 4342 pertimescunt,
1767 4276 1862 4331 sed
1893 4275 1948 4330 in
1971 4275 2084 4331 lau-

499 4364 656 4418 dibus
683 4359 996 4430 Deijugiter
1023 4371 1412 4432 perseverant:
1447 4363 1776 4419 delectantes
1813 4365 1867 4419 in
1908 4365 2080 4434 gratia

498 4454 618 4518 Dei,
663 4461 720 4507 et
767 4453 820 4507 in
868 4451 1150 4507 dulcedine
1197 4451 1510 4519 cliaritatis,
1545 4469 1708 4524 quam
1751 4455 2084 4509 incessanter

503 4543 703 4598 habent
726 4542 794 4596 ad
822 4541 989 4595 Deum
1015 4551 1070 4594 et
1092 4541 1157 4596 ad
1177 4541 1502 4610 proximum.

577 4652 597 4684 ‹
631 4633 877 4686 Habebat
918 4631 1174 4684 Salomon
1215 4631 1572 4700 quadraginta
1611 4631 1779 4685 millia
1824 4631 2083 4702 pnes-cpia

509 4743 526 4772 ι
575 4735 833 4788 equorum
851 4717 1146 4773 currulium
1164 4726 1217 4772 et
1235 4719 1514 4772 duodecim
1537 4719 1700 4772 millia
1728 4721 2081 4790 equestrium.

515 4833 532 4860 ι
581 4809 1010 4877 iiutricbantque
1069 4821 1164 4862 eos
1227 4809 1518 4877 supradicti
1574 4809 1716 4878 regis
1762 4807 2020 4880 prarfecti.
2058 4831 2077 4862 ι

505 4900 644 4968 Quid
665 4914 762 4970 per
791 4897 1277 4967 quadragenarium
1304 4913 1586 4954 numerum
1609 4901 1713 4955 nisi
1739 4910 1980 4971 tempora
2009 4903 2085 4958 le-

508 4995 590 5063 gis
613 4993 803 5062 prisca:
831 4991 1216 5060 designantur?
1271 4991 1406 5058 Quia
1433 4999 1488 5046 et
1521 4993 1752 5064 Moyses,
1809 4995 1952 5050 illam
1989 5011 2081 5050 ac-

509 5091 798 5152 cepturus,
864 5081 1218 5152 quadraginta
1294 5083 1482 5138 diebus
1547 5083 1811 5153 jcjnnavit
1876 5086 2081 5156 (Exod.

509 5173 694 5243 xxxrv)
720 5189 734 5238 ;
764 5180 819 5226 et
851 5171 1077 5242 p0pulus
1102 5170 1446 5235 lsraeliticus,
1480 5173 1570 5242 qui
1591 5189 1687 5242 per
1707 5191 1824 5230 eam
1857 5177 2088 5232 instruc-

509 5265 687 5326 hatnr,
723 5262 1077 5332 quadraginta
1110 5262 1264 5328 annis
1293 5261 1345 5316 in
1393 5276 1577 5317 eremo
1606 5267 1823 5318 mansit.
1875 5267 2086 5320 Duode-

512 5353 700 5406 uarius
737 5368 868 5406 vero
909 5365 1166 5405 numerus
1195 5367 1434 5420 praesens
1460 5361 1670 5424 tempus
1701 5354 1998 5424 signiﬁcat,
2033 5357 2085 5410 in

511 5462 618 5516 riuo
657 5443 950 5514 apostolica
1003 5443 1245 5496 doctrina
1277 5441 1408 5498 Novi
1450 5444 1773 5499 Testamenti
1832 5446 2083 5515 populum

511 5539 700 5593 nutrit.
745 5537 889 5589 Bene
917 5549 1129 5604 quoque
1160 5549 1255 5603 per
1281 5535 1762 5606 quadragenarium
1818 5537 1930 5592 sive
1957 5537 2090 5591 duo-

511 5629 789 5684 denarium
825 5641 1108 5680 numerum
1160 5628 1418 5696 praesepia
1465 5643 1724 5697 equorum
1783 5627 2088 5683 Salomonis

513 5726 883 5783 numerantur,
917 5716 1042 5788 quia
1069 5717 1121 5770 in
1151 5727 1380 5788 utroque
1406 5719 1621 5789 populo,
1653 5719 1808 5791 legali
1840 5721 2089 5776 videlicet

2177 3277 2254 3352 v).
2294 3297 2314 3331 ι
2347 3278 2484 3332 Hine
2511 3275 2706 3330 Paulus
2733 3275 2806 3328 ait
2837 3274 2904 3328 de
2925 3274 3042 3344 ipso
3068 3273 3294 3328 Domino
3321 3272 3572 3328 Christo:
3612 3293 3629 3323 ι
3662 3272 3772 3340 Qui

2180 3380 2264 3428 est
2301 3371 2476 3441 imago
2504 3367 2598 3422 Dei
2633 3365 2946 3430 invisibilis,
2978 3363 3368 3436 primogenitns
3409 3364 3585 3418 omnis
3612 3381 3776 3419 crea-

2183 3469 2333 3528 turae,
2363 3460 2488 3530 quia
2517 3459 2570 3512 in
2600 3459 2718 3528 ipso
2761 3455 2975 3512 condita
3022 3463 3148 3509 sunt
3178 3455 3427 3509 universa
3459 3454 3510 3508 in
3536 3454 3688 3510 oculis
3713 3465 3774 3510 ct

2181 3553 2235 3608 in
2267 3562 2434 3616 terra,
2464 3547 2694 3606 visibilia
2727 3556 2783 3601 et
2809 3545 3094 3600 invisibilia
3121 3561 3134 3608 ;
3175 3546 3287 3600 sive
3317 3545 3513 3611 throni,
3541 3545 3654 3599 sive
3679 3545 3776 3598 do-

2182 3643 2528 3706 minationes,
2581 3641 2695 3694 sive
2730 3637 3080 3708 principatus,
3117 3637 3230 3690 sive
3257 3629 3549 3706 potestates
3579 3655 3592 3690 :
3642 3653 3768 3692 om«

2182 3735 2273 3788 nia
2317 3749 2417 3804 per
2457 3725 2634 3802 ipsum
2684 3737 2739 3783 et
2783 3729 2837 3782 in
2882 3728 2996 3798 ipso
3025 3735 3204 3782 creata
3244 3735 3388 3782 sunt.
3433 3727 3494 3781 Et
3527 3727 3639 3797 ipse
3683 3733 3772 3782 est

2183 3832 2309 3878 ante
2331 3837 2540 3884 omnes,
2569 3829 2623 3875 et
2652 3819 2832 3874 omnia
2867 3819 2919 3872 in
2952 3819 3067 3887 ipso
3119 3827 3367 3872 constant
3416 3815 3548 3889 (COI.
3577 3819 3638 3887 ι).
3699 3819 3773 3872 Et

2184 3915 2298 3985 ipse
2323 3921 2486 3983 caput
2507 3910 2784 3974 Ecclesiae,
2812 3910 2900 3979 qui
2937 3917 3019 3964 est
3053 3909 3408 3978 principium,
3439 3911 3774 3980 primogeni-

2185 4015 2272 4061 tus
2301 4020 2368 4060 ex
2394 4003 2656 4066 mortuis,
2690 4010 2748 4054 ut
2781 4001 2851 4054 sit
2876 4002 2987 4068 ipse
3015 3999 3066 4052 in
3093 3999 3340 4054 omnibus
3367 4001 3652 4070 primatum
3691 4010 3778 4057 te-

2185 4114 2357 4152 nens:
2387 4097 2512 4166 quia
2547 4095 2601 4148 in
2628 4095 2743 4163 ipso
2788 4091 3111 4162 complacuit
3133 4106 3345 4146 omnem
3379 4091 3772 4160 plenitudinem

2185 4184 2798 4244 divinimtisinhabitare
2819 4183 3190 4252 corporaliter.
3214 4183 3281 4236 Et
3297 4182 3348 4236 in
3375 4183 3487 4252 ipso
3513 4191 3776 4236 suutom-

2185 4291 2280 4330 nes
2295 4273 2535 4329 thesauri
2547 4272 2824 4342 sapientiae
2839 4279 2892 4326 et
2913 4273 3150 4326 scientia:
3164 4271 3463 4326 abseonditi
3481 4270 3716 4342 (1:01.11).
3744 4294 3764 4325 ι

2185 4365 2445 4422 Omnibus
2461 4380 2589 4434 ergo
2603 4363 2715 4418 veri
2745 4363 3044 4419 Salomonis
3058 4363 3320 4432 sapientia
3335 4362 3624 4428 antecellit,
3637 4365 3773 4433 quia

2188 4460 2413 4514 tinnitum
2444 4459 2610 4513 distat
2640 4458 2780 4512 inter
2802 4473 2894 4512 eos
2925 4457 3014 4526 qui
3045 4457 3454 4527 partiripatione
3487 4457 3771 4526 sapientia:

2113 4525 2162 4584 D
2189 4551 2458 4620 sapientes
2503 4559 2648 4615 sunt,
2699 4558 2754 4603 ct
2801 4549 2944 4604 illum
2975 4549 3067 4618 qui
3117 4557 3199 4604 est
3228 4549 3351 4604 fons
3393 4550 3667 4619 sapientiae
3713 4561 3774 4604 et

2187 4642 2339 4711 origo
2373 4642 2652 4694 virtntmn.
2694 4639 2830 4694 llinc
2857 4650 2938 4694 cst
2969 4639 3098 4694 illud
3139 4641 3279 4708 quod
3327 4641 3610 4708 sequitur:
3649 4657 3668 4688 ι
3704 4639 3776 4694 Et

2185 4739 2302 4784 crat
2325 4729 2629 4784 nominatus
2647 4729 2698 4782 in
2723 4728 2988 4782 universis
3010 4729 3256 4797 gentibus
3275 4744 3370 4796 per
3392 4727 3675 4781 circuitum
3701 4744 3716 4792 ;
3743 4750 3772 4780 ιν

2186 4823 2310 4890 quia
2363 4837 2555 4874 numen
2602 4818 2716 4886 ejus
2759 4819 3085 4888 prmdicatur
3127 4819 3178 4872 in
3237 4819 3490 4873 universo
3538 4820 3764 4874 mundo.

2190 4929 2207 4960 ι
2239 4909 2348 4964 Nec
2373 4916 2455 4963 est
2488 4925 2681 4962 nomen
2715 4908 2857 4960 aliud
2911 4907 3010 4961 sub
3047 4907 3184 4962 00:10
3209 4908 3394 4960 datum
3433 4907 3772 4974 hominibus,

2187 5001 2239 5055 in
2278 5017 2383 5070 quo
2409 5007 2651 5068 oporteat
2677 4998 2852 5052 salvos
2881 4997 2997 5052 ﬁeri
3025 4996 3160 5069 (Act.
3198 4995 3292 5069 tv).
3316 5016 3334 5048 ι

2263 5090 2538 5144 «Locutus
2583 5098 2666 5143 est
2706 5103 2918 5158 quoque
2962 5087 3213 5142 Salomon
3258 5089 3360 5142 tria
3408 5088 3568 5142 millia
3608 5105 3772 5158 para-

2193 5201 2211 5232 (
2232 5181 2500 5245 baiarum,
2529 5189 2582 5234 et
2613 5178 2829 5234 fuerunt
2859 5177 3098 5232 carmina
3139 5179 3255 5248 ejus
3301 5180 3535 5248 quinque
3577 5177 3770 5242 miilia,

2195 5289 2212 5322 ι
2243 5281 2347 5326 etc.
2379 5291 2398 5324 ›
2427 5270 2534 5342 (Ex
2555 5269 2807 5340 Isidoro.)
2833 5269 2970 5337 Quid
2995 5270 3137 5323 enim
3160 5285 3256 5340 per
3286 5269 3386 5322 tria
3418 5268 3584 5322 millia
3606 5284 3776 5337 para-

2190 5362 2453 5426 bolarum,
2477 5361 2578 5416 nisi
2613 5361 2888 5432 plenitudo
2916 5360 3036 5414 ﬁdei
3061 5361 3113 5414 in
3137 5361 3270 5430 lege,
3303 5368 3360 5415 et
3383 5360 3435 5413 in
3463 5359 3775 5428 Evangeliis

2191 5464 2246 5508 et
2270 5454 2485 5508 Christo
2509 5454 2703 5508 tradita
2735 5453 3078 5524 designatur?
3109 5452 3244 5518 Quia
3266 5453 3390 5506 dum
3434 5458 3541 5504 tota
3585 5449 3768 5503 multi-

2191 5543 2402 5612 pliciter
2421 5558 2518 5612 per
2546 5543 2922 5614 allegoriarum
2953 5557 3146 5597 sensus
3183 5542 3282 5596 sub
3302 5541 3558 5612 mysterio
3589 5537 3776 5592 Trini—

2195 5631 2321 5685 tatis
2349 5631 2654 5697 disseritur,
2685 5631 2838 5702 quasi
2872 5631 2975 5684 tria
3003 5630 3169 5684 millia
3198 5627 3572 5700 parabolarum
3622 5645 3774 5681 nun-

2193 5731 2476 5792 cupautur.
2504 5721 2756 5778 Carmina
2805 5732 2984 5776 autem
3028 5721 3143 5793 ejus
3178 5721 3412 5791 quinque
3457 5719 3622 5775 millia
3673 5731 3774 5785 pn-
