4026 6202
339 274 443 335 153

1164 261 1518 324 cunnum.-
1558 262 1625 318 IN
1665 245 1912 316 uanos
1951 261 2016 316 tv
2059 257 2318 315 nucum.
2359 288 2429 298 —
2467 257 2533 312 lN
2572 257 2698 312 ua.
2739 255 2818 316 ιιι.

3495 223 3606 312 tsi

337 396 581 463 quinque
608 404 802 445 sensus
823 401 1068 455 corporis
1099 383 1489 452 intelliguntur,
1532 394 1668 449 quos
1713 379 1806 449 qui
1843 377 1925 431 di-
1955 382 2002 441 Α
2030 377 2204 432 iturus
2228 385 2331 440 est,
2373 375 2612 446 quotidie
2655 391 2750 444 per
2773 375 2999 444 gratiam
3051 387 3194 443 regis
3237 373 3470 444 paciﬁci,
3529 377 3610 430 sui

338 486 516 540 versis
537 481 834 536 virtutibus
863 478 1000 531 bene
1028 473 1187 544 regit,
1231 473 1418 526 beatus
1457 477 1560 534 est,
1607 477 1663 524 et
1691 481 1792 536 per
1839 479 1933 521 eos

337 574 498 644 quasi
523 571 764 642 quinque
793 566 962 620 millia
991 562 1216 616 Domino
1245 559 1486 615 carmina
1514 558 1682 611 canit.

417 682 438 714 ι
457 659 768 732 Disputavit
801 664 984 710 autem
1019 653 1274 708 Salomon
1301 666 1331 704 a
1360 649 1524 705 cedro
1552 663 1724 717 usque
1754 647 1820 700 ad
1841 646 1938 716 hy-

340 765 568 821 sopum.
602 767 624 801 ι
661 743 1063 802 Codri-numine
1109 739 1374 795 celsitudo
1423 736 1607 808 gloria:
1649 736 1702 788 in
1751 735 1938 790 electis

339 841 632 912 accipitur.
676 836 831 892 Unde
873 833 1138 904 propheta
1181 836 1416 884 testatur
1460 825 1682 881 dicens:
1712 823 1938 879 «Justus

344 946 402 990 ut
433 932 616 1002 palma
657 925 891 989 llore‘sit,
943 933 999 978 et
1038 921 1184 976 sicut
1228 919 1425 975 cedrus
1469 933 1589 987 quae
1629 917 1686 970 in
1733 915 1940 969 Libano

342 1037 449 1086 est,
493 1017 950 1090 multiplicabitur
989 1012 1185 1086 (Psal.
1224 1027 1312 1066 xei
1342 1011 1385 1082 ).
1420 1029 1438 1062 ι
1465 1009 1712 1080 llysopns
1761 1019 1940 1062 autem

341 1115 514 1169 herba
539 1118 626 1166 est
654 1106 899 1169 humilis,
920 1119 1054 1158 saxo
1080 1104 1314 1166 haerens,
1343 1115 1448 1170 qua
1475 1099 1720 1168 signatur
1762 1098 1938 1152 humi-

344 1206 473 1259 litas
499 1198 728 1258 Christi.
767 1197 1095 1264 Redemptor
1143 1194 1337 1264 quippe
1371 1199 1562 1248 noster
1586 1207 1614 1244 a
1647 1191 1809 1246 cedro
1846 1207 1940 1244 us-

348 1311 458 1366 que
482 1295 552 1348 ad
581 1292 848 1361 hySOpum
875 1277 1168 1356 disputavit
1199 1301 1212 1336 :
1244 1283 1368 1352 quia
1399 1283 1466 1336 ab
1495 1281 1603 1334 alta
1625 1272 1942 1335 excellentia

345 1383 535 1456 gloriae
554 1379 797 1436 cmlestis
826 1390 1000 1444 usque
1029 1373 1097 1428 ad
1131 1373 1306 1428 carnis
1341 1371 1696 1424 humilitatem
1723 1369 1937 1422 descen-

347 1475 527 1529 dendo
558 1469 828 1541 pervenit.
880 1464 1158 1534 Siquidem
1192 1470 1248 1516 et
1284 1461 1432 1516 cedri
1481 1459 1700 1513 nomine
1749 1473 1945 1528 pravo-

351 1581 474 1620 rum
498 1561 738 1633 superba
764 1559 929 1615 elatio
957 1557 1292 1626 designatur,
1341 1553 1485 1608 sicut
1527 1562 1608 1628 et.
1634 1565 1729 1620 per
1777 1550 1943 1603 David

350 1657 600 1712 dicitur:
637 1651 796 1706 «Vox
839 1648 1054 1705 Domini
1086 1643 1478 1714 confringeutis
1517 1642 1710 1698 cedrus
1756 1639 1938 1711 (Ρδιλι.

2035 465 2283 520 videlicet
2320 465 2712 534 Redemptoris,
2758 463 3073 528 mdiﬁcatur,
3120 480 3239 533 qua:
3285 465 3480 534 partim
3522 467 3616 519 ad-

2041 555 2143 611 huc
2171 557 2544 627 peregrinatur
2575 554 2756 608 abillo
2787 555 2839 607 in
2885 554 3063 617 terris,
3096 555 3291 624 partim
3321 554 3494 608 erasis
3526 570 3612 624 pe-

2038 646 2346 715 regriuandi
2383 645 2658 708 aerumnis,
2688 659 2808 697 cum
2835 643 3057 710 illojam
3109 653 3300 712 regnat
3341 644 3396 698 in
3442 645 3613 705 curiis,

2037 737 2148 798 ubi,
2188 744 2416 806 peracto
2444 736 2634 788 ultimo
2659 733 2884 803 judicio,
2915 741 3024 786 tota
3059 741 3142 786 est
3173 744 3459 802 regnatura
3497 749 3618 788 cum
3697 773 3707 784 .

2039 829 2150 883 illo.
2193 829 2275 881 Ad
2319 829 2460 881 hanc
2491 827 2706 880 domum
2745 825 3017 894 pertinent
3063 823 3219 878 electi
3265 825 3461 894 angeli,
3489 840 3622 893 quo—

2040 943 2158 980 rtnn
2190 925 2343 979 nobis
2369 924 2662 980 similitudo
2699 923 2750 976 in
2783 922 2959 975 futura
2992 922 3101 975 vita
3155 922 3504 990 promittitur,
3542 921 3626 975 di-

2041 1027 2196 1073 cente
2246 1017 2508 1070 Domino:
2540 1015 2656 1068 «Illi
2704 1023 2880 1068 autem
2927 1013 3020 1083 qui
3079 1012 3224 1084 digni
3285 1015 3626 1068 habebuntur

2042 1111 2238 1165 saeculo
2261 1109 2350 1163 illo
2379 1119 2432 1163 et
2457 1107 2853 1162 resurrectione
2897 1121 2962 1159 ex
3005 1107 3254 1170 mortuis,
3305 1121 3476 1173 neque
3522 1123 3622 1158 nu-

2042 1201 2178 1254 bunt
2206 1215 2379 1268 neque
2404 1198 2604 1251 ducunt
2640 1209 2838 1249 uxores
2869 1212 2881 1247 :
2913 1209 3086 1263 neque
3116 1194 3256 1248 enim
3303 1193 3441 1246 ultra
3486 1193 3622 1247 mori

2044 1298 2315 1361 poterunt.
2355 1286 2612 1356 ASquales
2635 1287 2777 1339 enim
2827 1283 3030 1354 angelis
3064 1291 3208 1348 sunt,
3261 1292 3314 1337 et
3357 1281 3452 1336 lilii
3502 1291 3628 1337 sunt

2047 1379 2164 1442 Dei,
2209 1395 2330 1432 cum
2382 1378 2490 1431 sint
2535 1375 2625 1430 lilii
2667 1374 3078 1430 resurrectionis
3119 1373 3283 1444 (an.
3327 1372 3464 1442 xx).
3496 1393 3514 1424 ι
3549 1372 3632 1425 Ad

2046 1470 2184 1524 hanc
2218 1468 2452 1538 pertinet
2482 1467 2594 1536 ipse
2617 1465 2881 1518 mediator
2922 1461 3016 1518 Dei
3065 1471 3119 1517 et
3143 1462 3442 1524 hominum,
3472 1462 3633 1514 homo

2046 1559 2293 1616 Christus
2337 1557 2513 1622 Jesus,
2545 1557 2661 1625 ipso
2709 1562 2998 1610 attestantc
3055 1567 3175 1607 eum
3225 1553 3300 1604 ait
3339 1569 3352 1604 :
3397 1550 3636 1604 «Solvite

2050 1649 2306 1718 templum
2322 1651 2443 1711 huc,
2467 1655 2521 1702 et
2539 1647 2589 1700 in
2610 1647 2782 1700 tribus
2803 1645 2990 1698 diebus
3014 1643 3262 1698 excitabo
3285 1641 3413 1695 illud
3438 1638 3630 1712 (Joan.

349 1747 588 1816 xxvnt).
614 1763 633 1794 ι
661 1743 707 1797 Α
731 1741 895 1797 cedro
926 1739 1108 1808 itaque
1138 1736 1386 1792 Christus
1409 1733 1662 1802 usquead
1683 1733 1946 1803 hysopum
1978 1732 2022 1790 Β
2054 1741 2146 1812 ιι).
2171 1761 2188 1792 ι
2237 1739 2390 1806 Quod
2434 1753 2706 1806 exponens
2751 1735 3094 1806 Evangelista
3139 1732 3451 1802 subjunxit:
3485 1749 3502 1780 ι
3528 1731 3636 1784 liuc

351 1839 622 1907 disputat,
655 1833 782 1903 quia
817 1831 930 1900 ipse
974 1828 1326 1898 superborum
1376 1825 1540 1879 corda
1571 1831 1626 1877 et
1660 1823 1943 1878 humilium

345 1926 588 1995 judicat.
621 1924 794 1991 Super
823 1920 968 1990 ligna
994 1925 1174 1974 autem
1201 1915 1514 1984 disputavit,
1541 1913 1667 1968 dum
1705 1912 1757 1966 in
1788 1927 1947 1966 cruce

347 2015 633 2086 pependit.
668 2012 818 2066 Tunc
845 2009 989 2066 enim
1017 2007 1074 2062 in
1103 2007 1266 2062 cedro
1306 2003 1489 2060 smculi
1519 2002 1826 2073 arrogantia
1869 2002 1951 2056 in-

352 2103 608 2168 clinavit,
635 2115 798 2171 quam
833 2099 998 2154 etiam
1028 2111 1199 2166 usque
1226 2095 1294 2150 ad
1333 2093 1525 2165 hysopi
1567 2092 1948 2156 humilitatem,

355 2195 412 2250 id
433 2203 544 2258 est,
581 2205 750 2262 usque
775 2190 842 2245 ad
871 2189 1051 2244 crucis
1086 2187 1370 2242 stultitiam
1396 2200 1466 2240 ac
1491 2182 1950 2253 contemptibilem

359 2299 678 2340 sermonem
703 2280 920 2338 deduxit
954 2279 1098 2334 ﬁdei.
1127 2278 1267 2334 Hinc
1293 2277 1494 2332 Paulus
1525 2275 1642 2330 ait:
1673 2293 1692 2326 ι
1715 2273 1953 2329 Verbum

364 2375 515 2429 enim
560 2371 908 2444 pereuntibus
941 2369 1156 2439 quidem
1203 2365 1432 2424 stuﬂitia
1475 2374 1560 2421 est
1585 2384 1598 2420 :
1623 2365 1710 2420 his
1752 2372 1953 2427 autem,

363 2465 458 2534 qui
497 2464 630 2519 salvi
661 2463 814 2525 ﬁunt,
845 2461 897 2516 id
924 2470 1028 2526 est,
1051 2460 1208 2514 nobis
1227 2459 1400 2513 virtus
1421 2457 1514 2512 Dei
1537 2463 1638 2510 est.
1682 2454 1958 2525 Scriptum

362 2565 454 2611 e-t
493 2554 636 2608 enim
668 2571 682 2606 :
719 2551 945 2606 Perdam
992 2549 1314 2618 sapientiam
1363 2547 1710 2616 sapientium,
1743 2553 1797 2601 et
1827 2561 1959 2616 pru-

365 2648 612 2704 dentiam
639 2643 984 2716 prudentium
1013 2641 1348 2712 reprobabo.
1387 2660 1406 2693 ι
1455 2639 1524 2693 Et
1571 2647 1694 2708 post
1735 2651 1908 2706 pauca
1942 2653 1956 2689 :

369 2738 556 2792 «Nam
587 2737 711 2808 quia
738 2736 792 2790 in
826 2734 922 2788 Dei
968 2733 1232 2803 sapientia
1278 2746 1386 2786 non
1431 2729 1684 2800 cognovit
1729 2727 1964 2783 mundus

363 2844 470 2900 per
499 2827 818 2896 sapientiam
846 2825 1033 2888 Deum,
1065 2823 1262 2894 placuit
1284 2823 1394 2877 Deo
1411 2835 1509 2892 per
1527 2819 1807 2875 stultitiam
1829 2834 1965 2890 pra»

366 2918 666 2974 dicationis
710 2917 891 2970 salvos
926 2913 1106 2970 facere
1144 2913 1454 2968 credentes.
1491 2928 1512 2964 ι

451 3025 471 3058 α
494 3007 565 3061 Et
599 3005 854 3061 disseruit
883 3004 1138 3059 Salomon
1161 3003 1228 3056 de
1248 3001 1524 3073 iumentis,
1551 3009 1607 3056 et
1633 3001 1963 3067 volucribus,

2049 1843 2227 1889 autem
2257 1834 2466 1887 dicebat
2497 1831 2563 1884 de
2595 1831 2791 1900 templo
2823 1827 3069 1898 corporis
3089 1825 3194 1880 sui.
3221 1846 3239 1878 ι
3294 1824 3442 1878 Dixit
3487 1822 3632 1892 Apo-

2050 1923 2220 1977 stolus
2247 1921 2523 1976 (tenebis:
2558 1939 2574 1970 ‹
2600 1919 2830 1973 Nescitis
2879 1917 3004 1986 quia
3055 1913 3309 1983 templum
3341 1912 3434 1966 Dei
3481 1913 3636 1975 estis,

2050 2019 2106 2066 et
2138 2011 2372 2080 Spiritus
2401 2010 2496 2064 Dei
2526 2009 2733 2064 habitat
2760 2010 2812 2062 in
2843 2009 3028 2063 vobis?
3049 2028 3067 2060 ι
3101 2007 3158 2062 Si
3184 2021 3312 2077 ergo
3363 2005 3450 2060 ille
3495 2014 3633 2062 tem-

2050 2101 2198 2172 plum
2225 2101 2320 2156 Dei
2357 2115 2454 2171 per
2495 2109 2826 2169 assumptum
2872 2098 3264 2152 humanitatem
3315 2095 3489 2150 factus
3533 2105 3638 2160 est,

2053 2197 2269 2244 constat
2325 2190 2509 2257 utique
2548 2189 2690 2258 quod
2732 2187 2958 2257 ﬁguram
3007 2185 3249 2241 omnium
3298 2193 3544 2239 nostrum
3589 2194 3646 2238 et

2055 2283 2223 2352 ipsius
2247 2280 2500 2336 videlicet
2527 2279 2738 2334 Domini
2767 2286 2819 2334 et
2853 2279 3215 2334 membrorum
3239 2274 3356 2344 ejus
3391 2291 3510 2346 qua:
3539 2291 3640 2331 uos

2057 2388 2264 2436 sumus,
2293 2371 2548 2440 templum
2577 2370 2706 2426 illud
2735 2369 3014 2425 materiale
3062 2369 3252 2424 tenuit.
3296 2366 3404 2422 Sed
3450 2367 3638 2436 ipsius,

2060 2471 2321 2535 tanquam
2353 2463 2547 2534 lapidis
2578 2454 2850 2534 angularis
2885 2459 3230 2532 singulariter
3260 2455 3416 2514 electi
3442 2465 3496 2511 et
3519 2471 3644 2525 pre—

2061 2556 2185 2610 tiosi
2207 2555 2261 2608 in
2291 2553 2642 2608 fundamento
2669 2551 2906 2617 fundati;
2939 2549 3108 2606 nostri
3147 2556 3348 2612 autem,
3386 2555 3646 2614 tanquam

2061 2647 2298 2717 lapidum
2348 2645 2591 2698 vivorum
2641 2642 3192 2718 superzedilicatorum
3232 2653 3394 2708 super
3451 2635 3645 2690 funda-

2063 2747 2304 2794 mentum
2339 2737 2702 2807 apostolorum
2741 2743 2796 2790 et
2831 2735 3217 2804 prophetarum
3245 2751 3258 2786 :
3284 2733 3389 2786 hoc
3413 2739 3517 2795 est,
3560 2746 3650 2784 su-

2064 2847 2163 2901 per
2215 2829 2386 2900 ipsum
2449 2827 2752 2881 Dominum.
2809 2826 3065 2895 Designat
3121 2825 3366 2879 eamdem
3426 2823 3643 2876 domum

2071 2921 2162 2976 Dei
2221 2918 2554 2990 spiritualem
2601 2917 2764 2972 etiam
2809 2915 3214 2971 tabernaculum
3257 2914 3526 2982 quondam
3569 2911 3652 2964 fa-

2073 3021 2216 3069 ctum
2251 3014 2303 3066 in
2329 3026 2512 3066 eremo
2538 3027 2635 3082 per
2664 3009 2899 3079 Moysen.
2939 3009 3134 3062 Verum
3158 3007 3282 3076 quia
3324 3006 3414 3060 illa
3463 3005 3656 3063 domus

367 3107 428 3152 et
456 3095 764 3166 reptilibus,
793 3105 848 3149 et
871 3094 1134 3164 piscibus.
1169 3113 1189 3146 ι
1226 3092 1454 3148 Disserit
1490 3091 1742 3147 Salomon
1778 3101 1966 3147 noster

2071 3106 2122 3159 in
2157 3105 2350 3159 itinere
2373 3119 2479 3173 quo
2500 3103 2567 3156 ad
2591 3108 2788 3156 terram
2834 3099 3267 3168 repromissionis
3309 3095 3647 3158 veniebatur,

372 3188 442 3242 de
473 3183 705 3256 singulis
732 3185 1014 3255 speciebus
1049 3183 1384 3248 animalium,
1417 3183 1543 3252 quia
1577 3201 1596 3234 ι
1619 3185 1799 3237 omnia
1824 3185 1970 3238 nuda

371 3284 427 3331 et
462 3282 652 3344 aperta
673 3283 800 3329 sunt
826 3273 1001 3328 oculis
1027 3273 1166 3344 ejus,
1203 3289 1302 3329 nec
1327 3284 1410 3328 est
1451 3273 1556 3327 ulla
1605 3282 1855 3328 creatura
1889 3273 1974 3327 in-

370 3365 611 3420 visibilis
646 3366 702 3420 in
759 3374 1052 3433 conspectu
1103 3364 1219 3434 ejus
1271 3363 1467 3436 (Hebr.
1494 3363 1603 3436 1v).
1662 3363 1781 3435 ipse
1827 3363 1972 3419 enim

377 3457 536 3510 novit
581 3471 770 3510 omnes
821 3457 1175 3528 cogitationes
1218 3455 1517 3519 hominum,
1561 3455 1678 3524 ipse
1723 3463 1976 3508 numerat

379 3544 788 3600 multitudinem
842 3546 1116 3601 stellarum
1170 3544 1354 3618 (Psal.
1395 3560 1550 3600 eam
1578 3544 1628 3617 ),
1670 3544 1772 3614 ipsi
1831 3549 1976 3614 patet

378 3639 636 3707 abyssus,
661 3645 712 3692 et
737 3636 977 3693 infernus
1020 3653 1128 3694 non
1171 3647 1255 3692 est
1299 3637 1646 3692 absconditus
1687 3651 1869 3690 coram
1908 3650 1976 3690 eo

381 3726 574 3799 (Paul.
607 3727 906 3797 cxxxvut).
932 3748 951 3780 ι
987 3727 1149 3794 Quasi
1177 3727 1322 3782 enim
1351 3727 1626 3796 disputare
1659 3726 1828 3796 ipsius
1869 3735 1969 3788 est,

382 3833 511 3871 cum
541 3816 874 3886 singulorum
902 3817 1166 3871 rationem
1191 3817 1348 3872 nobis
1376 3817 1646 3886 proponit,
1667 3825 1721 3870 et
1745 3817 1798 3870 in
1831 3814 1976 3871 Scri-

385 3909 564 3978 pturis
594 3909 708 3964 suis
736 3906 1047 3963 manifestat
1071 3915 1428 3973 sacramenta,
1455 3923 1576 3977 quae
1606 3907 1821 3961 fuerant
1852 3905 1978 3960 abs—

386 4001 610 4058 condita
654 4017 686 4055 a
717 3999 930 4056 saeculis
975 4008 1031 4054 et
1068 3999 1523 4070 generationibus,
1569 4005 1631 4052 ut
1671 3997 1978 4052 considere-

383 4107 514 4146 utus
555 4089 947 4144 beatitudinem
983 4088 1317 4158 angelorum,
1349 4088 1633 4143 utilitatem
1674 4086 1976 4150 hominum,

385 4191 446 4238 et
477 4180 828 4236 calliditatem
858 4179 1215 4250 malignorum
1258 4180 1576 4250 spirituum;
1607 4181 1792 4248 sicque
1837 4179 1980 4248 quod

387 4271 598 4326 malum
623 4279 711 4326 est
741 4272 1114 4340 reprobantes,
1150 4270 1293 4340 quod
1319 4271 1520 4326 bonum
1560 4279 1644 4325 est
1675 4270 1975 4338 eligamus;

390 4374 448 4421 et
477 4365 655 4436 ipsum
691 4374 964 4418 sectemur
997 4377 1208 4432 semper
1233 4363 1290 4417 in
1327 4362 1556 4417 invicem
1592 4370 1648 4416 et
1682 4363 1736 4416 in
1767 4375 1975 4416 omnes.

472 4456 583 4508 «Et
609 4455 900 4508 veniebant
939 4453 1004 4508 de
1046 4452 1256 4506 cunctis
1300 4451 1511 4521 pupulis
1551 4453 1618 4506 ad
1663 4453 1980 4507 audiendam

395 4565 418 4597 ι
439 4545 766 4614 sapientiam
803 4542 1126 4609 Salomonis,
1158 4551 1213 4598 et
1263 4543 1331 4597 ab
1364 4543 1628 4602 universis
1675 4543 1984 4612 regionibus

2011 4421 2060 4478 D

2070 3199 2186 3253 lucc
2216 3204 2391 3250 autem
2423 3194 2792 3248 aediﬁcabatur
2830 3193 2882 3245 in
2917 3193 3028 3260 ipsa
3080 3199 3226 3244 terra
3283 3188 3656 3258 repromissio-

2072 3289 2156 3343 nis
2183 3295 2238 3342 et
2269 3287 2322 3340 in
2353 3287 2573 3339 civitate
2601 3282 2927 3346 Jerusalem;
2961 3281 3051 3334 illa
3081 3289 3140 3334 ut
3187 3281 3253 3334 de
3303 3279 3418 3333 loco
3467 3278 3534 3332 ad
3576 3277 3656 3330 lo-

2071 3394 2194 3434 cum
2221 3375 2412 3431 crebro
2440 3374 2749 3428 Levitarum
2772 3371 3072 3426 ministerio
3097 3379 3330 3440 portata,
3363 3369 3574 3424 tandem
3607 3369 3658 3422 in

2073 3477 2272 3522 terram
2302 3465 2583 3537 promissa:
2629 3462 2962 3517 hzercditatis
3012 3461 3376 3525 induceretur,
3431 3460 3546 3514 haec
3595 3467 3654 3518 ut

2076 3576 2202 3615 mox
2239 3560 2291 3614 in
2319 3559 2497 3629 patria
2527 3557 2638 3626 ipsa
2663 3563 2719 3611 et
2749 3555 2965 3610 civitate
3011 3555 3154 3626 regia
3205 3559 3536 3616 constructa,
3583 3551 3664 3604 in-

2073 3651 2310 3707 violabili
2357 3665 2568 3718 semper
2626 3648 2975 3703 fundamento
3010 3647 3349 3708 consisteret,
3380 3645 3551 3699 donec
3583 3642 3664 3696 in-

2075 3744 2247 3798 ditum
2283 3743 2386 3796 sibi
2421 3741 2712 3812 ﬁgurarum
2764 3739 3064 3793 cmlestium
3111 3753 3303 3792 munus
3356 3734 3602 3804 impleret
3646 3778 3659 3786 .

2075 3843 2254 3903 potest
2282 3833 2332 3886 in
2357 3832 2443 3884 illa
2462 3829 2742 3898 praesentis
2771 3827 3021 3882 Ecclesia:
3048 3826 3198 3879 labor
3224 3833 3280 3879 et
3306 3824 3582 3885 exsilium,
3608 3823 3660 3875 in

2077 3924 2182 3977 hac
2213 3923 2387 3974 l'utura
2421 3919 2634 3987 requies
2667 3925 2723 3970 et
2756 3916 3033 3971 beatitudo
3083 3913 3322 3984 ﬁgurari.
3379 3911 3472 3967 Vel
3514 3925 3608 3966 cer
3634 3927 3660 3964 e

2079 4013 2206 4084 quia
2235 4011 2324 4065 illa
2347 4025 2375 4064 a
2417 4010 2546 4065 solis
2583 4008 2706 4062 ﬁliis
2741 4005 2928 4069 Israel,
2964 4004 3078 4059 hmc
3114 4012 3290 4056 autem
3325 4018 3355 4055 a
3379 4001 3665 4070 prosclytis

2079 4106 2243 4159 etiam
2273 4113 2328 4156 et
2356 4101 2608 4172 gentibus
2635 4099 2775 4153 facta
2801 4105 2910 4158 est,
2961 4103 3186 4168 possunt
3226 4094 3280 4148 in
3327 4095 3415 4148 illa
3465 4093 3666 4164 princi-

2079 4193 2270 4266 paliter
2293 4198 2474 4263 patres
2503 4188 2712 4246 Veteris
2735 4187 3068 4243 Testamenti
3090 4194 3143 4241 et
3173 4186 3425 4254 antiquus
3449 4185 3536 4240 ille
3566 4185 3660 4238 Dei

2078 4283 2330 4356 populus,
2359 4281 2415 4334 in
2452 4281 2556 4334 hac
2591 4285 2771 4331 autem
2809 4284 3138 4346 congregata
3179 4276 3244 4330 de
3272 4275 3521 4344 gentibus
3569 4273 3669 4327 Ec-

2083 4375 2246 4432 clesia
2269 4372 2570 4443 ﬁguraliter
2596 4369 2846 4440 exprimi.
2879 4368 3137 4434 Quamvis
3157 4365 3442 4422 miliﬁcium
3466 4365 3667 4419 utrius-

2086 4482 2191 4538 que
2242 4467 2434 4522 domus
2487 4461 2820 4518 enucleatius
2870 4457 3131 4529 spirituali
3182 4473 3341 4512 sensu
3384 4471 3670 4510 excussum

2085 4564 2170 4612 est
2215 4563 2273 4609 ut
2318 4554 2531 4610 labores
2578 4551 2862 4622 praesentis
2915 4549 3169 4604 Ecclesiae
3215 4545 3573 4616 quotidianus,
3619 4556 3673 4598 et

397 4657 418 4688 ς
447 4647 640 4700 terrm;
677 4644 734 4689 et
767 4635 1060 4688 audiebant
1085 4634 1406 4704 sapientiam
1431 4633 1578 4702 ejus.
1606 4653 1625 4685 ι
1675 4633 1812 4689 Hine
1861 4649 1979 4704 pru-

2085 4647 2304 4716 pracmia
2336 4645 2388 4698 in
2421 4643 2604 4698 futuro
2633 4640 2922 4711 perennia,
2965 4639 3264 4710 gaudiaque
3313 4637 3461 4707 regni
3511 4635 3672 4690 cmic-

393 4727 557 4796 pheta
583 4723 750 4778 lsaias
779 4724 898 4777 ait:
941 4721 1094 4777 «Erit
1137 4724 1190 4778 in
1242 4725 1554 4778 novissimis
1602 4723 1980 4793 diebusprze-

389 4825 623 4886 paratus
666 4830 820 4868 mons
849 4813 1042 4868 domus
1072 4813 1282 4868 Domini
1312 4815 1364 4868 in
1389 4814 1594 4868 vertice
1623 4813 1902 4874 montium,
1929 4820 1984 4866 et

393 4909 703 4963 elevabitur
729 4920 890 4974 super
917 4903 1100 4968 colles,
1131 4914 1184 4959 et
1213 4903 1377 4959 ﬂuent
1397 4905 1463 4958 ad
1491 4919 1612 4959 cum
1639 4920 1830 4958 omnes
1852 4919 1974 4975 gen-

397 5011 499 5060 tes,
527 5007 582 5052 et
611 4997 763 5052 ibunt
789 4997 967 5068 populi
991 4997 1163 5062 multi,
1199 5005 1252 5052 et
1281 4998 1459 5053 dicent
1491 5013 1505 5052 :
1544 4997 1754 5064 Venite,
1781 5013 1964 5054 aseen-
2011 5043 2014 5046 λ

397 5091 593 5143 (Lamus
632 5088 700 5142 ad
731 5096 966 5142 montem
991 5088 1225 5154 Domini,
1245 5097 1300 5143 et
1331 5088 1397 5142 ad
1427 5091 1641 5144 domum
1670 5089 1762 5144 Dei
1787 5088 1970 5152 Iacob,

393 5189 454 5234 ct
486 5179 703 5234 docebit
733 5194 831 5234 nos
855 5179 972 5233 vias
999 5195 1146 5244 suas,
1179 5188 1233 5234 et
1261 5180 1659 5236 ambulabimus
1684 5181 1737 5234 in
1771 5180 1976 5235 semitis

391 5269 542 5338 ejus,
571 5269 698 5338 quia
723 5270 788 5323 de
810 5268 938 5324 Sion
970 5270 1140 5324 exibit
1172 5269 1281 5335 lex,
1321 5279 1376 5324 et
1407 5271 1630 5326 verbum
1664 5271 1876 5326 Domini
1913 5245 1989 5325 de

387 5358 703 5414 Jerusalem
727 5357 890 5429 (Isai.
918 5357 989 5430 ιι)
1013 5399 1025 5412 .
1053 5380 1072 5412 ›
1113 5359 1228 5432 (Ex
1249 5359 1412 5412 Beda.
1436 5359 1456 5429 )
1480 5360 1680 5414 Domus
1701 5361 1796 5414 Dei
1817 5375 1979 5429 quam

391 5447 692 5504 mdiﬁcavit
729 5461 820 5502 rex
861 5445 1115 5503 Salomon
1170 5448 1223 5502 in
1273 5446 1590 5515 Jerusalem,
1650 5449 1706 5504 in
1755 5448 1983 5519 ﬁguram

385 5541 546 5622 facta
580 5548 665 5600 est
693 5549 894 5595 sancta:
917 5541 1237 5596 universalis
1269 5541 1522 5598 Ecclesiae
1552 5561 1564 5596 :
1601 5557 1721 5612 quae
1749 5557 1779 5596 a
1814 5542 1990 5611 primo

389 5633 580 5688 elscto
609 5647 784 5700 usque
813 5632 879 5686 ad
910 5631 1180 5699 ultimum,
1232 5633 1322 5703 qui
1353 5633 1406 5686 in
1440 5633 1544 5687 ﬁne
1581 5632 1764 5687 mundi
1814 5641 1990 5688 trans-

2085 4735 2206 4797 stis,
2247 4742 2302 4788 et
2331 4733 2585 4787 Ecclesiae
2623 4732 2809 4802 primae
2843 4732 2908 4785 de
2943 4729 3104 4784 lsrael
3147 4729 3484 4790 electionem,
3513 4731 3565 4780 et
3587 4742 3671 4780 sa-

2085 4825 2250 4879 lutem
2278 4824 2518 4876 omnium
2545 4823 2782 4892 gentium
2808 4822 2858 4874 in
2881 4821 3098 4874 Clu-isto
3126 4819 3454 4874 mulzimolis
3495 4826 3668 4874 osten-

2079 4917 2240 4970 datur
2265 4913 2540 4968 insinuare
2573 4912 2776 4982 ﬁguris.

2708 5020 2932 5077 CAPUT
2976 5019 3038 5076 V.

2080 5111 2351 5180 Quomodo
2375 5112 2563 5166 Hiram
2589 5127 2678 5166 rex
2703 5110 3040 5181 Salomoncm
3063 5111 3116 5166 in
3139 5127 3288 5181 opere
3317 5110 3492 5181 teinph'
3523 5111 3674 5180 jure-

2150 5184 2251 5247 rit;
2273 5191 2398 5252 quot
2417 5183 2680 5252 operarios
2699 5179 2946 5252 Salomon
2959 5183 3010 5235 in
3025 5179 3177 5250 opere
3200 5180 3375 5250 templi
3412 5179 3669 5243 habuerit,

2151 5262 2199 5306 et
2225 5249 2457 5322 de'quali
2481 5250 2656 5320 lapide
2686 5249 2931 5320 templum
2954 5253 3020 5305 sit
3041 5249 3266 5319 factum.

2159 5365 2356 5419 Narrat
2380 5373 2558 5420 autem
2592 5363 2797 5433 Regum
2829 5361 3052 5417 historia
3082 5361 3248 5434 (Car.
3270 5361 3331 5431 ν)
3358 5401 3372 5424 ,
3401 5359 3542 5430 quod
3573 5357 3672 5410 Sa-

2091 5459 2271 5514 lomon
2301 5457 2668 5529 aediﬁcaturus
2701 5453 2918 5510 domum
2945 5452 3192 5516 Domino,
3221 5449 3494 5522 qumsierit
3525 5447 3674 5498 auxi—

2094 5548 2225 5602 lium
2253 5547 2322 5602 ah
2347 5546 2530 5600 Hiram
2577 5559 2702 5615 rege
2747 5543 2894 5614 Tyri,
2952 5543 3043 5612 qui
3089 5549 3207 5595 erat
3253 5539 3458 5594 amicus
3505 5534 3674 5589 David

2098 5637 2244 5694 omni
2288 5645 2545 5706 tempore,
2576 5643 2632 5688 et
2677 5648 2798 5688 cum
2843 5633 2959 5702 ipso
2998 5643 3208 5699 quoque
3250 5635 3306 5681 et
3361 5624 3670 5688 Salomone,
