4010 6194
401 297 509 365 ΙΞΒ

1067 295 1127 356 Β.
1169 300 1423 356 RABANI
1462 300 1681 358 MAURI
1716 301 2040 359 ARCHIEP.
2081 300 2390 359 MUGUNT.
2424 299 2710 360 OPERUH
2749 306 2928 362 I’ARS
2964 307 3005 363 Ι.

3477 294 3661 368 ἰδσ

392 425 679 492 postqum
701 430 866 487 regno
891 418 1092 486 potitus
1115 423 1217 479 est,
1252 427 1441 484 pacem
1481 413 1750 480 babuerit,
1788 429 1973 485 prom-
2001 415 2052 475 Α
2078 421 2202 468 rant
2236 412 2620 481 eruditionem,
2652 416 2818 471 verbo
2848 417 2972 472 ﬁdei
2996 418 3226 487 institui,
3271 436 3341 478 ne
3362 423 3410 479 si
3456 425 3664 496 absque

393 519 656 581 ptuntque
685 521 809 562 mox
832 505 1083 560 Salomon
1115 504 1182 558 ad
1210 501 1569 571 adiuvandum
1590 519 1650 559 se
1689 504 1746 558 in
1792 503 1969 558 omni-

395 601 498 655 bus
525 597 641 667 ejus
687 595 952 651 invenerit
979 594 1219 648 animum
1245 610 1260 647 :
1284 591 1357 646 ita
1388 601 1450 646 ut
1495 600 1551 646 et
1594 592 1831 648 artiﬁces
1872 591 1969 657 illi,

394 697 452 745 et
473 689 615 758 ligna
643 694 698 741 et
722 699 931 748 aurum,
961 688 1122 752 prout
1148 696 1283 752 opus
1319 681 1574 747 habebat,
1621 682 1860 748 dederit;
1901 682 1972 737 ob

394 777 550 847 cujus
573 774 819 831 beneﬁcii
843 773 1071 843 gratiam
1100 770 1353 827 Salomon
1377 771 1450 836 ei,
1487 786 1659 827 annos
1709 771 1971 843 singulos,

394 868 654 937 plurimos
681 864 845 918 tritici
866 870 921 916 et
940 861 1045 917 olei
1074 862 1269 916 choros
1306 861 1361 916 in
1403 862 1584 917 cibum
1630 861 1813 917 domui
1859 861 1974 931 ejus

397 956 579 1012 dabat.
608 952 747 1008 Nulli
777 961 957 1006 autem
982 951 1200 1005 dubiant
1224 950 1364 1020 quod
1390 950 1666 1017 Salomon,
1696 953 1787 1022 qui
1815 952 1978 1006 inter-

394 1054 644 1117 pretatur
670 1043 944 1113 paciﬁcus,
991 1049 1046 1095 et
1086 1042 1202 1111 ipso
1250 1042 1485 1106 nomine,
1537 1052 1586 1097 et
1629 1043 1976 1099 serenissimo

398 1140 547 1211 regni
577 1138 657 1193 sui
688 1146 830 1192 statu
864 1135 1012 1189 illum
1052 1132 1336 1205 signiﬁcet,
1365 1135 1431 1189 de
1457 1150 1565 1204 quo
1593 1135 1733 1190 dixit.
1766 1135 1932 1191 Isaias
1958 1150 1973 1189 :

403 1253 422 1284 ι
451 1229 892 1302 Multiplicabitur
921 1224 1037 1294 eius
1076 1226 1381 1296 imperium,
1427 1236 1483 1281 et
1532 1228 1682 1297 pacis
1722 1244 1828 1283 non
1872 1229 1977 1283 erit

396 1325 519 1381 ﬁnis
553 1322 716 1394 (Isai.
742 1321 851 1393 ιιι).
879 1341 896 1373 ι
927 1321 1109 1375 lliram
1139 1337 1286 1386 vero,
1320 1323 1413 1391 qui
1441 1321 1633 1376 Latine
1675 1322 1874 1376 dicitur
1903 1323 1978 1376 vi-

395 1439 514 1476 vens
535 1419 754 1485 excelse,
782 1419 1063 1475 credentes
1090 1433 1153 1473 ex
1179 1417 1429 1489 gentibus
1447 1426 1503 1471 et
1525 1416 1634 1470 vita
1660 1415 1818 1469 simul
1852 1431 1974 1470 eum

397 1512 503 1567 ﬁde
532 1512 795 1583 gloriosos
821 1510 1115 1581 ﬁguraliter
1142 1508 1414 1579 exprimit.
1441 1507 1627 1577 Neque
1643 1506 1842 1575 aliquid
1858 1521 1977 1575 pro.

395 1604 543 1658 bibet
564 1602 693 1673 quin
722 1602 927 1666 Hiram,
959 1601 1084 1669 quia
1131 1615 1226 1655 rex
1251 1607 1390 1665 erat,
1425 1598 1695 1669 regalique
1734 1598 1969 1668 potentia

397 1697 743 1754 Salomonem
776 1697 829 1751 in
854 1696 1082 1750 :ediﬁcio
1101 1695 1292 1748 domus
1317 1692 1525 1747 Domini
1561 1690 1804 1760 juvabat,
1848 1706 1949 1745 con

2074 503 2349 571 magistris
2416 503 2614 561 docere
2684 506 3006 578 inciperent,
3063 512 3312 582 magistri
3365 515 3667 574 existerent

2073 594 2301 648 erroris.
2328 593 2537 652 Idcirco
2560 598 2763 653 etenim
2796 597 3053 657 Salomon
3086 618 3278 660 servos
3320 604 3508 662 Hiram
3553 623 3665 666 ca:-

2070 683 2200 738 dere
2226 683 2330 739 sibi
2353 685 2526 742 voluit
2551 686 2698 759 ligna
2725 688 2791 746 de
2818 688 3043 757 Libano,
3065 693 3195 764 quia
3207 695 3479 754 doctiores
3502 710 3667 756 erant

2072 774 2243 829 servis
2266 775 2380 830 suis
2405 777 2472 831 ad
2505 779 2850 849 caedendum;
2881 783 2977 839 sed
3021 784 3226 851 ideirco
3264 788 3428 845 etiam
3473 806 3667 850 servos

2074 878 2200 920 suos
2224 865 2386 921 simul
2412 868 2604 925 adesse
2643 870 2831 939 voluit,
2854 881 2916 928 ut
2953 878 3299 934 ostenderent
3330 882 3668 940 credentibus

2074 951 2228 1021 cujus
2249 970 2515 1012 mensurae
2537 957 2681 1028 ligna
2718 960 2837 1018 ﬁeri
2858 962 3137 1021 deberent.
3165 967 3331 1038 Cujus
3369 973 3450 1027 rei
3488 973 3664 1044 ﬁgura

2076 1044 2130 1098 in
2159 1054 2411 1116 promptu
2432 1056 2534 1112 est,
2556 1052 2684 1118 quia
2703 1051 2962 1108 nimirum
2977 1057 3207 1125 apostoli
3221 1061 3424 1116 certius
3436 1067 3666 1119 verbum

2075 1135 2542 1207 Evangelii,quod
2581 1154 2611 1193 a
2660 1142 2888 1198 Domino
2932 1147 3172 1215 audiere,
3219 1162 3506 1207 noverunt.
3554 1153 3667 1211 Sed

2076 1225 2302 1296 gentiles
2320 1226 2388 1280 ab
2412 1242 2599 1284 errore
2620 1233 2866 1288 conversi
2888 1241 3051 1305 atque
3068 1238 3138 1292 ad
3156 1240 3441 1298 veritatem
3482 1243 3667 1299 Evan-

2076 1315 2199 1386 gelii
2225 1318 2614 1399 transformati,
2640 1323 2997 1396 meliusipsos
3029 1319 3271 1399 gentium
3312 1347 3530 1390 errores
3571 1352 3670 1390 nu-

2078 1415 2287 1471 verant,
2309 1416 2366 1461 et
2386 1394 2492 1477 quo
2517 1406 2719 1467 certius
2740 1394 3123 1480 nut'eruut,veo
3167 1419 3519 1478 artiﬁciosius
3559 1426 3666 1481 hoc

2077 1507 2386 1565 expugnare
2413 1505 2575 1567 atque
2602 1515 2869 1558 cvacuare
2890 1504 3215 1563 didicerunt.

2154 1619 2174 1652 ‹
2198 1601 2453 1683 Legitque
2476 1604 2732 1664 Salomon
2774 1613 3053 1681 operarios
3080 1616 3147 1671 de
3171 1618 3318 1674 omni
3364 1620 3550 1677 Israel.
3595 1623 3665 1679 Et

2085 1701 2241 1746 «erat
2286 1694 2508 1750 indictio
2531 1697 2752 1768 triginta
2788 1701 3031 1758 virorum
3074 1706 3261 1775 millia,
3310 1711 3668 1784 mittebatque

2605 1761 2630 1768 _
3193 1761 3203 1762 κ
3246 1761 3260 1775 ,
3311 1761 3666 1784 παπ-πνρ-

399 1803 587 1843 versus
611 1788 680 1842 ad
708 1787 866 1842 ﬁdem
897 1801 1084 1840 earum
1136 1800 1316 1839 rerum
1356 1782 1606 1836 dominos
1651 1781 1828 1852 typiee
1876 1779 1973 1836 dc-
2006 1761 2050 1819 Β
2085 1798 2103 1830 ι
2123 1796 2217 1837 eos
2245 1782 2300 1837 in
2324 1783 2607 1850 Libanum,
2632 1787 2818 1844 decem
2838 1791 3006 1847 millia
3029 1809 3129 1864 per
3168 1810 3382 1854 menses
3421 1803 3666 1872 singulos

395 1881 625 1945 nuntiet,
659 1894 886 1949 quorum
918 1892 1018 1946 ope
1048 1884 1261 1931 constat
1296 1873 1594 1929 Ecclesium
1634 1873 1829 1942 sacpius
1876 1873 1973 1926 azi-

391 1975 563 2046 jutam
599 1988 665 2027 ac
686 1972 937 2027 nobiliter
963 1976 1385 2039 augmentatam,
1433 1974 1487 2021 et
1531 1974 1719 2020 contra
1763 1965 1977 2019 haereti-

395 2078 508 2126 cos,
536 2060 911 2116 sebismatieos
938 2067 994 2114 et
1030 2074 1269 2129 paganos
1314 2056 1702 2127 principalibus
1737 2064 1977 2111 erectam

395 2168 515 2209 esse
543 2150 792 2207 decretis.
825 2149 988 2205 Petiit
1009 2164 1137 2219 ergo
1178 2147 1431 2203 Salomon
1486 2147 1539 2201 in
1587 2161 1751 2216 opere
1793 2145 1976 2217 templi

398 2242 659 2298 auxilium
688 2241 756 2295 ab
787 2240 996 2302 IIiram,
1026 2239 1153 2309 quia
1177 2253 1302 2293 cum
1327 2238 1549 2292 veniens
1585 2236 1637 2292 in
1674 2253 1839 2293 carne
1874 2237 1979 2292 Do-

396 2332 577 2388 minus
626 2330 879 2386 dilectam
920 2329 1022 2385 sibi
1079 2329 1318 2394 domum,
1369 2327 1621 2384 videlicet
1654 2328 1975 2393 Ecclesiam,

393 2422 662 2479 :cdiﬁcare
694 2422 1022 2490 disponeret,
1057 2434 1163 2474 non
1211 2420 1277 2474 de
1319 2415 1519 2473 Judazis
1574 2417 1976 2483 tantummodo,

394 2528 582 2568 verum
608 2512 773 2565 etiam
821 2510 887 2564 de
929 2510 1180 2579 gentibus
1228 2507 1502 2577 adjutores
1540 2508 1720 2577 operis
1767 2507 1971 2577 elegit:

395 2619 521 2658 nam
535 2603 601 2657 de
614 2609 843 2669 utroque
860 2598 1057 2668 populo
1080 2598 1357 2652 ministros
1380 2596 1643 2652 sermonis
1663 2596 1972 2665 assumpsit.

395 2693 540 2748 Misit
565 2693 751 2747 [liram
782 2690 1056 2745 Salomoni
1083 2689 1308 2760 prmcisa
1351 2690 1417 2744 de
1457 2688 1661 2744 Libano
1702 2688 1846 2759 ligna
1888 2704 1976 2744 ce-

394 2784 547 2839 drina
571 2791 626 2838 et
655 2781 879 2852 abiegna
905 2796 1024 2851 qua:
1050 2780 1102 2834 in
1128 2781 1344 2834 domum
1372 2778 1586 2835 Domini
1606 2788 1972 2850 ponerentur:

393 2876 520 2946 quia
549 2887 808 2930 conversa
847 2873 1117 2945 gentilitas
1163 2871 1309 2926 misit
1356 2871 1423 2926 ad
1469 2871 1757 2926 Dominum
1803 2872 1974 2938 viros,

393 2965 660 3035 quondam
684 2964 750 3018 ad
786 2962 1038 3018 sacculum
1065 2961 1261 3026 claros,
1310 2960 1405 3015 sed
1450 2960 1628 3015 securi
1680 2961 1973 3017 Dominicae

392 3056 775 3126 increpationis
804 3056 868 3110 dc
905 3063 1089 3110 monte
1114 3070 1224 3110 sua:
1267 3053 1531 3124 superbiae
1572 3052 1686 3122 jam
1734 3052 1974 3123 dejectos

390 3158 445 3203 rt
469 3147 811 3212 humiliatos;
840 3147 929 3216 qui
960 3146 1029 3200 ad
1077 3162 1321 3201 normam
1361 3146 1683 3217 evangeliea:
1725 3147 1971 3203 veritatis

391 3242 622 3296 instituti
661 3241 715 3295 in
757 3238 1113 3295 mdiﬁcatione
1150 3239 1407 3294 Ecclesia:
1449 3254 1550 3310 pro
1589 3255 1688 3295 suo
1739 3240 1972 3311 quisque

391 3332 584 3410 merito
614 3328 694 3383 vel
724 3337 963 3397 tempore
985 3328 1397 3383 collocarentur.

467 3438 484 3469 ι
507 3419 654 3473 Misit
678 3419 841 3472 etiam
876 3418 1141 3472 artiﬁces.
1167 3437 1185 3471 ι
1218 3417 1353 3484 Quia
1384 3433 1675 3475 conversos
1695 3421 1764 3474 ad
1784 3435 1993 3500 veram.

390 3507 710 3577 Sapientiam
738 3507 1106 3577 philosophos,
1160 3509 1251 3578 qui
1301 3510 1475 3579 gratia
1518 3511 1836 3566 eruditionis
1875 3526 1970 3580 po-

387 3599 530 3670 pulis
555 3613 770 3667 quoque
796 3599 1042 3666 regendis
1066 3598 1189 3667 jure
1231 3609 1693 3669 prchonerentur,
1741 3599 1970 3655 Domino

389 3692 662 3763 gentilitas
699 3692 911 3755 obtulit,
940 3691 1117 3761 qualis
1140 3691 1242 3745 fuit
1268 3693 1397 3760 ipsis
1421 3693 1785 3761 apostolorum
1835 3700 1972 3748 tem-

387 3784 609 3854 poribus
631 3783 917 3854 Dionysius
937 3782 1279 3854 Areupagita,
1306 3784 1482 3852 qualis
1506 3785 1758 3854 deinceps
1778 3785 1970 3840 doctor

392 3872 749 3926 suavissimus
777 3887 842 3927 ac
874 3870 1201 3927 fortissimus
1245 3881 1450 3943 martyr
1504 3872 1828 3944 Cyprianus,
1858 3873 1971 3928 alii-

387 3976 493 4032 que
520 3976 681 4031 quam
713 3961 951 4030 plurimi.

464 4073 480 4104 ι
504 4053 645 4107 Misit
670 4061 725 4107 et
752 4068 975 4121 aurum.
1002 4072 1019 4104 ι
1053 4051 1206 4118 Quod
1246 4052 1300 4106 in
1356 4053 1541 4106 eadem
1593 4069 1729 4123 pene
1769 4053 1971 4124 signiﬁ-

387 4147 601 4201 catione
647 4144 949 4213 accipitur:
976 4144 1100 4212 quia
1138 4142 1391 4197 nimirum
1432 4143 1577 4197 viros
1620 4145 1885 4215 sapientia
1914 4154 1970 4201 et

389 4238 603 4305 ingenio
627 4235 914 4304 praeclaros
946 4233 1199 4297 ostendit,
1239 4249 1337 4302 pro
1367 4234 1561 4301 quibus
1610 4235 1822 4290 cunctis
1865 4238 1964 4290 0b-

388 4327 678 4381 Iatiunibus
702 4324 974 4393 gentilitas
1002 4340 1030 4377 a
1056 4324 1281 4378 Domino
1313 4325 1450 4379 dona
1478 4335 1755 4396 exspectat
1779 4329 1965 4398 gratia:

386 4421 643 4481 caelestis,
675 4419 912 4473 triticum
942 4419 1192 4473 videlicet
1221 4420 1370 4473 verbi
1402 4422 1495 4475 Dei
1522 4430 1576 4476 et
1612 4423 1787 4477 oleum
1830 4424 1963 4479 clla-

385 4510 563 4565 ritatis
588 4519 748 4579 atque
773 4508 1042 4563 unctionis
1069 4520 1123 4563 et
1150 4509 1558 4564 illuminationis
1586 4510 1820 4580 Spiritus
1842 4528 1966 4566 san-

383 4602 477 4657 cti.
538 4602 802 4656 Convenit
876 4608 1055 4653 autem
1118 4608 1241 4666 apte
1291 4601 1454 4654 rebus
1504 4600 1779 4665 Ecclesite,
1823 4603 1964 4671 quoi

387 4691 649 4746 auxilium
679 4689 858 4759 uperis
887 4688 1061 4741 sancti
1090 4688 1357 4755 flagitans,
1386 4690 1463 4742 ait
1491 4691 1557 4744 ad
1585 4691 1767 4745 Iliram
1814 4691 1966 4748 Salo-

391 4795 513 4834 mon
539 4793 553 4833 :
584 4778 861 4847 «Praecipe
892 4777 1055 4846 igitur
1090 4784 1149 4831 ut
1190 4778 1485 4848 prmcidant
1528 4780 1659 4834 mihi
1701 4782 1842 4835 servi
1887 4784 1961 4838 tui

394 4869 628 4925 «cedrus
657 4869 722 4923 de
751 4867 975 4930 Libano,
1032 4875 1086 4920 et
1131 4867 1270 4921 servi
1315 4869 1420 4923 mei
1467 4868 1575 4923 sint
1622 4886 1742 4925 cum
1792 4872 1963 4926 servis

393 4978 411 5010 ι
436 4960 569 5013 tuis.
596 4978 614 5011 ι
656 4957 808 5012 Servi
834 4957 1029 5026 quippe
1057 4957 1241 5011 Iliram
1273 4958 1364 5028 qui
1399 4960 1765 5028 prmcidebant
1814 4961 1967 5016 Salo-

389 5050 535 5104 moni
564 5049 756 5103 cedros
785 5047 851 5101 de
877 5046 1102 5112 Libano,
1140 5047 1388 5103 doctores
1408 5060 1532 5103 sunt
1566 5050 1720 5105 electi
1746 5052 1811 5105 de
1838 5066 1966 5121 gen-

390 5141 555 5202 tibus,
581 5153 811 5208 quurum
848 5135 1009 5191 ofﬁcii
1038 5144 1122 5192 est
1145 5152 1237 5192 eos
1262 5139 1353 5207 qui
1394 5138 1449 5192 in
1490 5140 1591 5194 hoc
1640 5142 1841 5195 mundo
1882 5158 1965 5196 re-

386 5229 488 5284 bus
509 5236 564 5283 et
586 5228 755 5297 gloria
771 5227 1108 5293 laetabantur,
1133 5242 1162 5281 a
1195 5229 1459 5297 supernim
1482 5227 1619 5283 fastu
1647 5231 1963 5299 corrigendo

388 5328 651 5381 sternere,
684 5327 844 5386 atque
873 5317 939 5371 ad
960 5317 1278 5385 obsequium
1293 5319 1373 5372 sui
1389 5318 1960 5387 Redemptoriseorum

387 5420 512 5467 vota
543 5410 860 5475 transferre,
888 5427 1010 5466 cum
1051 5411 1246 5482 quibus
1291 5412 1541 5468 videlicet
1588 5415 1760 5469 servis
1808 5425 1964 5470 erant

388 5512 444 5559 et
467 5502 609 5558 servi
648 5501 976 5567 Salomonis,
1020 5517 1085 5557 ac
1117 5502 1322 5571 pariter
1357 5512 1656 5559 memorato
1690 5504 1962 5560 instabant

387 5593 571 5663 operi;
603 5593 728 5665 quia
755 5593 914 5664 primi
938 5594 1186 5648 doctores
1219 5608 1285 5646 ex
1315 5594 1563 5663 gentibus
1602 5610 1821 5652 necesse
1867 5598 1958 5653 ba-

391 5685 585 5741 bebant
630 5689 866 5757 ipsorum
900 5687 1287 5757 apostolorum,
1321 5688 1409 5756 qui
1440 5704 1468 5742 ιι
1498 5689 1722 5745 Domino
1761 5692 1958 5747 di‘licc—

2083 1888 2102 1921 ι
2124 1872 2384 1940 vicissim,
2413 1874 2488 1929 ita
2514 1880 2577 1929 bt
2597 1877 2806 1934 duobus
2847 1883 3125 1940 mensibus
3164 1896 3348 1943 essent
3391 1890 3446 1945 in
3487 1893 3667 1950 domi-

2084 1977 2103 2010 ι
2126 1961 2225 2016 bus
2242 1962 2377 2028 suis,
2399 1972 2505 2019 etc.
2539 1983 2558 2017 ι
2590 1965 2688 2021 Ubi
2718 1968 2893 2038 primo
2922 1973 3214 2030 notandum
3242 1979 3385 2046 quod
3412 1996 3516 2036 non
3544 1983 3663 2039 fru-

2078 2061 2191 2108 stra
2215 2046 2466 2110 Salomon
2492 2058 2770 2127 operarios
2798 2060 2865 2116 de
2889 2063 3034 2118 omni
3061 2063 3228 2121 Israel
3257 2068 3439 2140 elegit,
3483 2088 3665 2145 neque

2078 2156 2198 2204 erat
2224 2148 2331 2204 ulla
2354 2150 2532 2219 portio
2555 2151 2757 2222 populi,
2790 2154 2858 2211 de
2886 2170 2993 2226 qua
3018 2173 3126 2214 neu
3152 2160 3300 2230 digni
3325 2171 3473 2220 tanto
3492 2181 3662 2237 opete

2077 2240 2183 2296 viri
2206 2251 2636 2298 assumerentur.
2673 2244 2811 2313 Quia
2847 2246 3104 2305 nimirum
3131 2266 3237 2307 non
3265 2254 3331 2310 de
3358 2270 3464 2311 una
3489 2260 3661 2332 stirpe

2075 2333 2255 2389 Aaron
2286 2334 2597 2391 sacerdotes
2624 2336 2878 2408 eligendi,
2908 2342 3004 2397 sed
3024 2343 3090 2397 de
3103 2345 3248 2400 omni
3272 2349 3661 2409 suntEcclesia

2076 2428 2371 2495 quaerendi,
2403 2428 2497 2497 qui
2516 2429 2786 2485 mdiﬁcare
2805 2430 3022 2487 domum
3049 2434 3260 2492 Domini
3288 2439 3373 2495 vel
3403 2444 3659 2515 exemplo

2076 2529 2177 2569 suo
2192 2515 2275 2570 vel
2297 2515 2442 2572 dicto
2459 2516 2758 2585 sulliciant;
2781 2530 2838 2574 et
2873 2522 3179 2594 ubicunque
3209 2526 3412 2586 inventi
3433 2530 3657 2600 fuerint,

2076 2620 2204 2660 mox
2241 2606 2294 2659 in
2320 2606 2559 2662 ofﬁcium
2588 2609 2868 2666 doctorum
2902 2613 3108 2684 absque
3144 2616 3252 2673 ulla
3298 2635 3656 2690 personarum

2075 2697 2390 2766 acceptione
2414 2702 2767 2768 promovendi
2792 2716 2808 2756 :
2834 2703 3074 2775 talesque
3093 2723 3217 2763 cum
3240 2712 3309 2766 ad
3331 2713 3658 2773 erudiendos

2075 2787 2343 2856 inﬁdeles,
2367 2799 2531 2860 atque
2551 2792 2606 2846 in
2633 2793 2916 2865 collegium
2942 2797 3199 2856 Ecclesia:
3221 2805 3491 2863 vocandos
3508 2808 3657 2864 ordi-

2074 2890 2298 2945 nantur,
2341 2881 2497 2951 quasi
2525 2882 2593 2937 ad
2619 2885 2902 2941 caedendas
2929 2887 2983 2942 in
3012 2888 3216 2947 Libano
3265 2896 3446 2966 templi
3490 2909 3657 2957 male

2075 2970 2187 3026 rias
2214 2973 2317 3027 viri
2342 2975 2551 3030 strenui
2590 2985 2754 3046 atque
2788 2978 2945 3035 electi
2985 2982 3288 3038 mittuntur.
3341 2985 3409 3040 Et
3436 2989 3655 3058 quidem

2076 3077 2335 3119 numerus
2362 3065 2579 3135 triginta
2605 3068 2853 3137 millium,
2891 3086 2998 3141 quo
3037 3072 3197 3129 iidem
3240 3070 3510 3147 lignorum
3554 3096 3658 3138 ca:-

2075 3170 2229 3211 sores
2261 3157 2701 3226 recenSebantur,
2727 3170 2905 3229 potest
2931 3164 2997 3217 ad
3026 3179 3214 3219 eorum
3260 3165 3489 3238 ﬁguram
3529 3182 3655 3241 apte

2073 3245 2286 3311 referri,
2318 3246 2408 3315 qui
2431 3248 2485 3301 in
2514 3247 2619 3303 ﬁde
2645 3258 2849 3305 sanctae
2887 3250 3170 3307 Trinitatis
3213 3263 3339 3308 sunt
3385 3258 3655 3326 perfecti:

2072 3335 2216 3405 quod
2231 3336 2541 3392 doctoribus
2556 3340 2787 3394 maxime
2802 3341 3067 3412 congruit.
3084 3342 3281 3399 Verum
3295 3345 3421 3416 quia
3436 3347 3655 3420 triginta

2074 3426 2241 3481 millia
2264 3427 2339 3481 ita
2361 3436 2516 3483 erant
2544 3430 2812 3497 ordinata,
2840 3440 2901 3485 ut
2927 3432 3065 3488 dena
3095 3433 3261 3490 millia
3301 3451 3398 3506 per
3440 3454 3659 3498 menses

2073 3516 2313 3586 singulos
2339 3518 2487 3587 operi
2535 3528 2723 3575 sancto
2772 3520 3054 3588 instarent,
3097 3523 3267 3595 magis
3315 3525 3522 3584 denarii
3554 3545 3657 3585 nu-

2073 3608 2208 3662 meri
2237 3618 2635 3664 sacramentum
2661 3611 2994 3681 perpendere
3016 3612 3293 3670 debemus.
3336 3616 3483 3671 Dena
3507 3634 3657 3674 nant-

2070 3712 2176 3766 que
2205 3698 2371 3752 millia
2394 3699 2634 3754 virorum
2675 3701 2740 3757 de
2780 3701 2942 3758 Israel
2989 3703 3056 3757 ad
3106 3706 3359 3761 caedenda
3411 3707 3553 3779 ligna
3597 3710 3657 3765 in

2070 3803 2207 3858 Opus
2232 3788 2424 3844 domus
2446 3790 2657 3845 Domini
2702 3791 3028 3848 mittuntur:
3053 3794 3181 3865 quia
3216 3798 3524 3869 quicunque
3556 3801 3655 3855 do-

2071 3884 2250 3931 ctores
2276 3887 2436 3947 atque
2468 3879 2834 3949 insipientium
2857 3884 3160 3941 eruditores
3183 3897 3309 3943 sunt
3331 3887 3644 3954 ordinandi,

2071 3970 2256 4025 decem
2285 3980 2553 4041 przecepta
2584 3973 2715 4044 legis
2743 3989 2843 4044 per
2879 3977 3060 4033 omnia
3107 3987 3161 4034 et
3197 3980 3297 4050 ipsi
3336 3981 3651 4047 observare,

2071 4070 2125 4113 et
2154 4060 2490 4116 auditoribus
2537 4063 2651 4117 suis
2694 4064 2893 4120 debent
2941 4068 3276 4125 observanda
3324 4078 3651 4138 monstrare,

2070 4152 2162 4204 sed
2189 4161 2243 4205 et
2262 4155 2483 4221 praemia
2525 4155 2579 4208 in
2613 4155 2764 4209 caelis
2806 4156 3007 4224 futura,
3032 4175 3155 4229 qua:
3207 4162 3430 4217 denario
3474 4162 3652 4219 solent

2071 4238 2312 4310 ﬁgurari,
2339 4252 2396 4296 et
2416 4243 2515 4311 ipsi
2539 4258 2774 4312 sperare,
2800 4256 2855 4300 et
2876 4250 3213 4305 auditoribus
3240 4253 3353 4307 suis
3383 4255 3652 4323 speranda

2069 4332 2268 4386 debent
2296 4348 2511 4402 semper
2535 4335 2805 4391 intimare.
2832 4338 2994 4395 Terni
3023 4350 3200 4397 autem
3227 4358 3465 4411 menses,
3508 4361 3647 4415 quo-

2071 4437 2188 4474 rum
2218 4420 2474 4475 distantia
2505 4423 2732 4495 singulis
2759 4436 2877 4480 erat
2905 4427 3169 4498 lignorum
3208 4435 3503 4490 caesoribus
3547 4435 3650 4491 itu-

2068 4510 2263 4578 posita,
2291 4510 2675 4579 perfectionem
2713 4516 2874 4570 trium
2918 4519 3177 4575 virtutum
3212 4524 3650 4591 evangelicarum

2070 4598 2245 4669 typice
2283 4600 3020 4677 denuntiant:eleemosynze
3067 4611 3334 4677 videlicet,
3381 4615 3650 4671 orationis

2067 4698 2123 4743 et
2142 4690 2352 4760 jejunii.
2378 4692 2481 4747 Per
2501 4695 2900 4767 eleemosynam
2925 4714 3157 4773 namque
3183 4706 3650 4775 comprehendun-

2071 4788 2158 4833 tur
2182 4782 2360 4835 omnia
2385 4798 2503 4851 qua:
2536 4788 2603 4839 ad
2645 4786 2988 4844 dilectionem
3044 4794 3275 4862 proximi
3323 4797 3646 4865 explendam

2068 4872 2328 4928 benevole
2353 4876 2404 4929 in
2429 4878 2624 4932 fratres
2651 4894 2957 4949 Operamur.
2991 4883 3094 4939 Per
3116 4888 3415 4942 orationem
3460 4892 3644 4946 omnia

2066 4964 2260 5032 quibus
2291 4982 2387 5034 per
2417 4967 2687 5022 iuternam
2729 4975 3198 5042 compunctionem
3235 4987 3422 5034 nostro
3448 4979 3648 5037 Condi—

2065 5054 2593 5126 turiconjungimur.
2625 5058 2728 5114 Per
2748 5061 3010 5131 jejunium
3062 5069 3243 5123 omnia
3299 5069 3496 5139 quibus
3542 5087 3645 5128 nos

2067 5167 2097 5204 a
2123 5155 2441 5223 contagioite
2484 5157 2736 5213 vitiorum
2771 5168 2826 5215 et
2852 5162 3119 5220 illecebris
3153 5167 3333 5222 steculi
3384 5169 3645 5229 observa-

2065 5257 2205 5306 mus,
2246 5251 2305 5296 ιιι
2335 5243 2502 5298 libera
2553 5259 2750 5313 mente,
2800 5258 2855 5303 et
2898 5267 3126 5323 corpore
3170 5266 3319 5311 casto
3366 5258 3644 5315 dilectioni

2065 5333 2338 5388 valeamus
2372 5335 2632 5391 inbazrere
2652 5354 2864 5410 semper
2892 5346 3062 5399 nostri
3092 5346 3397 5403 Conditoris
3424 5358 3480 5403 et
3513 5366 3643 5421 pru—

2066 5423 2213 5476 ximi.
2242 5423 2311 5477 Et
2342 5424 2430 5478 isti
2459 5434 2584 5480 sunt
2614 5434 2723 5483 tres
2757 5444 2969 5488 menses
3004 5437 3374 5505 operariorum
3431 5440 3639 5509 templi.

2064 5512 2199 5567 Nam
2230 5513 2358 5583 quia
2388 5517 2589 5571 mensis
2611 5518 2943 5586 plenitudine
2972 5525 3179 5581 dierum
3214 5527 3424 5583 lunaris
3448 5529 3640 5586 circuli

2063 5602 2358 5673 perﬁcitur,
2393 5614 2538 5662 recte
2563 5624 2659 5677 per
2686 5610 2835 5666 illum
2873 5613 3147 5683 plenitudo
3196 5618 3410 5672 virtutis
3453 5618 3641 5688 cujus-

2062 5708 2165 5760 que
2187 5694 2483 5763 spiritualis
2526 5699 2843 5764 ostenditur,
2893 5704 2943 5757 in
2986 5719 3086 5773 qua
3134 5722 3283 5762 mens
3330 5707 3566 5762 ﬁdelium
3606 5724 3637 5765 ει
