4026 6202
355 307 454 360 m
509 268 523 282 ’

1098 266 1101 269 Ι
1188 301 1540 359 COMMENT.
1584 303 1649 358 IN
1689 301 1937 357 LIBROS
1976 300 2043 356 IV
2084 299 2427 355 REGUM.—
2451 301 2517 356 IN
2556 302 2683 357 LIB.
2722 303 2809 359 III.

3524 307 3627 362 158

352 425 585 481 Domino
615 418 930 491 quotidiana
976 417 1360 483 illustratione,
1400 416 1555 487 quasi
1586 416 1711 471 luna
1745 431 1775 470 a
1813 415 1945 480 sole,
1976 419 2027 478 Α
2055 411 2222 467 millia
2260 427 2383 467 esse
2404 413 2782 482 perhibentur.
2811 413 3163 486 Septuaginta
3214 414 3463 473 videlicet
3508 433 3632 487 pro-

400 517 667 570 rsnlcitur.

400 535 442 572 ‘S
484 533 667 571 ιειιιιτ.

351 535 411 573 η
429 535 541 659 «ρει
559 602 856 658 Adoniram
870 609 986 656 erat
1000 615 1163 669 super
1178 597 1548 668 hujuscemodi
1567 597 1937 662 indictionem,

358 707 455 752 cet
478 706 703 752 cratera.
726 714 742 746 ι
770 691 1066 746 Adoniram
1104 689 1325 758 quippe,
1365 688 1456 757 qui
1505 687 1701 744 Latine
1743 687 1942 741 dicitur

352 789 615 841 Dominus
639 788 795 838 meus
810 781 1067 845 excelsus,
1100 796 1262 850 quem
1308 779 1515 849 melius
1546 792 1709 848 quam
1765 776 1940 847 ipsum

351 893 515 946 quem
556 875 776 930 nomine
832 868 1076 926 imitatur
1124 868 1397 923 insinuat?
1424 868 1713 921 Dominum
1754 865 1945 919 videli-

350 978 439 1024 cet
469 968 831 1023 Salvatorem.
884 963 954 1017 Et
997 971 1125 1016 tunc
1159 959 1400 1014 Adonira
1436 958 1702 1029 operariis
1755 957 1941 1027 templi

349 1061 711 1131 praeponitur,
742 1066 801 1111 ut
834 1071 929 1110 sua
954 1053 1265 1124 provisione
1312 1051 1414 1106 rite
1459 1050 1692 1116 ordinet,
1746 1049 1942 1118 quibus

352 1152 635 1206 mensibus
655 1147 847 1219 singuli
872 1146 938 1201 ad
963 1144 1296 1215 cperandum
1325 1149 1542 1206 exeant,
1557 1140 1753 1210 quibus
1766 1140 1942 1194 denuo

350 1244 418 1298 ad
442 1241 742 1297 curandam
769 1241 987 1293 domum
1020 1252 1177 1293 suam
1218 1236 1462 1297 redeant,
1508 1248 1629 1287 cum
1682 1232 1943 1287 Dominus

346 1342 403 1389 et
429 1334 689 1389 Salvator
724 1340 910 1386 noster
939 1320 1146 1385 mentes
1172 1337 1482 1383 sanctorum
1524 1325 1941 1395 praedicatorum

347 1441 450 1479 sua
478 1423 804 1478 familiarius
829 1420 1188 1476 illustratioue
1217 1416 1472 1472 informat
1514 1416 1583 1470 ad
1625 1415 1941 1470 discernen-

346 1515 506 1579 dum,
547 1511 765 1584 quando
811 1517 1063 1581 oporteat
1111 1507 1440 1565 aediﬁcandae
1486 1504 1741 1562 Ecclesia:
1805 1518 1941 1576 opus

346 1605 493 1658 inire
516 1600 880 1674 praedicando,
917 1599 1001 1653 vel
1024 1599 1127 1655 alia
1158 1597 1377 1666 pietatis
1403 1593 1576 1650 ofﬁcia
1597 1592 1935 1662 praestando;

346 1704 403 1747 et
430 1693 649 1764 quando
670 1707 886 1746 rursum
913 1689 1199 1745 conveniat
1231 1687 1299 1741 ad
1333 1702 1486 1741 suam
1526 1687 1766 1755 ipsorum
1808 1699 1939 1740 cou-

2046 510 2165 572 pter
2208 501 2596 557 sabbatismum
2640 503 2945 559 animarum
2977 523 2990 559 :
3024 506 3287 575 septimus
3334 508 3479 562 enim
3515 510 3632 565 dies

2045 588 2103 643 in
2132 587 2435 652 sabbatum,
2469 590 2524 644 id
2553 599 2655 655 est,
2686 593 2926 662 requiem
2964 602 3311 650 consecratus
3333 604 3437 651 est.
3470 596 3630 653 Octo-

2044 678 2193 748 ginta
2220 687 2443 748 propter
2467 694 2618 748 spem
2650 683 3083 747 resurrectionis,
3115 698 3234 754 qua:
3277 696 3467 741 octava
3514 689 3624 753 die,

2045 766 2099 819 id
2141 775 2246 832 est,
2293 777 2414 836 post
2447 770 2734 824 sabbatum
2780 771 2833 824 in
2874 773 3107 827 Domino
3154 776 3441 844 processit,
3480 788 3534 834 et
3574 781 3629 833 in

2045 857 2198 912 nobis
2238 874 2451 929 quoque
2484 851 2674 916 oct'ava
2704 861 2791 916 die
2834 864 2993 917 simul
3023 872 3078 918 et
3104 874 3293 920 octava
3341 876 3501 922 aztate
3541 868 3627 923 fu-

2046 959 2162 1004 tura
2188 961 2457 1020 speratur.
2485 953 2761 1023 Praepositi
2792 965 2973 1010 autem
2997 966 3155 1011 erant
3182 958 3283 1012 tria
3315 960 3482 1015 millia
3516 971 3626 1017 tre-

2043 1044 2206 1109 centi,
2269 1054 2488 1115 propter
2524 1046 2699 1101 ﬁdem
2755 1047 3012 1102 nimirum
3060 1058 3261 1105 sancta:
3323 1050 3625 1117 Trinitatis,

2045 1150 2209 1205 quam
2243 1146 2431 1193 sancta
2471 1139 2626 1193 nobis
2672 1138 2885 1210 eloquia
2929 1141 3245 1210 praedicant.
3304 1142 3458 1211 Quod
3500 1159 3630 1202 vero

2042 1240 2141 1295 pro
2167 1227 2338 1282 tribus
2367 1228 2603 1284 millibus
2631 1231 2891 1286 trecentis
2923 1233 3227 1302 praepositis
3273 1234 3328 1288 in
3365 1235 3505 1291 libro
3534 1236 3630 1291 Pa-

2044 1315 2413 1385 ralipomenon
2447 1319 2545 1373 tria
2574 1320 2740 1376 millia
2760 1323 3002 1377 sexcenti
3028 1331 3152 1376 sunt
3170 1325 3377 1394 scripti,
3401 1326 3469 1380 ad
3484 1342 3630 1383 eam-

2042 1403 2165 1459 dem
2206 1422 2428 1476 prorsus
2476 1410 2787 1467 sublimium
2819 1412 3058 1468 virorum
3100 1412 3485 1483 perfectionem
3540 1432 3629 1471 rc-

2041 1496 2201 1564 spicit
2237 1496 2332 1569 (II
2362 1497 2493 1554 Par.
2545 1500 2639 1574 ιι).
2692 1500 2829 1557 Nam
2860 1503 2987 1573 quia
3036 1504 3092 1557 in
3137 1505 3353 1559 senario
3405 1521 3631 1561 numero

2042 1585 2230 1642 mundi
2265 1595 2514 1643 ornatum
2541 1590 2850 1661 complevit,
2883 1601 3032 1647 recte
3057 1593 3113 1647 in
3141 1608 3213 1649 eo.
3233 1595 3475 1665 perfecta
3524 1598 3625 1653 bo-

2040 1691 2233 1733 norum
2255 1693 2418 1749 opera
2450 1666 2624 1736 solent
2651 1681 2895 1754 ﬁgurari.
2921 1684 2985 1738 Et
3014 1685 3141 1754 quia
3166 1701 3321 1741 sacra
3347 1686 3630 1758 Scriptura

344 1760 634 1839 scientiam
701 1781 1141 1843 examinandum,
1207 1777 1361 1847 quasi
1422 1776 1513 1859 ad.
1553 1774 1937 1846 inspiciendam
1970 1760 2014 1819 Β
2043 1781 2165 1821 Cum
2192 1766 2297 1824 “de
2327 1770 2569 1826 νθΐίιθιίε
2590 1785 2754 1841 Opera
2773 1771 2999 1840 Ῑυειίιίίθ
3039 1776 3197 1830 ἀοθθι
3237 1777 3505 1844 habenda:
3551 1796 3634 1834 τρο

345 1874 569 1929 domum
604 1889 757 1928 suam
786 1871 1006 1937 reverti,
1039 1879 1095 1925 et
1119 1871 1257 1924 hanc
1284 1867 1618 1923 orationibus
1636 1882 1699 1921 ac
1720 1863 1941 1933 jejuniis

345 1979 592 2034 superno
619 1964 930 2033 inspectore
963 1976 1027 2015 ac
1055 1960 1334 2014 visitatore
1363 1958 1580 2028 dignam
1620 1956 1866 2012 reddere.

420 2074 439 2105 ι
466 2055 717 2109 Fuerunt
741 2055 923 2122 itaque
952 2051 1227 2107 Salomoui
1259 2050 1601 2120 septuaginta
1636 2049 1803 2103 millia
1847 2065 1942 2105 eo-

348 2162 536 2211 rrum,
568 2147 845 2215 quionera
868 2143 1175 2213 portabant,
1203 2152 1258 2197 et
1289 2142 1560 2211 octoginta
1592 2140 1758 2195 millia
1802 2142 1942 2197 lato-

347 2255 367 2287 ι
390 2252 613 2291 morum
639 2237 696 2290 in
724 2244 923 2298 monte,
958 2234 1162 2304 absque
1202 2234 1505 2304 pnepositis
1540 2234 1631 2302 qui
1670 2243 1942 2303 praeerant

353 2326 631 2399 «singulis
653 2328 923 2399 operibus,
957 2342 1185 2383 numero
1213 2326 1376 2380 trium
1408 2326 1634 2379 millium
1674 2334 1943 2382 trecento—

351 2437 517 2474 crum
571 2418 1001 2490 praecipientium
1045 2417 1242 2486 populo
1286 2426 1342 2471 et
1393 2416 1476 2470 his
1526 2416 1618 2486 qui
1673 2414 1942 2471 faciebant

353 2530 370 2562 ι
396 2526 563 2581 opus,
606 2520 661 2563 et
685 2517 899 2563 caetera.
927 2528 945 2559 ι
976 2508 1230 2562 Latomos
1258 2507 1391 2562 dicit
1416 2507 1651 2576 lapidum
1678 2522 1937 2573 anseres;

345 2603 497 2656 idem
526 2609 710 2654 autem
745 2600 980 2670 lapidum
1013 2612 1263 2663 anseres,
1287 2598 1433 2667 quod
1460 2605 1515 2652 et
1540 2597 1807 2669 lignorum
1836 2613 1939 2653 cae-

341 2707 505 2746 sores
552 2691 779 2761 ﬁgurate
819 2689 1101 2760 designant
1128 2706 1141 2741 :
1173 2688 1278 2742 hoc
1319 2696 1424 2752 est,
1465 2688 1759 2742 secundum
1808 2697 1942 2756 prie-‘-

341 2783 651 2838 dicationes
694 2781 835 2852 quod
880 2789 1060 2834 mente
1105 2779 1475 2849 insipientium
1514 2778 1736 2833 dolabra
1786 2779 1937 2833 verbi

343 2873 443 2928 Dei
471 2879 761 2934 exercent,
788 2884 989 2939 eosque
1011 2868 1079 2923 ab
1105 2883 1189 2932 ea,
1217 2868 1272 2922 in
1307 2882 1414 2937 qua
1437 2866 1549 2921 uati
1580 2875 1728 2932 sunt,
1775 2867 1933 2921 forti-

344 2966 539 3020 tudine
574 2978 641 3019 ac
687 2962 1030 3017 deformitate
1066 2969 1438 3019 trausmutare
1483 2960 1838 3026 contendunt,
1873 2976 1937 3016 ac

343 3053 673 3125 regulariter
701 3052 977 3107 institutos
1005 3052 1202 3107 unitati
1232 3051 1491 3117 fidelium,
1521 3052 1749 3108 tedificio
1787 3054 1937 3109 vide-

341 3113 476 3201 licet
507 3145 707 3199 domus
736 3142 852 3208 Dei,
885 3151 1039 3213 aptos
1063 3143 1291 3198 reddere
1316 3150 1528 3198 curant.
1564 3142 1715 3210 Quod
1754 3153 1935 3199 autem
1963 3113 2009 3178 ο

342 3251 401 3296 et
434 3241 675 3310 lignaet
698 3237 900 3309 lapides
926 3236 981 3291 in
1022 3242 1207 3289 monte
1242 3234 1540 3298 caeduntur,
1591 3242 1647 3288 et
1686 3249 1823 3290 cmsa
1874 3251 1937 3291 ac

342 3340 651 3404 purpurata
689 3339 917 3399 utraque
950 3329 1205 3383 materies
1239 3329 1309 3383 ad
1344 3336 1582 3383 montem
1605 3328 1795 3384 domus
1832 3328 1938 3385 Do-

344 3423 481 3477 mini
512 3420 859 3486 transfertur,
891 3428 1037 3491 patet
1063 3433 1255 3475 sensus
1275 3419 1418 3488 quod
1450 3433 1644 3498 gmnes
1672 3420 1727 3475 in
1754 3430 1936 3477 monte

345 3513 617 3582 superbire
647 3511 759 3566 nati
787 3525 994 3565 sumus.
1029 3510 1165 3577 Quia
1193 3510 1260 3564 de
1283 3509 1727 3579 praevaricatione
1775 3512 1936 3580 primi

346 3605 609 3669 hominis,
638 3620 801 3674 quam
826 3604 1078 3674 superbia
1101 3602 1250 3668 fecit,
1273 3602 1537 3673 originem
1562 3603 1743 3659 carnis
1767 3604 1936 3658 traxi-

346 3715 491 3753 mus.
521 3698 843 3769 Quicunque
882 3708 1061 3754 autem
1098 3699 1271 3770 gratia
1319 3698 1413 3752 Dei
1448 3698 1795 3766 praeordinati
1841 3715 1934 3755 su-

348 3805 470 3846 mus
525 3791 595 3845 ad
639 3791 827 3856 vitam,
864 3792 1164 3846 excidimur
1210 3790 1615 3869 eateebizando,
1657 3799 1714 3846 et
1753 3804 1937 3847 sacra-

347 3892 532 3937 menta
564 3882 690 3938 ﬁdei
710 3883 1058 3954 percipiendo
1102 3885 1170 3939 de
1217 3892 1401 3939 monte
1450 3884 1737 3954 superbire,
1782 3894 1838 3940 et
1881 3886 1934 3940 in

344 3984 588 4029 montem
612 3974 827 4029 Domini
857 3975 1253 4041 tra‘nsferimur,
1279 3975 1409 4047 quia
1434 3977 1574 4031 eruti
1589 3977 1654 4032 de
1665 3986 1935 4047 potestate

346 4065 719 4131 tenebrarum,
748 4066 817 4121 ad
847 4068 1027 4122 arcem
1046 4067 1327 4131 virtutum,
1367 4081 1487 4136 quae
1522 4075 1607 4122 est
1644 4067 1697 4121 in
1727 4068 1935 4124 unitate

342 4165 548 4210 sancta:
573 4155 850 4222 Ecclesia,
874 4156 1236 4226 pervenimus.
1262 4155 1566 4211 Notandum
1593 4166 1769 4213 autem
1791 4159 1936 4228 quod

341 4248 508 4302 iidem
532 4248 769 4317 operarii
799 4248 871 4301 ita
897 4257 1055 4302 erant
1078 4248 1374 4316 distributi,
1408 4261 1470 4303 ut
1496 4264 1622 4320 pars
1665 4251 1718 4305 in
1752 4261 1932 4307 monte

338 4336 548 4404 lapides
576 4336 866 4402 wderent,
914 4352 1041 4406 pars
1093 4338 1222 4393 item
1272 4352 1439 4393 onera
1485 4348 1784 4408 portarent.
1836 4343 1931 4397 Di-

338 4440 501 4480 versa
527 4441 764 4496 namque
793 4434 917 4482 sunt
940 4428 1079 4483 dona
1109 4426 1364 4498 Spiritus,
1408 4431 1551 4499 quod
1593 4432 1809 4500 quidam
1850 4435 1931 4489 di-
1955 4460 2009 4520 D

334 4518 503 4573 eendi
533 4534 599 4573 ac
644 4527 928 4588 protervos
984 4521 1244 4599 arguendi
1299 4524 1661 4577 constantiam
1704 4524 1925 4593 habent,

336 4613 567 4681 quidam
603 4614 845 4669 mitiores
871 4608 940 4670 ad
967 4615 1324 4671 consolandos
1340 4618 1725 4687 pusillanimes,
1751 4627 1807 4675 et
1839 4621 1927 4674 in-

339 4703 533 4756 ﬁrmos
563 4702 921 4759 sublevandos
942 4706 1204 4772 existunt,
1235 4709 1452 4776 quidam
1468 4693 1929 4780 u'triusquevirtu-

339 4797 415 4849 tis
441 4810 664 4850 munere
686 4797 897 4866 praediti
909 4797 976 4851 ad
987 4813 1124 4866 opus
1136 4799 1326 4855 domus
1338 4800 1551 4855 Domini
1574 4804 1924 4872 conveniunt,

337 4885 537 4956 quales
575 4886 694 4941 ﬁeri
737 4887 908 4942 voluit
937 4904 1053 4953 eos,
1100 4891 1294 4959 quibus
1332 4891 1571 4961 loquitur
1614 4892 1924 4964 Apostolus,

336 4978 534 5032 dicens
563 4995 577 5030 :
606 4977 909 5050 tCorripite
937 4981 1223 5050 inquietos,
1256 4984 1606 5039 eonsolamini
1652 4987 1928 5056 pusillam-

336 5082 494 5132 mes,
522 5068 784 5137 suscipite
804 5070 1067 5135 inﬁrmos,
1100 5072 1367 5142 patientes
1405 5083 1578 5130 estote
1622 5077 1691 5131 ad
1740 5093 1928 5134 omnes

334 5154 403 5227 (1
440 5154 620 5210 Thess.
648 5158 712 5228 v)
729 5198 742 5211 .
765 5178 785 5211 ι
810 5157 1089 5229 Praepositi
1117 5171 1298 5216 autem
1316 5163 1419 5231 qui
1452 5172 1723 5232 praeerant
1744 5165 1929 5237 singu-

334 5248 408 5302 lis
442 5248 715 5318 eperibus,
742 5250 843 5318 ipsi
878 5259 1005 5306 sunt
1042 5266 1213 5306 sacrae
1255 5252 1562 5308 conditores
1610 5253 1924 5325 Scriptum,

324 5352 579 5407 quorum
600 5339 912 5409 magisterio
946 5341 999 5394 in
1025 5341 1278 5396 omnibus
1302 5343 1602 5407 erudimur,
1653 5346 1923 5413 quomodo

334 5429 589 5484 mitiores
632 5430 831 5487 docere
883 5440 939 5488 et
993 5441 1396 5505 contemptores
1442 5437 1740 5508 corripere,
1789 5453 1924 5507 quo-

335 5519 502 5575 modo
531 5535 634 5574 nos
664 5521 891 5577 invicem
933 5538 1100 5579 onera
1130 5535 1313 5580 nostra
1335 5535 1580 5596 portare,
1616 5536 1676 5582 ut
1699 5527 1924 5598 implea-

334 5626 463 5666 mus
527 5611 707 5684 legem
761 5612 1004 5682 Christi,
1060 5606 1372 5673 cenveniat'
1406 5616 1557 5690 (Gal.
1601 5621 1707 5690 vi).
1757 5620 1925 5676 Recte

333 5703 550 5774 prmfati
608 5705 842 5773 operarii
916 5709 1253 5778 septuaginta
1313 5709 1499 5775 millia,
1542 5719 1596 5766 et
1652 5713 1923 5783 octoginta

622 5798 897 5859 Pnnon.
942 5800 1103 5863 CIX.

2043 1865 2131 1912 cte
2161 1862 2437 1931 praepositi
2461 1877 2684 1932 operum
2715 1865 2900 1936 templi
2927 1867 3031 1921 tria
3075 1867 3245 1922 millia
3287 1877 3345 1924 et
3383 1874 3630 1927 sexcenti

2042 1947 2210 2005 fuisse
2256 1952 2630 2020 perhibentur.
2682 1954 2793 2011 Nec
2840 1958 3275 2027 praetereundum
3323 1962 3466 2032 quod
3517 1963 3633 2019 hu-c

2041 2043 2379 2113 septuaginta
2409 2052 2463 2099 et
2491 2047 2765 2118 octoginta
2793 2047 2956 2102 millia
2983 2051 3317 2119 portantium
3360 2067 3530 2110 onera
3574 2064 3631 2109 et

2039 2129 2360 2187 latomorum
2387 2150 2511 2189 cum
2538 2138 2839 2208 praepositis
2861 2140 2976 2195 suis
2997 2155 3105 2195 non
3137 2140 3289 2197 fuere
3326 2143 3396 2200 de
3433 2145 3620 2212 Israel,

1998 2272 2003 2275 .
2042 2221 2136 2275 sed
2160 2222 2225 2276 de
2244 2225 2555 2295 proselytis,
2580 2226 2632 2281 id
2654 2235 2759 2293 est,
2784 2229 3006 2284 advenis
3033 2231 3123 2300 qui
3152 2236 3505 2292 morabantur
3549 2238 3629 2291 iu-

2043 2320 2125 2367 ter
2138 2328 2248 2369 eos.
2277 2314 2551 2387 Scriptum
2572 2334 2805 2389 namque
2815 2322 2966 2376 estin
2983 2321 3120 2379 libro
3144 2323 3590 2396 Paralipomenon
3612 2346 3628 2383 :

2046 2423 2065 2457 ι
2085 2405 2400 2464 Numeravit
2435 2411 2600 2481 igitur
2629 2410 2885 2469 Salomon
2919 2430 3110 2473 omnes
3126 2418 3274 2476 viros
3301 2420 3628 2495 proselytos,

2040 2495 2133 2563 qui
2168 2505 2325 2578 erant
2352 2497 2409 2551 in
2435 2507 2579 2554 terra
2602 2500 2770 2557 Israel
2795 2513 2917 2573 post
2937 2504 3436 2565 denumerationem
3462 2526 3624 2581 quam

2039 2575 2412 2641 denumeravit
2432 2587 2601 2644 David
2628 2600 2784 2660 pater
2801 2593 3008 2663 ejus,et
3037 2595 3239 2652 inventi
3266 2609 3386 2656 sunt
3412 2575 3629 2657 centum

2040 2674 2427 2746 quinquaginta
2452 2679 2617 2734 millia
2653 2689 2710 2735 et
2746 2683 2847 2737 tria
2876 2684 3041 2740 millia
3077 2690 3339 2757 sexcenti,
3395 2691 3629 2765 fecitque

2039 2766 2216 2833 exreis
2245 2771 2582 2840 septuaginta
2607 2772 2773 2828 millia
2807 2776 2901 2843 qui
2938 2777 3184 2834 humeris
3229 2797 3394 2838 onera
3445 2795 3628 2855 porta-

2040 2866 2182 2924 rent,
2198 2866 2302 2914 etc.
2328 2859 2559 2934 (lbid.).
2582 2883 2602 2917 ι
2625 2863 2888 2936 Proselyti
2901 2877 3084 2925 autem
3097 2875 3430 2931 vocabantur
3441 2860 3627 2933 Cumae

2038 2950 2132 3021 qui
2160 2965 2229 3006 ex
2258 2951 2381 3007 aliis
2409 2954 2721 3013 nationibus
2765 2960 3053 3029 progeniti,
3100 2961 3153 3016 in
3199 2963 3361 3020 ﬁdem
3409 2976 3468 3022 et
3501 2984 3633 3023 con-

2040 3043 2269 3100 sortium
2290 3046 2473 3116 populi
2501 3047 2619 3114 Dei,
2647 3059 2869 3120 accepta
2903 3053 3339 3123 circumcisione,
3392 3062 3627 3116 transie-

2039 3142 2185 3189 rant.
2222 3134 2467 3192 Fuerunt
2487 3138 2670 3209 itaque
2690 3142 2921 3211 operarii
2971 3144 3163 3201 domus
3208 3147 3421 3204 Domini
3460 3151 3527 3207 de
3568 3153 3631 3206 ﬁ-

2041 3225 2129 3282 liis
2144 3228 2336 3296 Israel,
2362 3228 2585 3287 fuerunt
2607 3230 2675 3288 de
2694 3233 3006 3305 proselytis,
3032 3234 3328 3294 fueruntde
3350 3243 3621 3311 gentibus.

2040 3314 2116 3371 De
2142 3317 2269 3373 tiliis
2302 3320 2554 3377 videlicet
2587 3321 2757 3378 Israel
2791 3323 2867 3379 illi
2908 3325 3127 3396 triginta
3174 3329 3341 3388 millia
3387 3333 3453 3388 ad
3494 3350 3623 3404 prm-

2038 3406 2296 3465 cidendas
2317 3410 2384 3466 de
2399 3410 2608 3468 Libano
2622 3414 2814 3471 eedros
2839 3416 2990 3471 missi
3018 3424 3175 3485 sunt;
3226 3420 3295 3476 de
3338 3424 3625 3497 proselytis

2037 3497 2128 3553 isti
2162 3508 2308 3566 sunt,
2338 3500 2405 3556 de
2423 3502 2622 3572 quibus
2642 3519 2787 3561 nunc
2825 3505 2986 3561 locuti
3012 3522 3219 3574 sumus,
3250 3509 3491 3581 lapidum
3517 3531 3622 3570 ca:-

2038 3591 2319 3655 sores;de
2342 3592 2591 3661 gentibus
2640 3592 2833 3650 Hiram
2881 3596 2997 3666 ipse
3046 3606 3102 3654 et
3147 3601 3292 3656 servi
3338 3600 3472 3671 ejus,
3534 3608 3624 3675 qui

2037 3696 2163 3735 cum
2211 3682 2387 3737 servis
2430 3680 2736 3741 Salomonis
2783 3685 2930 3758 ligna
2974 3689 3253 3749 caedebant
3280 3691 3347 3747 de
3392 3692 3621 3750 Libano.

2037 3771 2208 3829 Omne
2236 3760 2711 3843 igiturbominum
2745 3792 2936 3847 genus,
2981 3794 3079 3849 per
3114 3782 3260 3855 quod
3307 3782 3621 3841 aedificanda

2035 3871 2153 3918 erat
2180 3864 2443 3931 Ecclesia,
2469 3864 2523 3920 in
2545 3867 2906 3925 aediﬁcatione
2928 3871 3111 3943 templi
3137 3876 3429 3942 praecessit.
3449 3875 3621 3933 Iudici

2035 3968 2292 4024 namque,
2327 3954 2582 4028 proselyti
2604 3966 2661 4012 et
2678 3959 2909 4027 gentiles
2937 3964 3184 4018 conversi
3221 3966 3290 4021 ad
3332 3967 3617 4025 veritatem

2033 4044 2310 4115 Evangelii
2351 4061 2515 4101 unam
2536 4049 2900 4120 eamdemque
2923 4049 3122 4108 Christi
3153 4054 3453 4112 Ecclesiam
3502 4061 3625 4117 sive

2034 4141 2181 4189 recte
2216 4134 2466 4201 vivendo,
2493 4136 2607 4192 sive
2635 4138 2797 4194 etiam
2821 4139 3061 4197 docendo
3080 4152 3423 4201 construunt.

2110 4266 2128 4297 ι
2153 4246 2521 4318 Praecepitque
2559 4263 2676 4316 rex,
2724 4259 2783 4304 ut
2826 4251 3076 4309 tollerent
3117 4254 3321 4328 lapides
3359 4263 3613 4332 grandes,

2031 4336 2237 4408 lapides
2276 4339 2559 4408 pretiosos,
2618 4341 2673 4396 in
2723 4339 3134 4399 fundamentum
3166 4348 3368 4417 templi,
3398 4358 3454 4404 et
3483 4369 3618 4422 qua-

2034 4428 2256 4484 drarent
2280 4445 2393 4495 eos,
2419 4439 2525 4486 etc.
2552 4449 2571 4482 ι
2630 4431 3061 4488 Fundamentum
3090 4436 3277 4507 templi
3299 4439 3502 4495 nullum
3533 4454 3618 4499 est

2035 4520 2260 4591 mystice
2307 4520 2711 4593 intelligendum
2745 4564 2762 4590 ,
2812 4538 2974 4594 quam
3023 4524 3153 4581 illud
3199 4529 3342 4598 quod
3382 4537 3620 4591 ostendit

2009 4610 2318 4682 Apostolus
2345 4614 2567 4671 dicens:
2595 4634 2613 4667 ι
2637 4615 3067 4672 Fundamentum
3091 4620 3235 4674 enim
3262 4621 3407 4678 aliud
3451 4640 3614 4682 nemo

2031 4713 2209 4774 petest
2234 4721 2454 4777 ponere,
2484 4715 2682 4777 praeter
2709 4708 2764 4763 id
2802 4708 2945 4779 quod
2974 4711 3208 4778 positum
3229 4721 3329 4777 est,
3361 4717 3505 4785 quod
3530 4728 3617 4773 est

2033 4794 2284 4851 Christus
2319 4797 2476 4852 Jesus
2516 4798 2569 4868 (I
2607 4798 2730 4853 Cor.
2779 4799 2884 4871 ιιι).
2910 4819 2928 4852 ι
2976 4800 3079 4868 Qui
3105 4812 3389 4874 propterea
3419 4808 3615 4864 funda-

2011 4896 2273 4942 ~mentum
2317 4889 2508 4944 domus
2546 4890 2758 4945 Domini
2799 4899 2980 4961 potest
3021 4901 3169 4949 recte
3201 4896 3425 4963 vocari;
3459 4900 3610 4969 quia,

2031 4978 2172 5033 sicut
2212 4979 2288 5033 ait
2337 4979 2530 5037 Petrus
2561 4999 2575 5036 :
2606 4980 2758 5035 «Non
2810 4992 2891 5037 est
2928 4982 3072 5039 aliud
3108 4985 3210 5039 sub
3243 4986 3384 5042 caelo
3422 4989 3609 5046 datum

2030 5083 2223 5124 nomen
2254 5071 2585 5139 hominibus,
2613 5073 2668 5127 in
2691 5088 2799 5143 quo
2832 5082 3081 5145 oporteat
3106 5075 3283 5133 salvos
3311 5077 3428 5134 ﬁeri
3466 5080 3605 5153 (Act.

2029 5160 2125 5231 ιν).
2151 5180 2170 5213 ι
2218 5162 2276 5216 1η
2300 5164 2444 5233 quod
2471 5163 2875 5220 fundamentum
2902 5165 3106 5237 lapides
3132 5169 3364 5238 grandes
3403 5180 3462 5226 et
3487 5187 3610 5241 pre-

2029 5252 2153 5307 tiosi
2197 5253 2476 5321 tolluntur,
2523 5271 2645 5311 cum
2696 5243 2953 5328 praecipui
3004 5258 3165 5315 factis
3210 5275 3272 5316 ac
3322 5266 3608 5319 sanctitate

2025 5343 2127 5397 viri
2173 5344 2427 5400 familiari
2474 5347 2670 5402 mentis
2707 5349 2993 5406 sanctitate
3031 5365 3129 5406 suo
3157 5351 3437 5408 adhterent
3459 5352 3602 5408 Con-

2023 5435 2209 5502 ditori,
2241 5446 2301 5492 ut
2331 5453 2438 5508 quo
2466 5437 2674 5494 ﬁrmius
2703 5440 2757 5494 in
2785 5440 2874 5495 illo
2904 5456 3053 5511 spem
3075 5456 3226 5497 suam
3253 5455 3459 5512 ponunt
3477 5483 3493 5507 ,
3535 5458 3602 5497 eo

2014 5527 2223 5585 fortius
2256 5529 2484 5584 aliorum
2509 5531 2673 5585 vitam
2701 5531 2935 5603 dirigere
2965 5533 3128 5603 (quod
3156 5540 3239 5587 est
3265 5533 3599 5587 latitudinem

2024 5620 2248 5690 parietis
2274 5621 2516 5692 portare)
2545 5621 2828 5677 sufﬁciant.
2875 5620 3105 5690 Lapides
3133 5636 3262 5690 ergo
3281 5620 3373 5689 qui
3401 5622 3454 5671 in
3485 5618 3604 5674 fun-

2028 5713 2335 5765 damentum
2364 5710 2547 5779 templi
2574 5711 2640 5767 ad
2664 5710 2987 5781 portandum
3012 5709 3297 5765 aediﬁcium
3323 5723 3484 5765 omne
3508 5724 3606 5781 po.

3124 5802 3163 5863 5
