4010 6194
288 339 388 394 Hl

1107 338 1459 397 (ῘΟΜΜΕΝΤ.
1500 338 1567 396 IN
1606 332 1850 394 LIBROS
1887 336 1952 393 ιγ
1989 334 2253 393 ΚΕϐυΜ.
2281 366 2349 375 -
2386 334 2450 388 ΙΝ
2487 333 2615 389 LIB.
2655 332 2739 389 ιιι.

3456 338 3553 394 lii

288 452 473 509 cultus
511 460 569 507 et
621 451 813 524 religio
859 451 1192 508 tabernaculi
1241 468 1412 509 annos
1454 454 1877 523 quadringentos
1905 454 1952 514 Α
1980 458 2161 505 autem
2186 448 2274 503 lux
2301 449 2355 504 in
2383 448 2611 504 Domino
2639 448 2853 519 (Ephcs.
2888 448 2961 521 v).
2994 467 3014 501 ι
3063 446 3229 505 Jebus
3254 450 3441 506 eadem
3471 463 3555 509 est

287 554 345 600 et
370 544 670 614 octoginta,
705 558 768 599 ac
796 542 878 599 sic
906 544 1155 613 templum
1178 543 1431 600 mdiﬁcari
1460 545 1678 615 incepit.
1720 546 1873 612 Quod

290 642 471 687 autem
497 641 695 700 quarto
722 645 866 686 anno
894 632 1037 699 regis
1065 622 1368 709 Salomonis
1401 632 1661 687 aedificari
1695 644 1875 704 empta

291 731 377 779 est
403 724 598 778 domus
627 722 862 786 Domini,
893 730 1069 791 potest
1101 737 1168 777 eo
1214 722 1402 777 referri
1453 723 1679 794 mystice
1730 724 1875 793 quod

292 822 413 885 post
448 813 713 883 repletam
743 812 1196 882 dispensationem
1225 813 1519 869 Dominicae
1547 815 1877 885 incarnatio-

293 908 397 974 nis,
446 922 570 977 quae
616 907 673 960 in
712 916 943 976 quatuor
983 905 1258 974 Evangelii
1313 906 1466 961 libris
1519 907 1722 977 scripta
1770 917 1871 974 est,

294 1000 462 1053 misso
498 998 566 1052 de
604 994 760 1050 caelis
806 995 1009 1064 Spiritu
1056 1002 1267 1061 sancto,
1319 995 1875 1052 Ecclesite'structura

293 1088 480 1159 carpit.
540 1088 608 1142 Et
633 1087 778 1157 quod
807 1101 993 1143 mense
1011 1087 1248 1141 secundo
1274 1094 1452 1158 coepta
1480 1095 1578 1151 est,
1611 1095 1787 1156 potest
1807 1088 1877 1143 ad

292 1181 614 1237 electionem
640 1179 880 1249 gentium
911 1178 1141 1245 referri,
1177 1195 1297 1250 quae
1324 1180 1559 1235 secundo
1598 1172 1718 1234 loco
1756 1186 1878 1248 post

292 1268 461 1326 Israel
479 1268 896 1325 aediﬁcationem
940 1269 993 1323 in
1042 1284 1103 1325 se
1138 1270 1222 1324 sui
1261 1283 1548 1339 suscepere
1593 1270 1873 1324 creatoris.

298 1362 457 1419 Unde
496 1372 556 1418 et
598 1361 870 1416 secundus
914 1361 1118 1416 mensis
1148 1360 1202 1414 in
1233 1359 1352 1431 lege
1374 1375 1667 1421 concessus
1696 1368 1780 1415 est
1808 1360 1874 1413 ad

294 1452 601 1509 faciendum
649 1451 860 1507 Paseba
898 1452 1004 1516 his,
1056 1451 1155 1520 qui
1196 1451 1506 1506 «immundi
1554 1465 1715 1522 super
1755 1450 1875 1505 ani-

296 1560 466 1610 mam,
493 1544 580 1599 vel
600 1544 657 1598 in
678 1544 765 1597 via
782 1542 969 1613 procul
996 1542 1156 1612 positi
1184 1542 1373 1615 (Num.
1403 1542 1503 1615 Ix),
1529 1562 1547 1595 ι
1578 1543 1645 1598 ad
1676 1543 1877 1598 facien-

294 1635 423 1689 dum
461 1633 518 1689 in
557 1634 734 1705 primo
772 1646 960 1689 mense
997 1631 1209 1688 Pascha
1246 1647 1536 1688 occurrere
1569 1633 1871 1703 nequirent.

297 1726 398 1783 Ubi
443 1739 544 1781 nos
583 1724 924 1796 apertissime
957 1724 1221 1795 designati
1258 1739 1465 1790 sumus,
1493 1725 1583 1794 qui
1614 1723 1874 1779 immundi

1974 540 2164 596 civitas
2190 555 2309 610 qua:
2335 548 2390 596 et
2415 539 2711 596 Jerusalem
2727 582 2741 604 ,
2766 549 2821 595 et
2848 540 3016 597 Jehus
3043 542 3259 611 quidem
3286 541 3554 615 interpre-

1970 638 2122 686 tatur
2157 630 2501 697 conculcata;
2546 631 2845 687 Jerusalem
2894 641 3075 687 autem
3121 634 3249 686 visio
3279 635 3444 701 pacis.
3496 633 3557 690 In

1974 739 2079 794 qua
2115 725 2352 795 quandiu
2392 724 2573 780 Ornan
2613 724 2829 796 gentilis
2874 715 3150 793 regnabat,
3199 723 3364 781 Jebus
3410 725 3557 782 dicta

1972 820 2084 878 est;
2118 829 2240 868 cum
2271 829 2400 869 vero
2429 814 2482 868 in
2511 829 2574 868 ea
2606 812 2773 875 David
2802 813 2976 868 locum
3008 814 3303 870 holocausti
3327 825 3550 877 emeret.

1973 918 2095 959 cum
2128 903 2379 959 Salomon
2406 904 2458 959 in
2485 917 2546 959 ea
2578 904 2837 975 templum
2862 904 3092 959 Domino
3112 906 3422 972 mdifiearet,
3445 924 3555 963 non

1958 980 2083 1062 jam
2111 993 2299 1060 Jebus,
2324 996 2418 1050 sed
2445 994 2743 1050 Jerusalem
2773 1004 2963 1050 vocata
2991 1003 3094 1062 est,
3134 996 3259 1066 quia
3297 999 3553 1055 nimirum

1973 1084 2249 1156 gentilitas
2277 1086 2512 1156 quandiu
2542 1085 2708 1141 divini
2751 1085 2926 1141 cultus
2965 1088 3144 1143 nescia
3189 1088 3441 1157 perdurat
3462 1102 3556 1157 at;

1973 1175 2391 1231 conculcabatur
2446 1184 2503 1231 et
2544 1175 2865 1231 illu'dcbatur
2908 1177 2976 1231 ab
3024 1178 3313 1234 immundis
3358 1178 3558 1249 spiriti-

1974 1266 2095 1331 bus,
2126 1267 2192 1321 ad
2222 1267 2510 1323 simulacra
2540 1276 2708 1329 muta,
2739 1276 2899 1337 prout
2936 1268 3254 1335 ducebatur,
3300 1284 3554 1339 sequens.

1974 1355 2108 1412 Cum
2136 1372 2264 1411 vero
2292 1354 2434 1411 illam
2466 1356 2635 1428 gratia
2662 1357 2743 1411 sui
2770 1355 3076 1413 Conditoris
3105 1347 3359 1427 respexit,
3385 1359 3559 1414 conti-

1973 1461 2084 1501 nuo
2112 1446 2263 1517 pacis
2292 1446 2347 1501 in
2374 1462 2432 1502 se
2456 1456 2511 1502 et
2538 1447 2714 1503 locum
2745 1448 2948 1503 invenit
2975 1458 3029 1504 et
3058 1462 3273 1504 nomen.

2051 1556 2070 1589 ι
2106 1537 2309 1593 Domus
2363 1547 2545 1593 autem
2602 1554 2764 1609 quam
2818 1539 3259 1597 tedilieabatrex
3301 1540 3558 1599 Salomon

1979 1644 1998 1679 «
2027 1626 2273 1691 Domino,
2308 1629 2542 1684 habebat
2565 1629 2845 1699 sexaginta
2885 1630 3097 1686 cubitus
3126 1630 3179 1685 in
3205 1631 3556 1703 longitudine,

1977 1736 1998 1769 «
2032 1726 2087 1773 et
2116 1719 2305 1789 viginti
2346 1719 2556 1775 cubitus
2585 1721 2638 1774 in
2666 1720 2981 1787 latitudine,
3012 1729 3067 1777 et
3096 1724 3315 1795 triginta
3348 1726 3560 1781 cubitos

294 1831 459 1887 super
482 1822 660 1871 morte
686 1816 882 1870 animae
906 1822 1105 1868 nostrae
1129 1821 1184 1869 et
1207 1813 1395 1884 procul
1427 1814 1601 1869 adhuc
1638 1813 1798 1883 positi
1843 1828 1875 1866 a
1904 1816 1951 1874 Β
1983 1825 2001 1858 «
2030 1807 2082 1860 in
2117 1806 2429 1879 altitudine,
2452 1817 2554 1864 etc.
2586 1827 2606 1861 ι
2677 1809 2977 1882 Longitudo
3016 1813 3208 1869 domus
3248 1814 3562 1886 longanimi-

292 1906 493 1976 populo
524 1906 641 1972 Dei,
684 1920 794 1961 non
822 1905 1095 1976 potuimus
1136 1905 1372 1976 primum
1418 1904 1625 1960 Pascha
1670 1902 1873 1970 facere,

294 1995 440 2066 quod
468 1995 528 2050 in
564 2009 731 2050 carne
754 2003 811 2049 et
836 1994 1095 2066 sanguine
1124 1994 1248 2065 agni
1290 1992 1470 2049 ﬂebat.
1532 1992 1877 2049 Celebramus

291 2086 474 2141 autem
507 2086 670 2141 hodie
693 2084 903 2140 Pascha
926 2085 1243 2151 secundum,
1287 2084 1429 2154 quod
1467 2085 1521 2139 in
1561 2100 1789 2155 corpore
1821 2093 1878 2140 et

291 2178 553 2250 sanguine
583 2176 958 2246 Redemptoris
984 2176 1186 2241 nostri,
1215 2191 1245 2229 a
1273 2190 1380 2245 quo
1408 2176 1617 2245 (ιυωεὶιί
1643 2184 1698 2232 et
1723 2192 1879 2231 mun-

292 2268 403 2324 dati
451 2282 664 2331 sumus,
715 2275 898 2322 actum
952 2275 1056 2321 est.
1111 2266 1169 2321 lu
1216 2280 1324 2337 quo
1367 2273 1546 2322 autem
1591 2266 1709 2321 loco
1744 2275 1878 2322 tem-

291 2359 439 2432 plum
466 2359 539 2414 sit
567 2357 912 2425 :edificatum,
942 2358 1282 2413 manifestius
1314 2358 1369 2411 in
1409 2357 1547 2413 libro
1595 2356 1875 2428 Paralipo-

294 2465 491 2505 menon
522 2448 846 2514 ostenditur,
876 2449 967 2503 ubi
998 2450 1256 2519 scriptum
1283 2456 1369 2504 est
1398 2466 1412 2502 :
1451 2467 1470 2500 «
1493 2448 1559 2502 Et
1587 2450 1751 2518 coepit
1780 2449 1879 2504 Sa-

294 2540 473 2597 lomon
525 2540 801 2596 aedificare
857 2541 1076 2596 domum
1115 2541 1328 2596 Domini
1370 2541 1424 2595 in
1468 2539 1767 2598 Jerusalem
1821 2542 1875 2598 in

292 2640 477 2687 monte
520 2631 715 2699 Moria,
741 2633 839 2704 qui
880 2633 1283 2689 demonstratus
1319 2632 1498 2689 fuerat
1535 2634 1701 2690 David
1735 2636 1875 2705 patri

293 2723 411 2793 ejus
437 2725 493 2780 in
532 2725 655 2781 loco
691 2741 850 2796 quem
878 2734 1167 2797 paraverat
1210 2724 1378 2780 David
1420 2726 1475 2780 in
1514 2743 1643 2781 area
1692 2726 1873 2783 Ornan

292 2814 529 2872 Jetustei
557 2816 642 2890 (Il
672 2816 804 2872 Par.
837 2817 942 2890 ιιι).
967 2837 987 2870 ι
1046 2817 1372 2876 ιεῶιὶοειιιιι·
1398 2834 1526 2891 ergo
1554 2820 1745 2876 domus
1772 2820 1877 2876 Do-

294 2907 426 2962 mini
456 2907 515 2963 in
542 2906 865 2973 Jerusalem,
901 2908 1005 2963 hoc
1040 2916 1144 2973 est,
1192 2908 1247 2962 in
1293 2908 1486 2963 visione
1525 2908 1691 2979 pacis,
1747 2909 1875 2980 quia

292 3001 516 3056 dilatata
542 3015 642 3072 per
668 3010 836 3056 totum
857 3003 1054 3057 urbem
1082 3001 1321 3057 Ecclesia
1348 3002 1400 3056 in
1431 3017 1535 3056 una
1577 3002 1875 3073 eademque

293 3093 398 3149 ﬁde
421 3101 478 3148 et
512 3093 753 3149 veritatis
770 3093 1045 3150 catholicae
1063 3094 1320 3149 societate
1334 3094 1596 3151 consistit.
1637 3093 1876 3164 Namque

1978 1902 2142 1951 tatem
2169 1897 2417 1969 designat
2441 1906 2642 1954 Sanctae
2671 1899 2941 1967 Ecclesiae,
2973 1916 3077 1971 qua
3114 1903 3170 1957 in
3199 1905 3388 1959 exsilio
3412 1921 3563 1976 pere-

1977 1989 2297 2058 grinationis
2330 1990 2484 2061 hujus
2514 1990 2783 2060 patienter
2806 1991 3031 2048 adversa
3066 2010 3295 2065 qumque
3341 1997 3559 2063 tolerat,

1978 2080 2151 2136 donec
2178 2082 2244 2136 ad
2270 2083 2500 2153 patriam
2528 2096 2689 2152 quant
2720 2092 3021 2153 exspectat,
3053 2088 3349 2155 perveniat.
3409 2088 3560 2145 Lati-

1977 2171 2107 2226 tudo
2155 2172 2393 2226 insinuat
2430 2174 2768 2239 charitatem,
2817 2189 2923 2244 qua
2965 2176 3185 2233 dilatato
3214 2179 3334 2233 sinu
3363 2181 3563 2237 mentis

1977 2272 2084 2316 non
2110 2260 2282 2315 solum
2311 2261 2516 2325 amicos
2544 2261 2598 2315 in
2628 2261 2772 2329 Deo,
2815 2265 2911 2319 sed
2951 2273 3006 2318 ct
3044 2265 3296 2322 inimicos
3340 2267 3561 2341 diligere

1977 2350 2175 2420 gaudet
2206 2358 2427 2421 propter
2453 2350 2642 2419 Deum,
2678 2352 2851 2408 donec
2877 2354 3059 2410 veniat
3087 2364 3318 2427 tempus,
3343 2360 3559 2428 quando

1976 2441 2091 2498 sive
2118 2444 2187 2499 ad
2212 2458 2398 2514 pacem
2425 2460 2578 2500 suam
2599 2448 2895 2515 conversis,
2922 2464 3018 2504 seu
3048 2449 3287 2508 funditus
3307 2453 3561 2509 omnibus

1975 2535 2260 2591 exstinctis
2288 2535 2522 2591 inimicis
2549 2551 2673 2591 cum
2702 2537 2830 2593 solis
2859 2540 3091 2611 gaudeat
3126 2542 3317 2598 amicis
3345 2543 3556 2613 inDco.

1975 2627 2216 2683 Altitudo
2242 2643 2389 2698 spem
2418 2628 2698 2684 denuntiat
2737 2629 2929 2687 futura:
2967 2635 3357 2702 retributionis,
3407 2635 3561 2707 cujus

1975 2721 2171 2775 intuitu
2199 2720 2429 2777 libenter
2455 2721 2640 2776 infima
2667 2738 2914 2793 qumque,
2943 2726 3057 2781 sive
3086 2741 3205 2796 qua:
3233 2727 3558 2793 demulccnt,

1973 2823 2068 2864 seu
2095 2825 2215 2879 qua:
2245 2811 2621 2877 adversantur,
2654 2815 2972 2880 contemnit,
3004 2831 3173 2885 usque
3209 2816 3360 2885 dum,
3397 2820 3561 2875 utris-

1973 2910 2079 2969 que
2124 2890 2645 2966 transcensis,'sola
2691 2911 2961 2959 mereatur
2998 2924 3018 2957 ι
3050 2905 3231 2963 videre
3266 2908 3408 2964 bona
3455 2909 3561 2965 Da-

1975 2990 2108 3044 mini
2138 2989 2193 3045 in
2224 2998 2367 3046 terra
2407 2991 2701 3047 viventium
2744 2991 2915 3064 (Psal.
2946 2994 3114 3068 xxvi).
3148 3015 3167 3049 ι
3223 2997 3326 3054 Ubi
3373 3009 3563 3056 notano

1978 3082 2107 3138 dum
2135 3084 2277 3153 quod
2308 3083 2524 3155 triginta
2555 3085 2720 3140 cubiti
2759 3085 3077 3154 altitudinis,
3116 3104 3224 3143 non
3275 3105 3446 3161 usque
3491 3096 3560 3148 ad

296 3185 350 3240 in
379 3185 623 3240 scissura
647 3185 910 3240 mentium
937 3185 1079 3242 Deus
1108 3202 1214 3241 non
1251 3193 1363 3252 est;
1405 3186 1497 3241 sed
1542 3185 1755 3241 «factus
1793 3195 1878 3241 est
1904 3173 1947 3234 C
1982 3182 2181 3233 tectum
2229 3175 2431 3246 templi,
2472 3175 2568 3232 sed
2612 3192 2782 3250 usque
2832 3180 2897 3234 ad
2946 3182 3281 3238 coenarulum
3333 3183 3562 3242 inferius

297 3273 350 3328 in
372 3287 507 3342 paea
530 3272 679 3329 locus
700 3273 852 3343 ejus,
889 3282 944 3330 et
981 3274 1243 3330 habitatio
1285 3272 1401 3343 ejus
1439 3273 1495 3329 in
1533 3272 1665 3330 Sion
1703 3272 1875 3347 (Psal.

297 3365 480 3437 uxv).
503 3385 522 3417 ι
539 3364 865 3422 ,Εάἰῦαιιιιι-
883 3367 935 3421 in
953 3375 1144 3433 monte,
1167 3365 1417 3423 videlicet
1440 3366 1491 3421 in
1512 3367 1630 3437 ipso
1652 3367 1878 3423 Domino

174 3490 193 3513 ι
297 3456 583 3512 Salvatore
602 3497 619 3523 ,
648 3456 716 3512 de
741 3472 853 3526 quo
876 3456 1044 3513 Isaias
1072 3458 1148 3512 ait
1175 3475 1188 3511 :
1223 3476 1241 3508 «
1269 3457 1336 3511 Et
1362 3457 1466 3511 erit
1491 3457 1545 3512 in
1571 3458 1878 3514 novissimis

297 3548 489 3603 diebus
524 3556 858 3620 praeparatus
901 3563 1059 3604 mons
1097 3549 1288 3603 domus
1325 3548 1535 3604 Domini
1576 3550 1630 3606 in
1672 3552 1877 3606 vertice

298 3638 561 3693 montium
593 3635 766 3701 (Ρωι.
797 3639 924 3710 11).»
983 3638 1051 3693 Et
1094 3638 1209 3709 ipse
1252 3638 1318 3693 de
1361 3654 1420 3694 se
1473 3639 1530 3695 in
1584 3639 1875 3713 Evangelio

294 3729 417 3783 ait:
450 3747 473 3780 «
500 3728 621 3784 Non
666 3737 862 3800 potest,
909 3729 1124 3799 inquit,
1170 3729 1360 3784 civitas
1404 3730 1659 3787 abscondi
1713 3746 1876 3801 super

296 3827 531 3874 tuentem
580 3820 753 3890 posita
802 3818 1016 3891 (Matth.
1063 3817 1137 3891 v).
1169 3837 1187 3870 ι
1244 3818 1362 3888 Ipse
1401 3830 1487 3875 est
1527 3822 1671 3876 enim
1720 3836 1876 3877 mons

293 3907 585 3974 montium,
620 3908 712 3978 qui
742 3908 809 3962 de
837 3917 984 3963 terra
1008 3907 1223 3977 quidem
1252 3923 1349 3977 per
1375 3909 1641 3980 originem
1666 3925 1875 3966 assum-

293 4006 393 4068 pta
419 3998 611 4053 carnis
637 4007 792 4053 ortus
814 4006 919 4064 est,
949 3996 1045 4052 sed
1077 3998 1318 4053 omnium
1357 4001 1749 4069 terrigenarum
1779 4016 1874 4072 po-

295 4090 521 4144 tentiam
559 4104 627 4145 ac
662 4091 1009 4146 sanctitatem
1047 4090 1333 4162 singularis
1371 4091 1605 4148 culmine
1640 4092 1873 4171 dignita-

296 4179 361 4234 tis
388 4180 748 4235 transcendit.
796 4180 855 4235 ln
882 4195 991 4251 quo
1018 4182 1272 4237 nimirum
1310 4191 1493 4238 monte
1528 4182 1721 4240 civitas
1759 4185 1872 4241 sive

293 4271 485 4327 domus
512 4272 729 4327 Domini
758 4281 1066 4329 constructa
1093 4282 1194 4339 est,
1226 4275 1350 4344 quia
1377 4276 1422 4331 si
1450 4291 1555 4331 non
1582 4276 1637 4332 in
1668 4278 1761 4334 illo
1792 4293 1872 4332 ra-

293 4362 464 4418 dicem
495 4364 651 4435 ligat,
681 4380 806 4435 spes
829 4372 884 4420 et
907 4364 1041 4421 ﬁdes
1068 4374 1253 4421 nostra
1291 4368 1434 4421 nulla
1476 4377 1579 4425 est.
1637 4369 1739 4437 Qui
1781 4385 1869 4424 re-

293 4461 376 4507 cte
402 4469 563 4508 mons
585 4452 775 4519 loria,
804 4455 857 4509 id
880 4466 983 4522 est,
1013 4456 1249 4521 visionis,
1294 4469 1520 4513 vocatur
1548 4479 1560 4513 :
1591 4459 1720 4530 quia
1759 4459 1869 4515 ele-

293 4552 407 4599 ctos
426 4560 585 4609 suos,
613 4559 753 4614 quos
779 4546 847 4600 ad
873 4554 1129 4602 mternam
1159 4564 1271 4605 suae
1310 4549 1567 4606 claritatis
1602 4552 1865 4608 visionem

293 4644 597 4701 conservat,
630 4637 683 4691 in
714 4638 817 4693 hac
853 4638 1068 4695 interim
1104 4642 1219 4697 vita
1251 4641 1559 4698 laborantes
1597 4644 1779 4701 videre
1816 4654 1873 4701 et

294 4727 546 4796 adjuvare
574 4729 844 4800 dignatur.
889 4750 907 4782 «
936 4731 1036 4798 Qui
1063 4733 1464 4790 demonstratus
1491 4734 1668 4790 fuerat
1702 4735 1869 4791 David

294 4819 427 4886 patri
451 4819 589 4887 ejus.
618 4836 640 4869 ι
694 4816 953 4875 Ostensus
980 4836 1214 4892 namque
1241 4831 1359 4877 erat
1398 4823 1582 4889 David,
1632 4823 1772 4880 sicut
1819 4835 1873 4880 et

294 4908 504 4962 caeteris
529 4908 808 4978 prophetis
834 4918 1093 4966 venturus
1129 4913 1182 4966 in
1213 4929 1375 4969 carne
1404 4913 1679 4970 Dominus.
1728 4916 1871 4973 Bene

293 4994 432 5049 idem
462 4996 675 5052 locutus
699 4998 754 5052 in
784 5014 911 5053 area
953 5009 1074 5055 erat
1109 5001 1291 5058 Ornan
1338 5001 1567 5059 Jebusagi
1596 5022 1610 5060 :
1643 5006 1768 5075 quia
1813 5014 1869 5060 et

294 5083 535 5140 Ecclesia
587 5102 725 5142 «me
778 5090 917 5146 solet
970 5093 1231 5148 vocabulo
1284 5094 1553 5166 designari
1599 5114 1613 5150 :
1656 5096 1868 5152 dicente

290 5171 497 5229 Joanne
534 5176 603 5231 de
640 5175 868 5235 Domino
900 5198 914 5233 :
951 5179 1166 5252 «Cujus,
1202 5184 1557 5239 ventilabrum
1606 5186 1658 5239 in
1704 5201 1865 5242 manu

292 5280 409 5331 sua,
437 5275 495 5322 et
519 5269 897 5338 permundabit
925 5287 1106 5327 aream
1133 5289 1283 5329 suam
1316 5274 1527 5346 (Matth.
1557 5276 1660 5348 Ill).
1693 5297 1711 5328 ι
1761 5278 1865 5333 Or-

291 5372 421 5423 nan,
460 5358 553 5427 qui
593 5361 978 5431 interpretatur
1002 5363 1363 5431 illuminatus;
1401 5374 1457 5421 et
1493 5377 1610 5422 erat
1650 5370 1867 5423 natione

284 5446 567 5507 Iebus-eus
598 5470 612 5507 :
640 5455 860 5511 natione
895 5458 1113 5526 quidem
1154 5460 1383 5529 gentiles
1429 5462 1723 5533 signiﬁcat;
1770 5480 1868 5519 no-

290 5543 435 5597 mine
461 5553 645 5599 autem
680 5550 894 5603 eosdem
926 5550 1270 5609 illustraudos
1298 5569 1330 5607 a
1359 5554 1586 5610 Domino
1622 5566 1782 5628 atque
1811 5559 1865 5612 in

286 5632 424 5690 ﬁlios
454 5634 712 5694 Ecclesia:
735 5643 1143 5698 commutandos
1159 5647 1397 5701 ostendit
1419 5663 1432 5700 :
1455 5647 1651 5716 quibus
1672 5648 1865 5705 merito

284 5725 414 5785 dicit
454 5729 783 5799 Apostolus:
819 5752 837 5785 ι
868 5733 1067 5793 Fuistis
1114 5735 1399 5806 aliquando
1437 5739 1689 5808 tenebrae,
1723 5756 1864 5796 nunc

1978 3266 2374 3338 pertingebant.
2411 3265 2655 3337 Namque
2675 3267 2726 3322 in
2747 3268 2884 3324 libro
2903 3270 3348 3342 Paralipomenon
3376 3285 3562 3344 aperte

1979 3357 2240 3430 scriptum
2260 3364 2365 3423 est,
2392 3358 2537 3427 quod
2559 3358 2787 3414 altitudo
2807 3367 3022 3416 centum
3045 3361 3230 3433 viginti
3254 3363 3559 3419 cubitorum

1978 3462 2097 3505 erat
2127 3448 2212 3522 (11
2248 3449 2379 3504 Par.
2410 3448 2493 3521 ιιι)
2521 3467 2535 3504 :
2568 3449 2635 3506 de
2659 3465 2767 3522 quo
2805 3462 2926 3521 post
2963 3452 3078 3508 haec
3115 3452 3309 3509 dicturi
3350 3470 3557 3512 sumus.

2051 3538 2342 3596 «Porticus
2387 3548 2506 3595 erat
2547 3548 2672 3596 ante
2718 3541 2972 3612 templum
3024 3544 3213 3616 viginti
3254 3544 3556 3603 cubitorum

1982 3630 2395 3703 «longitudinis,
2439 3630 2594 3702 juxta
2643 3645 2953 3686 mensuram
3001 3632 3298 3689 latitudinis
3336 3635 3555 3706 templi;

1982 3743 2001 3776 «
2027 3732 2082 3777 et
2110 3724 2343 3779 habebat
2379 3722 2563 3778 decem
2604 3722 2815 3779 cubitos
2854 3723 3155 3781 latitudinis
3195 3735 3320 3781 ante
3364 3727 3558 3783 faciem

1979 3836 1998 3868 «
2027 3815 2227 3886 templi.
2261 3835 2279 3868 ι
2349 3815 2627 3886 Templum
2676 3829 2911 3885 namque
2953 3824 3071 3871 erat
3117 3831 3437 3874 conversum
3485 3819 3553 3873 ad

1973 3913 2257 3974 orientem,
2289 3909 2428 3963 sicut
2455 3914 2511 3962 et
2538 3908 2964 3972 tabernaculum,
2995 3908 3334 3979 habebatque
3353 3912 3551 3966 ostium

1970 4002 2213 4071 porticus
2240 4001 2309 4057 ab
2334 4002 2544 4057 oriente
2573 4015 2763 4057 contra
2784 4003 2980 4058 ostium
3006 4004 3210 4075 templi,
3239 4004 3388 4074 juxta
3411 4009 3554 4078 quod

1972 4094 2264 4150 historicus
2313 4094 2618 4150 Judaeorum
2665 4094 2928 4166 losephus
2977 4096 3314 4168 apertissime
3358 4098 3547 4165 docet,

1971 4185 2046 4240 ita
2073 4192 2134 4240 ut
2159 4184 2239 4241 sol
2266 4184 2651 4254 aequinoctialis
2678 4185 2858 4240 oriens
2888 4185 3106 4241 directis
3136 4185 3406 4241 radiorum
3430 4201 3553 4242 suo-

1972 4291 2091 4332 rum
2118 4275 2299 4343 lineis,
2328 4292 2425 4347 per
2452 4278 2672 4337 ostiaria
2701 4278 2945 4347 porticus
2985 4278 3232 4334 videlicet
3270 4290 3324 4335 et
3369 4278 3551 4350 templi

1969 4376 2025 4425 et
2078 4369 2322 4436 oraculi,
2372 4384 2555 4425 arcam
2606 4372 2917 4426 testamenti
2965 4371 3291 4442 perfundere
3348 4384 3552 4446 posset.

1969 4461 2105 4529 Quia
2129 4479 2256 4518 vero
2283 4462 2538 4534 templum
2566 4471 2805 4519 sanctam
2830 4463 3123 4520 Ecclesiam
3141 4466 3409 4536 designat,
3437 4482 3555 4538 por-

1973 4553 2111 4608 ticus
2148 4569 2266 4624 qua:
2299 4563 2419 4609 erat
2456 4563 2582 4609 ante
2611 4553 2865 4624 templum
2890 4563 2944 4610 et
2976 4555 3194 4627 propior
3218 4556 3390 4617 lucem
3425 4559 3556 4616 solis

1972 4646 2219 4716 accipere
2244 4645 2470 4711 solebat,
2503 4648 2631 4718 quid
2657 4649 2894 4718 apertius
2917 4664 3077 4719 quam
3108 4650 3252 4706 illam
3275 4652 3393 4724 ejus
3428 4668 3554 4723 par-

1974 4746 2101 4804 tem,
2134 4754 2256 4809 quae
2284 4739 2574 4794 Dominicm
2599 4740 2984 4797 incarnationis
3035 4750 3275 4814 tempora
3321 4761 3553 4814 pratces-

1968 4828 2060 4892 sit,
2110 4828 2287 4898 typice
2330 4827 2654 4883 denuntiat?
2700 4829 2758 4884 In
2800 4846 2905 4901 qua
2956 4840 3082 4886 sunt
3125 4833 3451 4902 patriarchae
3495 4845 3552 4891 et

1969 4916 2269 4986 prephctre,
2298 4917 2388 4986 qui
2413 4917 2676 4972 orientem
2699 4917 2825 4972 huic
2847 4920 3047 4975 mundo
3085 4939 3104 4972 «
3132 4920 3301 4976 solem
3325 4922 3552 4993 justitiae

1974 5006 2128 5079 (Mal.
2162 5008 2236 5080 iv)
2266 5028 2285 5060 ι
2316 5007 2476 5079 primi
2503 5019 2877 5078 susceperunt,
2915 5020 2969 5066 et
3004 5013 3246 5068 nascenti
3288 5013 3343 5068 in
3385 5030 3551 5070 carne

1972 5100 2200 5155 Domino
2227 5102 2615 5168 testimonium,
2637 5102 2753 5158 sive
2772 5103 3024 5169 ViVGlllO,
3049 5104 3160 5160 sive
3183 5106 3545 5174 praxiicando,

1971 5195 2085 5251 sive
2135 5195 2302 5249 etiam
2358 5195 2655 5259 moriendo,
2708 5196 3092 5266 praebuerunt?
3149 5196 3358 5254 Ostium
3420 5215 3549 5271 ergo

1971 5289 2151 5358 templi
2182 5288 2442 5343 Dominus
2465 5297 2568 5354 cst,
2599 5289 2725 5359 quia
2754 5302 2912 5346 nemo
2938 5291 3082 5345 venit
3108 5292 3175 5346 ad
3202 5290 3415 5348 Patrem
3440 5290 3544 5346 nisi

1970 5394 2069 5449 per
2118 5379 2293 5448 ipsum
2341 5377 2521 5451 (Joan.
2574 5377 2707 5452 ιιν),
2757 5387 2813 5433 et
2857 5380 2999 5434 sicut.
3031 5381 3157 5436 alibi
3186 5382 3356 5437 dicit:
3389 5400 3407 5431 «
3435 5380 3545 5449 Ego

1968 5487 2087 5526 sum
2134 5471 2353 5536 ostium,
2406 5485 2504 5541 per
2546 5486 2633 5526 me
2680 5470 2725 5525 si
2773 5470 2894 5542 quis
2942 5470 3209 5526 introierit
3252 5469 3542 5526 salvabitur

1968 5560 2149 5632 (Joan.
2189 5559 2266 5635 ι).
2299 5581 2319 5613 ι
2377 5562 2586 5618 Ostium
2630 5562 2905 5631 porticus,
2954 5576 3131 5616 sermo
3172 5558 3539 5630 propheticus,

1969 5651 2060 5720 qui
2088 5651 2243 5722 quasi
2287 5661 2436 5707 recto
2475 5650 2611 5707 calle
2649 5652 3009 5720 ingredientes
3044 5651 3106 5704 ad
3128 5652 3325 5705 ostium
3356 5649 3541 5719 templi

1968 5741 2315 5809 perducebat,
2344 5742 2470 5811 quia
2497 5742 2723 5810 gratiam
2758 5739 2938 5809 templi
2964 5740 3181 5811 Domini
3222 5740 3542 5808 Salvatoris,
