4026 6202
430 333 535 394 M5

1073 328 1133 379 Β.
1169 323 1420 379 liABANl
1462 320 1677 377 MAURI
1714 317 2035 375 ARCHIEP.
2079 313 2386 371 MOGUNT.
2428 312 2712 370 ORERUM
2746 310 2928 368 PARS
2962 312 3003 367 Ι.

3569 312 3667 367 H-i

414 457 522 511 qua
549 439 806 494 nu‘tndum
834 447 955 493 erat
982 436 1371 508 redempturus,
1403 442 1590 506 aperte
1634 433 1982 505 praedicabat.
2011 429 2065 489 Α
2088 428 2180 497 qui
2213 442 2272 482 se
2290 443 2322 481 a
2351 426 2510 482 domo
2537 425 2707 481 David
2739 430 3107 494 separaverat,
3142 424 3234 479 sed
3266 439 3364 496 per
3405 426 3673 482 cancellus

419 530 647 585 Factura
674 542 802 596 ergo
830 527 1069 598 porticus
1102 534 1207 581 tota
1239 524 1425 579 ﬁdeles
1459 524 1602 580 illius
1635 522 1894 593 temporis
1919 520 1992 576 si—

2090 518 2307 583 cceidit,
2345 517 2472 588 quia
2500 517 2601 572 etsi
2626 516 2887 579 barretici,
2927 516 3041 571 sive
3063 515 3397 571 schismatici
3437 516 3673 586 aliquam

417 628 547 690 gnat
575 638 588 673 :
621 618 817 673 ostium
849 631 978 672 vero
1007 616 1059 671 in
1091 615 1322 685 porticu,
1353 613 1626 678 doctores,
1662 613 1754 683 qui
1781 610 1994 667 caeteris
2090 611 2245 667 bonte
2269 611 2498 666 actionis
2534 623 2714 664 arcem
2758 608 3120 664 conscendere
3142 609 3413 676 videntur,
3442 611 3570 680 quia
3596 622 3678 664 ta-

418 711 592 765 lucem
622 709 744 763 vita:
768 708 1097 778 januamqne
1125 704 1357 759 intrandi
1393 705 1460 758 ad
1488 704 1771 759 Dominum
1795 702 1995 773 pande-

418 802 547 856 bant
576 798 843 871 exprimit.
884 795 967 869 ,Et
1002 796 1140 850 bene
1170 811 1335 848 unum
1372 794 1591 857 ostium,
1623 802 1841 863 propter
1867 806 1997 848 eon-

419 905 606 946 sonam
635 889 687 943 in
721 886 971 941 omnibus
1001 884 1205 940 sanctis
1233 884 1391 941 ﬁdem
1427 898 1492 938 ac
1530 883 1873 937 dilectionem
1911 896 1997 936 ve-

419 980 616 1037 ritatis.
694 977 821 1045 Qucc
867 975 1118 1032 videlicet
1166 975 1406 1045 porticus
1459 974 1613 1044 juxta
1660 972 1995 1033 latitudinem

422 1070 603 1141 templi
641 1069 829 1141 viginti
877 1069 1077 1125 cubitis
1117 1068 1271 1138 longa
1300 1075 1437 1133 erat,
1466 1068 1592 1137 quia
1619 1066 1874 1122 nimirum
1901 1080 1996 1118 an-

419 1162 551 1231 tiqui
567 1159 699 1230 justi
721 1175 818 1230 pcr
845 1158 1307 1229 longanimitatem
1330 1158 1535 1212 devotae
1564 1156 1761 1212 mentis
1786 1154 1997 1211 deside-

420 1254 613 1307 rabant
645 1250 828 1305 venire
853 1250 921 1303 ad
953 1248 1318 1302 dilatationem
1345 1247 1621 1313 Ecclesia},
1655 1247 1708 1301 iu
1736 1246 1998 1302 charitate

420 1343 538 1408 Dei,
567 1357 688 1411 quae
714 1351 796 1395 est
826 1341 877 1394 in
908 1339 1123 1395 Christo
1154 1339 1379 1394 Domino
1409 1346 1614 1393 nostro.

496 1456 513 1488 ι
546 1435 801 1503 Fecitque
841 1434 893 1487 in
936 1431 1131 1500 templo
1168 1430 1435 1486 fenestras
1475 1430 1741 1500 obliquas.
1770 1448 1788 1480 ι
1828 1428 2001 1484 Fene—

422 1536 552 1582 stra:
603 1523 783 1593 templi
813 1563 827 1589 ,
867 1523 1116 1577 doctores
1162 1522 1334 1576 sancti
1369 1530 1424 1575 et
1460 1519 1766 1591 spiritualcs
1803 1520 2002 1589 quique

424 1617 479 1670 iu
518 1612 786 1678 Ecclesia,
820 1611 1015 1681 quibus
1045 1618 1223 1665 mente
1249 1610 1634 1665 excedentibus
1669 1608 1780 1665 Deo
1803 1622 2001 1662 arcana

421 1713 756 1763 secretorum
780 1702 1077 1757 cmlestium
1104 1700 1391 1772 specialius
1417 1701 1627 1756 cmteris
1658 1700 1840 1755 videre
1870 1715 2001 1755 con-

2094 718 2214 759 men
2257 717 2573 772 compagem
2618 701 2999 757 ecclesiastica:
3040 701 3264 757 unitatis
3298 717 3404 756 non
3456 702 3675 763 habent,

2094 792 2249 862 quasi
2295 791 2602 862 patentibus
2651 800 2707 847 et
2746 807 2854 846 non
2901 791 3087 847 solidis
3136 792 3364 847 laterum
3414 794 3683 863 prmsidiis

2095 898 2308 953 semper
2330 882 2396 939 ad
2435 883 2685 937 vitiorum
2722 882 2906 937 infima
2948 883 3284 947 relabuntur,
3333 884 3460 939 dum
3498 885 3683 940 divino

2095 973 2338 1028 destituti
2385 972 2604 1038 auxilio,
2656 988 2767 1028 suae
2817 973 3129 1043 pertinacia:
3182 972 3328 1027 fastu
3385 974 3679 1030 intereunt.

2096 1063 2212 1132 Qua
2254 1074 2437 1120 autem
2483 1073 2601 1120 arte
2642 1064 2865 1133 przefata
2905 1065 3143 1120 tabulata
3168 1064 3469 1135 parietibus
3496 1066 3682 1137 templi

2097 1157 2207 1212 sint
2232 1155 2420 1221 affixa,
2452 1155 2754 1211 declaratur
2781 1170 2902 1209 cum
2932 1154 3184 1211 subditur
3212 1170 3228 1209 :

2174 1268 2192 1300 ‹
2222 1248 2428 1302 Trabes
2473 1255 2652 1303 autem
2700 1247 2881 1317 posuit
2928 1247 2981 1301 in
3019 1248 3238 1303 domum
3271 1264 3371 1318 per
3395 1248 3684 1304 circuitum

2108 1356 2123 1388 ι
2155 1335 2475 1402 forinsecus,
2523 1344 2583 1390 ut
2620 1352 2727 1391 non
2772 1337 3041 1392 htercrent
3076 1339 3247 1394 muris
3279 1339 3485 1410 templi,
3521 1350 3628 1396 etc.
3662 1362 3680 1392 ι

2102 1429 2307 1484 Trabes
2350 1437 2550 1495 autem,
2590 1444 2710 1499 qua:
2752 1429 3081 1486 intrinsecus
3120 1431 3335 1486 domum
3371 1432 3688 1487 muniebant

2101 1527 2157 1574 et
2191 1520 2485 1584 ornabant,
2522 1527 2681 1574 tanta:
2709 1527 2865 1574 erant
2894 1520 3265 1591 longitudinis,
3298 1531 3359 1578 ut
3386 1524 3563 1593 capita
3589 1541 3687 1580 ea-

2104 1625 2224 1664 rum
2251 1608 2552 1665 forinsecus
2582 1610 2967 1680 prominerent,
3021 1611 3074 1666 in
3119 1612 3304 1668 intimo
3345 1615 3558 1682 quidem
3596 1631 3691 1671 or-

2106 1700 2232 1754 dine
2275 1699 2578 1755 cubitorum
2620 1708 2848 1771 septem,
2892 1701 2948 1757 in
2992 1703 3170 1759 medio
3214 1719 3335 1769 sex,
3384 1707 3436 1763 in
3476 1722 3687 1763 summo

424 1798 651 1854 ceditur.
713 1796 811 1863 Qui
862 1796 989 1851 dum
1037 1810 1100 1850 ea
1139 1810 1257 1865 quae
1294 1795 1347 1850 in
1385 1794 1596 1849 occulto
1634 1794 1859 1859 vident,
1897 1808 2000 1863 pu-
2033 1772 2075 1830 Β
2105 1791 2363 1862 quinque,
2394 1799 2557 1860 atque
2585 1791 2641 1847 in
2672 1792 2876 1848 eisdem
2914 1794 3180 1862 capitibus
3221 1810 3408 1850 carum
3448 1797 3687 1852 tabulata

421 1888 561 1943 blice
597 1887 835 1942 ﬁdelibus
870 1887 1132 1959 pandunt,
1167 1886 1321 1956 quasi
1360 1893 1609 1956 suscepto
1638 1884 1839 1939 lumine
1874 1883 2005 1938 solis
2106 1890 2576 1952 eomponerentur,
2606 1898 2945 1953 nequaquam
2977 1885 3147 1940 muris
3170 1886 3349 1956 templi
3372 1886 3561 1951 inﬁxa,
3592 1890 3688 1945 sed

426 1978 677 2031 fenestra:
728 1982 917 2030 cuncta
974 1974 1153 2045 templi
1214 1974 1510 2043 penetralia
1568 1974 1794 2045 replent.
1851 1973 2004 2029 Unde
2099 1972 2256 2045 juxta
2290 1988 2476 2029 muros
2518 1974 2761 2029 trabibus
2806 1990 2927 2045 quae
2964 1976 3031 2032 de
3065 1976 3237 2032 muris
3282 1978 3546 2043 exierant,
3594 1995 3691 2035 sn-

423 2068 562 2122 hene
587 2065 784 2122 eaedem
823 2065 1069 2120 fenestrze
1104 2065 1355 2135 obliqua},
1398 2066 1449 2120 id
1490 2072 1593 2131 est,
1642 2064 1790 2120 intus
1837 2063 2007 2120 fuisse
2106 2067 2397 2136 perposita.
2445 2066 2584 2134 Quid
2615 2067 2798 2138 itaque
2826 2083 2922 2139 per
2948 2069 3131 2124 trabes
3155 2069 3365 2138 domus,
3392 2086 3514 2141 quae
3544 2073 3695 2127 tabuc

427 2158 648 2213 latiores
671 2158 1040 2228 perhibentur,
1081 2156 1206 2225 quia
1246 2157 1498 2212 nimirum
1540 2171 1763 2212 necesse
1801 2164 1905 2221 est,
1945 2164 2007 2210 ut

427 2248 673 2318 quisquis
712 2247 871 2319 jubar
907 2261 1152 2317 supernze
1179 2245 1646 2316 contemplatimis
1672 2245 1757 2300 vel
1788 2245 1855 2299 ad
1887 2260 2006 2301 mo-

426 2347 664 2391 mentum
712 2337 1033 2408 perceperit,
1074 2352 1199 2391 mox
1238 2336 1415 2391 sinum
1457 2335 1634 2392 cordis
1661 2335 1890 2406 amplius
1917 2351 2006 2391 ea—

425 2429 675 2500 stigando
701 2427 906 2493 dilatet,
940 2436 1101 2497 atque
1131 2426 1200 2481 ad
1230 2426 1436 2497 majora
1462 2426 1789 2496 capessenda
1820 2425 2006 2482 solerti

428 2517 815 2575 exercitatione
861 2525 1146 2587 praeparet.

497 2630 515 2661 ι
542 2610 610 2664 Ει
635 2608 918 2663 aediﬁcavit
947 2624 1109 2679 super
1129 2609 1387 2680 parietem
1414 2608 1596 2680 templi
1645 2609 1884 2664 tabulata
1912 2625 2010 2680 per

435 2722 452 2752 α
483 2717 674 2773 gyrum
703 2699 757 2754 in
788 2700 1083 2769 parietibus
1124 2700 1314 2755 domus
1346 2715 1455 2771 per
1498 2700 1782 2756 circuitum
1825 2699 2011 2769 templi

437 2812 454 2842 ι
486 2802 539 2844 et
567 2790 791 2855 oraculi,
819 2797 874 2845 et
899 2789 1031 2845 fecit
1059 2789 1226 2845 latera
1265 2790 1319 2846 in
1358 2791 1606 2847 circuitu.
1665 2791 2010 2856 Tabulatum,

436 2902 452 2935 α
482 2882 624 2954 quod
662 2897 821 2954 super
845 2892 981 2951 erat,
1018 2884 1255 2955 quinque
1280 2885 1489 2941 cubitos
1517 2886 1751 2941 habebat
1772 2884 2013 2940 latitudi-

437 2994 456 3025 ι
488 2976 574 3031 nis
592 2993 606 3041 ;
626 2982 679 3030 et
706 2976 939 3031 medium
953 2974 1244 3030 tabulatum
1267 2991 1362 3031 sex
1382 2977 1592 3033 cubitos
1613 2975 1944 3042 latitudinis;
1960 2983 2014 3032 et

440 3085 459 3120 ι
490 3068 709 3124 tertium
745 3067 1037 3125 tabulatum
1081 3076 1286 3139 septem
1312 3068 1515 3125 habens
1547 3067 2013 3125 cubitoslatitudi-

2108 2155 2214 2211 lata
2245 2158 2568 2227 portabant,
2614 2158 2716 2213 nisi
2747 2159 3132 2228 praedicatores
3157 2163 3330 2218 sancti
3355 2172 3483 2218 sunt
3516 2165 3693 2235 typice

2109 2246 2418 2319 designati?
2464 2248 2566 2316 Qui
2598 2248 2723 2304 dum
2754 2250 2855 2320 ipsi
2884 2249 3167 2307 sublimem
3198 2260 3362 2323 atque
3400 2254 3694 2311 honorabi-

2106 2337 2213 2395 lem
2245 2338 2299 2393 in
2336 2338 2579 2395 Ecclesia
2615 2339 2708 2394 Dei
2743 2339 2922 2395 locum
2946 2347 3149 2407 tenent,
3178 2342 3505 2399 inﬁrmiores
3529 2360 3695 2414 quos-

2109 2446 2214 2501 que
2237 2445 2304 2486 ac
2329 2430 2548 2500 fragiles
2584 2431 2698 2487 suis
2740 2432 3212 2501 praedicationibus
3244 2435 3314 2489 ab
3355 2434 3691 2490 inﬁrmorum

2111 2523 2354 2592 appetitu
2391 2522 2703 2589 sustollunt,
2748 2530 2910 2593 atque
2956 2522 3020 2577 ad
3060 2523 3305 2578 coelestia
3339 2524 3692 2580 desideranda

2112 2628 2176 2668 ac
2216 2612 2481 2682 speranda
2518 2612 2880 2682 suspendunt;
2922 2611 3035 2667 suis
3083 2612 3248 2667 etiam
3296 2613 3696 2670 intercessioni-

2111 2702 2236 2768 bus,
2261 2710 2322 2756 ut
2350 2701 2404 2756 in
2433 2702 2624 2772 emptis
2642 2702 2955 2773 persistant,
2984 2702 3255 2774 adjuvant.
3309 2703 3562 2775 Legimus
3595 2721 3693 2759 au-

2116 2801 2221 2847 tem
2278 2792 2331 2846 in
2369 2791 2816 2863 Paralipomenon
2866 2792 2952 2865 (II
3004 2792 3133 2848 Par.
3185 2793 3269 2866 ιιι)
3319 2796 3463 2864 quod
3515 2797 3697 2853 trabes

2117 2881 2319 2953 templi,
2360 2882 2500 2937 sicut
2526 2890 2581 2937 et
2607 2891 2804 2938 caetera
2834 2881 2949 2951 ejus
3001 2882 3281 2949 interiora,
3323 2883 3523 2941 fuerint
3563 2900 3699 2940 auro

2115 2974 2345 3029 vestitae.
2394 2974 2545 3042 Quod
2580 2974 2654 3029 ita
2696 2972 2897 3029 factum
2935 2988 3053 3031 esse
3094 2991 3203 3031 non
3234 2977 3458 3065 dubium
3502 2985 3606 3044 est,
3639 2996 3699 3033 ut

2117 3064 2222 3119 illa:
2258 3064 2471 3119 trabum
2515 3072 2719 3134 partes,
2746 3080 2868 3134 quae
2891 3065 3038 3120 intus
3066 3066 3121 3121 in
3148 3066 3344 3137 templo
3370 3075 3549 3132 erant,
3577 3069 3698 3122 auri

425 3151 456 3209 ἰ
491 3159 595 3214 nis.
627 3177 645 3210 ι
682 3157 809 3213 ιιειξε
830 3158 1066 3214 tabulata
1082 3129 1473 3230 in-Evangelio,
1488 3160 1578 3214 ubi
1597 3159 1856 3215 Dominus
1870 3129 2086 3217 tenta-C
2115 3161 2302 3210 essent
2332 3129 2548 3209 laminis
2578 3129 2782 3219 tectma
2805 3169 2925 3225 qua:
2969 3169 3098 3209 vero
3139 3129 3274 3211 foris
3297 3129 3579 3226 parebant,
3614 3158 3701 3212 h:e

434 3257 524 3302 tur
547 3263 577 3301 a
599 3245 828 3309 diabolo,
850 3245 1137 3317 pinnaeula
1167 3247 1349 3317 templi
1377 3256 1639 3302 vocantur
1668 3245 1883 3318 (Matth.
1913 3246 2012 3320 iv).

434 3335 544 3392 Sed
580 3344 635 3390 et
677 3333 934 3389 Iacobum
967 3376 982 3402 ,
1035 3333 1261 3390 fratrem
1316 3334 1530 3391 Domini
1566 3376 1581 3402 ,
1620 3335 2015 3407 apostolum,in

435 3426 782 3501 pinnaculum
821 3426 1003 3498 templi
1033 3467 1047 3493 ,
1086 3426 1228 3483 unde
1265 3428 1334 3483 ad
1369 3427 1624 3499 populum
1665 3426 2016 3485 concionare-

434 3526 543 3583 tur,
574 3517 810 3573 levatum
840 3531 960 3573 esse
991 3516 1236 3589 legimus.
1279 3517 1474 3574 Utrum
1504 3525 1681 3574 autem
1710 3518 1879 3574 moris
1906 3517 2019 3574 fue-

436 3612 511 3666 rit
536 3610 849 3666 deetoribus
872 3619 931 3666 ut
966 3611 1021 3665 in
1057 3611 1143 3667 his
1187 3612 1438 3669 sedentes
1484 3612 1761 3680 tabulatis,
1805 3614 1873 3669 ad
1912 3613 2019 3669 cir-

437 3708 799 3756 cumstantem
849 3699 1075 3755 inferius
1123 3699 1334 3755 turbam
1390 3700 1616 3756 fecerint
1671 3714 2016 3766 sermonem,

438 3808 702 3863 nusquam
731 3791 989 3863 scriptum
1018 3791 1342 3859 invenimus;
1368 3801 1516 3864 patet
1543 3808 1672 3848 vero
1697 3792 2017 3848 sacramenti

439 3886 601 3951 ratio,
632 3885 774 3954 quod
805 3883 1041 3939 tabulata
1076 3884 1191 3940 haec
1224 3883 1325 3938 tria
1359 3884 1582 3938 totidem
1623 3882 1856 3939 ﬁdelium
1895 3898 2020 3955 gra~

438 3978 557 4042 dus,
590 3977 996 4047 conjugatorum
1026 3974 1293 4043 videlicet,
1330 3974 1721 4045 continentium
1759 3982 1814 4030 et
1851 3973 2020 4043 virgi-

439 4084 568 4123 num
593 4067 876 4137 dcsignant
903 4085 915 4121 :
948 4065 1229 4122 distinctos
1259 4065 1471 4137 quidem
1509 4064 1793 4120 altitudine
1822 4063 2023 4135 profes-

440 4158 631 4224 sionis,
664 4157 759 4213 sed
799 4158 1057 4214 societate
1097 4156 1221 4213 fidei
1261 4166 1315 4212 et
1343 4155 1591 4213 veritatis
1638 4155 1880 4228 ejusdem
1911 4171 2024 4210 om-

438 4265 537 4308 nes
560 4250 627 4304 ad
648 4249 866 4304 domum
894 4248 1106 4305 Domini
1137 4248 1490 4320 pertinentes,
1518 4248 1677 4320 eique
1710 4247 1814 4302 ﬁxa
1842 4253 2024 4302 mente

441 4341 791 4397 inhmrentes.
848 4338 953 4394 Ubi
1008 4338 1232 4411 pulchre
1304 4339 1503 4395 dicitur
1548 4339 1676 4409 quia
1725 4336 2024 4392 tabulatum

440 4431 582 4502 quod
614 4437 913 4501 supererat,
950 4430 1188 4500 quinque
1208 4430 1419 4485 cubitos
1449 4428 1681 4485 habebat
1703 4426 2021 4491 latitudinis,

440 4523 675 4580 medium
703 4537 823 4587 sex,
856 4522 1073 4577 tertium
1096 4530 1321 4591 septem.
1371 4520 1692 4595 Supremum
1720 4534 1848 4590 ergo
1869 4518 2023 4571 tabu-

438 4615 608 4671 latum
640 4622 760 4670 erat
796 4612 1008 4667 caeteris
1040 4612 1338 4682 angustius,
1383 4610 1619 4665 medium
1656 4623 1906 4679 supremo
1940 4607 2020 4661 la-

442 4707 571 4771 tius,
612 4703 705 4759 sed
747 4701 932 4757 inﬁmo
965 4708 1084 4756 erat
1122 4700 1321 4755 factum
1357 4700 1656 4772 angustius,
1695 4697 1819 4768 quia
1860 4698 2021 4752 nimi-

441 4812 567 4853 rum
603 4797 766 4852 altior
801 4794 1068 4868 professio
1110 4794 1324 4852 virtutis
1368 4794 1656 4850 arctiorcm
1695 4792 1853 4848 debet
1882 4792 2021 4847 viam

441 4899 629 4946 tenere
657 4890 890 4945 vivendi.
945 4887 1163 4958 Singula
1190 4896 1370 4944 autem
1400 4887 1636 4944 tabulata
1663 4886 1933 4944 habebant
1967 4886 2023 4942 in

444 4980 672 5035 circuitu
704 4979 892 5044 latera,
941 4977 993 5033 id
1032 4986 1115 5033 est
1157 4977 1429 5042 loriculas,
1475 4992 1544 5033 ne
1595 4976 1750 5031 facile
1796 4975 1917 5048 quis
1966 4975 2021 5030 in

445 5073 646 5127 eisdem
675 5070 928 5126 tabulatis
951 5071 1251 5125 consistens
1277 5071 1390 5125 sive
1431 5069 1690 5132 residens,
1736 5076 1920 5138 posset
1958 5067 2024 5122 ad

447 5162 700 5217 inferiora
730 5162 1000 5227 decidere,
1031 5163 1172 5231 quod
1201 5161 1445 5216 Acbazite
1484 5161 1595 5232 regi
1636 5160 1925 5231 contigisse
1970 5159 2022 5214 in

446 5251 695 5306 Samaria
728 5250 953 5322 legimus
984 5251 1033 5322 (I
1054 5249 1089 5302 V
1116 5250 1244 5322 Reg.
1272 5252 1333 5323 ι).
1390 5250 1518 5317 Quae
1546 5251 1800 5305 nimirum
1832 5250 2021 5315 latera,

448 5360 555 5400 non
588 5345 880 5413 incongrue
921 5341 1231 5411 quotidiana
1272 5339 1464 5395 divina:
1510 5340 1860 5411 protectionis
1898 5355 2025 5411 erga

449 5459 547 5499 nos
598 5443 897 5499 munimina
954 5441 1257 5512 designant.
1321 5441 1398 5497 De
1447 5442 1642 5511 quibus
1693 5441 2023 5497 Psalmista:

454 5553 471 5581 ι
497 5532 775 5597 lmmittet,
807 5531 1000 5601 inquit,
1030 5531 1276 5602 angelum
1315 5531 1572 5586 Dominus
1608 5532 1663 5586 in
1694 5532 1921 5587 circuitu
1958 5532 2028 5586 ti-

452 5626 709 5679 mentium
739 5639 880 5689 eum,
911 5632 964 5678 et
997 5624 1187 5694 eripiet
1209 5638 1302 5679 eos
1324 5622 1494 5695 (Psal.
1523 5622 1737 5695 xum).
1761 5642 1778 5673 ι
1828 5622 2030 5677 Ascen-

452 5717 527 5770 dit
562 5716 772 5784 quidem
820 5715 876 5771 in
912 5714 1246 5771 C(r‘nnculunt
1286 5715 1549 5772 Achazias
1596 5731 1687 5770 rex
1742 5714 2022 5780 Samarizc,

2116 3244 2339 3300 minime
2377 3245 2669 3319 deauratre,
2702 3246 2872 3317 ipsam
2908 3246 3055 3303 cedri
3091 3248 3324 3319 speciem
3360 3248 3701 3320 formamque

2117 3335 2326 3392 cunctis
2351 3337 2718 3402 ostenderent,
2758 3337 2812 3391 in
2838 3353 2943 3407 qua
2974 3345 3155 3392 tamen
3196 3338 3447 3408 imposita
3482 3340 3702 3394 sibimet

2120 3429 2355 3485 tabulata
2381 3431 2684 3502 gestabant.
2731 3429 2885 3498 Quod
2910 3445 3039 3500 ergo
3060 3428 3397 3486 extrinsecus
3426 3432 3701 3487 eminebat

2118 3520 2375 3586 trabium,
2399 3521 2565 3575 vitam
2598 3528 2928 3587 sanctorum,
2962 3536 3082 3592 qua:
3110 3522 3266 3577 nobis
3286 3522 3338 3576 in
3362 3522 3522 3577 terris
3547 3521 3701 3577 inno-

2120 3621 2324 3668 tescere
2345 3613 2539 3682 potuit,
2560 3612 2823 3684 designat.
2852 3611 3004 3679 Quod
3025 3612 3170 3668 intus
3192 3613 3244 3669 in
3265 3612 3463 3681 templo
3478 3611 3705 3668 deaura-

2121 3714 2231 3760 tum
2260 3705 2514 3776 fulgebat,
2543 3703 2845 3759 claritatem
2874 3702 3037 3769 illam,
3065 3718 3171 3774 qua
3207 3703 3261 3758 in
3299 3702 3504 3758 cmlesti
3525 3704 3703 3771 patria

2118 3797 2174 3854 in
2208 3806 2428 3866 aspectu
2457 3795 2539 3851 sui
2571 3796 2806 3867 gaudent
2830 3795 3111 3861 creatoris,
3144 3794 3372 3866 figurate
3400 3793 3700 3849 denuntiat.

2196 3906 2214 3939 ‹
2234 3887 2435 3941 Domus
2463 3893 2642 3941 autem
2671 3900 2794 3941 cum
2814 3883 3195 3951 aediﬁcaretur,
3228 3884 3294 3940 de
3320 3884 3588 3955 lapidibus
3609 3885 3705 3941 do-

2127 3995 2145 4028 ι
2174 3976 2298 4032 latis
2329 3983 2490 4046 atque
2514 3974 2771 4047 perfectis
2801 3974 3067 4031 aediﬁcata
3111 3983 3215 4031 est.
3267 3975 3335 4031 Et
3376 3975 3603 4045 malleus
3646 3984 3705 4030 ct

2128 4086 2145 4119 ί
2176 4066 2403 4134 securis,
2430 4075 2485 4121 et
2511 4080 2672 4121 omne
2695 4063 3101 4131 ferramentum,
3134 4080 3242 4120 non
3274 4072 3400 4121 sunt
3430 4065 3613 4120 audita
3647 4066 3703 4120 in

2129 4180 2147 4213 ι
2176 4161 2357 4227 domo,
2389 4175 2512 4216 eum
2540 4158 2919 4214 aedificaretur.
2946 4176 2965 4209 ι
3014 4157 3140 4213 Hme
3171 4158 3241 4213 ad
3270 4157 3418 4214 illam
3449 4158 3706 4214 Ecclesia:

2122 4260 2352 4321 partem,
2381 4265 2499 4320 quae
2530 4258 2653 4320 post
2676 4248 2838 4319 hujus
2868 4247 3051 4305 saeculi
3082 4248 3293 4305 labores
3327 4259 3384 4305 et
3410 4250 3706 4305 certamina

2124 4344 2191 4397 ad
2218 4351 2420 4399 mtema
2448 4343 2671 4411 praemia
2704 4342 2905 4398 meruit
2936 4342 3226 4411 introduci,
3270 4343 3489 4413 proprie
3530 4343 3706 4413 perti-

2125 4441 2274 4487 nent.
2325 4431 2403 4487 lbi
2431 4432 2574 4487 enim
2615 4432 2843 4503 perfecti
2882 4432 3218 4490 solummodo
3254 4444 3310 4489 et
3349 4433 3705 4497 immaculati,

2127 4533 2289 4594 atque
2325 4523 2394 4578 ab
2430 4523 2576 4579 omni
2610 4523 2730 4578 labe
2777 4524 3075 4594 iniquitatis
3107 4524 3356 4595 castigati
3390 4524 3705 4595 ingrediun-

2128 4622 2236 4667 tur.
2301 4611 2457 4667 «Νοιι
2493 4612 2637 4668 enim
2664 4612 2885 4669 intrabit
2916 4614 2971 4668 in
2999 4613 3144 4668 illam
3191 4614 3463 4669 civitatem
3504 4613 3708 4684 aliquid

2126 4701 2551 4772 coinquinatum,
2582 4702 2784 4758 faciens
2803 4701 3251 4759 abominationem
3273 4711 3330 4759 et
3342 4702 3743 4768 mendaciumn

2128 4795 2268 4851 sicut
2293 4795 2346 4851 in
2366 4794 2686 4868 Apocalypsi
2708 4796 2926 4866 scripsit
2949 4795 3187 4853 Joannes
3212 4796 3394 4867 (Apoc.
3423 4794 3561 4868 XXI).
3606 4795 3705 4852 Ubi

2130 4884 2355 4941 malleus
2382 4894 2437 4940 et
2465 4885 2690 4951 securis,
2721 4894 2776 4940 et
2803 4900 2961 4941 omne
2983 4884 3370 4941 ferramentum
3409 4900 3517 4940 non
3555 4884 3709 4939 audi-

2130 4987 2237 5042 tur,
2264 4978 2389 5048 quia
2418 4978 2505 5049 hie
2542 4979 2817 5034 tundimur
2847 4976 3284 5043 adversitatibus,
3325 4985 3380 5031 et
3424 4976 3705 5046 disciplina

2128 5068 2375 5124 veritatis
2420 5083 2766 5133 exercemur,
2808 5077 2869 5123 ut
2909 5067 3019 5123 illic
3072 5067 3206 5123 locis
3249 5065 3406 5135 juxta
3453 5067 3707 5121 meritum

2130 5163 2382 5234 congruis
2435 5163 2824 5231 disponamur:
2863 5162 3218 5231 castigatione
3263 5168 3548 5225 cessante,
3593 5158 3710 5214 solo

2130 5254 2332 5309 amoris
2362 5253 2565 5323 glutino
2598 5269 2706 5322 quo
2737 5253 2804 5309 ad
2838 5253 3069 5310 invicem
3104 5252 3442 5323 eopulemur,
3470 5266 3577 5306 uno
3607 5251 3711 5305 im-

2129 5345 2258 5416 pleti
2287 5346 2477 5416 spiritu
2502 5344 2906 5415 perfundamur.

2207 5457 2225 5489 ι
2258 5437 2467 5493 Ostium
2492 5436 2677 5491 lateris
2706 5437 2865 5492 medii
2888 5437 2941 5491 in
2964 5444 3114 5507 parte
3135 5443 3254 5491 erat
3275 5447 3465 5492 domus
3485 5434 3707 5498 dextnc,

2136 5547 2154 5579 ‹
2182 5537 2237 5583 et
2271 5542 2368 5596 per
2401 5526 2678 5581 cochleam
2718 5524 3083 5581 ascendebant
3107 5526 3160 5580 in
3192 5524 3429 5579 medium
3456 5537 3713 5579 cmnacu-

2136 5638 2153 5669 ι
2184 5616 2313 5681 lum,
2351 5625 2406 5672 et
2433 5631 2461 5669 a
2489 5616 2667 5670 medio
2704 5616 2758 5669 in
2792 5614 3028 5679 tertium,
3065 5622 3171 5668 etc.
3202 5633 3221 5664 ι
3273 5613 3524 5680 Quidam,
3566 5612 3713 5666 hunc

2131 5711 2305 5767 locum
2355 5709 2493 5765 male
2534 5708 2912 5779 intelligeutcs,
2963 5715 3155 5778 putant
3194 5707 3394 5762 ostium
3441 5704 3624 5775 templi
3677 5717 3710 5757 a
