4010 6194
294 351 402 406 “5

1123 350 1478 408 COMMENT.
1520 350 1589 406 ΙΝ
1627 349 1874 406 LIBROS
1908 350 1974 404 ιν
2014 347 2280 403 REGUM.
2318 379 2389 388 —
2424 347 2493 402 IN
2535 347 2660 402 LIB.
2697 349 2784 403 lll.

3467 353 3566 409 liti

291 466 518 523 meridie
544 466 745 530 fuisse,
784 481 890 523 non
930 466 1273 523 attendentes
1315 464 1440 541 quia
1475 465 1522 521 si
1555 466 1660 521 hoc
1694 461 1893 534 signiﬁ-
1918 466 1965 523 Α
1993 457 2117 512 dem
2144 458 2447 512 cubitorum
2486 473 2753 512 summam
2780 457 2834 511 in
2865 457 3145 515 altitudine
3170 459 3425 515 habebat.
3469 460 3573 528 Qui
3622 487 3643 493 -

291 574 420 614 care
450 558 708 614 voluisset
736 558 1038 628 Scriptura,
1078 575 1186 613 non
1236 559 1311 613 ita
1357 558 1564 614 diceret
1593 576 1607 612 :
1647 576 1667 608 ‹
1689 557 1888 612 ostium

294 649 480 706 lateris
508 649 672 704 medii
699 650 756 704 in
783 658 940 721 parte
970 659 1088 705 erat
1113 650 1308 705 domus
1349 650 1573 715 dextrze,
1605 669 1623 701 ι
1666 648 1766 704 sed
1811 648 1887 702 ita

292 741 473 810 potius
515 739 880 810 simpliciter:
913 759 933 792 ι
965 748 1020 796 et
1062 740 1297 795 habebat
1339 741 1531 795 domus
1578 739 1778 794 ostium
1820 738 1887 792 ad

294 828 595 883 meridiem.
625 848 645 880 ι
697 829 852 884 Nunc
878 838 1060 884 autem
1091 829 1246 899 longe
1268 828 1411 883 aliud
1434 827 1721 898 signiﬁcat.
1760 827 1889 881 Par-

294 928 403 974 tem
438 935 675 990 namque
716 921 912 977 domus
970 922 1173 976 dextrae
1231 920 1372 974 latus
1414 919 1599 989 templi
1638 917 1890 973 meridia-

296 1024 424 1062 num
448 1009 603 1075 dicit,
634 1009 689 1063 in
726 1010 883 1081 cujus
914 1018 1071 1081 parte
1118 1009 1381 1066 Orientali
1424 1011 1626 1064 ostium
1670 1017 1791 1064 erat
1833 1008 1888 1063 in

294 1098 412 1170 ipso
432 1101 634 1169 angulo
655 1101 860 1157 factum
879 1101 1035 1172 juxta
1073 1111 1315 1158 terram:
1345 1102 1401 1158 in
1427 1103 1570 1173 quod
1605 1102 1889 1157 introeun-

296 1198 377 1247 ωε
414 1192 601 1246 statim
641 1192 711 1246 ad
747 1192 941 1248 altiora
971 1194 1239 1264 gradatim
1265 1193 1648 1259 ascendebant,
1686 1193 1891 1247 haben-

295 1289 381 1337 tes
416 1283 565 1337 viam
600 1298 858 1339 ascensus
884 1299 984 1354 per
1010 1285 1126 1354 ipsa
1154 1284 1377 1355 parietis
1405 1285 1686 1351 interiora,
1716 1284 1889 1340 donec

294 1372 389 1428 tali
414 1374 618 1431 itinere
643 1376 711 1431 ad
737 1377 975 1431 medium
1005 1376 1344 1433 ctenaculum
1381 1385 1439 1432 et
1479 1393 1510 1432 a
1553 1377 1733 1434 medio
1767 1393 1888 1447 per-

292 1468 574 1522 veniretur
607 1467 675 1522 ad
720 1464 963 1522 tertium.
1024 1466 1135 1524 Nec
1180 1468 1554 1535 dubitandum,
1593 1469 1890 1538 quamlibet

294 1558 395 1614 hoc
439 1558 723 1629 Scriptura
760 1575 869 1614 non
895 1559 1062 1627 dicat,
1092 1559 1220 1630 quia
1255 1559 1337 1616 sic
1372 1561 1727 1618 ascendentes
1768 1576 1888 1616 ere-

292 1652 559 1708 herrimas
585 1653 860 1708 habebant
888 1653 1171 1717 a,meridie
1194 1652 1481 1718 fenestras,
1510 1668 1738 1723 quarum
1768 1652 1887 1709 luce

295 1751 501 1796 certum
537 1758 637 1814 per
669 1742 851 1798 omnia
900 1748 956 1798 et
1002 1742 1120 1798 sine
1161 1741 1457 1799 offensione
1497 1744 1603 1799 iter
1640 1751 1882 1813 agerent.

1991 548 2240 604 videlicet
2267 548 2404 603 liber
2438 549 2555 604 illas
2601 551 2668 604 de
2709 550 2905 619 quibus
2947 551 3295 620 pmdiximus
3329 553 3571 623 porticus

1990 641 2134 697 circa
2176 641 2430 710 templum
2471 643 2688 698 cellaria
2732 650 2889 697 vocat
2933 653 2989 698 et
3033 645 3298 700 cubicula.
3367 666 3386 698 ι
3416 647 3573 703 Dedit

1991 739 2192 794 autem,
2222 733 2415 802 inquit,
2447 735 2612 789 David
2641 733 2915 790 Salomoni
2965 736 3073 792 ﬁlio
3114 752 3213 793 suo
3249 738 3575 810 descriptio-

1992 839 2113 879 nem
2143 827 2403 895 porticus,
2435 836 2489 881 et
2510 828 2723 898 templi,
2752 837 2807 882 et
2827 828 3188 897 ceilariorum,
3225 841 3280 887 et
3307 834 3571 890 cmnaculi
3604 842 3609 847 ’

1989 927 2044 971 et
2091 918 2461 974 cubiculorum
2502 921 2555 976 in
2603 921 2796 991 adytis,
2838 929 2894 976 ct
2936 921 3129 977 domus
3177 926 3575 995 propitiationis

1990 1008 2043 1081 (Ι
2072 1008 2200 1063 Par.
2231 1010 2445 1082 xxvui).
2471 1030 2490 1062 ι
2545 1010 2646 1066 Ubi
2686 1012 2849 1066 etiam
2890 1013 3221 1069 exteriorum
3266 1016 3571 1081 domorum,

1988 1114 2108 1168 quae
2134 1108 2292 1154 erant
2320 1108 2473 1155 extra
2509 1102 2703 1156 atrium
2745 1103 3086 1158 sacerdotum
3109 1104 3163 1160 in
3184 1105 3414 1160 circuitu
3442 1114 3574 1160 tem-

1986 1191 2081 1261 pli,
2121 1191 2250 1247 fecit
2285 1194 2634 1258 mentionem,
2674 1210 2796 1250 cum
2827 1197 3071 1267 protinus
3100 1198 3343 1267 adjunxit
3375 1217 3388 1254 :
3425 1199 3575 1255 «Nec

1988 1297 2093 1336 non
2140 1292 2195 1339 et
2241 1278 2482 1340 omnium
2521 1301 2641 1356 quae
2668 1288 3018 1359 cogitaverat,
3051 1290 3333 1358 atriorum,
3363 1300 3418 1347 et
3446 1308 3574 1349 exe-

1987 1372 2210 1429 drarum
2254 1390 2351 1444 per
2393 1376 2676 1432 circuitum
2718 1379 2773 1433 in
2812 1381 3082 1437 thesauris
3111 1382 3300 1437 domus
3335 1384 3571 1451 Domini,

1985 1474 2041 1519 et
2068 1466 2123 1520 in
2155 1467 2426 1524 thesauris
2453 1477 2783 1525 sanctorum.
2808 1491 2821 1523 ι

2058 1558 2212 1627 Quod
2240 1569 2421 1618 autem
2449 1565 2628 1621 omnis
2656 1565 2885 1623 altitudo
2914 1566 3097 1638 templi
3128 1575 3346 1624 centum
3383 1570 3574 1640 viginti

1987 1645 2089 1704 fuit
2111 1651 2436 1720 cubitorum,
2462 1654 2529 1709 ad
2559 1654 2697 1710 idem
2728 1654 3139 1713 Sacramentum
3164 1660 3407 1730 respicit,
3430 1662 3576 1731 quod

1984 1748 2041 1795 et
2079 1741 2356 1810 primitiva
2392 1744 2447 1797 in
2476 1744 2860 1818 Hierosolymis
2901 1749 3166 1814 Ecclesia,
3212 1759 3335 1819 post
3374 1752 3578 1821 passio-

291 1829 392 1897 Qui
424 1832 687 1887 nimirum
721 1832 873 1889 locus
915 1832 1133 1904 proprie
1168 1834 1237 1889 ad
1279 1849 1477 1903 corpus
1518 1834 1876 1900 Dominicum,
1909 1830 1954 1887 ll
1985 1846 2126 1899 nem,
2158 1835 2630 1903 resurrectionem,
2657 1846 2711 1892 et
2741 1840 3113 1895 ascensionem
3140 1840 3352 1896 Domini
3382 1843 3435 1897 in
3459 1857 3575 1898 cce-

290 1928 433 1998 quod
463 1929 531 1983 de
561 1928 782 1999 Virgine
816 1929 1066 1999 sumpsit,
1106 1927 1346 1999 respicit.
1403 1924 1612 1984 Ostium
1651 1942 1884 1999 namque

292 2018 481 2075 lateris
505 2019 672 2075 medii
699 2019 753 2075 in
779 2028 933 2092 parte
958 2030 1077 2075 erat
1103 2020 1297 2075 domus
1326 2019 1552 2082 dextrte,
1598 2019 1747 2090 quia,
1790 2021 1885 2075 de-

291 2111 479 2167 functo
503 2111 559 2166 in
591 2126 755 2168 cruce
780 2112 1030 2177 Domino,
1063 2131 1081 2163 ‹
1101 2126 1242 2166 unus
1266 2110 1499 2166 militum
1528 2110 1716 2165 lancea
1742 2110 1885 2166 latus

286 2203 406 2272 ejus
435 2204 650 2273 aperuit
679 2203 861 2273 (Joan.
886 2202 1023 2275 xu).
1047 2223 1066 2256 ι
1121 2202 1187 2257 Et
1212 2203 1372 2267 bene,
1400 2220 1419 2253 ι
1439 2202 1493 2257 in
1516 2209 1670 2272 parte
1694 2202 1885 2257 domus

289 2291 517 2355 dextrae,
543 2311 563 2343 ι
592 2293 718 2361 quia
752 2293 1002 2347 dextrum
1039 2293 1087 2347 ei
1132 2291 1273 2347 latus
1320 2306 1352 2345 a
1400 2291 1571 2346 milite
1613 2302 1882 2361 apertum,

290 2389 479 2439 sancta
504 2383 679 2439 credit
710 2383 974 2439 Ecclesia.
1024 2382 1126 2440 Ubi
1173 2390 1300 2453 apto
1339 2383 1506 2437 etiam
1546 2383 1713 2438 verbo
1758 2398 1886 2438 usus

287 2482 369 2529 at
421 2474 755 2546 evangelista
781 2516 796 2541 ,
837 2482 898 2530 ut
939 2489 1046 2530 non
1082 2475 1288 2530 diceret
1322 2492 1334 2529 :
1378 2474 1692 2530 «Percussit
1744 2474 1885 2530 latus

287 2566 420 2635 ejus,
443 2584 463 2617 ι
499 2575 594 2621 aut
624 2585 640 2621 :
672 2562 1048 2634 «Vulneravit,
1073 2585 1091 2619 ι
1130 2567 1226 2622 sed
1260 2584 1273 2621 :
1308 2587 1328 2620 ι
1354 2568 1600 2639 Aperuit,
1623 2588 1642 2621 ι
1697 2568 1885 2623 videli-

287 2668 397 2724 cet,
452 2660 609 2730 quasi
662 2679 680 2712 ι
702 2661 897 2716 ostium
929 2660 1115 2716 lateris
1152 2661 1336 2727 medii,
1359 2681 1378 2714 ι
1426 2676 1523 2731 per
1555 2661 1699 2731 quod
1730 2662 1885 2717 nobis

288 2749 393 2803 iter
415 2751 483 2805 ad
504 2750 751 2807 caelestia
784 2753 1132 2822 panderetur.
1194 2752 1435 2822 Denique
1460 2753 1535 2808 ita
1561 2752 1880 2821 subiunxit:

296 2859 315 2891 ι
338 2840 404 2896 Et
435 2843 696 2897 continuo
719 2842 890 2898 exivit
920 2843 1138 2914 sanguis
1162 2851 1221 2919 et
1245 2857 1382 2913 aqua
1416 2841 1625 2915 (Ibid.).
1649 2863 1668 2894 ι
1729 2843 1883 2915 Aqua

172 2924 185 2935 ’
286 2933 516 3000 scilicet,
553 2948 656 3004 qua
687 2934 960 2991 abluimur
996 2934 1051 2988 in
1084 2934 1374 3004 baptismo,
1411 2943 1466 2990 et
1497 2934 1735 3005 sanguis,
1776 2950 1883 3005 quo

284 3042 679 3082 consecramur
730 3027 786 3082 in
835 3026 1004 3083 calice
1057 3035 1265 3083 sancto.
1339 3025 1445 3082 Per
1497 3026 1601 3083 hoc
1648 3042 1883 3098 namque

285 3120 486 3174 ostium
513 3120 673 3175 nobis
694 3127 778 3175 est
800 3134 1058 3175 ascensus
1086 3119 1139 3174 in
1171 3118 1408 3174 medium
1438 3118 1793 3183 cmnaculum,
1828 3127 1884 3174 et

1986 1919 2086 1985 los,
2121 1921 2173 1976 in
2207 1924 2308 1978 hoc
2335 1940 2559 1980 numero
2585 1927 2845 1993 virorum,
2884 1930 3111 2000 gratiam
3144 1930 3379 2001 Spiritus
3401 1932 3576 1987 sancti

1984 2012 2195 2082 accepit
2222 2012 2357 2086 (Act.
2387 2032 2425 2081 ι,
2458 2015 2554 2089 n);
2592 2019 2902 2088 quindecim
2926 2037 3181 2094 namque,
3210 2039 3330 2093 qua:
3378 2039 3445 2080 ex
3489 2039 3574 2081 se-

1984 2109 2128 2170 ptem
2163 2111 2217 2156 et
2249 2111 2373 2159 octo
2392 2114 2663 2173 constant,
2692 2107 2869 2165 solent
2897 2126 3283 2183 nonnunquam
3311 2112 3379 2167 ad
3405 2113 3575 2185 signi-

1986 2191 2292 2248 ﬁcationem
2342 2196 2535 2250 referri
2582 2198 2705 2253 vita:
2747 2198 2961 2267 futurae,
2987 2215 3107 2270 qua:
3132 2202 3354 2256 nuncin
3384 2202 3576 2258 sabba-

1987 2281 2148 2336 tismo
2190 2284 2399 2352 geritur
2449 2286 2751 2343 animarum
2793 2288 3030 2344 ﬁdelium
3064 2308 3077 2344 :
3111 2291 3424 2361 perﬁcietur
3473 2309 3573 2348 au-

1986 2379 2093 2427 tem
2124 2373 2180 2427 in
2208 2371 2314 2429 ﬁne
2338 2375 2517 2430 saeculi
2544 2378 2940 2433 resurrectione
2972 2394 3261 2450 corporum
3289 2382 3573 2438 immorta-

1984 2463 2136 2519 lium.
2186 2464 2307 2535 Ipsa
2341 2475 2525 2522 autem
2569 2468 2876 2539 quindecim
2906 2469 2961 2524 in
2991 2472 3261 2543 trigonum
3295 2474 3478 2542 ducta,
3517 2477 3574 2531 id

1983 2564 2088 2621 est,
2114 2571 2239 2611 eum
2281 2557 2531 2613 omnibus
2576 2560 2690 2615 suis
2726 2561 2974 2630 partibus
3021 2563 3399 2634 adnumerata,
3446 2583 3574 2624 cen-

1987 2654 2098 2703 tum
2134 2648 2356 2720 triginta
2398 2648 2624 2706 l‘aciunt.
2678 2651 3020 2725 Quapropter
3045 2664 3168 2726 apte
3193 2672 3420 2714 numero
3448 2676 3575 2716 cen-

1984 2739 2194 2794 tenario
2219 2748 2273 2795 et
2302 2740 2576 2797 vicenario
2614 2759 2806 2814 magna
2844 2745 3142 2802 electorum
3188 2748 3465 2808 beatitudo
3519 2753 3574 2811 in

1984 2828 2164 2885 futura
2192 2832 2301 2886 vita
2326 2832 2658 2903 designatur,
2692 2843 2817 2906 apte
2856 2838 2912 2892 in
2960 2838 3066 2895 hoc
3116 2841 3336 2897 tertium
3381 2845 3576 2902 domus

1984 2920 2195 2975 Domini
2219 2923 2559 2978 etenaculum
2584 2939 3011 2995 consummatur,
3043 2930 3168 3000 quia
3196 2940 3318 3002 post
3340 2948 3582 3004 praesen-

1984 3020 2065 3066 tes
2096 3011 2333 3068 ﬁdelium
2374 3013 2608 3080 labores,
2657 3024 2780 3085 post
2824 3028 3104 3090 acceptam
3149 3023 3206 3076 in
3253 3022 3435 3080 futuro
3482 3040 3569 3081 re-

1983 3102 2166 3171 quiem
2199 3107 2524 3174 animarum,
2567 3108 2724 3179 plena
2756 3113 2919 3169 totius
2953 3114 3208 3172 Ecclesiae
3234 3117 3467 3177 felicitas
3516 3121 3573 3177 in

287 3226 317 3264 a
341 3209 524 3265 medio
552 3210 607 3264 in
633 3211 872 3277 tertium,
899 3211 1024 3280 quia
1046 3226 1144 3281 per
1171 3210 1329 3265 ﬁdem
1350 3218 1404 3265 et
1430 3210 1687 3282 mysteria
1713 3210 1882 3265 nostri
1911 3178 1954 3237 Ω
1988 3210 2143 3251 1'05“?
2146 3197 2401 3254 Γθοιίυυίδ
2431 3200 2601 3271 gloria
2629 3204 3004 3273 complebit“?-

288 3298 671 3370 Redemptoris
694 3301 759 3356 de.
782 3300 1034 3370 prtesenti
1076 3300 1332 3356 Ecclesiae
1371 3301 1781 3357 conversatione
1816 3300 1884 3356 ad

289 3394 534 3462 requiem
582 3393 887 3448 animarum
916 3400 1038 3464 post
1084 3400 1314 3449 mortem
1351 3392 1726 3459 ascendimus;
1762 3408 1885 3447 rur-

287 3497 517 3553 sumque
544 3483 613 3538 de
642 3484 831 3554 requie
854 3483 1181 3549 animarum,
1216 3484 1535 3539 adveniente
1564 3483 1649 3538 die
1669 3480 1882 3553 judicii,

288 3572 354 3628 ad
400 3571 871 3628 immortalitatem
914 3588 1130 3645 quoque
1164 3589 1472 3645 corporum,
1506 3575 1661 3646 quasi
1692 3576 1745 3630 in
1783 3586 1885 3634 ter-

289 3663 422 3718 tium
452 3665 815 3733 cmnaculum,
844 3667 1155 3724 sublimiore
1183 3666 1428 3739 profectu
1454 3670 1881 3740 penetrahimus,

287 3769 353 3810 ex
382 3772 490 3827 quo
517 3757 572 3812 in
605 3774 800 3830 magna
825 3760 1127 3827 amborum,
1166 3769 1220 3817 et
1252 3760 1498 3831 corporis
1543 3760 1790 3818 videlicet
1830 3772 1887 3819 et

288 3846 505 3915 anime,
540 3849 875 3906 beatitudine
898 3859 1159 3921 perpetuo
1188 3851 1452 3905 vivamus.

353 3937 513 4007 Quod
562 3941 784 4011 quidem
832 3941 937 3997 iter
985 3941 1328 3997 invisibiliter
1370 3943 1648 4011 agebatur,
1693 3943 1766 3997 ita
1824 3952 1885 3999 ut

285 4030 384 4086 soli
416 4032 543 4098 hoc,
590 4033 683 4102 qui
726 4033 1078 4098 intraverant,
1129 4041 1370 4099 nossent,
1417 4034 1664 4104 quamvis
1707 4034 1881 4103 ipsum

284 4124 486 4180 ostium
536 4125 704 4180 etiam
755 4124 885 4181 foris
936 4120 1096 4196 positi
1137 4125 1404 4191 viderent,
1453 4126 1579 4197 quia
1627 4126 1882 4181 nimirum

285 4222 441 4270 actus
469 4215 709 4270 ﬁdelium
736 4216 789 4271 in
819 4216 921 4271 hoc
950 4215 1166 4283 saeculo,
1201 4225 1254 4272 et
1281 4216 1674 4277 celebrationes
1701 4233 1883 4274 sacra-

285 4315 621 4371 mentorum,
661 4307 821 4361 etiam
873 4307 1086 4379 reprobi
1134 4317 1361 4379 possunt
1405 4310 1622 4365 intueri.
1682 4311 1879 4385 Verum

287 4414 490 4454 arcana
516 4396 668 4465 ﬁdei,
697 4397 896 4452 intima:
916 4399 1147 4469 gratiam
1194 4398 1510 4466 dilectionis,
1554 4396 1732 4456 nullus
1774 4399 1880 4454 nisi

286 4488 381 4559 qui
427 4502 530 4558 per
575 4488 711 4551 haec,
767 4487 995 4544 Domino
1043 4488 1200 4554 duce,
1245 4488 1313 4544 ad
1361 4489 1598 4545 coelestia
1648 4490 1875 4552 scandit,

286 4579 555 4650 agnoscit.
620 4599 639 4630 ‹
668 4579 769 4646 Qui
805 4578 948 4634 enim
990 4581 1119 4635 dicit
1145 4595 1203 4636 se
1232 4597 1391 4637 nosse
1425 4582 1619 4648 Deum,
1650 4592 1706 4639 et
1731 4599 1884 4637 man-

286 4671 414 4724 data
456 4669 578 4738 ejus
626 4686 733 4725 non
778 4672 1031 4737 custodit,
1078 4672 1309 4727 mendax
1354 4682 1439 4728 est
1478 4672 1531 4745 (I
1559 4672 1719 4728 Joan.
1751 4673 1833 4746 ιι).
1860 4694 1879 4725 ι

286 4758 597 4815 Notandum
627 4775 761 4815 sane
791 4760 934 4830 quod
978 4762 1200 4832 triginta
1243 4763 1411 4818 cubiti
1452 4763 1770 4830 altitudinis,
1817 4768 1886 4821 de

287 4850 487 4920 quibus
513 4865 681 4919 supra
706 4850 926 4922 legitur,
956 4868 1125 4923 usque.
1153 4855 1218 4907 ad
1260 4855 1494 4909 medium
1544 4856 1884 4933 coenaeulum

285 4943 703 5013 pertingebant;
741 4943 938 4999 deinde
984 4944 1072 4999 alii
1125 4945 1345 5014 triginta
1385 4945 1552 5001 cubiti
1600 4962 1771 5016 usque
1816 4948 1885 5003 ad

288 5033 510 5089 tertium
569 5032 907 5088 cmnaculum
962 5034 1338 5101 addebantur,
1391 5052 1672 5108 quousque
1717 5037 1885 5108 portiv

285 5139 475 5188 cuum,
506 5138 628 5193 quae
655 5134 809 5179 erant
836 5125 979 5180 circa
1009 5126 1267 5195 templum
1300 5127 1367 5181 ab
1391 5128 1606 5193 Austro,
1639 5137 1694 5183 et
1718 5129 1888 5199 Aqui-

284 5212 433 5279 lone,
493 5223 553 5268 et
604 5213 813 5269 Occasu
864 5224 1063 5270 tectum
1114 5218 1487 5285 perveniebat,
1539 5227 1600 5273 ut
1650 5218 1885 5290 Josepho

286 5313 555 5360 narrante
605 5305 912 5360 didicimus.
970 5306 1174 5362 Deinde
1228 5323 1402 5377 usque
1454 5308 1521 5363 ad
1574 5324 1884 5379 supremum

285 5397 476 5467 templi
501 5404 702 5451 tectum
728 5396 818 5452 alii
851 5399 1133 5469 sexaginta
1161 5399 1329 5453 cubiti
1355 5400 1798 5465 numerabantur,
1827 5408 1885 5455 et

282 5488 369 5543 sic
392 5496 506 5543 tota
537 5488 766 5544 altitudo
790 5489 985 5544 domus
1019 5489 1175 5560 juxta
1212 5490 1407 5545 librum
1433 5489 1882 5560 Paralipomenon

288 5580 347 5632 in
388 5590 615 5633 centum
660 5579 850 5651 viginti
891 5581 1102 5635 cubitos
1129 5590 1501 5637 consummata
1526 5589 1608 5635 est
1633 5579 1716 5652 (ΙΙ
1750 5580 1881 5634 Par.

288 5670 399 5739 ιιι).
453 5670 705 5728 Porticus
726 5688 962 5744 quoque,
991 5689 1110 5743 qua:
1137 5683 1258 5729 erat
1281 5682 1408 5728 ante
1434 5672 1668 5727 frontem
1700 5672 1882 5740 templi

284 5761 362 5818 ad
387 5764 873 5839 Orientem,jnxta
917 5766 1075 5821 ﬁdem
1120 5765 1326 5837 praelati
1379 5763 1687 5833 voluminis,
1736 5778 1883 5818 cam~

1912 4534 1960 4595 D

2063 3307 2081 3339 ι
2104 3288 2418 3346 Ᾱῖᾱὶιὶοίιγίι
2456 3292 2672 3349 domum
2709 3304 2763 3350 et
2798 3301 3193 3356 consummavit
3218 3315 3360 3357 eam.
3416 3303 3573 3360 Texit

1991 3397 2010 3431 ‹
2040 3396 2255 3451 quoque
2294 3383 2513 3439 domum
2564 3386 2912 3457 laquearibus
2957 3392 3210 3457 cedrinis,
3259 3402 3365 3450 etc.
3396 3415 3415 3447 ι
3475 3394 3576 3450 La-

1984 3473 2209 3541 quearia
2231 3483 2357 3529 sunt
2382 3477 2642 3545 tabulata,
2673 3495 2794 3550 qua:
2829 3496 3024 3551 magno
3053 3482 3249 3540 decore
3276 3487 3572 3557 composita

1983 3573 2038 3619 et
2066 3575 2278 3631 ornata,
2322 3567 2390 3622 ab
2415 3568 2671 3624 inferiore
2699 3581 2853 3642 parte
2884 3574 3126 3630 trabibus
3154 3575 3462 3647 alligantur.
3507 3577 3575 3632 Et

1984 3655 2109 3725 quia
2130 3665 2214 3712 ter
2234 3658 2464 3726 geminte
2486 3660 2784 3718 altitudinis
2812 3664 3002 3719 domus
3033 3664 3244 3720 Domini
3271 3666 3411 3722 facta
3433 3676 3569 3730 erat,

1986 3754 2136 3802 terna
2161 3749 2418 3804 nimirum
2449 3751 2680 3808 habebat
2702 3753 2993 3824 laquearia.
3038 3755 3177 3823 Quid
3207 3765 3385 3811 autem
3416 3773 3573 3826 aper-

1987 3841 2094 3896 tius
2134 3856 2232 3912 per
2282 3842 2588 3913 laquearia,
2634 3862 2796 3915 quam
2843 3847 3183 3902 sublimiorcs
3228 3862 3473 3918 quosque
3517 3850 3571 3904 in

1984 3943 2173 3989 sancta
2222 3935 2460 3990 Ecclesia
2493 3936 2670 4004 justos
2710 3938 3002 4006 signiﬁcari
3049 3937 3379 4001 credamus?
3430 3938 3575 4007 Quo-

1984 4041 2104 4081 rum
2130 4043 2265 4096 opus
2296 4037 2349 4083 et
2379 4028 2629 4083 doctrina’
2658 4030 2866 4085 cunctis
2898 4030 2951 4084 in
2990 4030 3236 4101 exemplo
3271 4012 3570 4102 proposita.

1983 4119 2137 4189 quasi
2168 4119 2378 4189 longius
2407 4120 2459 4174 in
2486 4120 2596 4174 alto
2616 4121 2949 4190 praeminet,
2965 4120 3165 4191 quique
3187 4121 3301 4176 suis
3319 4121 3576 4177 interces-

1983 4210 2226 4266 sionibus
2254 4219 2304 4266 et
2337 4212 2801 4267 exhortationibus
2829 4212 3040 4268 animos
3090 4213 3447 4279 inﬁrmorum,
3504 4229 3573 4270 ne

1985 4301 2038 4356 in
2072 4300 2458 4357 tentationibus
2491 4301 2766 4369 deﬁciant,
2792 4310 3101 4375 protegunt.
3153 4302 3283 4370 Qua:
3311 4304 3569 4359 nimirum

1984 4394 2258 4465 laquearia
2296 4402 2447 4449 recte
2491 4393 2711 4449 cedrina
2752 4409 2873 4449 esse
2922 4394 3319 4449 describuntur.
3364 4393 3574 4450 Cedrus

1984 4501 2219 4557 namque
2248 4487 2409 4541 arbor
2434 4495 2515 4541 est
2545 4485 2893 4555 imputribilis
2917 4486 3137 4541 omnino
3176 4493 3399 4553 naturae,
3441 4485 3575 4544 odo—

1987 4578 2323 4650 risjucundi,
2347 4589 2594 4650 aspectus
2620 4578 2795 4643 nitidi,
2825 4587 3104 4648 serpentes
3131 4593 3357 4633 accensa
3383 4578 3573 4634 nidore

1984 4670 2178 4743 fugans
2206 4687 2270 4727 ac
2299 4672 2586 4742 perimens.
2635 4670 2766 4738 Quae
2790 4670 3040 4726 universa
3069 4669 3321 4740 perfectis
3348 4671 3573 4742 quibus-

1985 4779 2090 4834 que
2118 4763 2463 4827 conveniunt,
2491 4777 2719 4831 quorum
2750 4761 3128 4832 insuperabilis
3157 4771 3244 4818 est
3284 4764 3569 4833 patientia,

1984 4852 2127 4908 fama
2146 4854 2420 4924 virtutum
2447 4850 2665 4917 e’ximia,
2702 4848 2988 4921 pnescntia
3024 4852 3237 4907 cunctis
3262 4853 3567 4924 gratissima
3608 4900 3615 4907 .

1984 4946 2160 5012 bonis,
2190 4945 2485 5001 auctoritas
2513 4943 2581 4998 ad
2611 4943 2963 4999 revincendos
2983 4940 3448 5014 confutandosque
3475 4960 3572 5001 eos

1985 5037 2076 5105 qui
2103 5035 2318 5091 veritati
2356 5033 2632 5099 resistunt,
2664 5033 3118 5099 constantissima,
3165 5034 3257 5104 qui
3291 5042 3343 5090 et
3376 5034 3432 5089 in
3464 5035 3569 5091 hac

1984 5129 2095 5182 vita
2122 5135 2176 5181 ct
2202 5129 2254 5182 in
2280 5127 2457 5182 futura
2483 5124 2742 5198 singulari
2770 5140 2879 5196 pra:
2905 5126 3112 5180 caeteris
3132 5126 3426 5182 eminentia
3463 5124 3571 5181 fui--

1986 5229 2132 5288 gent.

2063 5329 2082 5362 ‹
2114 5311 2180 5365 Et
2216 5308 2501 5365 aediﬁcavit
2541 5308 2840 5363 tabulatum
2891 5321 3055 5377 super
3092 5322 3308 5362 omnem
3346 5306 3568 5362 domum

1996 5421 2014 5454 ι
2040 5402 2279 5472 quinque
2306 5400 2501 5457 cubitis
2536 5398 2851 5453 altitudinis.
2888 5418 2906 5451 ι
2962 5397 3240 5453 Loriculas
3278 5398 3564 5469 signiﬁcat,

1989 5509 2111 5564 quae
2142 5493 2194 5547 in
2221 5506 2471 5563 supremo
2509 5491 2700 5546 domus
2746 5498 2889 5544 teeto
2939 5505 3036 5559 per
3079 5489 3365 5544 circuitum
3411 5495 3568 5540 erant

1991 5583 2164 5645 factae,
2188 5598 2255 5637 ne
2278 5581 2399 5651 quis
2428 5581 2495 5635 ad
2526 5580 2715 5634 altiora
2744 5580 3084 5649 perveniens,
3112 5586 3330 5649 repente
3360 5576 3570 5630 labere-

1991 5680 2079 5727 tur
2114 5674 2182 5727 ad
2207 5673 2313 5726 ima
2342 5690 2353 5724 :
2386 5670 2529 5741 quod
2564 5671 2619 5724 in
2646 5671 2793 5724 omni
2820 5670 2979 5725 domo
3004 5686 3165 5739 quam
3194 5669 3420 5739 quisque
3447 5668 3580 5723 sedi-

1990 5764 2178 5820 ﬁcarct
2210 5764 2419 5835 Moyses
2461 5762 2579 5818 ﬁeri
2626 5762 2921 5832 praecepit:
2958 5781 2975 5813 ι
3018 5761 3151 5816 Cum
3197 5760 3572 5824 mdiﬁcavcris,
