4026 6202
428 362 525 419 H7

1064 353 1126 407 B.
1172 350 1421 435 ΗΑΒᾹΝΙ
1461 352 1677 408 MAURI
1714 348 2033 406 ARClllEP.
2075 347 2383 405 MOGUNT.
2423 349 2707 406 OPERUEI
2744 349 2923 407 PARS
2962 350 3001 404 l.

3565 349 3663 408 148

424 477 692 547 inquiens,
739 472 956 528 domum
1013 486 1225 538 novam,
1274 470 1440 525 facies
1483 485 1693 525 murum
1734 467 1861 524 tecti
1902 481 2000 537 per
2025 463 2289 533 Ajnstos.
2344 468 2445 535 Qui
2465 471 2618 540 quasi
2643 469 2697 523 in
2722 485 2932 524 summo
2961 468 3152 524 domus
3178 466 3271 522 Dei
3296 466 3577 522 cacumine
3603 467 3682 523 lo-

421 567 724 624 circuitum,
770 578 839 619 ne
873 561 1180 617 effundatur
1208 561 1429 632 sanguis
1457 562 1508 615 in
1540 561 1699 615 domo
1726 567 1815 613 tua
1838 567 1893 613 et
1918 557 1996 612 sis

424 675 549 714 reus
571 658 782 711 labente
814 652 920 707 alio
953 662 1006 706 et
1031 652 1084 706 in
1113 665 1352 720 princeps
1374 658 1564 704 ruente
1584 648 1762 722 (Deut.
1784 653 1941 717 nn).
1968 664 1988 698 ι

422 750 548 805 "me
576 755 753 802 autem
790 742 1026 799 tabulata
1051 742 1163 796 sive
1191 740 1409 795 oriculaa
1447 754 1609 810 supra
1656 746 1783 793 sunt
1824 738 1993 793 latera

420 852 630 906 vocata,
657 839 753 894 ubi
779 853 902 894 cum
934 836 1135 891 dictum
1158 841 1302 888 esset
1328 852 1341 887 :
1369 849 1387 883 ι
1411 832 1479 886 Et
1512 830 1797 885 mdiﬁcavit
1835 843 1997 897 super

420 935 682 1006 parietem
714 929 899 999 templi
937 927 1172 982 tabulata
1217 941 1313 995 per
1357 939 1546 995 gyrum
1594 924 1647 978 in
1700 922 1997 993 parietibus

421 1028 614 1082 domus
647 1037 745 1093 per
776 1019 1061 1076 circuitum
1104 1015 1287 1085 templi
1328 1024 1382 1069 et
1412 1014 1644 1077 oraculi,
1686 1032 1705 1068 ι
1740 1012 1996 1068 continuo

422 1120 723 1190 subjectum
774 1121 858 1169 est
888 1128 903 1167 :
939 1129 958 1163 ι
1002 1111 1067 1164 Ει
1096 1109 1223 1163 fecit
1273 1107 1441 1163 latera
1489 1106 1542 1161 in
1599 1106 1849 1161 circuitu.
1882 1124 1902 1157 ι
1937 1102 1994 1158 ln

420 1212 618 1282 quibus
659 1207 915 1263 nimirum
964 1201 1222 1258 lateribus
1268 1199 1631 1255 intelleximus
1660 1196 1839 1253 divina
1877 1210 1997 1251 esse

420 1301 668 1373 praesidia
702 1297 980 1368 designata
1013 1313 1026 1349 :
1061 1309 1179 1363 qua:
1207 1307 1306 1347 nos
1332 1293 1385 1349 in
1428 1292 1529 1346 hoc
1575 1291 1752 1344 adhuc
1800 1288 1996 1345 saeculo

422 1391 749 1452 laborantes,
778 1401 843 1441 ac
876 1399 978 1456 pro
1005 1391 1162 1453 captu
1197 1390 1382 1436 nostro
1411 1380 1476 1433 ad
1507 1378 1787 1448 superiora
1820 1377 1997 1432 niten-

422 1492 524 1546 tes,
554 1477 790 1550 quotidie
822 1492 891 1530 ne
926 1473 1257 1538 deﬁciamus,
1301 1471 1572 1541 adjuvant.
1626 1468 1772 1524 Bene
1814 1475 1995 1522 autem

422 1575 476 1629 in
512 1574 615 1627 hoc
641 1583 890 1640 supremo
922 1564 1176 1631 tabulato,
1222 1564 1276 1618 in
1328 1570 1471 1617 tecto
1514 1561 1707 1616 domus
1759 1557 1992 1622 Domini,

421 1664 658 1733 quinque
689 1658 900 1714 cnbitos
938 1655 1101 1710 altum
1135 1668 1257 1709 esse
1297 1657 1647 1712 memoratur,
1678 1649 1805 1718 quia
1838 1646 1997 1702 nimi-

425 1764 543 1804 rum
568 1747 641 1801 ita
672 1761 770 1800 nos
800 1744 852 1798 in
881 1744 969 1799 illa
1001 1740 1170 1811 patria
1201 1740 1395 1795 divinm
1422 1737 1709 1810 prazsentia
1734 1734 1993 1791 claritatis

421 1856 452 1893 a
477 1837 696 1908 Eimplet,
736 1843 795 1889 ut
829 1833 962 1888 nihil
1005 1831 1149 1886 aliud
1190 1830 1336 1884 visus
1366 1836 1567 1893 uoster,
1596 1825 1729 1881 nihil
1758 1824 1993 1891 auditus,
2025 1820 2072 1879 B

422 1928 556 1984 nihil
581 1926 830 1989 olfactus,
857 1923 993 1980 nihil
1019 1930 1225 1990 gustus,
1249 1919 1382 1975 nihil
1410 1926 1586 1973 tactus
1606 1916 1760 1972 dulce
1780 1916 1992 1979 habeat,

421 2019 523 2073 nisi
551 2017 770 2088 diligere
795 2014 1077 2069 Dominum
1103 2012 1269 2066 Deum
1291 2017 1557 2073 nostrum,
1585 2022 1650 2062 ex
1682 2014 1793 2062 tcto
1812 2006 1994 2072 corde,

423 2116 535 2164 tota
563 2108 766 2171 anima,
804 2114 914 2160 tota
957 2104 1181 2169 virtute,
1219 2101 1441 2171 diligere
1467 2106 1521 2153 et
1541 2097 1848 2169 proximum
1880 2107 1999 2151 tan-

422 2214 586 2270 quam
620 2196 975 2275 nosmetipsos
1014 2193 1190 2266 (Deut.
1224 2190 1320 2263 vt).

500 2310 517 2341 ι
544 2289 612 2345 Et
641 2287 853 2348 operuit
887 2285 1103 2339 domum
1144 2280 1305 2352 lignis
1332 2279 1586 2336 cedrinis.
1611 2297 1630 2332 ι
1679 2279 1779 2333 Hic
1805 2291 1996 2348 supre-

422 2395 569 2436 mum
611 2380 788 2449 ipsum
823 2376 1016 2431 domus
1062 2381 1263 2429 tectum
1299 2372 1453 2437 dicit,
1480 2371 1534 2426 id
1557 2377 1663 2437 est,
1698 2370 1997 2425 tabulatum

421 2469 546 2526 illud
573 2469 712 2538 quod
730 2466 996 2535 supremis
1022 2464 1266 2519 trabibus
1290 2463 1687 2533 superpositum
1712 2469 1846 2517 erat.
1880 2461 1996 2515 Non

421 2561 565 2614 enim
597 2557 828 2615 habebat
851 2555 1106 2625 templum
1136 2553 1349 2608 culmen
1377 2553 1430 2607 in
1462 2553 1854 2622 superioribus,
1893 2553 1998 2607 sie-

421 2657 475 2704 ut
525 2663 624 2703 nec
668 2644 1103 2710 tabernaculum,
1150 2643 1243 2698 sed
1288 2650 1409 2698 erat
1445 2641 1689 2712 aequale,
1730 2644 1998 2712 quomodo

419 2740 674 2796 omnibus
704 2737 758 2792 in
787 2735 1071 2791 Palaastina
1112 2742 1168 2790 et
1205 2732 1439 2805 {Egypto
1468 2734 1659 2790 domus
1688 2733 2000 2788 aedificanti-

419 2833 522 2887 bus
550 2829 724 2884 facere
766 2829 933 2883 moris
974 2834 1076 2883 est.
1124 2825 1182 2882 ld
1227 2826 1400 2896 ipsum
1438 2834 1620 2881 autem
1654 2827 1758 2881 hoc
1792 2825 1998 2881 tabula-

423 2934 556 2989 tum,
598 2939 704 2994 quo
740 2928 925 2993 operta
967 2928 1051 2976 est
1092 2920 1301 2987 domus,
1348 2919 1622 2989 laquearia
1659 2918 1920 2989 designat,
1944 2917 1997 2974 id

420 3026 525 3079 est,
568 3013 797 3071 eximios
839 3028 1079 3084 quosque
1111 3013 1166 3068 in
1196 3012 1609 3071 resurrectionis
1632 3012 1802 3083 gloria
1826 3013 1992 3077 viros,

420 3114 474 3163 et
502 3104 759 3177 singulari
786 3104 1071 3158 sanctitate
1097 3103 1164 3158 ad
1197 3102 1370 3172 ipsum
1401 3101 1618 3157 virtutis
1643 3102 1849 3171 apicem
1872 3117 1997 3172 per-

419 3196 716 3250 venientes.
763 3193 848 3247 De
869 3208 1099 3263 quorum
1126 3207 1230 3245 una
1258 3205 1384 3245 voce
1407 3190 1606 3245 dicitur
1636 3208 1648 3244 :
1676 3170 1702 3265 ,ι
1731 3170 1995 3245 lator—na-
2022 3170 2066 3233 (ἶ

424 3300 509 3347 tos
540 3288 823 3345 mulierum
858 3303 966 3342 non
1011 3286 1249 3342 surrexit
1292 3283 1712 3355 majorJoaune
1755 3285 1997 3353 Baptista

422 3381 443 3445 (
453 3380 638 3436 Matth.
672 3379 768 3452 ιιι).
796 3399 814 3431 ι
859 3378 1021 3447 Cujus
1048 3380 1090 3433 si
1116 3392 1422 3447 comparem
1447 3376 1829 3446 magnitudinis
1858 3378 1999 3433 scire

420 3468 671 3529 vis,audi
711 3468 838 3538 quid
883 3467 1029 3522 Patri
1080 3467 1249 3536 ipsius
1284 3465 1506 3535 angelus
1551 3466 1628 3520 ait
1676 3483 1692 3519 :
1730 3467 1836 3522 «Et
1884 3468 1998 3537 ipse

430 3559 690 3628 prreoedct
747 3567 872 3616 ante
912 3559 1196 3616 Dominum
1232 3558 1285 3614 in
1319 3556 1523 3629 Spiritu
1557 3566 1611 3614 et
1640 3558 1838 3614 virtute
1867 3558 1999 3615 Elim

422 3653 572 3712 (Luc.
602 3653 661 3725 t).
688 3674 707 3708 ι

501 3765 521 3798 ι
549 3747 617 3801 Et
651 3744 937 3802 aediﬁcavit
960 3745 1194 3815 parietes
1225 3745 1415 3801 domus
1439 3745 1765 3800 intrinsecus
1790 3744 1999 3800 tabula-

430 3854 449 3889 ι
480 3836 549 3890 tis
583 3835 816 3892 cedrinis
849 3850 878 3888 a
911 3835 1219 3908 pavimento
1260 3835 1450 3890 domus
1489 3849 1660 3904 usque
1683 3834 1750 3889 ad
1777 3834 1998 3890 summi-

429 3946 450 3980 ι
479 3936 642 3983 tatem
670 3926 956 3997 parietum,
987 3934 1041 3981 et
1069 3941 1239 3996 usque
1279 3927 1347 3981 ad
1385 3925 1658 3996 laquearia
1687 3925 1898 3995 operuit
1934 3924 1999 3979 li-

429 4037 450 4072 ι
478 4019 598 4091 guis
625 4018 968 4084 intrinsecus,
998 4025 1103 4074 etc:
1138 4035 1156 4071 ι
1207 4017 1537 4073 lntrinsecus
1564 4017 1778 4087 quidem
1807 4017 1997 4072 domus

429 4112 588 4167 cedro
616 4118 735 4165 erat
764 4111 976 4165 vestita.
1039 4110 1171 4165 Nam
1211 4110 1510 4167 forinsecus
1541 4094 1689 4165 tanto
1717 4110 1894 4166 nitore
1922 4108 1997 4162 la-

429 4207 510 4272 pis
532 4202 638 4264 ille,
671 4202 737 4257 de
771 4218 876 4271 quo
913 4201 1053 4259 facta
1091 4202 1286 4267 fuerat,
1316 4202 1572 4271 fulgebat,
1613 4218 1678 4257 ac
1711 4203 1756 4257 si
1788 4197 1998 4257 calculo

426 4300 571 4353 esset
598 4290 824 4346 candido
851 4301 1010 4345 teeta.
1051 4290 1210 4346 Juxta
1237 4306 1428 4347 sensus
1446 4308 1573 4347 vero
1598 4294 1871 4362 mysticos,
1905 4305 1997 4362 pa-

423 4386 589 4441 rietes
618 4382 800 4454 templi
835 4390 958 4437 sunt
985 4381 1216 4437 ﬁdelium
1251 4384 1449 4453 populi,
1486 4402 1552 4439 ex
1579 4386 1774 4454 quibus
1809 4394 1995 4439 sancta

421 4473 745 4530 universalis
777 4472 1021 4530 consistit
1056 4473 1312 4540 Ecclesia,
1349 4486 1578 4545 quorum
1633 4476 1996 4531 dilatationcm

420 4581 519 4636 per
544 4566 731 4622 orbem
759 4563 982 4620 latitudo
1004 4565 1246 4636 designat
1270 4565 1554 4634 parietum,
1583 4579 1734 4635 spem
1777 4580 1908 4620 vero
1945 4574 2000 4621 et

423 4656 777 4713 intentionem
813 4659 1030 4708 omnem
1075 4654 1142 4707 ad
1191 4654 1428 4709 coelestia
1476 4661 1712 4709 erectam
1751 4654 1995 4708 altitudo.

423 4747 520 4801 Vel
556 4755 706 4803 certe
741 4744 964 4799 altitudo
1002 4743 1246 4814 parietis,
1291 4759 1410 4814 qua:
1448 4759 1512 4799 ex
1552 4745 1831 4800 ordinibus
1859 4744 1997 4814 lapi-

422 4840 548 4893 dum
573 4853 736 4908 super
764 4836 992 4892 invicem
1017 4836 1207 4907 positis
1230 4845 1460 4901 constat,
1486 4838 1767 4908 praesentis
1796 4847 1997 4893 statum

424 4928 679 4984 Ecclesiae
710 4926 997 4998 signiﬁcat,
1048 4926 1135 4981 ubi
1180 4926 1358 4994 electi,
1401 4943 1563 4998 super
1590 4927 1996 4995 fundamentum

422 5017 622 5073 tibi-isti
646 5031 833 5071 omnes
858 5016 1130 5082 mdiﬁcati,
1172 5017 1273 5072 sibi
1316 5018 1547 5073 invicem
1589 5019 1642 5073 in
1684 5020 1874 5075 ordine
1902 5035 2000 5090 per

424 5116 725 5174 temporum
779 5106 1044 5161 curricula
1095 5105 1386 5161 succedunt
1412 5146 1427 5172 ,
1483 5122 1708 5177 seseque
1769 5108 1997 5164 invicem

423 5203 721 5263 portantes,
749 5194 915 5265 legem
946 5195 1164 5261 Christi,
1188 5210 1305 5265 qua:
1326 5209 1407 5251 cst
1426 5198 1679 5263 Charitas,
1706 5201 2000 5271 adimplent

424 5283 624 5358 (Galat.
652 5284 748 5357 vt).
809 5286 944 5340 Dum
990 5288 1133 5342 enim
1181 5288 1273 5358 qui
1313 5305 1455 5344 nunc
1500 5305 1531 5344 a
1573 5291 1999 5360 przucedentibus

420 5378 743 5435 erudiuntur
780 5379 1053 5449 magistris
1079 5420 1094 5445 ,
1144 5395 1354 5434 rursum
1402 5380 1501 5450 ipsi
1543 5381 1681 5437 alios
1721 5383 1994 5449 erudiunt,

422 5472 577 5544 quasi
621 5486 786 5542 super
829 5472 1057 5526 invicem
1097 5473 1287 5542 positis
1332 5473 1607 5528 ordinibus
1644 5475 1839 5544 quique
1864 5474 1997 5546 lapi-

423 5567 548 5620 dum
575 5562 811 5618 virorum
840 5562 893 5617 in
922 5563 1079 5617 domo
1116 5563 1231 5627 Dei,
1264 5563 1343 5617 sic
1365 5564 1432 5617 ab
1463 5562 1584 5617 aliis
1614 5563 1716 5617 ﬁxa
1743 5574 1997 5620 constan-

426 5656 495 5712 tia
520 5663 832 5726 portantur,
859 5664 920 5708 ut
944 5653 1010 5707 ad
1034 5654 1322 5723 portandos
1350 5654 1480 5709 alios
1511 5664 1565 5709 et
1600 5655 1698 5724 ipsi
1729 5656 1995 5712 suflieiant

427 5764 592 5818 usque
631 5749 697 5805 ad
732 5748 970 5811 ultimos,
1006 5747 1095 5818 qui
1130 5746 1180 5801 in
1207 5746 1313 5801 ﬁne
1344 5747 1524 5801 mundi
1556 5748 1811 5803 uascituri
1844 5759 1989 5813 sunt,

2093 568 2199 615 catt
2230 559 2489 615 docentur
2515 562 2730 630 quidem
2767 570 2820 617 et
2844 568 3127 630 portantur
3154 558 3229 613 ab
3253 558 3395 621 aliis,
3424 558 3516 612 sed
3546 573 3683 629 quos

2093 651 2323 706 doceant
2347 667 2641 720 quorumve
2671 651 3013 723 fragilitatem
3051 651 3281 706 tolerent
3310 650 3411 719 ipsi
3444 666 3548 705 non
3576 651 3676 705 ha-

2092 742 2240 797 bent.
2317 740 2421 809 Qui
2468 742 2715 798 videlicet
2754 743 2991 813 parietes
3038 742 3364 797 intrinseCus
3425 742 3682 798 tabulatis

2093 836 2328 891 cedrinis
2356 836 2690 904 operiuntur,
2714 850 2838 890 cum
2870 836 3031 890 corda
3073 833 3307 889 fidelium
3348 849 3535 889 amore
3565 834 3680 889 vir-

2097 938 2270 982 tutum
2296 927 2617 982 redundant.
2673 927 2823 982 Sicut
2851 927 2995 984 enim
3015 927 3161 982 cedri
3189 936 3384 981 natura
3411 926 3682 996 perfectos

2095 1021 2340 1076 homines
2385 1020 2467 1092 (ut
2499 1036 2662 1090 supra
2703 1018 2983 1092 Dominus)
3032 1018 3211 1089 typice
3262 1019 3562 1084 denuntiat,
3605 1018 3682 1072 ita

2093 1111 2256 1165 etiam
2285 1109 2416 1165 locis
2448 1108 2763 1179 opportunis
2793 1106 3165 1163 celsitudinem
3189 1106 3450 1162 virtutum
3480 1105 3679 1175 quibus

2095 1200 2162 1254 ad
2189 1200 2433 1255 eamdem
2461 1197 2848 1268 perfectionem
2875 1198 3122 1261 venitur,
3150 1212 3258 1251 non
3288 1196 3554 1253 immerito
3584 1196 3679 1252 de-

2095 1294 2293 1364 signat.
2339 1291 2616 1362 Teguntur
2651 1296 2833 1344 autem
2877 1289 3059 1345 omnia
3106 1286 3267 1356 lignis
3304 1302 3337 1342 a
3371 1286 3680 1357 pavimento

2092 1388 2287 1442 domus
2309 1400 2483 1455 usque
2510 1385 2575 1439 ad
2604 1383 2968 1450 summitatem
2998 1381 3286 1453 parietum,
3317 1396 3489 1451 usque
3515 1381 3581 1436 ad
3606 1381 3682 1436 la-

2093 1476 2334 1548 quearia,
2362 1492 2485 1531 cum
2515 1475 2669 1531 electi
2700 1491 2730 1529 a
2760 1474 2948 1545 primis
2977 1473 3097 1529 ﬁdei
3129 1462 3447 1528 rudimentis
3465 1513 3479 1537 ,
3509 1489 3680 1543 usque

2094 1567 2161 1621 ad
2194 1565 2580 1635 perfectionem
2620 1566 2773 1619 honre
2796 1563 3045 1627 actionis,
3073 1574 3129 1618 et
3157 1577 3327 1632 usque
3367 1563 3433 1618 ad
3474 1564 3679 1635 ingres-

2094 1672 2213 1712 sum
2255 1657 2443 1725 patriae
2480 1655 2734 1720 caelestis,
2776 1653 2933 1710 bonis
2971 1654 3222 1708 insudare
3268 1668 3376 1707 non
3412 1653 3678 1708 desistunt

2095 1748 2367 1817 operibus,
2408 1762 2530 1802 cum
2568 1762 2597 1801 a
2643 1736 2832 1815 primis
2864 1743 3028 1813 justis
3065 1759 3235 1814 usque
3263 1747 3328 1798 ad
3357 1745 3577 1800 ultimos
3619 1746 3672 1801 in

2098 1840 2559 1896 consummatione
2609 1838 2820 1901 steculi,
2873 1851 3063 1907 omnes
3105 1837 3396 1892 virtutibus
3436 1837 3674 1901 student,

2096 1947 2321 2003 quarum
2368 1932 2560 1987 merito
2581 1931 2704 2001 jure
2737 1929 2946 1986 valeant
2966 1929 3251 2000 protestari
3278 1929 3404 1999 quia
3434 1928 3677 1985 «Christi

2096 2027 2269 2082 bonus
2299 2026 2432 2080 odor
2458 2038 2644 2080 sumus
2670 2023 2780 2078 Deo
2800 2043 2818 2076 ι
2855 2022 2908 2077 in
2936 2021 3080 2077 omni
3113 2020 3230 2077 loco
3253 2020 3339 2093 (II
3360 2017 3482 2075 Cor.
3512 2020 3596 2089 ιι).

2172 2135 2191 2168 ‹
2215 2117 2281 2172 Et
2302 2116 2435 2172 texit
2457 2114 2822 2186 pavimentum
2846 2111 3042 2167 tabulis
3067 2111 3328 2183 abiegnis.
3356 2129 3375 2163 ι
3411 2109 3525 2166 Hoc
3546 2125 3677 2181 quo-

2096 2209 2255 2263 modo
2285 2207 2483 2263 factum
2511 2207 2598 2271 sit,
2624 2205 2835 2275 plenius
2864 2203 2918 2258 in
2945 2204 3082 2259 libro
3106 2202 3549 2273 Paralipomenon
3577 2218 3677 2259 ex-

2096 2299 2328 2369 plicatur
2370 2297 2461 2351 ubi
2509 2296 2767 2367 scriptum
2807 2301 2930 2349 est:
2966 2311 2984 2344 ι
3016 2292 3217 2347 Stravit
3264 2306 3479 2362 quoque
3521 2292 3676 2362 pavi-

2096 2397 2333 2444 mentum
2376 2385 2768 2458 pretiosissimo
2815 2398 3082 2439 marmore
3137 2382 3330 2439 decore
3370 2373 3540 2437 multo
3581 2381 3672 2454 (II

2097 2477 2224 2534 Par.
2256 2477 2362 2548 ιιι).
2387 2497 2405 2530 ι
2429 2476 2584 2532 Unde
2605 2481 2754 2544 patet
2773 2473 2911 2542 quod
2943 2471 3150 2527 tabulas
3177 2472 3452 2540 abiegnas,
3479 2472 3678 2541 quibus

2094 2570 2457 2641 pavimentum
2503 2575 2740 2631 texerat,
2786 2579 3123 2634 nequaquam
3165 2563 3221 2617 in
3273 2571 3418 2617 terra
3460 2563 3673 2632 posuit;

2093 2665 2189 2718 sed
2213 2663 2442 2734 primum
2470 2660 2597 2716 illud
2628 2671 2894 2714 marmore
2920 2657 3185 2726 praetexit,
3217 2671 3282 2711 ac
3306 2656 3499 2711 deinde
3520 2657 3671 2711 tabu-

2093 2753 2173 2809 las
2196 2751 2449 2807 marmori
2478 2748 2843 2821 superposuit,
2872 2762 2936 2802 ac
2965 2746 3180 2802 tertium
3208 2746 3291 2800 his
3316 2744 3526 2800 duobus
3553 2744 3669 2800 auri

2094 2843 2342 2898 vestitum
2371 2840 2755 2911 superaddidit,
2781 2847 2844 2895 ut
2863 2840 2915 2894 in
2944 2838 3290 2909 sequentibus
3316 2837 3528 2908 legitur.
3556 2836 3675 2893 Sic-

2093 2943 2151 2990 ut
2196 2942 2375 2989 autem
2405 2932 2629 2987 altitudo
2654 2932 2876 3002 parietis
2911 2931 2961 2986 in
2991 2931 3158 3005 altum
3187 2946 3482 3001 exsurgens
3510 2940 3674 3002 atque

2094 3040 2263 3095 usque
2304 3024 2370 3077 ad
2413 3022 2685 3092 laquearia
2718 3021 3053 3091 perveniens,
3091 3019 3366 3090 profectus
3391 3021 3672 3085 virtutum,

2095 3116 2291 3186 quibus
2336 3113 2494 3168 electi
2542 3112 2609 3167 ad
2662 3126 2889 3182 regnum
2931 3111 3152 3165 cmleste
3196 3111 3532 3180 perveniunt,
3583 3112 3674 3166 vel

2099 3212 2248 3259 certe
2286 3204 2429 3273 ipsos
2474 3202 2767 3275 electorum
2812 3201 3005 3267 choros
3044 3199 3259 3254 sibimet
3296 3214 3395 3268 per
3433 3206 3676 3269 tempora

2097 3295 2360 3350 variantia
2401 3295 2752 3351 succedentes
2793 3291 3078 3364 signiﬁcat,
3110 3291 3183 3346 ita
3212 3289 3490 3361 :equalitas
3522 3291 3677 3361 pavi-

2099 3386 2266 3441 menti
2311 3385 2633 3440 concordem
2678 3384 2986 3440 eorumdem
3036 3381 3411 3446 humilitatem,
3462 3396 3568 3451 qua
3618 3381 3674 3436 in

2100 3474 2378 3545 temporali
2417 3474 2594 3528 adhuc
2616 3474 2723 3528 vita
2743 3472 2902 3544 positi
2933 3471 3206 3527 socialiter
3236 3471 3465 3527 invicem
3497 3471 3678 3526 chari-

2098 3573 2211 3620 tate
2258 3566 2499 3621 dictante
2540 3573 2954 3631 conversantur,
2996 3579 3103 3619 non
3146 3562 3418 3618 immerito
3448 3561 3673 3618 demon-

2097 3663 2254 3711 strat.

2167 3743 2320 3811 Quod
2376 3742 2627 3799 videlicet
2686 3730 3051 3814 pavimentum
3106 3738 3498 3814 pretiosissimo
3558 3750 3678 3799 erat

2098 3850 2369 3891 marmore
2405 3844 2635 3891 stratum
2679 3836 2874 3891 decore
2914 3834 3100 3901 multo,
3144 3835 3395 3905 idemque
3435 3850 3678 3889 marmor

2097 3912 2220 3984 nth
2250 3928 2444 3985 tabulis
2469 3935 2670 3984 tectum
2697 3920 2956 3999 abiegnis,
2986 3928 3110 3998 quia
3130 3927 3388 3981 nimirum
3414 3926 3524 3981 vita
3549 3940 3678 3980 san-

2095 4030 2305 4077 ctorum
2340 4020 2514 4091 primo
2540 4019 2664 4075 ﬁdei
2691 4019 2946 4074 ﬁrmitate
2980 4018 3380 4088 przemunienda
3405 4018 3459 4072 in
3488 4018 3675 4082 corde,

2096 4128 2161 4167 ac
2183 4113 2375 4168 deinde
2395 4111 2677 4183 Spirituum
2702 4110 2957 4166 virtutum
2981 4110 3261 4165 latitudine
3275 4116 3355 4166 est
3368 4108 3677 4164 adornanda

2097 4203 2152 4258 in
2214 4218 2396 4275 opere.
2460 4202 2711 4271 Alioquin
2760 4202 2887 4273 quid
2938 4201 3184 4258 utilitatis
3232 4202 3468 4257 habebat
3513 4202 3680 4257 decor

2097 4296 2384 4353 marmoris
2414 4293 2789 4364 pretiosissimi
2814 4293 3077 4363 lignorum
3108 4292 3305 4347 tabulis
3334 4293 3602 4357 obtectus,
3628 4291 3672 4346 si

2095 4404 2203 4443 nun
2236 4386 2520 4457 mysticum
2556 4384 2771 4455 aliquod
2801 4384 2962 4439 tacite
2998 4383 3265 4453 signabat,
3313 4398 3376 4440 ac
3407 4384 3673 4438 honorum

2022 4476 2503 4569 Damplitudinem
2548 4489 2771 4545 operum
2817 4473 3130 4528 fortitudine
3174 4472 3297 4528 ﬁdei
3339 4472 3675 4527 intemeratae

2101 4567 2523 4626 subfulciendam
2548 4581 2666 4622 esse
2697 4564 2961 4620 docebat?
3004 4562 3168 4618 Abies
3192 4576 3319 4618 vero
3355 4570 3575 4633 propter
3606 4561 3680 4616 al-

2100 4660 2382 4717 titudinem
2406 4658 2491 4714 sui
2526 4665 2582 4714 et
2622 4657 2786 4712 robur
2807 4655 2894 4711 diu
2922 4653 3184 4721 durabile,
3210 4663 3446 4711 mentem
3477 4652 3678 4708 electo~

2100 4768 2221 4807 rum
2247 4750 2427 4806 inﬁma
2451 4764 2677 4821 qua:un
2713 4748 2980 4803 desideria
3016 4756 3377 4819 spernentem,
3422 4755 3476 4802 et
3513 4746 3677 4801 cmic-

2100 4846 2264 4900 stium
2300 4838 2735 4911 contemplatiOni
2768 4854 2981 4910 semper
3010 4840 3291 4904 intentam,
3322 4838 3523 4893 virtute
3544 4853 3678 4908 quo-

2102 4951 2205 5006 que
2246 4932 2518 5005 patientiae
2555 4928 2898 5000 singulariter
2937 4927 3311 4993 excellentem,
3346 4941 3453 4981 non
3489 4926 3676 4980 incon-

2100 5040 2232 5096 grue
2276 5024 2626 5078 demonstrat.
2680 5017 2813 5073 Auri
2861 5026 3040 5072 autem
3089 5016 3322 5081 laminae,
3370 5030 3490 5086 qua:
3530 5030 3677 5069 mar-

2100 5114 2237 5170 mori
2277 5128 2340 5168 ac
2385 5111 2578 5167 tabulis
2615 5118 2740 5166 sunt
2771 5109 3012 5181 abiegnis
3048 5107 3419 5180 superpositze,
3448 5107 3563 5177 ipsa
3591 5113 3678 5162 est

2098 5207 2322 5261 latitudo
2356 5224 2375 5256 ‹
2396 5203 2695 5269 cbaritatis,
2716 5223 2733 5254 ι
2761 5204 2922 5259 decor
2951 5222 2968 5255 ι
2988 5204 3055 5258 de
3081 5202 3245 5258 corde
3275 5217 3438 5272 puro,
3468 5211 3525 5256 et
3550 5217 3677 5257 eon-

2101 5297 2324 5353 scientia
2346 5294 2502 5357 bona,
2536 5302 2590 5349 et
2612 5294 2714 5349 ﬁde
2740 5309 2848 5349 non
2875 5292 2999 5348 ﬁcta
3027 5292 3077 5365 (1
3104 5292 3239 5347 Tim.
3268 5293 3308 5364 ι)
3335 5310 3350 5344 :
3373 5310 3392 5343 ι
3416 5307 3537 5361 qua:
3565 5291 3673 5346 sic-

2098 5396 2157 5440 ut
2184 5400 2370 5440 aurum
2414 5383 2532 5438 aliis
2574 5383 2864 5453 pretiosius
2909 5390 2993 5437 est
3036 5381 3297 5445 metallis,
3343 5381 3419 5436 ita
3462 5381 3677 5435 caeteris

2095 5476 2325 5533 eximior
2342 5474 2632 5528 virtutibus
2657 5472 2711 5528 in
2740 5471 2937 5542 templo
2950 5471 3041 5525 Dei
3058 5471 3312 5543 singulari
3337 5471 3455 5525 luce
3483 5468 3671 5541 fulget.

2171 5588 2190 5618 ι
2212 5566 2522 5623 Ᾰέάίῆριινὶῑ
2539 5581 2750 5635 quoque
2772 5564 2957 5633 viginti
2982 5565 3286 5629 cubitorum
3310 5563 3376 5620 ad
3403 5563 3674 5635 posterio-

2100 5678 2117 5711 ι
2146 5674 2260 5713 rem
2300 5665 2508 5728 partem
2556 5655 2738 5726 templi
2779 5653 3012 5709 tabulata
3056 5642 3277 5709 cedrina
3304 5671 3333 5709 a
3358 5655 3671 5724 pavimento

2098 5772 2115 5804 ‹
2147 5766 2317 5821 usque
2364 5748 2429 5804 ad
2477 5749 2782 5819 superiora;
2830 5754 2885 5802 ct
2929 5745 3056 5803 fecit
3097 5746 3408 5803 inter'orcm
3449 5748 3667 5803 domum
