4026 6202
314 316 418 374 ua
452 362 473 394 ,

1130 308 1492 366 ,COMMENT.
1527 306 1597 363 ΙΝ
1635 304 1880 362 LIBROS
1914 303 1981 359 IV
2018 302 2281 361 REGUM.
2319 336 2388 344 —
2420 302 2490 359 IN
2526 302 2654 359 LIB.
2690 302 2778 361 111.

3478 307 3582 366 150

318 452 339 483 ε
370 427 581 485 oraculi
630 426 685 480 iu
725 423 925 479 Sancto
954 429 1286 487 sanctorum,
1333 429 1439 478 etc.
1470 440 1489 474 ι
1542 421 1903 477 Posteriorem
1935 422 1981 483 Α
2007 421 2299 493 accipiunt.
2314 420 2460 477 Bene
2477 430 2657 479 autem
2683 422 2909 479 interior
2938 422 3128 479 domus
3152 421 3339 494 viginti
3367 422 3582 479 cubitus

311 530 528 593 partem
568 515 754 587 templi
806 512 1203 571 Occidentalem
1252 513 1401 569 dicit.
1458 512 1542 568 Ab
1589 520 1710 567 ortu
1757 512 1903 567 enim

312 609 449 665 solis
478 608 782 677 ingressum
812 604 1044 661 habebat
1081 602 1360 672 templum,
1393 609 1446 656 ct
1482 602 1549 657 ab
1577 617 1771 657 occasu
1805 600 1903 655 do—

314 713 467 751 mum
508 696 845 758 interiorem,
879 693 983 747 hoc
1011 700 1111 755 est,
1153 691 1352 746 Sancta
1384 702 1714 747 sanctorum.
1750 690 1904 759 Quod

316 798 499 842 autem
525 787 782 850 tabulata,
818 801 938 855 quae
966 776 1277 839 interiorem
1304 785 1519 839 domum
1544 786 1611 839 ab
1634 784 1906 839 exteriore

315 880 645 950 separabant
667 918 684 943 ,
721 892 753 930 a
788 876 1098 946 pavimento
1132 890 1302 944 usque
1351 876 1418 928 ad
1470 875 1749 944 superiora
1788 889 1907 929 esse

287 963 574 1027 dicuntur
610 968 874 1025 aediﬁcata
901 1008 916 1033 ,
957 983 1064 1023 non
1108 982 1281 1039 usque
1319 968 1386 1023 ad
1423 968 1699 1038 laquearia
1736 967 1903 1038 signi-

315 1063 479 1129 ﬁcat,
520 1078 644 1133 qua:
681 1062 898 1133 triginta
933 1062 1132 1117 cubitis
1165 1070 1323 1116 erant
1359 1062 1412 1117 in
1453 1061 1681 1117 sublime
1728 1078 1761 1117 a
1810 1077 1907 1132 pa-

314 1157 559 1210 vimento
608 1168 895 1223 suspensa,
948 1160 1009 1206 ut
1046 1169 1206 1222 supra
1236 1153 1439 1207 dictum
1477 1161 1588 1218 est,
1643 1152 1740 1208 sed
1788 1161 1908 1208 tan-

313 1256 431 1300 tum
481 1260 658 1314 usque
706 1244 774 1297 ad
825 1243 1038 1299 cubitos
1088 1244 1273 1314 viginti
1312 1244 1648 1310 altitudinis,
1703 1244 1757 1299 in
1818 1260 1907 1299 se-

310 1336 612 1407 quentibus
655 1341 841 1403 aperte
875 1334 1091 1405 legitur.
1159 1335 1426 1390 Relictum
1474 1351 1605 1391 vero
1655 1343 1775 1391 erat
1822 1351 1909 1391 su-

312 1444 413 1498 per
440 1429 563 1482 lucc
589 1427 829 1482 tabulata
859 1437 1105 1496 apertum
1132 1435 1186 1481 et
1208 1427 1368 1481 inane
1394 1443 1564 1497 usque
1591 1428 1660 1481 ad
1688 1427 1907 1497 laquea-

313 1521 394 1574 ria
430 1520 737 1576 cubitorum
778 1519 963 1574 decem
1013 1518 1331 1585 altitudinis,
1382 1528 1435 1574 et
1480 1520 1782 1574 cubitorum
1828 1520 1907 1574 vi-

310 1609 453 1678 ginti
512 1608 897 1679 longitudinis,
945 1606 1099 1675 juxta
1151 1608 1488 1662 latitudinem
1532 1609 1723 1663 domus
1759 1627 1772 1662 :
1808 1622 1905 1677 per

311 1719 478 1773 quam
505 1702 765 1757 nimirum
784 1700 1007 1771 januam
1050 1700 1227 1755 fumus
1256 1701 1596 1755 incensorum
1636 1703 1703 1756 de
1745 1700 1902 1754 altari

314 1794 690 1867 thymiamatis
713 1794 920 1849 solebat
947 1793 1001 1847 in
1032 1792 1228 1847 Sancta
1256 1801 1564 1847 sanctorum
1590 1793 1901 1857 ascendere,

311 1895 479 1957 atque
518 1887 589 1941 ad
628 1902 812 1941 arcam
856 1885 1066 1940 Domini
1105 1884 1451 1954 operiendam
1497 1892 1798 1954 penetrare.
1826 1883 1903 1963 ¹Ιιι

311 1992 421 2048 qua
449 1976 797 2032 distinctione
817 1976 1008 2030 domus
1027 1974 1239 2030 Domini
1271 1983 1419 2044 patet
1445 1974 1613 2046 ﬁgura
1636 1975 1901 2046 mysterii,

308 2066 576 2138 Apostolo
594 2074 918 2138 exponente,
952 2065 1069 2120 luce
1093 2064 1292 2120 clarior
1322 2084 1333 2119 :
1361 2066 1487 2135 quia
1513 2064 1661 2134 prior
1691 2066 1903 2129 domus,

312 2158 367 2213 in
402 2173 573 2229 quam
596 2172 811 2228 semper
831 2157 1126 2212 introibant
1147 2157 1479 2222 sacerdotes,
1511 2156 1901 2213 sacriﬁciorum

309 2247 491 2303 ofﬁcia
524 2257 984 2313 consummantes,
1006 2262 1245 2317 praesens
1264 2255 1347 2302 est
1365 2246 1626 2309 Ecclesia,
1654 2248 1742 2302 ubi
1772 2263 1905 2317 quo-

315 2339 448 2393 tidie
480 2338 589 2407 piis
613 2338 920 2393 insistentes
944 2338 1218 2406 Operibus,
1247 2338 1474 2393 Domino
1499 2338 1767 2394 sacriﬁcia
1792 2338 1906 2393 lau-

316 2428 400 2482 dis
439 2426 742 2482 offerimus.

383 2518 622 2573 Interior
645 2534 771 2573 vero
799 2519 1011 2585 domus,
1048 2535 1171 2590 qua:
1204 2520 1272 2577 ad
1311 2520 1670 2592 posteriorem
1693 2530 1906 2592 partem

316 2610 506 2680 templi
535 2617 656 2665 erat
691 2609 830 2667 facta
866 2652 881 2677 ,
935 2611 1050 2682 ipsa
1089 2620 1173 2668 est
1217 2614 1486 2683 promissa
1516 2615 1675 2671 nobis
1704 2615 1813 2670 vita
1848 2616 1904 2670 in

317 2704 497 2759 caelis.
530 2701 762 2774 Interior
789 2704 1029 2775 quidem,
1064 2707 1242 2775 quoad
1289 2708 1760 2763 conversationem
1808 2724 1908 2763 no-

311 2795 419 2850 stri
451 2795 668 2859 exsilii,
694 2795 820 2865 quia
852 2797 905 2851 in
941 2799 1227 2867 praesentia
1278 2798 1441 2869 Regis
1477 2800 1675 2856 summi
1705 2816 1906 2870 perpcs

317 2886 394 2941 ibi
431 2886 712 2942 beatorum
744 2896 797 2942 et
822 2888 1161 2961 angelorum,
1197 2900 1251 2946 et
1287 2892 1565 2947 hominum
1589 2894 1906 2951 solemuitas

315 2978 523 3049 agitur.
554 2977 709 3034 Unde
735 2978 803 3033 de
838 2996 900 3034 ea
927 2980 1064 3036 bene
1093 2982 1285 3037 merito
1307 2998 1464 3039 servo
1490 2984 1690 3040 dicitur
1714 3003 1728 3040 :
1766 3004 1785 3038 ι
1822 2986 1906 3041 ln-

316 3076 403 3121 tra
435 3067 491 3121 in
520 3068 775 3138 gaudium
802 3069 1005 3124 domini
1036 3070 1111 3125 tui
1137 3070 1351 3143 (Hauh.
1383 3073 1565 3146 xxv)»
1586 3073 1691 3129 Sed
1718 3084 1900 3146 poste-

314 3157 436 3212 rior
463 3167 727 3236 tempore
760 3200 775 3226 ,
816 3160 943 3230 quia
990 3170 1111 3232 post
1162 3162 1323 3234 hujus
1373 3165 1552 3220 saeculi
1594 3166 1807 3222 labores
1835 3167 1904 3223 ad

315 3246 465 3302 illius
494 3248 801 3319 ingressum
831 3251 1198 3320 perducimur.
1242 3254 1505 3310 Tabulata
1545 3265 1746 3323 autem,
1782 3274 1906 3328 qua:

314 3347 612 3410 utramque
637 3341 854 3396 domum
885 3345 953 3399 ab
999 3343 1230 3400 invicem
1281 3348 1546 3414 dividunt,
1604 3350 1720 3419 ipsa
1776 3361 1903 3407 sunt

315 3427 560 3483 claustra
611 3431 754 3497 cmli,
792 3448 1023 3502 quorum
1060 3437 1215 3492 nobis
1278 3439 1615 3507 apertionem
1665 3442 1908 3511 quotidie

314 3520 679 3600 suspiramus,
693 3528 749 3577 et
768 3532 1028 3592 quantum
1045 3527 1199 3581 nobis
1210 3527 1468 3584 Dominus
1495 3531 1795 3598 donaverit,
1820 3534 1907 3604 pia

315 3620 537 3676 semper
563 3606 839 3675 instantia,
869 3609 1039 3666 donec
1064 3613 1399 3683 aperiantur,
1421 3624 1477 3670 et
1494 3614 1697 3673 intrare
1722 3618 1902 3687 liceat,

314 3696 619 3768 pulsamus.
656 3698 757 3754 Ubi
796 3699 899 3755 etsi
952 3703 1178 3757 necdum
1208 3713 1334 3760 ante
1362 3706 1684 3763 solutionem
1712 3725 1908 3781 corpo-

317 3804 443 3842 rum
494 3789 702 3844 intrare
746 3792 1097 3861 permittitur,
1148 3805 1389 3866 apertam
1415 3806 1599 3854 tamen
1636 3800 1903 3858 habemus

308 3877 543 3946 januam
588 3879 787 3938 divina:
821 3883 1058 3953 pietatis,
1091 3901 1196 3956 qua
1226 3890 1532 3946 orationum
1555 3902 1862 3949 nostrarum
1891 3936 1906 3963 ,

316 3972 1167 4045 eleemosynarum,jejuniorum,
1189 3990 1616 4055 caeterorumque
1643 3985 1907 4043 bonorum

315 4078 547 4133 operum
575 4065 929 4135 tbymiamata
959 4073 1369 4139 praemittamus.

394 4153 535 4210 [line
564 4164 649 4211 est
687 4159 831 4212 enim
860 4161 1005 4230 quod
1032 4163 1214 4232 paries
1248 4166 1500 4223 cedrinus
1535 4170 1726 4225 domus
1773 4171 1910 4228 inte-

316 4248 486 4304 rioris
522 4247 752 4327 januam
796 4252 1032 4310 habebat
1073 4256 1129 4310 in
1161 4258 1529 4329 superioribus
1555 4276 1655 4331 per
1690 4271 1857 4319 totum
1890 4306 1906 4327 ,

314 4339 415 4393 ubi
442 4339 623 4395 fumus
655 4341 995 4399 incensorum
1024 4347 1274 4411 intraret,
1302 4350 1427 4418 quia
1461 4370 1480 4404 ι
1509 4351 1663 4408 Oculi
1696 4355 1908 4412 Domini

317 4432 498 4500 aperti
526 4440 653 4487 sunt
678 4448 840 4503 super
864 4436 1080 4492 domum
1111 4438 1227 4509 ejus
1262 4448 1419 4498 nocte
1445 4459 1509 4499 ac
1536 4445 1639 4511 die,
1668 4455 1723 4503 et
1750 4463 1909 4505 aures

315 4519 442 4589 ejus
496 4519 556 4574 in
617 4523 891 4580 orationes
942 4542 1221 4583 servorum
1278 4545 1500 4587 suorum
1567 4534 1907 4594 intendentcs

320 4605 502 4678 (Paul.
535 4609 766 4683 xxxiii);
806 4631 825 4664 ι
856 4622 911 4668 et
937 4614 1038 4671 hoc
1066 4631 1164 4685 per
1194 4626 1360 4673 totam
1409 4620 1748 4679 latitudinem
1800 4626 1907 4681 dif-

322 4697 461 4753 fuszr
486 4715 586 4769 per
619 4702 803 4758 orbem
857 4703 1131 4760 Ecclesim.
1183 4707 1368 4764 Altare
1408 4727 1639 4783 namque
1679 4716 1909 4786 thymia-

322 4788 491 4843 matis
520 4829 536 4853 ,
583 4791 726 4859 quod
772 4792 825 4847 in
856 4795 1015 4849 domo
1039 4797 1252 4865 quidem
1290 4802 1542 4857 exteriori
1569 4845 1583 4868 ,
1616 4805 1711 4860 sed
1745 4822 1910 4877 prope

321 4878 531 4933 ostium
559 4880 736 4937 stabat
770 4881 962 4940 domus
994 4885 1295 4954 interioris,
1330 4899 1486 4961 typus
1516 4891 1614 4947 fuit
1639 4896 1909 4965 perfecto-

320 4983 473 5029 rum,
506 4970 595 5038 qui
622 4986 781 5026 carne
809 4968 1024 5042 quidem
1056 4977 1230 5032 adhuc
1254 4978 1305 5033 in
1333 4981 1533 5035 mundo
1566 4985 1783 5050 retenti,
1811 4987 1906 5042 sed

320 5059 478 5113 omni
502 5058 766 5116 desiderio
796 5071 921 5116 Sunt
955 5064 1023 5118 ad
1056 5065 1295 5122 cmlestia
1332 5072 1598 5138 suspensi,
1635 5081 1717 5136 et,
1765 5076 1910 5131 velut

323 5149 554 5203 incenso
583 5150 739 5205 thure
761 5192 777 5217 ,
826 5151 1031 5208 fumum
1065 5158 1444 5214 ascendentem
1471 5160 1524 5215 in
1556 5160 1755 5218 Sancta
1786 5181 1909 5220 sau-

320 5251 545 5299 ctorum
577 5245 868 5311 emittunt,
922 5246 1048 5317 quia
1097 5264 1329 5319 superno
1360 5268 1545 5312 amore
1573 5254 1865 5327 ﬂagrantes
1888 5299 1902 5324 ,

318 5334 540 5390 crebris
563 5337 863 5392 orationum
889 5340 1113 5396 vocibus
1149 5356 1309 5397 aures
1346 5344 1429 5398 sui
1465 5343 1697 5414 pulsavit
1720 5358 1909 5405 aucto-

318 5427 424 5482 ris.
454 5426 819 5498 Apertamque
866 5430 974 5486 late
1013 5432 1236 5503 januam
1274 5434 1455 5492 fumus
1481 5437 1822 5495 incensorum
1854 5442 1907 5496 in

319 5519 702 5588 superioribus
741 5522 962 5589 invenit,
993 5525 1118 5595 quia
1142 5539 1343 5597 quanto
1372 5531 1681 5588 mundiores
1708 5533 1909 5605 quique

322 5609 384 5664 in
416 5613 579 5668 terris
608 5620 664 5668 et
688 5615 840 5684 quasi
868 5617 1157 5674 viciniores
1204 5620 1414 5675 caelesti
1459 5622 1647 5691 patria:
1673 5639 1905 5681 commo-

322 5713 521 5757 rantur
548 5739 562 5768 ,
597 5712 747 5759 tanto
774 5705 933 5763 citius
963 5723 992 5761 a
1021 5707 1247 5766 Domino
1277 5722 1489 5780 cuncta,
1515 5729 1633 5784 qua:
1658 5725 1903 5786 poscunt,

2007 516 2161 587 longa
2197 515 2339 573 facta
2366 526 2469 583 est,
2500 526 2721 587 propter
2756 518 3071 589 mysterium
3109 518 3317 574 scilicet
3355 518 3584 589 gemina:

2006 609 2310 664 dilectionis
2342 649 2356 673 ,
2410 610 2475 664 de
2519 625 2625 679 quo
2656 617 2710 663 et
2740 625 2901 680 supra
2946 610 3200 665 diximus.
3233 609 3363 677 Qua:
3393 611 3448 665 in
3479 611 3584 665 hac

2005 700 2219 758 interim
2268 699 2377 754 vita
2425 714 2492 753 ex
2542 706 2695 767 parte
2745 699 2978 751 maxima
3029 696 3326 753 electorum
3376 704 3586 752 mentes

2007 791 2261 858 illustrat,
2297 790 2390 846 sed
2414 791 2469 846 in
2500 790 2591 845 illa
2626 790 2819 859 patria,
2850 790 3189 847 cessantibus
3213 789 3442 846 aliarum
3474 789 3587 844 vir-

2007 890 2181 938 tutum
2229 881 2505 953 operibus,
2539 880 2653 936 sola
2683 888 2943 951 perpetuo
2968 888 3157 950 regnat
3192 879 3242 954 (Ι
3278 880 3401 936 Cor.
3440 879 3584 951 xm).

2084 994 2102 1025 ‹
2134 974 2302 1031 Porro
2329 972 2680 1044 quadraginta
2713 974 3017 1028 cubitorum
3068 983 3185 1029 erat
3223 973 3399 1045 ipsum
3449 981 3587 1029 tem-

2013 1086 2032 1119 ¢
2074 1066 2217 1137 plum
2253 1081 2353 1137 pro
2391 1065 2598 1121 foribus
2642 1064 2866 1121 oraculi.
2898 1084 2917 1118 ι
2970 1064 3215 1121 Diximus
3248 1065 3424 1136 ipsum
3452 1074 3590 1121 tem-

2007 1156 2151 1229 plum
2202 1171 2302 1226 pro
2331 1155 2537 1211 foribus
2561 1154 2787 1223 oraculi,
2810 1156 3093 1226 praesentis
3122 1156 3373 1212 Ecclesiae
3402 1166 3588 1228 typum

2006 1247 2257 1317 gessisse.
2314 1244 2464 1302 Unde
2512 1253 2661 1301 recte
2707 1246 3064 1315 quadraginta
3110 1244 3214 1301 fuit
3256 1246 3585 1303 cubitorum.

2008 1340 2108 1407 Qui
2132 1354 2387 1394 numerus
2415 1353 2555 1408 smpe
2577 1337 2630 1392 in
2654 1337 3046 1409 significationel
3066 1338 3285 1408 ponitur
3309 1339 3588 1408 praesentis

2008 1428 2243 1485 ﬁdelium
2270 1428 2491 1496 laboris,
2519 1430 2786 1501 quomodo
2815 1429 3309 1500 quinquagenarius
3335 1431 3390 1486 in
3420 1431 3590 1502 signi-

2009 1521 2260 1576 ﬁcatione
2288 1521 2479 1577 futurae
2509 1521 2709 1592 quietis
2749 1528 2805 1577 et
2848 1519 3018 1591 pacis.
3075 1520 3310 1576 Denario
3356 1537 3588 1592 namque

2007 1627 2236 1667 numero
2261 1620 2511 1666 tenentur
2538 1620 2824 1683 praecepta,
2859 1614 3087 1682 quorum
3112 1613 3494 1669 observatione
3519 1613 3590 1669 ad

2010 1703 2176 1758 vitam
2208 1703 2538 1772 pervenitur.
2583 1702 2815 1759 Denario
2855 1718 3008 1773 aeque
3053 1702 3392 1775 signiﬁcatur
3428 1696 3589 1773 ipsa‘,

2006 1808 2167 1862 quam
2195 1794 2593 1859 desideramus,
2645 1802 2701 1849 et
2731 1809 2831 1863 pro
2856 1810 2962 1864 qua
2992 1793 3322 1862 laboramus,
3350 1795 3460 1850 vita
3490 1809 3588 1864 pe-

2009 1883 2212 1938 rennis.
2238 1883 2544 1951 Quadratus
2569 1900 2700 1940 vero
2730 1892 2815 1939 est
2843 1887 3103 1951 mundus,
3138 1886 3191 1941 in
3226 1902 3334 1957 quo
3362 1903 3463 1958 pro
3495 1888 3592 1944 ad-

2007 1975 2266 2045 quirenda
2310 1976 2500 2032 eadem
2548 1977 2658 2030 vita
2715 1986 3004 2033 certamus.
3062 1978 3214 2054 Unde
3260 1977 3545 2034 Psalmista
3575 2020 3589 2045 ,

2007 2067 2439 2137 congregandam
2494 2068 2793 2123 Eeclesiam
2835 2069 2901 2124 de
2949 2056 3207 2141 gentibus
3241 2070 3545 2139 praevidens
3570 2112 3587 2137 ,

2008 2156 2228 2211 aiebat:
2266 2175 2283 2207 ι
2321 2156 2396 2211 De
2427 2157 2739 2227 regionibus
2789 2160 3140 2231 congregabit
3187 2174 3323 2225 eos,
3376 2146 3411 2215 a
3463 2159 3593 2215 solis

2006 2254 2133 2304 ortu
2158 2260 2214 2304 et
2240 2264 2436 2304 occasu
2461 2289 2476 2314 ,
2514 2249 2583 2304 ab
2613 2249 2864 2318 aquilone
2885 2257 2941 2305 et
2962 2250 3097 2305 mari
3120 2249 3292 2323 (Psal.
3327 2249 3458 2322 ενι).
3497 2269 3518 2303 ι

2084 2357 2104 2390 ‹
2144 2339 2211 2395 Et
2235 2339 2397 2395 cedro
2430 2341 2608 2396 omnis
2634 2340 2825 2396 domus
2856 2342 3183 2398 intrinsecus
3217 2342 3551 2396 vestiebatur
3577 2382 3592 2407 ,

1912 2462 1921 2469 ο
2014 2448 2034 2481 ι
2072 2429 2280 2485 habens
2319 2437 2628 2487 tornaturas
2654 2447 2779 2488 suas
2817 2439 2873 2486 et
2905 2430 3196 2501 iuncturas
3222 2432 3553 2489 fabrefactas
3576 2474 3591 2500 ,

2013 2540 2033 2574 ι
2079 2529 2134 2577 et
2157 2522 2438 2578 caelaturas
2466 2525 2767 2580 eminentes
2789 2566 2806 2592 ,
2840 2531 2946 2581 etc.
2980 2543 2999 2577 ι
3033 2524 3280 2579 Diximus
3306 2524 3371 2580 de
3396 2524 3590 2590 cedro,

2006 2614 2147 2684 quod
2195 2613 2612 2684 insuperabilem
2642 2615 2903 2670 virtutum
2934 2622 3273 2671 venustatem
3323 2617 3592 2687 signaret,

2009 2719 2117 2776 quo
2144 2704 2396 2759 nimirum
2425 2704 2566 2774 ligna
2598 2706 2774 2761 omnis
2808 2706 3000 2761 domus
3026 2706 3238 2761 Domini
3268 2706 3595 2762 intrinsecus

2009 2791 2346 2857 vcstiuntur;
2375 2807 2498 2847 cum
2524 2792 2686 2847 corda
2722 2791 2993 2862 iustorum
3022 2791 3137 2848 solo
3176 2793 3441 2848 bonorum
3470 2807 3597 2865 ope-

2007 2898 2126 2936 rum
2148 2897 2331 2937 amore
2355 2882 2642 2936 nitescunt.
2670 2880 2951 2952 llabetque
2978 2881 3169 2936 domus
3191 2882 3245 2936 in
3270 2880 3468 2937 tabulis
3499 2898 3589 2938 ce-

2006 2974 2177 3029 drinis
2198 2981 2507 3029 tornaturas
2530 2988 2674 3039 suas,
2708 2981 2760 3028 et
2778 2970 3062 3042 iuncturas
3089 2972 3433 3039 fabrefactas,
3460 2989 3583 3029 cum

2011 3065 2174 3121 iidem
2197 3066 2357 3122 electi
2387 3081 2508 3121 sese
2539 3066 2605 3120 ad
2635 3064 2869 3119 invicem
2906 3064 3268 3136 pulcherrima
3305 3064 3591 3123 charitatis

2009 3158 2198 3228 copula
2227 3162 2575 3223 connectunt,
2608 3156 2681 3210 ita
2711 3164 2771 3211 ut
2804 3171 2927 3211 cum
2957 3156 3242 3210 innumera
3291 3156 3362 3211 sit
3406 3153 3593 3209 multi-

2011 3249 2139 3305 tudo
2166 3248 2424 3314 ﬁdelium,
2463 3263 2627 3303 unum
2666 3257 2847 3303 tamen
2878 3262 2996 3313 cor,
3029 3262 3189 3302 unam
3231 3245 3433 3303 habere
3476 3236 3598 3301 ani-

2010 3356 2174 3407 mam,
2216 3354 2315 3410 pro
2343 3340 2645 3395 communis
2687 3338 2810 3394 ﬁdei
2860 3354 2922 3393 ac
2976 3337 3301 3395 dilectionis
3335 3339 3593 3394 societate

2012 3431 2206 3486 merito
2243 3431 2492 3487 dicantur
2519 3430 2655 3505 (Act.
2703 3432 2799 3503 ιν).
2856 3430 3102 3501 Namque
3129 3438 3442 3497 tornatur-ae,
3472 3446 3594 3501 qum

2001 3520 2269 3592 iuncturis
2298 3521 2597 3577 tabularum
2625 3522 3050 3593 apponebantur,
3082 3530 3141 3576 ut
3172 3536 3336 3577 unum
3379 3537 3446 3578 cx
3481 3536 3598 3576 om-

2009 3614 2171 3669 nibus
2202 3612 2355 3668 ﬁeret
2383 3613 2700 3679 tabulatum,
2741 3614 2856 3685 lpsa
2897 3622 3022 3670 sunt
3071 3612 3245 3670 ollicia
3289 3615 3594 3679 charitatis,

2009 3704 2207 3777 quibus
2234 3707 2301 3760 ad
2330 3705 2563 3760 invicem
2596 3704 2907 3762 fraternitas
2945 3715 3131 3762 sancta
3166 3705 3471 3777 copulatur,
3506 3714 3590 3761 at-

2011 3812 2116 3867 que
2161 3797 2217 3852 in
2271 3812 2431 3852 unam
2484 3796 2686 3852 Christi
2747 3798 2964 3854 domum
3001 3806 3111 3854 toto
3152 3807 3419 3853 terrarum
3462 3799 3595 3855 orbe

2010 3893 2371 3963 componitur.
2421 3891 2552 3960 Quae
2603 3894 2770 3949 etiam
2834 3894 3025 3950 domus
3083 3894 3246 3949 habet
3306 3895 3591 3952 czelaturas

2008 3984 2325 4046 eminentes,
2358 3999 2482 4054 cum
2525 4000 2690 4055 opera
2736 3983 2992 4039 virtutum
3031 3984 3202 4040 sancti
3251 4000 3593 4057 nequaquam

2009 4074 2219 4128 occulta
2249 4082 2452 4146 tegunt,
2483 4075 2577 4130 sed
2604 4074 2890 4131 manifesta
2930 4077 3279 4147 expressione
3316 4076 3447 4132 foris
3477 4093 3594 4132 om-

2009 4163 2191 4229 nibus,
2241 4163 2427 4234 quales
2471 4164 2579 4219 sint
2631 4162 2755 4236 ipsi,
2812 4165 2942 4236 quid
2981 4176 3163 4236 agant,
3201 4167 3251 4221 in
3288 4166 3592 4238 exemplum

2009 4256 2225 4311 vivendi
2263 4255 2565 4327 proferunt.

2086 4366 2104 4397 ι
2134 4345 2324 4401 Omnia
2356 4347 2591 4402 cedrinis
2612 4347 2808 4403 tabulis
2828 4348 3214 4416 vestiebantur,
3244 4366 3343 4405 nec
3374 4350 3593 4406 omnino

1938 4480 1987 4538 ι)
2019 4456 2036 4488 ι
2064 4437 2199 4508 lapis
2249 4452 2507 4507 apparere
2537 4446 2749 4508 poterat
2784 4438 2836 4494 in
2879 4440 3103 4511 pariete.
3149 4439 3221 4521 Et
3256 4440 3461 4511 lapides
3497 4456 3592 4510 pa-

2021 4548 2039 4581 ι
2070 4528 2222 4584 rietis
2262 4530 2376 4585 sive
2416 4531 2707 4601 pavimenti
2739 4538 2793 4585 et
2833 4532 3028 4589 tabula:
3074 4514 3388 4600 et‘aurum,
3424 4542 3531 4590 etc.
3568 4556 3586 4589 ι

2016 4616 2339 4674 Sanctorum
2370 4620 2423 4674 in
2464 4621 2701 4677 Ecclesia
2729 4623 2895 4677 vitam
2925 4625 3104 4679 omnia
3133 4625 3438 4696 designant,
3495 4628 3592 4683 sed

2014 4726 2077 4767 ea
2112 4712 2299 4782 utique
2319 4713 2683 4781 distinctione,
2712 4732 2833 4771 cum
2861 4718 3062 4788 pariter
3100 4727 3393 4788 ponuntur,
3420 4728 3480 4774 ut
3512 4720 3593 4775 la-

2014 4806 2160 4873 pides
2183 4806 2291 4860 vivi
2315 4805 2424 4862 sint
2449 4808 2645 4874 sancti,
2678 4806 2993 4866 fortitudine
3024 4811 3147 4866 ﬁdei
3179 4812 3232 4866 in
3256 4829 3420 4871 unam
3443 4828 3591 4869 cam-

2016 4894 2246 4964 demque
2272 4896 2514 4965 regulam
2551 4897 2767 4953 sibimet
2805 4899 3137 4970 agglutinati.
3174 4900 3388 4957 Tabula:
3417 4903 3591 4957 cedri-

2014 5000 2095 5039 ηας
2118 4986 2232 5040 sive
2273 4987 2525 5057 abiegnae,
2584 4997 2710 5043 sunt
2753 4990 2949 5056 s'ancti,
3002 4991 3285 5049 latitudine
3315 4995 3588 5052 variarum

2013 5075 2272 5131 virtutum
2314 5079 2611 5134 secundum
2655 5079 2971 5137 donationes
3021 5081 3256 5152 Spiritus
3289 5086 3483 5154 sancti,
3536 5087 3587 5140 in

2015 5183 2119 5221 una
2165 5167 2463 5238 eademque
2534 5170 2639 5225 ﬁde
2704 5171 2922 5227 sibimet
2964 5172 3286 5228 alterutrum
3338 5177 3594 5232 connexi.

2014 5258 2144 5311 Auri
2173 5256 2379 5314 Iuntina:
2405 5269 2531 5315 sunt
2573 5262 2767 5329 sancti,
2811 5263 3072 5320 habentes
3099 5266 3587 5336 supereminentcut

2015 5350 2255 5405 scicntia:
2309 5350 2651 5420 charitatem,
2702 5353 2969 5426 huiusque
3018 5354 3231 5429 fulgore
3275 5359 3590 5430 gratissimo

2012 5442 2078 5495 ad
2103 5442 2329 5499 invicem
2350 5445 2765 5514 congaudentes.
2798 5445 2926 5515 Quze
2956 5448 3060 5517 tria
3084 5449 3277 5505 beatus
3298 5449 3581 5520 Apostolus

2011 5549 2115 5587 una
2144 5535 2409 5590 sententia
2440 5536 2748 5606 complexus
2773 5547 2873 5603 est,
2899 5538 3085 5596 dicens
3108 5558 3120 5593 :
3145 5558 3164 5592 ι
3198 5539 3332 5594 Nam
3354 5540 3408 5595 in
3436 5538 3593 5594 Chri—

2010 5633 2095 5679 sto
2145 5622 2270 5679 Jesu
2320 5640 2493 5696 neque
2545 5627 2887 5684 circumcisio
2940 5628 3142 5699 aliquid
3193 5630 3357 5695 valet,
3408 5642 3584 5695 neque

2008 5716 2348 5787 praeputium,
2393 5718 2485 5774 scd
2515 5718 2665 5786 ﬁdes,
2696 5736 2813 5792 qme
2854 5736 2951 5789 per
2991 5721 3335 5776 dilectionem
3383 5735 3579 5792 opera-
