4026 6202
425 334 520 389 131

1074 332 1137 387 Β.
1180 332 1434 388 RABANI
1472 333 1691 390 MAURI
1729 333 2049 389 ARCIIIEP.
2092 333 2399 390 SIOCUNT.
2441 332 2727 390 OPERUM
2764 332 2944 388 PARS
2980 333 3023 387 Ι.

3591 335 3693 390 15?.

423 458 531 502 tur.
568 467 585 499 ι
616 444 764 501 Fidei
788 459 1021 514 namque
1051 443 1265 500 invictae
1296 443 1431 515 lapis
1457 445 1681 517 ﬁguram
1712 446 1904 512 tenuit,
1927 463 2009 500 ce—
2036 449 2089 508 Α
2112 454 2165 499 et
2203 444 2490 516 specialem
2526 445 2776 516 przedixit
2820 447 3082 500 honorem
3134 457 3256 500 esse
3302 445 3643 502 tribuendum
3674 465 3689 502 :

419 535 548 590 drus
578 536 807 592 actionis
826 534 1129 600 odoriferae,
1155 552 1346 589 aurum
1373 537 1805 592 transcendentis
1825 536 2007 591 omnia

421 628 743 685 dilectionis.
782 627 1133 698 Vestiturqne
1176 627 1421 698 lapideus
1462 629 1646 699 paries
1691 627 1890 684 tabulis
1916 644 2008 685 ce-

420 718 616 786 drinis,
644 736 769 776 cum
811 720 1078 791 professio
1108 719 1231 775 ﬁdei
1270 721 1428 776 bonis
1468 730 1696 776 ornatur
1732 721 2004 791 operibus,

422 826 493 864 ne
527 811 699 867 otiosa
721 811 993 882 iudicetur
1017 810 1104 866 vel
1128 825 1249 866 esse
1273 820 1507 867 mortua.
1541 811 1739 867 Verum
1768 811 1893 881 quia
1923 811 2008 890 let;

424 900 481 954 in
524 899 700 971 lapide
727 901 1020 971 descripta,
1066 901 1313 956 doc1rina
1340 917 1472 957 vero
1500 901 1781 973 Evangelii
1824 917 1920 972 per
1946 901 2011 956 li-

424 1007 588 1066 gnum
616 999 700 1047 est
726 990 1023 1046 Dominicte
1064 992 1334 1061 passionis
1382 992 1721 1059 conﬁrmata,
1772 992 1914 1048 unde
1958 1000 2013 1049 et

424 1083 655 1155 populus
681 1082 770 1137 ille
797 1082 975 1153 lapide
1007 1083 1499 1139 circumcidebatur
1517 1085 1571 1138 in
1597 1084 1883 1155 praeputio,
1915 1100 2013 1140 nos

425 1175 580 1245 signo
614 1173 791 1229 crucis
811 1187 1199 1228 consecramur
1229 1173 1282 1227 in
1316 1170 1512 1237 fronte,
1548 1182 1771 1244 possunt
1799 1188 1904 1228 non
1931 1173 2013 1226 in—

424 1280 665 1334 congrue
700 1265 934 1334 parietes
981 1264 1165 1334 templi
1221 1263 1438 1333 lapidei,
1485 1265 1600 1320 sive
1643 1266 2012 1335 pavimentum

424 1356 818 1428 pretiosissimo
842 1372 1116 1411 marmore
1146 1364 1398 1423 stratum,
1443 1371 1653 1423 eorum,
1687 1357 1779 1427 qui
1814 1358 1867 1412 in
1897 1361 2014 1429 lege

425 1446 658 1504 ﬁdeliter
680 1463 744 1503 ac
767 1447 1007 1517 perfecte
1030 1447 1305 1513 vixerunt,
1350 1455 1535 1518 typum
1567 1455 1784 1514 tenere;
1820 1447 2014 1503 tabulas

424 1556 557 1597 vero
590 1540 825 1596 cedrium
872 1539 987 1594 sive
1024 1538 1266 1609 abiegnae
1294 1536 1427 1594 Novi
1461 1536 1793 1595 Testamenti
1835 1538 2014 1609 justos

426 1632 707 1687 indicare:
741 1630 833 1701 qui
861 1629 1102 1685 volentes
1140 1636 1264 1698 post
1288 1627 1574 1683 Dominum
1602 1629 1808 1694 venire,
1840 1629 2010 1684 abue-

427 1734 557 1795 gant
592 1722 930 1792 semctipsos,
990 1728 1067 1788 et,
1119 1728 1335 1790 sumpta
1384 1734 1546 1776 cruce
1599 1734 1716 1786 sua,
1771 1719 2014 1791 quotidie

2114 556 2132 587 ε
2170 534 2339 591 Amen
2372 537 2491 591 dico
2520 536 2693 600 vobis,
2723 537 2866 607 quod
2896 550 2991 591 vos
3048 537 3139 606 qui
3176 537 3348 591 secuti
3401 537 3537 592 estis
3584 553 3692 603 me,

2109 625 2165 679 in
2218 626 2650 696 regeneratione,
2706 641 2830 681 cum
2882 626 3087 681 sederit
3130 626 3301 682 Filius
3357 627 3596 683 hominis
3640 627 3738 681 in'

2109 714 2238 771 sede
2286 715 2585 785 majestatis
2629 730 2760 778 suae,
2808 716 3069 785 sedebitis
3096 725 3153 771 et
3196 732 3294 773 vos
3344 731 3510 787 super
3537 721 3699 776 sedes

2110 805 2412 871 duodecim,
2438 806 2746 877 iudicantes
2766 806 3050 861 duodecim
3080 807 3253 861 tribus
3276 806 3443 862 Israel
3473 808 3696 878 (Matth.

2109 895 2248 966 nx).
2296 914 2314 947 ι
2342 896 2408 950 Hi
2437 895 2504 950 ad
2531 897 2767 967 parietes
2798 896 2980 966 templi
3006 896 3129 952 albo
3171 898 3239 952 de
3274 898 3452 969 lapide
3494 902 3694 968 factos,

2112 986 2187 1041 illi
2219 982 2515 1058 ﬁguraliter
2539 987 2607 1042 ad
2630 989 2881 1043 cedrinas
2902 989 3178 1058 pertinent
3203 991 3449 1059 tabulas;
3478 994 3702 1064 utrique

2112 1078 2333 1147 praemia
2371 1094 2402 1133 a
2445 1079 2674 1135 Domino
2704 1090 2978 1151 perpetua:
3021 1081 3179 1147 lucis,
3215 1083 3372 1152 quasi
3399 1084 3518 1138 auri
3547 1085 3705 1139 lami-

2113 1181 2234 1232 nas,
2264 1168 2461 1239 quibus
2490 1169 2837 1236 decorentur,
2888 1180 3224 1242 exspectant.
3278 1172 3419 1228 Sunt
3472 1174 3528 1229 in
3577 1175 3703 1232 aliis

2112 1255 2319 1325 lapides
2344 1260 2584 1328 pretiosi,
2615 1269 2742 1315 sunt
2768 1260 2962 1316 tabula:
2986 1261 3118 1333 ligni
3140 1263 3444 1330 aromatici,
3471 1273 3704 1335 utraque

2094 1350 2248 1403 ’auro
2276 1360 2555 1421 cooperta,
2601 1353 2725 1422 quia
2771 1360 2825 1407 et
2854 1352 2930 1406 illi
2974 1354 3066 1423 qui
3115 1354 3170 1408 in
3199 1353 3317 1425 lege
3350 1354 3563 1411 Domini
3598 1357 3703 1412 im-

2114 1438 2370 1495 maculati
2417 1441 2846 1507 ambulaverunt,
2894 1452 2949 1498 et
3003 1444 3095 1513 qui
3145 1444 3376 1514 gratiam
3421 1445 3702 1518 Evangelii

2115 1528 2355 1601 perfecte
2379 1541 2746 1604 susceperant,
2784 1534 2988 1604 pariter
3024 1544 3229 1592 acterna
3270 1537 3382 1592 vita
3408 1537 3703 1608 perfruun-

2116 1631 2221 1676 tur.

2191 1733 2209 1767 ‹
2238 1713 2527 1771 Oraculum
2574 1725 2757 1773 autem
2810 1718 2863 1773 in
2908 1718 3087 1774 medio
3131 1719 3324 1775 domus
3367 1720 3421 1775 in
3458 1720 3702 1777 interiori
3788 1744 3791 1745 ν

426 1820 728 1883 sequuntur
756 1812 901 1866 illum
928 1809 1143 1884 (Matth.
1178 1811 1311 1882 xvr).
1349 1811 1415 1865 Et
1452 1811 1705 1881 quoniam
1738 1811 2018 1881 utriusque
2046 1814 2092 1873 Β
2126 1824 2144 1856 ο
2172 1812 2327 1876 parte
2350 1804 2575 1875 fecerat,
2604 1815 2667 1862 ut
2691 1818 2917 1877 poneret
2947 1809 3019 1863 ibi
3050 1825 3232 1865 arcam
3263 1809 3489 1866 fmderis
3515 1813 3700 1867 Domi-

427 1905 692 1975 tcmporis
732 1902 912 1973 justas
960 1904 1264 1960 communis
1318 1903 1490 1974 gloria
1545 1919 1793 1974 supernae
1835 1910 2020 1959 manet

428 1996 822 2062 retributionis,
854 1995 1124 2066 lapidibus
1151 2010 1215 2049 ac
1253 1994 1413 2065 lignis
1438 1994 1690 2064 pretiosis
1719 1994 1873 2049 tertia
1899 2009 2021 2065 spe-

426 2086 542 2140 cies
569 2094 653 2141 est
685 2101 975 2141 aurearum
1006 2084 1264 2154 adjuncta
1290 2084 1636 2139 laminarum.
1670 2083 1783 2140 Nec
1807 2095 2020 2143 contra-

429 2173 573 2228 rium
621 2174 782 2230 debet
832 2174 1008 2229 videri
1059 2174 1203 2244 quod
1255 2174 1690 2244 supradiximus:
1728 2175 2019 2244 porticum,

430 2278 550 2330 quae
578 2273 698 2318 erat
721 2272 847 2318 ante
870 2262 1148 2332 templum,
1182 2264 1531 2332 antiquorum
1558 2262 1782 2335 ﬁguram
1805 2274 2024 2336 gestare

430 2352 701 2419 ﬁdelium;
734 2353 911 2424 ipsum
941 2362 1122 2410 autem
1152 2355 1413 2425 templum
1459 2370 1647 2410 eorum
1675 2356 1766 2426 qui
1797 2366 1920 2426 post
1944 2357 2025 2411 hr-

431 2445 764 2500 carnationis
788 2445 1083 2502 Dominicm
1108 2455 1322 2516 tempus
1350 2447 1404 2500 in
1436 2448 1696 2502 mundum
1724 2459 2019 2514 venerunt;

430 2550 596 2605 porro
624 2536 845 2592 domum
871 2537 1183 2593 interiorem
1207 2539 1357 2609 regni
1386 2538 1622 2594 caelestis
1649 2540 1865 2611 gaudia,
1904 2557 2023 2611 quae

436 2629 723 2699 utriusque
743 2629 908 2699 justis
936 2630 1152 2697 dantur,
1192 2629 1457 2701 ﬁgurare;
1497 2646 1639 2687 nunc
1664 2641 1845 2687 autem
1876 2633 2025 2687 dica-

435 2734 555 2771 mus
589 2720 826 2789 parietes
850 2719 1092 2792 lapideos
1123 2721 1402 2790 antiquum
1429 2721 1523 2777 Dei
1553 2722 1828 2792 populum,
1864 2724 2023 2777 tabu-

436 2808 540 2862 lata
576 2809 795 2864 cedrina
844 2826 1065 2876 novum,
1115 2826 1308 2867 aureas
1357 2811 1586 2866 laminas
1636 2812 1916 2883 utriusque
1967 2814 2022 2868 in

433 2900 587 2956 cmlis
621 2902 842 2970 prrcmia
872 2902 1178 2974 designare,
1217 2918 1339 2957 cum
1372 2904 1533 2959 iidem
1576 2905 1812 2974 parietes
1840 2905 2023 2975 templi

433 2996 488 3044 ct
516 2990 567 3043 iu
596 2991 837 3060 porticu,
859 3000 911 3046 et
942 2992 997 3046 in
1021 2993 1135 3062 ipso
1166 2992 1389 3062 templo,
1415 2999 1469 3048 et
1499 2992 1552 3047 in
1580 2993 1785 3050 sanctis
1810 3001 2026 3049 sancto-

437 3098 557 3137 rum
590 3084 707 3153 pari
738 3082 939 3139 fuerint
969 3084 1149 3140 modo.

2128 1914 2144 1945 ι
2174 1896 2248 1949 ηἰ.
2281 1915 2299 1948 ι
2330 1895 2441 1952 Hoc
2491 1898 2742 1968 superius
2785 1901 3208 1970 praeoccupando
3250 1901 3554 1970 expositum
3598 1914 3700 1957 est.

2121 1986 2257 2055 Quia
2283 1987 2537 2044 videlicet
2561 1989 2789 2045 interior
2830 1991 3043 2057 domus,
3091 1999 3301 2047 secreta
3330 1993 3518 2062 patria:
3543 1992 3705 2049 coele-

2122 2081 2252 2147 stis;
2283 2097 2408 2137 arca
2446 2080 2686 2149 fmderis,
2736 2082 3024 2139 Dominum
3077 2083 3437 2153 Salvatorem,
3494 2085 3547 2141 in
3596 2101 3705 2156 quo

2123 2174 2236 2230 solo
2262 2174 2439 2230 foedus
2470 2174 2619 2245 pacis
2645 2175 2784 2244 apud
2808 2175 3024 2230 Patrem
3058 2177 3340 2244 habemus,
3366 2176 3702 2248 designaret;

2122 2265 2214 2335 qui
2239 2273 2363 2335 post
2390 2266 2839 2321 resurrectionem
2875 2283 3048 2333 suam,
3079 2269 3376 2323 ascendens
3403 2269 3454 2322 in
3482 2270 3702 2335 cmlum,

2123 2370 2365 2421 carnem,
2394 2370 2555 2424 quam
2580 2370 2644 2410 ex
2681 2356 2894 2427 Virgine
2926 2367 3251 2429 sumpserat,
3278 2358 3332 2413 in
3363 2358 3543 2415 Patris
3568 2360 3703 2415 dex-

2127 2454 2238 2499 tera
2271 2445 2576 2500 collocavit.

2200 2559 2217 2589 ‹
2246 2537 2415 2593 Porro
2449 2537 2724 2594 oraculum
2749 2539 2984 2594 habebat
3009 2539 3197 2612 viginti
3224 2540 3437 2601 cubitos
3469 2542 3704 2613 longitu-

2129 2647 2147 2678 ‹
2176 2628 2318 2683 (linis
2342 2668 2356 2694 ,
2394 2636 2449 2682 et
2473 2629 2661 2699 viginti
2690 2628 2899 2685 subitos
2928 2629 3246 2698 latitudinis,
3300 2642 3355 2688 et
3385 2633 3575 2705 viginti
3604 2649 3702 2689 cu-

2131 2740 2147 2770 (
2177 2720 2316 2775 bitos
2345 2720 2665 2785 altitudinis,
2705 2728 2809 2776 etc.
2846 2742 2865 2774 ι
2915 2722 3069 2788 Quod
3095 2722 3244 2787 dicit,
3280 2725 3462 2794 viginti
3500 2717 3701 2780 cubito:

2125 2810 2443 2877 altitudinis,
2473 2813 2734 2882 parietem
2761 2813 3030 2884 signiﬁcat
3057 2814 3358 2882 cedrinum,
3394 2817 3486 2885 qui
3512 2831 3705 2872 oracu-

2125 2901 2260 2970 lum,
2289 2903 2343 2958 id
2369 2912 2471 2970 est,
2500 2902 2699 2959 Sancta
2723 2913 3032 2960 sanctarum
3064 2907 3131 2961 ab
3176 2906 3290 2963 aede
3320 2911 3575 2966 exteriori
3614 2928 3703 2967 se-

2123 2995 2398 3066 gregabat,
2438 2995 2581 3050 sicut
2631 3003 2688 3051 et
2737 2998 3161 3068 supradiximus.
3217 2997 3509 3055 Oraculum
3553 3017 3702 3069 vero,

2126 3086 2217 3140 ubi
2245 3094 2364 3141 erat
2385 3100 2532 3151 arca,
2552 3085 2786 3142 habebat
2800 3088 3016 3143 vicenos
3037 3089 3245 3143 cubitos
3271 3090 3323 3143 in
3346 3090 3700 3161 longitudine,

514 3215 533 3246 ς
561 3196 638 3251 De
669 3195 937 3267 lapidibus
964 3206 1021 3252 et
1049 3196 1212 3267 lignis
1236 3204 1291 3252 et
1315 3211 1448 3252 auro
1476 3197 1762 3266 compacti.
1798 3216 1815 3247 ι
1853 3177 2096 3252 Multi-0
2128 3184 2184 3232 ει
2231 3176 2514 3232 latitudine
2561 3183 2617 3231 et
2665 3177 2967 3242 altitudine.
3022 3179 3076 3234 id
3125 3188 3228 3244 est.
3276 3196 3372 3251 per
3415 3182 3704 3249 quadrum.

436 3286 557 3355 plex
588 3302 822 3357 namque
849 3295 933 3342 est
957 3287 1012 3341 in
1044 3286 1272 3342 diversis
1301 3287 1463 3342 rebus
1484 3284 1794 3342 eorumdem
1835 3285 2026 3355 repeti-

436 3377 511 3431 tio
540 3375 854 3447 ﬁgurarum.
888 3375 996 3431 Sed
1036 3383 1093 3431 et
1138 3376 1243 3432 hoc
1280 3376 1591 3442 dicendum,
1628 3376 1756 3447 quia
1808 3375 2026 3432 fuerunt

435 3478 489 3524 et
516 3469 571 3523 in
605 3468 720 3540 lege
743 3476 798 3524 et
819 3477 946 3524 ante
975 3469 1232 3540 scriptam
1257 3468 1429 3539 legem
1460 3468 1677 3539 plurimi
1717 3469 1809 3538 qui
1836 3467 2021 3539 legali-

438 3571 522 3616 tcr
550 3560 778 3617 Domino
809 3561 1164 3627 deservirent,
1195 3577 1300 3616 non
1336 3562 1668 3627 occidentes,
1716 3578 1823 3616 non
1852 3561 2023 3616 forni—

438 3661 645 3716 cantcs,
678 3668 787 3708 non
834 3651 1034 3708 furtum
1080 3652 1360 3720 facientes,
1404 3670 1513 3709 non
1551 3652 1745 3708 falsum
1777 3654 2023 3709 testimo-

443 3746 594 3801 nium
622 3754 809 3800 contra
834 3741 1452 3816 proximumloquentes,
1474 3745 1801 3800 honorantes
1814 3752 2022 3815 patrem

436 3847 492 3892 ct
513 3847 765 3902 matrem,
798 3846 853 3891 et
873 3836 1158 3908 diligentes
1171 3836 1444 3907 proximqs
1457 3835 1848 3905 sicutseipsos:
1876 3836 1929 3890 hi
1958 3835 2027 3890 ad

439 3928 676 4000 parietes
716 3936 771 3983 et
799 3927 1039 3998 porticus
1078 3926 1319 3998 lapideos
1363 3926 1728 3997 pertinebant.
1780 3926 2024 3980 Fuerunt

437 4017 603 4088 aliqui
627 4017 829 4088 majore
842 4016 1194 4087 perfectione,
1210 4017 1323 4087 qui,
1342 4015 1541 4071 relictis
1566 4015 1752 4070 mundi
1774 4016 2022 4088 negotiis,

442 4118 498 4164 ct
518 4117 793 4180 assumpta
818 4125 980 4166 cruce
1015 4125 1134 4176 sua,
1168 4108 1539 4179 sequebantur
1569 4107 1877 4172 Dominum,
1906 4107 2021 4177 qui,

448 4200 813 4272 ntApostolus
851 4201 1063 4267 scribit,
1095 4220 1114 4253 (
1146 4200 1405 4255 Ludibria
1447 4210 1501 4257 et
1529 4200 1755 4255 verbera
1795 4199 2021 4269 experti,

447 4294 671 4364 insuper
695 4300 750 4347 ct
778 4293 988 4347 vincula
1022 4302 1078 4348 ct
1121 4307 1390 4359 carceres,
1415 4291 1636 4364 lapidali
1685 4298 1845 4357 sunt,
1890 4290 2025 4346 secti

449 4394 596 4450 sunt,
626 4383 817 4438 tentati
847 4392 1007 4448 sunt,
1048 4383 1101 4438 in
1138 4385 1410 4440 occisione
1447 4384 1607 4457 gladii
1640 4383 1839 4439 mortui
1873 4393 2020 4439 sunt.

440 4476 841 4533 Circumierunt
857 4476 909 4530 in
925 4477 1161 4543 mclotis,
1185 4478 1237 4531 in
1258 4477 1484 4548 pellibus
1507 4475 1762 4547 caprinis,
1780 4483 2019 4544 egentes,

2126 3268 2252 3339 quia
2276 3268 2331 3323 in
2366 3283 2599 3338 superna
2624 3268 2715 3323 illa
2750 3269 2943 3339 patria,
2976 3270 3069 3325 ubi
3114 3268 3314 3341 Regem
3347 3270 3620 3326 Christum
3651 3271 3708 3325 in

2127 3359 2320 3413 decore
2348 3373 2446 3413 suo
2472 3358 2656 3413 vident
2683 3359 2824 3414 oculi
2872 3369 3202 3426 sanctorum,
3258 3361 3372 3416 sola
3420 3361 3708 3417 cbaritatis

2080 3486 2085 3493 τ
2126 3448 2321 3504 divina:
2357 3462 2423 3503 ac
2462 3446 2715 3504 fraterna:
2743 3449 2915 3519 gratia
2956 3464 3055 3519 per
3091 3450 3272 3505 omnia
3318 3446 3503 3521 fulget.
3553 3448 3709 3517 Quod

2126 3540 2477 3611 sequentibus
2503 3554 2716 3609 quoque
2738 3539 2915 3595 verbis
2940 3541 3218 3606 astruitur,
3243 3556 3365 3595 cum
3388 3539 3586 3595 dicitur
3610 3558 3625 3595 :

2200 3649 2222 3683 (
2249 3631 2315 3685 Et
2339 3630 2552 3700 operuit
2580 3630 2708 3684 illud
2737 3639 2898 3699 atque
2923 3631 3141 3685 vestivit
3178 3646 3312 3685 auro
3337 3631 3650 3701 purissimo.
3682 3652 3701 3684 ι

2126 3721 2280 3789 Quod
2311 3730 2394 3777 est
2421 3728 2606 3792 aperte
2644 3721 2862 3776 dicere:
2911 3722 3037 3793 quia
3070 3734 3315 3793 superna:
3343 3723 3545 3777 muenia
3569 3724 3703 3780 civi-

2128 3813 2254 3868 tatis
2310 3815 2483 3883 gratia
2514 3813 2798 3868 cbaritatis
2832 3813 3094 3883 implevit.

2203 3922 2221 3953 ι
2258 3902 2365 3959 Sed
2420 3915 2476 3958 et
2527 3903 2697 3959 altare
2729 3905 2945 3959 vestivit
2990 3906 3172 3961 cedro.
3211 3926 3230 3959 ι
3276 3906 3460 3963 Altare
3508 3908 3707 3963 dicitur

2128 3995 2522 4067 thymiamatis,
2550 3996 2695 4066 quod
2720 3998 2986 4051 eratante
3007 3997 3305 4064 oraculum,
3331 3999 3397 4054 de
3417 4015 3522 4069 quo
3543 4001 3706 4070 paulo

2126 4092 2249 4153 post
2282 4084 2656 4140 subinfertur:
2700 4105 2718 4135 ι
2755 4084 2861 4140 Sed
2906 4093 3076 4140 totum
3123 4087 3297 4141 altare
3340 4089 3539 4144 oraculi
3573 4092 3708 4145 texit

2128 4192 2279 4235 auro.
2316 4196 2334 4228 ι
2371 4178 2522 4233 Unde
2552 4176 2773 4248 intelligi
2801 4177 2958 4231 datur
2982 4178 3124 4247 quod
3162 4178 3300 4233 idem
3331 4180 3500 4235 altare
3533 4182 3599 4237 de
3627 4182 3706 4235 la-

2126 4271 2249 4342 pide
2279 4261 2494 4340 quidem
2538 4266 2699 4322 fuerit
2743 4266 2963 4333 factum,
3016 4277 3072 4323 et
3116 4270 3280 4325 cedro
3328 4272 3601 4339 vestitum,
3638 4289 3704 4328 ac

2126 4361 2318 4416 deinde
2347 4374 2479 4415 auro
2505 4368 2835 4430 coopertum.
2862 4358 3143 4431 Signiﬁcat
3166 4370 3344 4417 autem
3383 4365 3557 4435 typice
3582 4380 3706 4435 per—

2129 4456 2391 4512 fectorum
2431 4457 2598 4510 vitam
2633 4456 2924 4525 justorum,
2953 4457 3043 4526 qui
3070 4458 3311 4527 quasi‘in
3339 4461 3536 4515 vicinia
3577 4476 3705 4516 ora—

437 4574 749 4645 angustiati,
796 4572 1000 4638 amicti,
1049 4573 1245 4642 quibus
1260 4527 1470 4639 Irdignus
1501 4527 1607 4625 non
1639 4578 1758 4624 erat
1787 4570 2019 4624 mundus
2051 4527 2101 4587 Β
2126 4550 2232 4645 Fu“
2274 4559 2399 4645 5_“m
2424 4550 2606 4645 Ροδίίίν
2638 4551 2802 4645 (ᾆυίθνι
2836 4550 3067 4645 (Ῐίῖδθῖίίε
3097 4552 3299 4608 inﬁmis
3336 4554 3705 4611 delec‘alioni'

437 4663 626 4729 (Hebr.
659 4664 760 4732 χι).
794 4682 811 4713 ι
840 4661 904 4715 lli
928 4662 1021 4731 qui
1051 4669 1177 4714 ante
1199 4659 1484 4714 manifesta
1513 4668 1755 4729 tempora
1776 4659 2021 4729 Evange-

438 4756 517 4820 lii,
550 4755 714 4808 vitam
746 4754 947 4808 duxere
981 4749 1369 4822 evangelicum,
1417 4749 1567 4820 quid,
1612 4749 1719 4804 nisi
1752 4756 1880 4804 ante
1932 4750 2018 4804 in-

435 4859 682 4915 gressum
715 4842 897 4912 templi
925 4849 985 4896 ut
1007 4839 1245 4895 tabulata
1268 4839 1488 4895 cedrina
1523 4838 1575 4892 in
1601 4839 1814 4908 porticu
1848 4836 2019 4909 fulge-

438 4935 586 4998 bant,
615 4942 671 4988 ct
698 4949 834 5004 quos
872 4940 1133 5003 utrosque
1166 4931 1294 5003 quia
1339 4929 1478 4985 idem
1525 4944 1751 4999 regnum
1797 4929 2019 4984 caeleste

438 5027 821 5088 communiter,
851 5024 1099 5094 quamvis
1144 5024 1197 5078 in
1228 5022 1601 5077 mansionibus
1628 5019 1897 5087 discretis,
1927 5035 2016 5075 re—

436 5117 599 5187 cepit,
629 5116 783 5187 quasi
825 5116 1067 5187 porticus
1114 5114 1321 5185 templi,
1376 5123 1499 5184 post
1547 5112 1779 5183 lapidem
1830 5120 1885 5167 et
1927 5127 2021 5166 ce-

437 5208 617 5271 drum,
650 5207 975 5263 intrinsecus
1015 5216 1096 5262 cst
1136 5222 1270 5260 auro
1311 5212 1584 5275 conperta.
1630 5203 1769 5258 Sunt
1814 5203 1868 5258 in
1919 5204 2021 5259 hoc

439 5306 682 5366 tempore
708 5297 1004 5368 perplures,
1033 5294 1126 5366 qui
1160 5294 1422 5367 legalibus
1447 5294 1687 5348 contenti
1714 5294 2019 5363 praeceptis,

437 5402 559 5458 quae
587 5401 748 5458 supra
779 5386 1340 5450 commemoravimus,
1369 5383 1615 5439 suﬁiccrc
1638 5382 1741 5438 sibi
1766 5384 2017 5447 credunt,

439 5486 650 5533 tantum
680 5477 726 5533 si
761 5477 830 5532 ad
853 5477 1020 5531 vitam
1050 5480 1235 5533 venire
1266 5485 1598 5532 mereantur.
1628 5474 1769 5530 Sunt
1793 5475 1884 5530 alii
1926 5475 2016 5545 qui

440 5571 509 5626 ad
536 5569 923 5641 perfectionem
966 5569 1222 5633 nitentes,
1248 5567 1481 5622 venditis
1524 5581 1644 5637 qua:
1672 5566 1874 5620 habent
1899 5581 2018 5621 om—

407 5675 411 5679 '
442 5665 622 5730 nibus,
641 5663 924 5720 Dominum
945 5671 1261 5733 sequuntur,
1286 5677 1553 5717 memores
1578 5660 1830 5733 promissi
1857 5661 2019 5725 illius,

448 5772 554 5828 quo
586 5758 781 5815 talibus
825 5758 881 5814 in
926 5755 1321 5814 resurrectione
1358 5772 1462 5811 non
1499 5755 1672 5811 solum
1703 5754 1887 5822 vitam,
1930 5754 2022 5810 sed

2126 4640 2248 4705 bus,
2277 4641 2343 4694 de
2369 4640 2483 4694 solo
2513 4640 2661 4710 regni
2702 4636 2938 4696 ctelestis
2972 4641 3217 4712 ingressu
3255 4659 3442 4699 curam
3485 4661 3702 4707 omnem

2126 4732 2458 4802 impendunt.
2503 4731 2653 4787 Unde
2680 4730 2814 4786 bene
2840 4732 2892 4785 in
2933 4733 3035 4788 hoc
3069 4733 3225 4788 altari
3271 4751 3375 4789 non
3406 4752 3597 4793 carnes
3624 4740 3704 4792 vi-

2126 4827 2433 4890 ctimarum,
2461 4823 2554 4879 sed
2581 4822 2693 4878 sola
2722 4824 3149 4880 incendebantur
3174 4826 3545 4898 thymiamata,
3575 4831 3702 4900 quia

2128 4915 2262 4972 tales
2291 4933 2395 4971 non
2421 4916 2597 4970 adhuc
2616 4923 2834 4985 peccata
2861 4916 3041 4971 carnis
3073 4925 3128 4971 et
3175 4918 3458 4975 illecebras
3498 4922 3706 4992 cogita-

2125 5008 2331 5061 tionum
2360 5007 2413 5060 in
2439 5022 2497 5061 se
2529 5015 2767 5060 mactare
2797 5022 2931 5076 opus
2966 5007 3184 5073 habent,
3214 5009 3306 5063 sed
3339 5018 3545 5064 tantum
3586 5027 3707 5065 ora.

2125 5099 2330 5154 tionum
2371 5096 2727 5166 spiritualium
2760 5104 2814 5151 et
2842 5097 3142 5152 ccelestium
3162 5098 3551 5155 desideriorum
3573 5103 3703 5157 odo-

2123 5197 2363 5244 ramenta
2390 5205 2487 5258 per
2509 5188 2684 5259 ignem
2714 5186 2888 5243 intimi
2932 5189 3133 5245 amoris
3176 5190 3229 5245 in
3280 5202 3574 5263 conspectu
3618 5196 3703 5251 sui

2120 5281 2412 5336 conditoris
2435 5279 2682 5335 offerunt.
2938 5290 2941 5295 '

2196 5403 2214 5434 ‹
2241 5382 2468 5437 Domum
2497 5395 2707 5451 quoque
2733 5388 2859 5436 ante
2886 5382 3162 5437 oraculum
3186 5385 3399 5454 operuit
3435 5402 3570 5442 auro
3602 5404 3706 5459 pn-

2124 5497 2142 5529 (
2170 5476 2403 5541 rissimo,
2434 5483 2489 5529 et
2520 5473 2688 5528 allixit
2720 5472 2951 5528 laminas
2978 5474 3144 5530 clavis
3183 5477 3382 5533 aureis.
3414 5499 3432 5530 ι
3470 5480 3702 5535 Domum

2120 5576 2244 5621 ante
2290 5565 2570 5621 Ol‘aCIllllll
2623 5564 2907 5636 praesentis
2964 5564 3217 5622 Ecclesia
3279 5577 3463 5639 typum
3514 5579 3702 5628 tenere

2121 5660 2389 5716 diximus:
2422 5659 2513 5713 ubi
2559 5659 2633 5712 ita
2688 5657 3063 5727 Redemptoris
3094 5659 3266 5714 nostri
3298 5676 3482 5716 amore
3509 5660 3704 5733 ﬂagra-

2125 5767 2260 5817 mus,
2290 5758 2347 5805 ut
2376 5760 2555 5805 tamen
2594 5748 2821 5805 necdum
2854 5748 3027 5818 ipsum
3052 5749 3232 5806 vidcrc
3261 5749 3396 5808 facie
3422 5752 3700 5813 valeamus
