4010 6194
310 362 416 416 155

1129 357 1481 415 COMMENT.
1523 360 1589 415 1N
1628 357 1873 415 LIBROS
1911 359 1977 414 IV
2016 358 2275 415 REGUM.
2317 392 2384 401 —-
2420 360 2487 417 1N
2523 362 2654 417 LIB.
2692 363 2777 417 Ill.

3474 364 3575 420 154

301 478 378 530 aJ
400 475 616 529 faciem.
650 472 808 529 Unde
829 480 952 542 apte
972 471 1161 528 domus
1186 474 1301 529 haec
1322 489 1453 529 auro
1467 474 1685 544 quidem
1711 473 1887 543 puris—
1916 475 1960 533 Α
1989 474 2238 527 eumdem
2267 488 2484 529 sensum
2514 476 2754 544 respicit.
2780 473 2933 531 Sicut
2951 477 3097 531 enim
3128 476 3357 531 interior
3380 476 3574 531 domus

301 569 448 620 simo
467 572 752 634 cooperta,
776 563 873 618 sed
903 562 1218 632 interposita
1249 574 1368 618 erat
1393 564 1570 619 medio
1593 563 1798 632 pariete
1824 563 1894 617 ab

300 656 530 711 oraculo
586 665 820 710 secreta.
868 652 1157 710 Oraeulum
1207 668 1442 724 namque
1478 663 1724 718 vocatur,
1770 669 1894 709 cum

300 747 393 801 vel
414 745 598 816 divina
636 746 968 809 hominibus,
992 743 1076 799 vel
1097 744 1337 813 angelica
1368 744 1640 811 allocutio,
1664 760 1786 800 cum
1815 760 1896 799 sc-

301 847 585 894 cretorum
614 851 957 908 quorumque
995 835 1325 891 revelatione
1366 838 1700 893 conceditur.
1742 838 1895 893 Unle

302 931 443 985 bene
467 929 752 985 oraculum
780 928 837 983 in
863 929 1059 999 adytis,
1085 928 1189 983 hoc
1222 938 1326 992 est,
1370 930 1422 982 in
1465 929 1706 984 interiori
1736 930 1894 983 domo

304 1016 508 1073 factum
535 1027 640 1081 est,
673 1018 802 1089 quia
855 1019 911 1073 in
949 1034 1182 1088 superna
1227 1020 1423 1088 patria,
1468 1027 1525 1075 et
1578 1019 1892 1088 angelorum

303 1112 465 1165 nobis
490 1111 630 1166 visio
653 1119 817 1181 atque
840 1109 1117 1176 allocutio,
1139 1119 1195 1164 et
1232 1111 1344 1181 ipsa
1372 1110 1465 1165 Dei
1494 1111 1783 1181 praesentia
1814 1126 1895 1164 rc-

300 1200 592 1255 velabitur.
627 1201 829 1255 Domus
854 1215 984 1272 ergo
1011 1209 1135 1255 ante
1159 1199 1437 1256 oraculum
1464 1217 1596 1256 auro
1627 1209 1764 1255 tecta
1787 1211 1889 1263 est,

299 1293 427 1360 quia
453 1291 682 1362 perfecti
710 1292 913 1362 quique
934 1290 1067 1360 justi
1098 1292 1152 1346 in
1201 1293 1303 1348 hac
1341 1294 1473 1358 vita,
1521 1292 1611 1347 ubi
1658 1293 1889 1348 necdum

298 1381 481 1452 palam
507 1381 578 1436 de
625 1381 788 1436 Patre
834 1381 1042 1446 audire,
1084 1381 1135 1435 id
1176 1390 1281 1447 est,
1318 1383 1545 1437 necdum
1579 1382 1759 1451 palam
1790 1383 1892 1437 Pa-

301 1481 443 1526 trem
482 1472 671 1526 videre
701 1479 928 1541 queunt,
975 1470 1135 1525 ﬁdem
1180 1478 1236 1526 et
1278 1486 1413 1541 opus
1446 1469 1670 1539 iustitiae
1710 1471 1891 1527 divino

297 1571 499 1618 emant
523 1576 731 1627 amore,
757 1578 855 1632 per
882 1577 1042 1632 quem
1070 1563 1138 1616 ad
1170 1561 1383 1633 plenam
1412 1562 1504 1618 Dei
1528 1561 1889 1634 cognitionem

298 1663 618 1713 mereantur
646 1655 930 1725 attingere.
972 1653 1213 1709 Lamiuae
1261 1656 1405 1719 auri,
1458 1655 1655 1725 quibus
1698 1666 1887 1726 operta

297 1755 381 1802 est
439 1746 657 1811 domus,
717 1746 1058 1815 operationcs
1105 1753 1232 1801 sunt
1286 1745 1597 1801 multifaria:
1642 1745 1882 1816 pietatis,

295 1852 434 1905 quas
463 1839 519 1892 in
545 1838 868 1907 obsequium
904 1837 986 1891 vel
1038 1837 1119 1891 sui
1165 1838 1451 1903 creatoris,
1500 1837 1585 1892 vel
1633 1836 1884 1893 fraternae

294 1928 660 1994 neceSSitatis,
694 1943 848 1982 amor
885 1936 1068 1983 castus
1108 1928 1346 1982 exhibet.
1378 1926 1527 1982 Clavi
1558 1928 1728 1991 aurei,
1757 1928 1881 1996 qni-

294 2022 398 2075 bus
419 2028 581 2076 erant
606 2019 778 2075 aliine
803 2016 1037 2085 laminae,
1058 2019 1171 2089 ipsa
1194 2029 1318 2074 sunt
1341 2028 1608 2089 praecepta
1637 2020 1879 2073 eharita-

296 2111 387 2175 tis,
435 2112 556 2167 sive
600 2111 870 2183 promissa
922 2119 1136 2165 aeternae
1173 2109 1457 2175 claritatis,
1510 2125 1609 2179 per
1653 2127 1773 2181 quae
1827 2111 1879 2165 in

293 2204 561 2258 exercitio
586 2203 874 2274 studioque
898 2203 1162 2257 virtutum
1186 2216 1253 2255 ne
1285 2199 1621 2267 deﬁciamus,
1649 2202 1881 2257 donante

292 2296 499 2350 Christi
543 2294 739 2367 gratia,
767 2294 1129 2351 continemur.
1188 2292 1342 2350 Unde
1387 2291 1523 2349 bene
1568 2291 1635 2348 de
1676 2293 1878 2348 eisdem

293 2389 461 2444 clavis
494 2390 552 2444 in
599 2389 736 2445 libro
764 2388 1208 2458 Paralipomenon
1245 2387 1504 2457 scriptum
1549 2394 1632 2443 est
1669 2406 1683 2442 :
1717 2406 1735 2438 ‹
1775 2387 1881 2444 Sed

293 2489 346 2533 et
373 2481 564 2536 clavos
614 2479 747 2536 fecit
799 2495 1013 2545 attrcos,
1063 2479 1137 2533 ita
1188 2486 1249 2533 ut
1299 2479 1494 2551 singuli
1542 2480 1679 2535 clavi
1721 2479 1881 2536 siclos

293 2573 704 2644 quinquagenos
736 2573 1100 2642 appenderent
1130 2570 1215 2643 (II
1248 2568 1378 2624 Par.
1421 2571 1527 2638 ιιι).
1562 2591 1579 2622 ι
1615 2570 1884 2643 Quinqua-

290 2664 518 2733 genario
556 2679 794 2733 namque
825 2677 1050 2717 numero
1091 2662 1226 2716 solet
1269 2662 1324 2715 in
1361 2660 1658 2731 Scripturis
1690 2662 1882 2718 remis-

290 2758 375 2810 sio
404 2765 751 2827 peccatorum
781 2764 835 2811 et
861 2754 1035 2826 gratia
1083 2753 1318 2825 Spiritus
1346 2753 1536 2819 sancti,
1575 2761 1631 2809 et
1669 2755 1881 2824 requies

290 2856 496 2902 aeterna
528 2846 770 2918 ﬁgurari.
1252 2850 1257 2857 '

368 2956 386 2987 ι
416 2937 485 2990 Et
503 2937 1009 3007 quinquagenm-um
1035 2942 1193 2989 erant
1214 2933 1471 2989 siclorum
1497 2933 1635 2988 clavi
1658 2933 1875 3004 singuli,

298 3048 317 3079 ι
343 3030 542 3099 quibus
568 3027 772 3081 lamina
818 3028 935 3081 auri
963 3024 1317 3097 aﬁigcbantur
1362 3026 1415 3079 in
1448 3026 1746 3095 parietibus
1785 3027 1881 3080 do-

298 3141 316 3171 ι
345 3136 470 3175 mus
491 3118 728 3174 Domini.
768 3138 786 3169 ι
820 3117 956 3186 Quia
997 3118 1251 3172 nimirum
1280 3118 1444 3173 verba
1467 3115 1735 3181 coelestia,
1762 3116 1881 3186 qui-

294 3212 395 3266 bus
422 3213 480 3265 in
516 3224 706 3264 amore
731 3214 1001 3263 bonorum
1020 3224 1243 3279 operum
1287 3208 1604 3280 proﬁcimus
1646 3216 1703 3262 et
1751 3224 1881 3264 con-

294 3316 607 3365 servamur,
659 3300 875 3354 veniam
940 3299 1094 3354 nobis
1144 3300 1462 3368 promittunt
1509 3309 1880 3368 peccatorum,

294 3392 525 3462 gratiam
554 3390 729 3446 sancti
771 3390 1020 3461 Spiritus,
1063 3398 1118 3444 et
1164 3389 1551 3444 sabbatismnm
1601 3391 1654 3444 in
1704 3389 1883 3445 futuro

294 3482 624 3553 pollicentur
647 3489 912 3536 aeternum
959 3479 1094 3544 (13a.
1124 3479 1234 3551 ις).
1287 3480 1433 3535 Ethi
1481 3480 1697 3550 quidem
1749 3492 1882 3539 sunt

294 3572 431 3625 clavi
463 3572 796 3626 dilectionis.
845 3569 985 3625 Sunt
1003 3584 1131 3625 vero
1153 3570 1243 3625 alii
1266 3569 1401 3626 clavi
1434 3571 1665 3636 timoris,
1688 3571 1884 3642 quibus

296 3665 619 3731 incipientes
656 3663 858 3735 quique
894 3669 948 3717 et
985 3662 1212 3717 necdum
1256 3663 1322 3717 ad
1352 3663 1736 3734 perfectionem
1762 3681 1886 3735 per-

294 3757 598 3820 venientes,
644 3754 928 3809 illecebras
956 3754 1231 3821 vitiorum,
1280 3755 1689 3824 carnaliumqne
1734 3756 1885 3811 volu-

292 3857 503 3916 ptatum
536 3846 869 3900 mortiﬁcant
899 3863 912 3899 :
940 3844 1015 3899 illi
1043 3844 1291 3900 videlicet
1318 3860 1595 3901 sermones
1620 3846 1882 3911 veritatis,

294 3955 528 4009 quorum
588 3939 928 3993 institutione
983 3954 1200 3994 cat-nem
1265 3948 1507 3995 nostram
1566 3938 1886 4011 cruciﬁgere

297 4046 420 4085 cum
447 4031 599 4084 vitiis
619 4039 675 4084 et
697 4030 1145 4098 concupiscentiis
1172 4029 1461 4085 educentur
1490 4048 1501 4082 :
1532 4045 1668 4099 quos
1686 4031 1887 4085 habere

298 4122 644 4178 desiderabat
689 4120 979 4191 Propheta,
1032 4138 1153 4177 cum
1185 4124 1300 4177 ait:
1341 4143 1358 4174 ι
1396 4122 1614 4191 Conﬁge
1650 4122 1818 4179 clavis
1853 4141 1883 4179 a

300 4214 493 4269 timore
526 4223 621 4269 tuo
646 4228 838 4268 carnes
881 4228 1049 4280 meas,
1083 4230 1113 4268 a
1155 4214 1375 4285 judiciis
1419 4214 1563 4273 enim
1596 4214 1703 4268 tuis
1730 4214 1885 4269 timui

301 4306 471 4377 (Ρωι.
504 4306 720 4379 cxvm).
769 4325 788 4358 ›
840 4306 941 4374 Qui
975 4322 1191 4361 rursum
1239 4306 1306 4361 ad
1338 4304 1659 4377 perfectiora
1698 4321 1888 4375 perve-

300 4404 478 4469 niens,
515 4402 653 4458 dicit
682 4402 748 4457 de
780 4401 948 4457 clavis
983 4402 1289 4458 dilectionis
1318 4414 1333 4455 :
1367 4421 1385 4452 ε
1416 4401 1545 4456 Mihi
1574 4409 1754 4456 autem
1783 4393 1883 4456 ad-

300 4495 508 4549 lizrrere
534 4492 647 4547 Deo
671 4492 871 4546 bonum
900 4500 984 4545 cst
1009 4489 1182 4564 (Paul.
1215 4490 1409 4559 Lxxu).
1442 4510 1462 4541 ι

374 4604 393 4636 ι
422 4583 678 4654 Nihilque
714 4592 833 4636 erat
865 4582 919 4636 in
960 4582 1179 4652 templo,
1208 4583 1353 4651 quod
1387 4597 1492 4638 non
1522 4596 1655 4636 auro
1680 4590 1883 4652 tegere-

305 4699 323 4729 ι
349 4687 457 4740 tur,
473 4678 567 4732 sed
592 4683 763 4731 totum
794 4674 962 4728 altare
988 4673 1187 4728 oraculi
1215 4672 1349 4727 texit
1376 4688 1529 4727 auro.
1562 4691 1578 4723 ι
1610 4672 1881 4728 Deaurata

300 4777 385 4824 cst
412 4768 609 4837 quippe
630 4766 873 4837 porticus
903 4771 1030 4817 ante
1065 4763 1345 4834 templum,
1376 4762 1501 4832 quia
1529 4772 1711 4833 patres
1730 4761 1883 4817 Vete-

302 4858 724 4916 ris'l‘estamenti
753 4859 863 4912 Deo
879 4872 973 4926 per
996 4856 1315 4910 charitatem
1339 4855 1679 4925 placuerunt.
1704 4850 1883 4905 Deau-

304 4963 481 5009 ratum
508 4960 592 5007 est
632 4951 811 5021 ipsum
840 4947 1116 5018 templum,
1161 4947 1285 5015 quia
1321 4946 1511 5000 eadem
1540 4944 1655 5013 ipsa
1693 4962 1711 4993 (
1746 4944 1877 4996 cha-

305 5048 439 5100 ritas
457 5043 554 5097 Dei
583 5041 777 5098 diﬂ'usa
802 5050 887 5096 est
913 5040 966 5093 in
992 5038 1244 5093 cordibus
1274 5037 1475 5090 nostris
1500 5050 1597 5104 per
1625 5033 1887 5103 Spiritum

303 5148 553 5195 sanctum
587 5138 680 5207 qui
719 5138 877 5190 datus
917 5141 1001 5188 est
1038 5133 1193 5188 notis
1237 5130 1409 5202 (Rom.
1450 5129 1525 5201 v).
1566 5147 1583 5179 ι
1621 5128 1887 5182 Deaurata

302 5240 387 5285 est
420 5232 612 5285 domus
641 5227 889 5289 interior,
911 5224 1037 5294 quia
1074 5223 1127 5277 iu
1158 5236 1391 5290 superna
1422 5218 1596 5288 patria
1624 5216 1736 5271 sola
1765 5216 1889 5270 cha-

304 5324 440 5378 ritas
459 5327 683 5391 regnat;
716 5317 808 5373 sed
844 5317 917 5372 ibi
955 5330 1021 5370 eo
1049 5314 1230 5367 verius
1252 5322 1307 5365 et
1332 5310 1597 5370 securius,
1622 5324 1728 5376 quo
1753 5322 1890 5376 prae-

302 5430 432 5471 sens
451 5415 567 5484 ipse
604 5412 771 5473 Deus,
798 5410 891 5480 qui
919 5400 1571 5472 esteharitas,videtur(l
1594 5397 1885 5466 Canam);

304 5507 377 5562 ibi
404 5522 473 5560 eo
496 5504 723 5566 certius,
762 5515 868 5571 quo
908 5500 1024 5569 ipse
1070 5497 1334 5551 mediator
1372 5492 1469 5548 Dei
1506 5500 1562 5546 et
1589 5490 1886 5553 hominum,

303 5599 396 5669 qui
428 5597 578 5653 solus
621 5602 971 5665 paternorum
994 5597 1090 5646 est
1120 5587 1375 5644 conscius
1412 5592 1767 5645 secretorum,
1795 5595 1888 5635 ve-

304 5688 385 5743 lut
427 5702 557 5742 arca
587 5682 921 5747 testamenti,
961 5695 1174 5750 semper
1202 5678 1461 5748 aspicitur
1502 5674 1553 5745 (1
1582 5674 1741 5727 Joan.
1789 5672 1885 5741 tv).

305 5778 459 5846 Quod
490 5786 674 5831 autem
703 5771 978 5830 caruncula
1014 5786 1229 5841 quoque
1275 5776 1411 5823 tecta
1465 5772 1587 5821 sunt
1635 5778 1787 5827 auro,
1822 5762 1887 5815 ad

1907 4525 1960 4583 D

1997 564 2170 618 sancti
2205 574 2539 630 sanctorum,
2568 565 2657 620 ubi
2701 575 2821 620 erat
2850 582 2999 631 arca,
3043 568 3312 621 intentam
3355 576 3575 622 sancto-

1996 668 2118 708 rum
2147 653 2313 708 vitam
2340 654 2394 708 in
2432 664 2723 726 conspectu
2755 656 2838 711 sui
2868 657 3162 713 conditoris
3183 666 3237 711 et
3268 659 3595 728 redempto—_

1998 744 2075 798 ris
2115 744 2400 814 signiﬁcat,
2437 745 2593 815 juxta
2640 746 2767 800 illud
2821 747 3122 803 Psalmistae
3155 767 3167 801 :
3206 767 3224 800 ι
3257 748 3577 804 Absconch

1996 851 2090 893 eos
2124 836 2176 890 in
2204 836 2518 891 abscondito
2540 837 2716 892 vultus
2754 838 2829 892 ttti
2875 856 2904 894 a
2948 842 3358 896 conturbatioue
3404 844 3578 898 homi-

1996 943 2127 982 num
2170 925 2342 998 (Psal.
2376 930 2544 999 xxx);
2586 948 2604 980 ι
2641 929 2714 983 ita
2753 929 3030 984 emnacula
3086 932 3139 985 in
3177 932 3286 986 alto
3327 934 3576 989 eamdem

1996 1021 2182 1085 vitam,
2206 1021 2309 1075 hoc
2338 1030 2443 1086 est,
2481 1021 2534 1075 in
2564 1021 2717 1076 ctelis
2750 1037 2893 1086 esse,
2921 1031 2975 1075 et
2999 1039 3104 1077 non
3140 1024 3192 1077 in
3224 1024 3327 1079 hoc
3355 1027 3574 1089 mundo,

1995 1111 2300 1181 designant,
2350 1111 2561 1165 dicente
2602 1112 2900 1181 Apostolo:
2948 1132 2967 1165 ι
3012 1114 3141 1180 Quae
3182 1131 3394 1171 sursum
3428 1129 3574 1184 sunt,

1994 1204 2240 1271 quaerite,
2288 1202 2377 1257 ubi
2424 1200 2674 1257 Christus
2727 1212 2810 1257 est
2855 1204 2910 1257 in
2945 1205 3167 1260 dextera
3218 1207 3309 1262 Dei
3358 1211 3571 1265 sedens.

1994 1292 2124 1359 Quae
2151 1308 2362 1347 sursum
2412 1300 2556 1357 sunt,
2612 1293 2804 1363 sapite,
2856 1308 2962 1349 non
2994 1309 3115 1364 quae
3168 1311 3330 1365 super
3374 1308 3573 1355 terram

1993 1381 2130 1454 (Col.
2166 1382 2268 1453 ιιι).
2306 1401 2324 1433 ι

2068 1492 2087 1525 ‹
2117 1473 2185 1527 Ει
2216 1472 2344 1528 fecit
2370 1473 2422 1528 in
2451 1474 2670 1529 oraculo
2713 1474 2818 1529 duo
2857 1474 3137 1531 cherubim
3180 1477 3248 1532 de
3291 1476 3451 1548 lignis
3476 1478 3577 1533 oli-

1996 1581 2015 1614 ‹
2042 1576 2250 1627 varum,
2282 1563 2477 1617 .decem
2517 1565 2823 1618 cubitorum
2870 1564 3193 1631 altitudinis,
3231 1574 3336 1622 etc.
3374 1588 3392 1618 ι
3439 1567 3579 1623 Che-

1988 1652 2167 1706 rubim
2227 1652 2409 1723 (sicut
2462 1654 2725 1723 propheta
2794 1655 3040 1711 Ezechiel
3098 1666 3282 1727 aperte
3342 1659 3577 1715 declarat

1991 1742 2210 1815 [Ezecln
2246 1744 2343 1818 ἡ)
2378 1746 2635 1815 angelicae
2672 1747 2951 1817 dignitatis
2984 1750 3302 1826 vocabulum
3331 1759 3433 1817 est,
3476 1769 3576 1806 nu-

1918 1820 1958 1877 Β
1988 1851 2245 1905 meroque
2288 1838 2545 1908 singulari
2578 1839 2767 1892 cherub
2798 1820 3026 1904 dicitur,
3058 1840 3253 1910 plurali
3284 1843 3571 1898 cherubim.

1987 1926 2137 1981 Unde
2167 1937 2291 1997 apte
2317 1928 2372 1982 in
2401 1928 2586 1999 ﬁguris
2609 1930 2914 1995 cherubim,
2946 1932 3038 2000 qui
3069 1941 3228 1987 erant
3256 1932 3306 1986 in
3350 1935 3573 1989 oraculo

1984 2016 2132 2083 facti,
2166 2019 2405 2088 angelica
2435 2021 2756 2085 ministeria,
2789 2037 2909 2091 quae
2938 2022 3206 2076 conditori
3234 2038 3333 2077 suo
3364 2024 3417 2077 in
3449 2039 3564 2079 ete-

1982 2109 2049 2164 lis
2075 2125 2290 2181 semper
2311 2112 2589 2177 assistunt,
2631 2120 2855 2181 possunt
2881 2113 3106 2184 intelligi
3141 2132 3155 2167 :
3187 2113 3278 2183 qui
3323 2123 3470 2169 recte
3508 2116 3576 2171 de

1982 2200 2143 2270 lignis
2185 2201 2450 2255 olivarum
2498 2201 2626 2257 facti
2659 2218 2779 2257 esse
2819 2203 3196 2273 perhibentur,
3249 2205 3375 2275 quia
3411 2205 3573 2259 nimi-

1983 2309 2103 2347 rum
2134 2293 2360 2348 virtutes
2387 2294 2642 2364 angelicae
2664 2295 2837 2364 gratia
2867 2294 3102 2365 Spiritus
3140 2295 3333 2360 sancti,
3376 2312 3443 2350 ne
3465 2312 3573 2349 un-

1980 2400 2143 2455 quam
2171 2386 2239 2439 ab
2268 2398 2456 2439 amore
2504 2386 2598 2441 Dei
2629 2393 2901 2450 arescant,
2951 2394 3126 2440 unctae
3178 2395 3323 2440 sunt.
3375 2386 3571 2441 Decem

1981 2487 2161 2532 autem
2185 2488 2311 2533 sunt
2335 2478 2640 2533 cubitorum
2680 2478 2999 2540 altitudinis,
3030 2478 3156 2547 quia
3194 2478 3418 2533 denario
3451 2479 3572 2533 vitze

1980 2575 2197 2622 aeternae
2231 2567 2501 2632 fruuntur,
2530 2568 2787 2621 habentes
2810 2567 3123 2622 inviolatam
3153 2568 3206 2621 in
3238 2584 3296 2622 se
3324 2568 3407 2622 sui
3435 2583 3566 2623 con-

1982 2659 2176 2715 ditoris
2203 2659 2513 2731 imaginem,
2541 2670 2754 2714 servata
2789 2669 3051 2730 perpetuo
3084 2662 3373 2717 sanctitate
3398 2670 3452 2717 et
3472 2661 3561 2731 ju-

1981 2750 2130 2804 stitia
2161 2756 2216 2804 et
2244 2750 2472 2805 veritate
2517 2765 2681 2820 quam
2729 2750 2902 2821 prima
2954 2750 3264 2805 conditione
3320 2767 3574 2823 percepe-

1986 2845 2131 2893 runt.
2191 2839 2457 2894 Denarius
2502 2855 2737 2909 namque
2783 2840 2970 2894 decem
3008 2840 3181 2895 obolis
3233 2849 3467 2907 constat,
3517 2852 3605 2896 et.

1982 2933 2262 2987 continere
2290 2933 2343 2986 in
2372 2948 2430 2986 se
2458 2947 2654 2987 nomen
2687 2931 2850 3002 Regis
2875 2940 2929 2985 et
2952 2932 3239 3003 imaginem
3267 2937 3570 2990 consuevit.

1985 3022 2326 3095 Quapropter
2350 3032 2404 3078 et
2431 3023 2619 3093 ﬁgurae
2663 3023 2812 3092 regni
2855 3022 3095 3078 caelestis
3122 3023 3403 3093 aptissime
3441 3040 3572 3079 con-

1986 3115 2152 3186 gruit,
2184 3116 2277 3170 ubi
2298 3124 2353 3169 et
2386 3115 2565 3186 angeli
2594 3115 2768 3169 sancti
2799 3114 3090 3185 imaginem
3121 3115 3202 3169 sui
3246 3115 3572 3177 conditoris,

1984 3209 2051 3264 ad
2078 3224 2239 3279 quam
2267 3207 2393 3263 facti
2428 3214 2572 3272 sunt,
2597 3223 2812 3276 semper
2840 3207 3099 3271 retinent,
3141 3216 3197 3261 et
3219 3206 3376 3261 electi
3400 3207 3576 3262 homi-

1983 3312 2082 3353 nes
2111 3298 2397 3370 imagincm
2419 3297 2555 3368 ejus,
2584 3312 2746 3367 quam
2772 3296 3046 3367 peccando
3074 3296 3390 3361 amiserant,
3426 3296 3569 3350 rcci-

2022 3390 2154 3442 'unt.

2042 3404 2154 3442 unt.

1982 3404 2018 3460 ρ
2060 3497 2079 3529 ‹
2106 3477 2353 3548 Quinque
2382 3476 2685 3531 cubitorum
2726 3475 2807 3528 ala
2839 3473 3042 3530 cherub
3076 3490 3201 3538 una,
3234 3483 3289 3529 et
3330 3474 3572 3544 quinque

1990 3584 2009 3617 ‹
2039 3566 2342 3621 cubitorum
2372 3565 2455 3618 ala
2501 3563 2704 3619 chcrnb
2749 3563 2952 3626 altera;
2987 3562 3041 3617 id
3069 3570 3173 3628 est,
3206 3563 3393 3617 decem
3424 3562 3576 3617 cubi-

1990 3679 2010 3709 ι
2040 3669 2121 3713 tos
2149 3658 2355 3712 habens
2377 3672 2407 3711 a
2436 3656 2744 3711 summitate
2779 3653 2875 3709 alae
2903 3668 3075 3723 usque
3115 3653 3183 3707 ad
3216 3651 3311 3707 dae
3342 3651 3572 3706 alterius

1991 3772 2009 3804 ι
2037 3752 2427 3807 summitatem.
2465 3768 2485 3800 ι
2519 3748 2630 3802 Alae
2667 3763 2792 3802 cum
2840 3746 2894 3800 in
2933 3753 3245 3799 sanctorum
3289 3743 3570 3798 hominum

1987 3844 2153 3914 ﬁgura
2182 3851 2473 3913 ponuntur,
2503 3840 2731 3893 virtutes
2777 3837 3085 3908 signiﬁcant
3125 3850 3314 3889 eorum
3373 3833 3570 3902 quibus

1986 3934 2052 3988 ad
2084 3934 2325 3991 cmlestia
2352 3946 2567 4000 semper
2587 3930 2772 3985 volare
2809 3938 2972 3998 atque
3000 3928 3051 3980 in
3080 3927 3166 3981 his
3199 3925 3573 3981 conversatio-

1986 4012 2109 4084 nem
2149 4028 2486 4083 delectantur
2510 4026 2730 4081 habcre.
2761 4023 2892 4079 Cum
2922 4038 3053 4077 vero
3086 4022 3138 4077 in
3171 4021 3571 4091 signiﬁcatione

1986 4122 2296 4193 angelorum
2333 4127 2610 4188 ponuntur
2639 4117 2758 4179 alae,
2791 4116 2917 4185 quid
2942 4115 3120 4183 aptius
3147 4128 3320 4183 quam
3336 4112 3571 4183 gratiam

1988 4213 2364 4267 demonstrant
2392 4218 2663 4279 perpetuac
2692 4214 2747 4260 et
2783 4204 3136 4259 indeﬁectivae
3169 4202 3445 4257 felicitatis
3473 4215 3569 4256 eo—

1989 4319 2107 4357 rum
2134 4301 2224 4370 qui
2256 4314 2469 4367 semper
2497 4298 2547 4351 in
2581 4295 2889 4350 coelestibus
2919 4294 2971 4347 in
3004 4292 3304 4347 ministerio
3334 4292 3416 4346 sui
3445 4306 3575 4360 pcr-

1988 4394 2187 4449 sistunt
2222 4388 2459 4444 auctoris
2488 4403 2503 4451 ;
2543 4385 2625 4439 vel
2670 4392 2817 4439 certe
2845 4384 2971 4453 quia
3021 4382 3241 4436 levitate
3269 4381 3568 4450 spiritualis

1989 4493 2196 4539 natura:
2221 4486 2346 4533 sunt
2388 4475 2616 4547 praediti,
2676 4474 2746 4527 ita
2798 4481 2876 4535 ut,
2927 4471 3233 4539 ubicunque
3270 4469 3564 4532 voluerint,

1986 4572 2169 4629 statim
2194 4568 2347 4640 quasi
2376 4565 2602 4621 volando
2632 4563 2983 4633 perveniant;
3016 4568 3070 4614 et
3099 4560 3190 4613 hic
3220 4574 3343 4612 cum
3381 4556 3481 4611 alis
3517 4556 3573 4610 ﬁ~

1988 4666 2185 4738 gurati,
2217 4673 2269 4719 et
2294 4659 2570 4732 prophetis
2598 4664 2870 4713 suntcum
2912 4654 3009 4708 alis
3038 4652 3267 4707 ostensi.
3295 4649 3441 4704 Bene
3476 4664 3565 4702 au-
3604 4682 3618 4695 .

1991 4766 2097 4809 tem
2138 4754 2335 4808 dicitur
2361 4749 2502 4820 quod
2525 4748 2761 4818 quinque
2786 4744 3087 4799 cubitorum
3133 4740 3299 4795 fuerit
3325 4739 3410 4793 ala
3441 4740 3568 4794 che-

1989 4847 2092 4900 rub
2118 4860 2245 4908 una,
2276 4851 2332 4897 et
2366 4841 2603 4911 quinque
2657 4836 2962 4891 cubitorum
2995 4834 3078 4886 ala
3119 4831 3325 4887 cherub
3377 4831 3571 4896 altera,

1989 4935 2243 5004 quoniam
2274 4932 2502 4984 virttth
2533 4926 2792 4998 angelicae
2824 4924 2996 4994 legem
3034 4921 3152 4986 Dei,
3182 4937 3301 4990 quae
3332 4920 3383 4973 in
3415 4920 3573 4988 quin-

1992 5039 2096 5093 que
2123 5021 2275 5076 libris
2304 5018 2572 5088 descripta
2601 5024 2703 5079 cst,
2749 5013 3017 5067 indefessa
3063 5011 3346 5066 devotione
3390 5016 3572 5063 custo-

1994 5116 2165 5178 diunt,
2206 5109 2477 5181 diligendo
2504 5107 2760 5162 videlicet
2788 5104 3074 5159 Dominum
3105 5102 3271 5155 Deum
3309 5115 3465 5155 suum
3504 5114 3571 5153 ex

1992 5203 2242 5259 omnibus
2271 5200 2475 5253 viribus
2521 5197 2654 5260 suis,
2700 5193 2970 5266 diligendo
3024 5199 3078 5246 et
3122 5190 3402 5260 proximos
3454 5194 3572 5239 tan-

1992 5310 2153 5367 quam
2184 5294 2407 5362 seipsos.
2439 5309 2456 5340 ‹
2492 5287 2775 5342 Plenitudo
2805 5285 2950 5340 enim
2982 5283 3117 5352 legis
3139 5282 3381 5335 charitas
3407 5286 3511 5331 est.
3548 5294 3566 5325 ι

1994 5389 2229 5446 Proximi
2270 5395 2447 5441 autem
2471 5400 2655 5439 eorum
2692 5390 2747 5436 et
2785 5380 2884 5450 ipsi
2914 5377 3216 5432 adinviccm
3258 5381 3382 5428 sunt
3409 5383 3571 5438 auge-

1992 5483 2080 5538 lici
2112 5480 2367 5552 Spiritus,
2399 5486 2451 5531 et
2494 5474 2739 5529 homines
2778 5470 2935 5525 electi
2973 5482 3159 5523 eorum
3199 5478 3350 5533 aeque
3390 5457 3572 5514 conci-

1993 5591 2119 5639 ves;
2168 5572 2308 5628 unde
2355 5567 2556 5624 cherub
2609 5574 2837 5632 utraque
2886 5559 2970 5613 ala
3023 5556 3260 5625 ejusdem
3302 5561 3569 5605 mensurae

1995 5664 2325 5736 perhibetur,
2379 5659 2503 5729 quia
2553 5655 2803 5711 videlicet
2853 5650 3040 5709 eadem
3087 5647 3199 5715 ipsa
3266 5640 3568 5702 devotione,

1994 5772 2098 5825 qua
2128 5769 2246 5808 sese
2275 5751 2593 5805 alterutrum
2632 5746 2684 5800 in
2728 5745 2836 5798 Deo
2875 5739 3124 5807 diligunt,
3162 5741 3399 5788 nostram
3443 5742 3576 5799 quo-
