4026 6202
412 313 517 370 135

1043 312 1105 368 Β.
1143 310 1399 368 RABANI
1435 306 1652 364 MAURl
1689 302 2010 362 ARClllEP.
2052 295 2362 357 MOGUNT.
2400 290 2685 351 OPERUM
2723 287 2904 346 PARS
2937 286 2975 343 Ι.

3558 280 3664 349 156

409 440 515 495 que
537 424 605 479 ad
630 439 690 480 se
722 424 1127 480 ascendentium
1161 425 1475 480 societatem
1501 421 1833 479 desiderant.
1874 416 1980 473 sic-
2006 416 2054 475 A
2082 418 2246 480 atque
2289 407 2591 462 imitatores
2634 403 2800 458 fuisse
2843 402 2896 456 in
2947 400 3050 455 hac
3085 396 3204 495 ‘vita
3254 409 3367 495 sua:
3410 395 3666 495 puritatis

410 531 515 583 quc
541 516 696 570 simul
740 516 837 571 alae
866 517 1050 572 decem
1084 516 1294 573 cubitos
1323 514 1616 584 complent,
1649 529 1771 569 cum
1815 513 1869 567 in
1897 528 1986 583 ge-

410 607 555 661 mina
580 608 859 662 charitatis
882 607 1214 663 exhibitione
1249 606 1423 678 angeli
1472 606 1540 662 de
1570 603 1868 661 conditoris
1898 603 1983 658 sui

408 697 696 765 praesentia
723 697 994 751 laetantur.

485 802 503 833 ‹
536 783 728 863 Decem
759 800 971 856 quoque
990 787 1296 841 cubitorum
1323 793 1444 841 erat
1465 787 1668 842 cherub
1692 787 1983 854 secundus,

414 890 433 923 ‹
471 889 720 928 mensura
764 876 908 945 pari;
942 884 999 930 et
1026 892 1159 946 opus
1193 894 1359 932 unum
1384 885 1502 933 erat
1531 877 1584 931 in
1621 877 1830 932 duobus
1858 878 1987 933 che-

412 982 431 1015 (
466 964 660 1029 rubi-in,
716 974 819 1020 etc.
849 986 866 1017 ι
908 968 1022 1022 Duo
1066 975 1222 1022 erant
1268 968 1398 1023 facti
1438 969 1715 1024 cherubim
1763 978 1986 1041 propter

406 1057 733 1110 consortium
764 1055 1024 1126 ejusdem,
1056 1060 1123 1113 de
1152 1075 1255 1130 qua
1281 1059 1573 1129 loquimur,
1605 1060 1889 1115 charitatis
1911 1061 1986 1116 si-

404 1147 785 1216 gniﬁcandum,
818 1151 944 1220 quia
986 1151 1162 1206 minus
1197 1166 1359 1221 quam
1399 1151 1541 1206 inter
1572 1152 1706 1207 duos
1744 1154 1984 1210 Charitas

403 1248 548 1294 stare
577 1256 681 1294 non
712 1251 905 1310 potest.
957 1241 1108 1297 Unde
1138 1251 1192 1297 et
1220 1241 1470 1297 Salvator
1518 1243 1675 1299 binos
1703 1242 1769 1299 ad
1794 1245 1985 1314 praedi-

402 1334 634 1387 eanlum
659 1332 945 1402 discipulos
974 1333 1188 1388 mittere
1230 1335 1461 1400 curavit,
1489 1342 1551 1389 ut
1572 1336 1733 1390 tacite
1761 1337 1983 1392 doceret

400 1424 482 1478 eis
504 1423 593 1492 qui
620 1423 838 1477 verbum
871 1422 992 1477 ﬁdei
1020 1424 1377 1493 przedicarent
1401 1424 1658 1481 virtutem
1681 1425 1985 1484 dilectionis

403 1522 528 1565 ante
542 1511 721 1565 omnia
736 1527 855 1567 esse
872 1513 1175 1568 tenendam.
1196 1513 1624 1584 Uniuscujusque
1638 1530 1903 1571 mensura:
1929 1525 1985 1571 et

404 1602 585 1671 Operis
624 1611 781 1657 erant
818 1603 923 1659 duo
943 1603 1240 1669 cherubim,
1276 1605 1401 1674 quia
1429 1605 1755 1675 disparilitas
1787 1606 1981 1661 volun-

406 1701 575 1747 tatum
619 1694 733 1748 sive
762 1695 1091 1765 eogitatuum
1138 1695 1191 1750 in
1230 1711 1461 1766 superna
1496 1696 1671 1767 patria
1707 1697 1850 1753 nulla
1876 1708 1980 1764 est,

2083 499 2373 557 exsultant.
2407 497 2553 551 Duos
2594 501 2775 550 autem
2800 506 2953 561 aeque
2980 488 3220 560 parietes
3267 486 3369 542 alis
3399 487 3662 542 suis-tau-

2082 597 2237 660 gunt,
2261 588 2386 660 quia
2418 585 2601 641 ﬁdeles
2628 584 2908 652 utriusque
2944 579 3148 651 populi,
3178 576 3346 633 Judaei
3374 578 3583 633 scilicet
3610 584 3665 633 et

2081 679 2328 751 gentilis,
2368 664 2710 748 possessores
2750 688 2933 729 secum
2976 673 3177 725 habent
3207 669 3343 724 aulre
3390 669 3657 725 ccelestis:

2080 786 2190 826 non
2232 770 2375 840 quod
2405 769 2459 822 in
2504 767 2593 822 illa
2631 764 2808 836 patria
2857 761 3134 818 distinctio
3181 760 3254 815 sit
3292 759 3481 815 localis
3522 762 3667 816 inter

2082 872 2370 931 utrumque
2411 858 2694 930 populum,
2735 855 2829 911 sed
2864 855 2991 924 quia
3032 840 3207 922 major
3251 850 3345 905 ﬂat
3393 850 3666 906 festivitas

2084 955 2313 1010 interme
2358 950 2706 1008 beatitudinis
2752 949 2819 1003 de
2845 945 3123 1003 consortio
3172 944 3420 997 adunatae
3464 942 3514 996 in
3552 943 3666 997 Deo

2083 1042 2457 1100 fraternitatis.
2509 1038 2822 1095 Extendunt
2859 1051 2988 1107 ergo
3036 1034 3318 1089 cherubim
3360 1029 3427 1086 ad
3456 1039 3667 1086 utrum-

2084 1153 2190 1208 que
2231 1138 2493 1208 parietem
2538 1132 2740 1189 oraeuli
2795 1130 2910 1187 alas
2962 1145 3110 1196 suas,
3153 1130 3280 1199 quia
3332 1127 3578 1197 laetantes
3610 1129 3665 1183 in

2084 1229 2293 1287 caelesti
2339 1228 2513 1299 patria
2546 1225 2724 1296 iustos
2770 1224 3050 1293 utriusque
3096 1222 3267 1291 plebis
3286 1215 3501 1275 ‘visione
3554 1236 3668 1275 suae

2084 1320 2268 1393 gloriae
2295 1320 2361 1373 ad
2388 1318 2601 1373 laudem
2635 1315 2715 1371 sui
2748 1313 3011 1370 creatoris
3050 1313 3312 1367 excitant.
3352 1311 3463 1366 Nec
3490 1309 3666 1365 solum

2084 1413 2152 1468 de
2177 1411 2388 1467 illorum
2411 1424 2546 1479 quos
2576 1421 2765 1462 secum
2792 1406 2939 1460 intus
2966 1402 3167 1458 habent
3194 1401 3473 1456 hominum
3491 1399 3669 1469 justo—

2081 1512 2203 1555 rum
2253 1498 2512 1555 felicitate
2561 1497 2813 1551 laetantur
2865 1493 3081 1564 agmina
3135 1491 3378 1546 coelestia
3408 1530 3423 1555 ,
3475 1504 3668 1544 verum

2083 1589 2250 1643 etiam
2276 1588 2468 1652 nostri,
2496 1586 2586 1657 qui
2629 1585 2762 1640 foris
2784 1584 2961 1638 adhuc
3000 1581 3162 1653 positi
3191 1581 3256 1636 de
3275 1579 3556 1650 profundis
3597 1580 3669 1633 ad

2086 1677 2367 1761 Dominum
2412 1676 2728 1740 clamamus,
2764 1688 2947 1729 curam
2980 1679 3174 1743 gerunt
3207 1670 3470 1725 sedulam.
3514 1669 3670 1726 Unde

401 1785 493 1840 ubi
543 1800 649 1839 una
675 1757 863 1840 omne;
892 1788 1188 1857 eademque
1234 1757 1330 1842 υέί
1379 1757 1663 1857 ρηεξεηιίε
1691 1788 1899 1845 visione
1928 1757 1985 1846 εί
2011 1757 2056 1817 Β
2082 1757 2221 1823 bene
2258 1767 2326 1822 de
2361 1764 2564 1820 eisdem
2606 1762 2887 1819 cherubim
2928 1761 2981 1815 in
3026 1760 3164 1815 libro
3216 1757 3667 1830 Paralipomenon

402 1874 571 1945 gloria
594 1874 949 1930 illustrantur.

480 1983 498 2016 ι
527 1962 819 2036 Posuitque
844 1965 1122 2021 cherubim
1149 1966 1205 2020 in
1241 1965 1419 2021 medio
1447 1937 1629 2037 templi
1670 1967 1977 2035 interioris;
2019 2019 2022 2023 .

400 2063 427 2107 ἰ
465 2057 827 2112 extendebant
855 2057 1185 2113 autem‘alas
1227 2074 1352 2113 suas
1397 2059 1677 2115 cherubim
1706 2069 1762 2116 et
1791 2069 1981 2133 tange—

408 2162 428 2196 ‹
460 2145 555 2200 bat
591 2145 673 2200 ala
703 2161 806 2200 una
833 2148 1118 2217 parietem,
1148 2156 1204 2202 et
1244 2147 1325 2202 ala
1359 2148 1563 2203 cherub
1591 2150 1813 2204 secundi
1860 2160 1980 2206 tan-

406 2254 427 2287 ‹
460 2236 619 2306 gebat
645 2237 905 2306 parietem
935 2237 1182 2292 alterum.
1211 2237 1324 2293 Alae
1355 2246 1536 2293 autem
1572 2237 1755 2294 altera:
1781 2238 1836 2294 in
1863 2255 1982 2296 me-

409 2344 427 2375 c
466 2325 553 2379 dio
575 2326 779 2395 pariete
819 2328 999 2398 templi
1034 2343 1095 2384 se
1117 2329 1349 2384 invicem
1379 2328 1782 2400 contingebant.
1819 2349 1837 2380 ι
1874 2328 1983 2384 Ma-

403 2413 656 2469 nifestum
684 2423 767 2471 est
794 2434 859 2471 ex
882 2417 966 2472 his
991 2433 1111 2486 quae.
1144 2418 1402 2487 praedicta
1429 2426 1555 2472 sunt
1589 2434 1756 2488 quare
1789 2418 1984 2475 cheru-

404 2505 512 2559 bim
545 2507 597 2560 in
630 2508 806 2562 medio
833 2508 1017 2577 templi
1046 2494 1318 2564 interioris
1360 2518 1488 2565 sunt
1522 2510 1703 2580 positi,
1751 2527 1981 2581 quorum

403 2596 668 2652 habitatio
705 2606 788 2652 est
828 2613 1042 2668 semper
1078 2599 1132 2652 in
1174 2598 1345 2654 cmlis.
1396 2598 1770 2654 Extendebant
1800 2607 1982 2655 autem

405 2685 519 2741 alas
542 2688 845 2755 cherubim,
871 2689 1024 2758 quasi
1056 2689 1124 2744 ad
1146 2689 1459 2755 velandum,
1489 2690 1615 2759 quia
1638 2690 1864 2759 spiritus
1891 2706 1985 2744 an-

404 2777 560 2849 gelici
590 2793 802 2848 semper
831 2780 1029 2835 habent
1064 2780 1303 2834 animum
1338 2780 1404 2835 ad
1436 2780 1754 2857 obsequium
1789 2780 1984 2837 divinae

404 2869 695 2924 voluntatis
721 2879 989 2941 paratum.
1024 2869 1176 2938 Quod
1193 2875 1331 2927 'vero
1364 2870 1449 2926 ala
1475 2886 1581 2925 una
1615 2871 1871 2940 tangebat
1889 2887 1985 2942 pa-

406 2961 620 3027 rietem,
649 2971 705 3016 et
740 2961 824 3015 ala
852 2963 1056 3019 cherub
1084 2962 1305 3017 secundi
1333 2950 1887 3033 alterumhparietem,
1918 2950 1983 3017 ad

407 3049 553 3104 illam
579 3051 861 3107 charitatis
897 3052 1420 3107 administrationem
1450 3067 1613 3121 quam
1646 3053 1801 3108 nobis
1833 3053 1986 3108 exhi-

406 3142 535 3197 bent
560 3144 735 3214 angeli
764 3144 1017 3214 pertinet.
1045 3142 1194 3210 Quod
1221 3142 1319 3198 alm
1348 3112 1533 3197 altera:
1556 3143 1611 3196 iu
1638 3144 1815 3199 medio
1837 3151 1979 3198 tem-
2010 3112 2055 3173 Ο

405 3232 479 3303 pli
518 3248 577 3289 se
621 3234 852 3289 invicem
889 3233 1293 3304 contingebant,
1345 3247 1465 3287 eam
1505 3233 1808 3288 dilectionis
1864 3249 1986 3304 gra-

409 3324 541 3378 tiam
591 3340 696 3395 qua
740 3340 797 3380 se
851 3325 1168 3380 alterutrum
1201 3321 1655 3395 complectuntur
1706 3325 1982 3396 exprimit.

408 3415 553 3470 Bene
582 3426 761 3469 autem
792 3417 1036 3484 sequitur
1060 3433 1072 3469 :

454 3523 460 3531 ·
490 3506 508 3557 ἀ
541 3503 699 3560 Texit
724 3520 937 3575 quoque
963 3504 1243 3560 cherubim
1267 3519 1450 3560 auro.»
1490 3504 1628 3573 Quia
1652 3512 1708 3561 et
1737 3514 1985 3561 naturam

409 3611 598 3653 eorum
643 3596 903 3652 Conditor
937 3596 1226 3652 immortali
1270 3597 1517 3651 claritate
1555 3596 1885 3664 sublimavit,
1930 3608 1987 3654 et

412 3697 650 3742 mentem
690 3704 812 3742 vera
843 3687 1145 3743 dileCtionis
1175 3695 1337 3756 atque
1368 3687 1689 3743 humilitatis
1731 3688 1850 3744 luce
1895 3704 1985 3744 re-

410 3779 594 3848 pluvit.
644 3777 948 3834 Notandum
978 3793 1106 3833 sane
1140 3778 1281 3847 quod
1326 3777 1537 3848 Moyses
1564 3778 1689 3832 dum
1729 3766 1983 3834 taberna-

410 3868 592 3924 culum
625 3867 849 3933 faccret,
881 3867 1011 3923 fecit
1045 3876 1099 3923 et
1125 3869 1260 3923 duos
1288 3867 1566 3922 cherubim
1597 3883 1812 3933 aureos,
1851 3884 1987 3939 quos

413 3959 592 4028 posuit
620 3959 671 4012 in
702 3958 1096 4028 propitiatorio,
1128 3958 1272 4028 quod
1305 3966 1420 4012 erat
1456 3973 1617 4029 super
1644 3974 1847 4023 arcam,
1884 3959 1984 4014 Sa—

413 4050 591 4105 lomon
618 4057 797 4103 autem
823 4048 1028 4103 addidit
1054 4048 1188 4103 alios
1212 4051 1344 4104 duos
1379 4049 1546 4103 multo
1568 4049 1820 4118 majores,
1852 4066 1987 4120 quos

414 4141 469 4194 in
498 4140 696 4211 templo
724 4151 977 4211 poneret;
1009 4142 1109 4197 sub
1140 4157 1371 4211 quorum
1398 4142 1498 4197 alis
1521 4158 1702 4198 arcam
1728 4143 1781 4197 in
1809 4144 1988 4198 medio

411 4240 640 4301 poneret
675 4247 800 4285 cum
854 4232 1233 4301 propitiatorio
1280 4240 1336 4287 ct
1384 4232 1664 4288 cherubim
1717 4235 1989 4303 prioribus

415 4321 612 4394 (Exod.
641 4322 871 4393 xxxvii).
903 4321 1100 4392 Sicque
1127 4323 1326 4378 factum
1359 4333 1444 4379 est
1473 4333 1533 4378 ut
1560 4323 1614 4378 in
1644 4324 1988 4380 tabernaculo

414 4416 629 4484 quidem
660 4425 840 4471 essent
867 4416 1149 4471 cherubim
1181 4417 1305 4481 duo,
1338 4417 1391 4470 in
1427 4418 1623 4488 templo
1645 4426 1825 4473 autem
1857 4434 1988 4488 qua-
2020 4454 2070 4513 Β

416 4515 570 4573 tuor;
620 4506 687 4561 ad
736 4523 899 4561 unam
950 4523 1077 4563 vero
1137 4509 1490 4578 eamdemque
1544 4506 1992 4579 signiﬁcationem

417 4602 634 4670 utrique
678 4602 969 4670 pertinent.
1019 4599 1127 4653 Sed
1175 4602 1458 4668 repetitum
1508 4610 1593 4655 est
1640 4617 1777 4671 opus
1831 4611 1995 4672 atque

417 4688 696 4758 augustius
721 4687 922 4740 factum
946 4702 1043 4756 per
1086 4686 1450 4751 Salomonem,
1478 4688 1738 4759 ut'typice
1774 4688 1997 4746 doc’ere-

419 4789 508 4834 tur
533 4779 680 4848 quia,
723 4777 1075 4848 multiplieata
1120 4786 1240 4847 post
1281 4778 1711 4833 lncarnationem
1756 4780 1994 4835 Domini-

418 4883 535 4922 cam
568 4869 828 4935 Ecclesia,
881 4868 1042 4923 latius
1086 4875 1231 4924 esset
1258 4870 1505 4940 gentibus
1541 4869 1844 4925 sublimitas
1869 4871 1991 4926 cmli

417 4959 613 5013 civium
641 4960 942 5029 pandenda.
976 4960 1075 5028 Qui
1107 4961 1184 5016 sic
1204 4960 1548 5017 Conditorem
1575 4962 1640 5017 de
1668 4963 1864 5019 collato
1886 4964 1989 5019 sibi

416 5066 640 5106 munere
669 5051 1016 5130 beatitudinis
1038 5051 1364 5118 collaudant,
1392 5059 1453 5106 ut
1474 5052 1538 5107 de
1564 5062 1747 5107 nostra
1778 5068 1990 5123 quoque

418 5143 695 5212 ereptione
741 5150 903 5212 atque
930 5140 998 5196 ad
1035 5143 1279 5197 eamdem
1327 5141 1715 5197 beatitudinem
1753 5142 1997 5197 introdu-

417 5231 599 5287 ctione
618 5230 1019 5301 congaudeant;
1052 5231 1350 5285 extendunt
1374 5231 1519 5285 enim
1542 5230 1656 5285 alas
1678 5231 1744 5285 ad
1763 5230 1992 5285 invicem

421 5340 583 5394 super
605 5340 808 5391 arcam,
834 5340 956 5380 cum
998 5322 1065 5378 ad
1094 5323 1307 5379 laudem
1343 5323 1553 5379 Domini
1587 5306 1883 5397 Salvatoris
1908 5338 1993 5377 re-

419 5419 600 5474 ferunt
640 5415 839 5487 bonum
888 5431 1049 5471 omne
1098 5418 1240 5485 quod
1288 5425 1641 5486 acceperunt;
1693 5413 1994 5469 extendunt

420 5508 617 5563 alteras
645 5506 757 5561 alas
783 5506 850 5560 ad
882 5506 1115 5577 parietes
1154 5506 1380 5569 oraculi,
1425 5520 1548 5560 cum
1581 5511 1798 5565 sanctos
1827 5503 1990 5558 etiam

422 5599 667 5653 homines
697 5613 878 5653 secum
920 5597 1101 5652 videre
1151 5595 1433 5660 lmtantur,
1479 5610 1680 5667 eosque
1707 5594 1854 5651 velut
1882 5594 1993 5649 ala-

426 5706 543 5746 rum
573 5704 792 5745 suarum
838 5686 1234 5745 sununitatibus
1260 5696 1510 5759 tangunt,
1558 5703 1685 5760 quos
1718 5693 1997 5742 consortes

2084 1860 2346 1929 scriptum
2374 1865 2494 1915 est:
2531 1875 2549 1908 ι
2584 1855 2690 1926 Ipsi
2725 1861 2906 1909 autem
2946 1852 3164 1906 stabant
3190 1851 3387 1905 erectis
3415 1850 3663 1920 pedibus,

2083 1961 2139 2008 et
2166 1950 2333 2007 facies
2361 1964 2549 2005 eorum
2583 1962 2754 2003 versa:
2788 1952 2945 2009 erant
2975 1941 3396 2011 adqextcriorcm
3442 1941 3664 2005 domum

2085 2042 2147 2115 (Ι
2175 2040 2307 2096 Par.
2344 2040 2450 2113 ιιι),
2483 2059 2500 2090 ι
2531 2026 2657 2110 quia
2701 2051 2802 2091 nos
2843 2035 2911 2090 ab
2941 2031 3101 2102 hujus
3144 2020 3669 2101 :erumna‘peregri-

2083 2132 2318 2188 nationis
2346 2141 2557 2186 erectos
2585 2128 2651 2184 ad
2690 2143 2844 2184 suum
2872 2124 3184 2181 desiderant
3214 2122 3498 2194 pervenire
3539 2136 3669 2177 con-

2082 2225 2332 2282 sortium.
2379 2221 2473 2278 Sic
2521 2236 2651 2292 ergo
2688 2218 2914 2291 pedibus
2959 2224 3108 2270 stant
3153 2215 3371 2280 erectis,
3424 2214 3504 2269 sic
3554 2212 3669 2268 alas

2083 2328 2210 2371 suas
2241 2313 2310 2367 ad
2350 2325 2485 2366 auro
2508 2318 2709 2367 textos
2746 2304 2956 2362 oraculi
2980 2304 3214 2376 parietes
3247 2302 3565 2365 extendunt,
3607 2309 3670 2357 ut

2081 2406 2251 2461 facies
2272 2402 2509 2459 habeant
2547 2401 2617 2457 ad
2645 2401 2863 2456 domum
2889 2411 3076 2454 versas
3121 2397 3468 2460 exteriorem,
3519 2393 3667 2464 quia,

2083 2495 2163 2552 sic
2199 2494 2375 2566 angeli
2424 2508 2576 2549 suam
2614 2498 2875 2563 perpetuo
2915 2488 3280 2545 innocentiam
3319 2496 3666 2551 conservant,

2083 2587 2164 2644 sic
2203 2583 2270 2640 de
2323 2584 2626 2638 animarum
2679 2590 2990 2638 sanctarum
3034 2580 3091 2636 in
3133 2577 3288 2635 ccelis
3334 2576 3669 2633 beatituline

2083 2675 2445 2748 congaudent,
2474 2681 2533 2728 ut
2561 2672 2640 2729 eis
2667 2688 2886 2744 quoque
2926 2686 3062 2742 quos
3086 2672 3140 2726 in
3183 2668 3344 2726 terris
3373 2666 3549 2722 adhuc
3575 2682 3668 2737 pe-

2084 2764 2350 2839 regrinari
2386 2763 2726 2833 conspiciunt
2769 2763 2958 2820 electis
3002 2776 3160 2832 opem
3190 2758 3332 2815 ferre
3378 2773 3485 2814 non
3526 2757 3668 2812 desi-

2084 2864 2240 2923 nant,
2268 2857 2439 2911 donec
2482 2861 2538 2909 et
2568 2853 2687 2910 illos
2730 2854 2800 2908 ad
2827 2852 3107 2909 caelestem
3148 2850 3384 2922 patriam
3424 2846 3670 2902 introdu-

2085 2958 2232 3005 cant.
2265 2967 2282 3001 ‹
2318 2948 2519 3004 Omnes
2545 2948 2691 3003 enim
2722 2955 2850 3003 sunt
2875 2943 3322 3002 administratorii
3359 2940 3586 3012 spiritus
3612 2939 3669 2994 in

2086 3037 2447 3093 ministerium
2477 3036 2629 3092 missi
2674 3044 2894 3107 propter
2921 3050 3017 3091 eos
3045 3034 3136 3106 qui
3179 3032 3550 3089 haeredit'atem
3577 3045 3669 3085 ca-

2085 3133 2242 3204 piunt
2291 3131 2482 3186 salutis
2534 3129 2731 3201 (Hebr.
2764 3128 2834 3202 ι).
2866 3148 2885 3181 ›
2918 3128 3154 3187 Possunt
3205 3125 3370 3182 etiam
3419 3138 3517 3194 per
3562 3123 3669 3178 duo

2084 3222 2362 3280 cherubim
2409 3220 2517 3277 duo
2564 3227 2886 3276 testamenta
2944 3218 3207 3290 ﬁgurari,
3261 3215 3352 3286 qui
3405 3212 3666 3270 nimirum

2087 3312 2371 3369 cherubim
2402 3311 2455 3366 in
2486 3310 2707 3368 oraculo
2744 3317 2872 3366 sunt
2915 3309 3066 3376 facti,
3093 3308 3218 3378 quia
3245 3306 3301 3360 in
3326 3302 3553 3362 consilio
3580 3302 3667 3357 di-

2085 3402 2225 3458 vina:
2246 3401 2573 3473 provisionis
2604 3400 2760 3456 nobis
2785 3401 2972 3469 utique
3000 3392 3360 3452 inaccessibili
3398 3401 3560 3462 atque
3585 3391 3672 3445 in-

2085 3491 2556 3564 comprehensibili
2593 3499 2720 3547 ante
2759 3490 2955 3547 saecula
2990 3486 3312 3558 dispositum
3342 3493 3426 3539 est
3457 3480 3675 3553 quando

2085 3594 2142 3641 et
2183 3584 2439 3656 qualiter,
2488 3579 3121 3654 quibusve'auctorihus
3171 3590 3329 3632 sacra
3386 3571 3670 3641 Scriptura

2085 3676 2429 3733 conderetur.
2460 3675 2538 3730 De
2561 3673 2754 3745 linguis
2784 3673 3040 3728 olivarum
3074 3682 3194 3726 sunt
3230 3668 3399 3739 facti,
3427 3665 3552 3736 quia
3585 3663 3672 3717 lu-

2084 3783 2205 3824 cem
2238 3767 2393 3822 nobis
2432 3765 2677 3837 scientia:
2706 3762 3211 3833 tribuunt,juvante
3251 3758 3466 3813 ﬂamma
3495 3754 3678 3811 chari-

2088 3862 2214 3916 tatis
2236 3858 2365 3926 Dei,
2387 3875 2507 3930 quae
2535 3874 2632 3929 per
2683 3857 2947 3928 Spiritum
2994 3861 3238 3910 sanctum
3270 3849 3587 3908 diﬁ‘unditur
3617 3847 3673 3902 in

2086 3953 2342 4009 cordibus
2387 3949 2603 4006 nostris.
2646 3946 2835 4002 Decem
2862 3945 3050 4000 cubitis
3094 3952 3212 3998 sunt
3252 3942 3370 4008 alti,
3410 3941 3535 4012 quia
3573 3954 3673 4012 per

2087 4045 2484 4102 observantiam
2513 4040 2755 4110 decalogi
2788 4039 2922 4110 legis
2957 4039 3068 4092 Deo
3106 4033 3448 4090 serviendum
3481 4031 3673 4103 pracdi-

2090 4151 2236 4207 cant,
2259 4139 2385 4211 quia
2411 4139 2524 4194 Deo
2566 4135 2795 4190 ﬁdeliter
2825 4131 3120 4188 servientes
3160 4118 3386 4184 denario
3421 4140 3671 4181 remune-

2093 4231 2291 4285 randos
2336 4242 2457 4284 esse
2478 4226 2628 4297 regni
2679 4222 2918 4294 perpetis
2952 4219 3260 4276 ostendunt.
3298 4213 3546 4271 Geminus
3575 4215 3671 4268 ha-

2093 4323 2208 4377 bent
2238 4312 2398 4384 Ialas,
2425 4317 2551 4387 quia
2580 4312 2890 4379 testamenti
2911 4311 2995 4368 sui
3021 4310 3329 4366 conditores
3353 4322 3452 4378 per
3477 4319 3668 4375 aspera

2094 4427 2247 4482 aeque
2270 4419 2328 4464 ut
2354 4422 2613 4480 prospera
2642 4403 2910 4461 indefesso
2934 4401 3212 4471 proposito
3243 4410 3457 4466 semper
3476 4396 3545 4450 ad
3567 4409 3678 4450 cm-

2095 4502 2250 4557 lestia
2297 4499 2591 4554 tetendisse
2639 4511 2704 4550 ac
2748 4493 3059 4565 pervenisse
3103 4489 3400 4553 declarant,
3450 4486 3543 4556 qui
3573 4485 3678 4539 hoc

2096 4595 2237 4649 idem
2267 4591 2379 4647 suis
2414 4586 2749 4643 auditoribus
2792 4580 3101 4640 faciendum
3126 4594 3249 4635 esse
3282 4578 3674 4633 demonstrant.

2098 4684 2338 4755 Quinque
2365 4681 2661 4735 cubitorum
2693 4675 2781 4732 ala
2812 4673 3001 4730 chemb
3026 4690 3149 4735 una,
3186 4680 3235 4726 et
3262 4671 3490 4741 quinque
3522 4667 3674 4722 cubi-

2096 4792 2265 4831 torum
2291 4771 2378 4827 ala
2403 4769 2593 4826 cherub
2618 4767 2782 4824 altera
2803 4805 2818 4829 ,
2849 4764 2973 4835 quia
3002 4763 3054 4818 in
3082 4761 3229 4817 omni
3265 4759 3561 4814 labentimn
3591 4771 3679 4811 rc-

2097 4880 2216 4920 rum
2260 4863 2518 4917 varietate
2549 4856 2723 4915 sancti
2757 4855 3041 4910 universos
3077 4852 3159 4907 sui
3205 4849 3449 4933 corporis
3487 4863 3679 4904 sensus

2096 4958 2152 5013 in
2168 4954 2485 5024 obsequium
2510 4952 2593 5007 sui
2622 4948 2917 5006 conditoris
2932 4944 3247 5002 extendunt.
3270 4943 3336 4997 Et
3362 4958 3491 5013 opus
3513 4955 3677 4995 unum:

2095 5053 2205 5100 erat
2235 5045 2288 5097 in
2323 5042 2526 5096 duobus
2557 5038 2842 5094 cherubim.
2871 5035 3007 5104 Quia
3041 5035 3325 5103 utriusque
3369 5027 3677 5085 testamenti

2096 5136 2391 5206 scriptorcs
2415 5150 2521 5188 una
2549 5131 2846 5199 eademque
2873 5128 3124 5184 castitate
3147 5126 3329 5195 operis
3356 5130 3410 5177 ct
3444 5119 3682 5177 charita—

2098 5229 2170 5282 tis
2208 5225 2492 5282 devotione
2529 5223 2640 5278 Deo
2675 5220 2940 5287 serviunt,
2986 5234 3093 5273 una
3126 5225 3184 5273 et
3219 5227 3460 5271 consona
3510 5211 3679 5265 Deum

2097 5331 2231 5373 voce
2263 5332 2326 5371 ac
2352 5314 2456 5369 fide
2492 5312 2806 5383 praedicant.
2831 5309 2944 5365 Ala:
2979 5310 3143 5380 igitur
3170 5305 3435 5361 cherubim
3463 5301 3678 5356 interim

2098 5427 2178 5464 res
2215 5424 2371 5479 super
2397 5422 2577 5461 arcam
2600 5421 2654 5459 se
2680 5404 2899 5459 invicem
2923 5401 3313 5472 contingebant,
3352 5395 3476 5466 quia
3512 5400 3681 5449 testa-

2096 5508 2279 5556 menta
2335 5497 2452 5568 pari
2505 5496 2573 5549 de
2622 5492 2853 5548 Domino
2904 5492 3253 5547 attestatione
3309 5484 3676 5545 consentiunt.

2097 5591 2227 5645 item
2263 5586 2363 5642 alis
2388 5583 2750 5640 exterioribus
2778 5583 2881 5639 iste
2907 5580 3383 5651 unumparietem,
3429 5574 3520 5630 ille
3544 5571 3682 5626 alte-

2099 5697 2219 5737 rum
2263 5675 2624 5747 contingebat,
2672 5675 2801 5744 quia
2841 5680 2995 5729 vetus
3025 5680 3409 5728 testamentum
3460 5663 3682 5737 proprie
