4026 6202
296 353 395 409 li?!

1122 348 1473 408 COMMENT.
1513 350 1583 406 IN
1619 349 1864 407 LIBROS
1902 351 1970 407 IV
2010 350 2272 407 REGUM.
2311 381 2383 393 —
2418 350 2483 406 IN
2524 350 2651 405 ΜΒ.
2694 352 2777 407 III.

3457 362 3556 417 158

284 465 518 534 antiquo
560 461 656 516 Dei
704 460 901 532 populo
935 462 1218 532 scriptmu,
1272 477 1469 516 novum
1513 478 1642 517 vero
1690 464 1871 527 nobis,
1901 464 1947 524 Α
1977 463 2109 516 toris
2152 469 2208 515 et
2243 462 2472 531 proximi
2504 464 2726 532 geritur.
2765 461 2980 519 Palma:
3011 466 3161 534 facit,
3203 483 3325 522 cum
3354 484 3557 527 memo-

280 560 383 629 (ιυί
431 565 555 628 post
592 557 1019 612 incarnationem
1069 558 1403 612 Dominicam
1440 557 1505 611 ad
1537 556 1695 611 ﬁdem
1724 554 1875 610 veni-

285 666 449 713 mus,
496 658 555 704 et
600 649 839 703 secundo
882 649 1105 718 parieti,
1155 650 1258 703 hoc
1313 657 1412 710 est,
1467 645 1871 717 septentrionali

287 747 442 793 recte
493 752 895 806 comparamur,
932 737 1149 805 quibus,
1213 744 1334 806 post
1372 736 1571 807 frigora
1623 752 1688 791 ac
1727 743 1875 790 tene-

290 830 426 883 bras
466 828 810 893 idololatria),
842 828 1019 884 lucem
1038 828 1286 883 veritatis
1314 842 1640 898 cognoscere
1688 830 1872 884 datum

288 929 394 976 est.
454 919 649 974 Versa:
692 922 881 974 habent
918 922 1082 991 facies
1131 922 1394 975 cherubim
1443 921 1512 975 ad
1565 922 1873 974 exteriorem

288 1013 529 1076 domum,
566 1011 692 1081 quia
735 1011 905 1069 nostri
934 1012 1130 1082 gratia,
1161 1012 1252 1080 qui
1283 1012 1458 1066 adhuc
1488 1010 1618 1066 foris
1646 1019 1871 1077 stamus,

289 1115 466 1169 neque
510 1115 571 1155 re
606 1101 719 1170 ipsa
741 1140 757 1166 ,
805 1101 898 1156 sed
942 1120 960 1151 ι
993 1117 1087 1171 spe
1122 1101 1253 1157 salvi
1288 1101 1415 1155 facti
1459 1116 1643 1155 sumus
1672 1106 1691 1172 (
1721 1099 1869 1153 Rom.

287 1190 434 1262 vui),
459 1206 479 1242 ι
508 1190 675 1246 divini
719 1198 846 1246 sunt
882 1191 1001 1245 libri
1037 1191 1269 1256 conditi,
1302 1191 1427 1260 quia
1459 1189 1750 1259 scriptores
1777 1204 1872 1244 eo-

288 1299 413 1339 rum
434 1281 552 1351 jam
589 1293 877 1354 regnantes
920 1297 1041 1336 cum
1073 1283 1317 1346 Domino,
1369 1281 1625 1350 illumque
1669 1280 1872 1334 collau-

288 1380 484 1435 dantes
515 1378 570 1432 in
600 1377 771 1442 caelis,
808 1391 993 1431 curam
1030 1386 1229 1429 nostra:
1263 1382 1457 1445 gerunt
1500 1373 1715 1437 salutis,
1748 1387 1874 1442 pro-

288 1487 399 1542 que
433 1471 637 1527 nostris
682 1470 953 1524 erratibus
990 1467 1130 1538 apud
1171 1467 1288 1538 ejus
1322 1466 1578 1537 pietatem
1616 1462 1875 1533 interpel-

288 1564 423 1619 lant.

366 1672 385 1704 ι
412 1652 483 1708 Et
512 1665 704 1708 omnes
730 1651 968 1722 parietes
993 1649 1175 1721 templi
1208 1663 1305 1719 per
1339 1647 1626 1704 circuitum
1650 1644 1876 1717 scttlpsit

287 1742 460 1796 variis
512 1741 786 1797 caelaturis
833 1749 889 1796 et
940 1747 1134 1806 torno,
1178 1748 1287 1795 etc.
1327 1757 1346 1791 ι
1395 1738 1594 1795 Omnes
1638 1738 1874 1808 parietes

288 1831 474 1903 templi
500 1848 601 1904 per
632 1833 943 1897 circuitum,
974 1844 1163 1888 omnes
1192 1837 1393 1885 sancite
1422 1828 1674 1885 Ecclesia:
1696 1827 1875 1897 populi
1907 1826 1951 1885 B

286 1931 448 1996 sunt,
479 1920 679 1992 quibus
712 1935 873 1992 super
910 1918 1313 1975 fundamentum
1345 1918 1541 1973 Christi
1571 1917 1762 1972 locatis
1796 1925 1876 1970 to-

286 2017 398 2072 tius
424 2016 689 2071 ambitum
719 2014 867 2070 orbis
900 2013 1145 2083 replevit,
1180 2019 1520 2081 cmptumque
1549 2009 1672 2063 ﬁdei
1704 2007 1873 2062 aediﬁ-

285 2110 433 2165 cium
464 2107 710 2178 quotidie
754 2120 894 2160 nova
934 2103 1297 2159 membrorum
1336 2115 1558 2156 suorum
1596 2096 1873 2170 progenie,

283 2200 445 2272 quasi
492 2198 729 2269 lapidum
770 2196 1131 2268 pretiosorum
1179 2192 1548 2263 appositione,
1588 2205 1877 2261 superaug-

286 2299 538 2346 meritare
575 2306 682 2345 non
724 2288 953 2344 desistit.
1005 2285 1107 2352 Qui
1144 2285 1396 2339 nimirum
1437 2282 1673 2353 parietes
1707 2280 1876 2335 variis

287 2381 566 2437 celaturis
608 2380 943 2450 scalpuntur,
968 2391 1091 2432 cum
1123 2395 1141 2427 ι
1170 2374 1258 2430 alii
1299 2376 1457 2430 datur
1491 2387 1588 2442 per
1616 2370 1875 2441 Spiritum

288 2485 471 2527 sermo
527 2470 838 2541 sapientiae,
885 2468 976 2523 alii
1035 2481 1214 2522 sermo
1255 2464 1523 2527 scientiae,
1580 2460 1874 2517 secundum

287 2563 541 2618 eumdem
591 2560 888 2630 Spiritum,
940 2558 1093 2613 alteri
1141 2556 1272 2610 ﬁdes
1312 2555 1365 2609 in
1405 2554 1596 2610 eodem
1647 2550 1872 2621 Spiritu,

287 2652 379 2706 alii
410 2651 587 2723 gratia
623 2648 960 2705 curationum
995 2648 1048 2701 in
1084 2660 1192 2701 uno
1222 2643 1459 2715 Spiritu,
1507 2642 1597 2695 alii
1632 2640 1876 2711 operatio

286 2745 579 2809 virtutum,
602 2742 690 2797 alii
717 2741 1018 2812 prophetia,
1043 2739 1135 2794 alii
1163 2738 1417 2793 discretio
1444 2735 1753 2805 spirituum,
1784 2732 1874 2787 alii

289 2849 496 2905 genera
560 2832 868 2904 linguarum
892 2871 907 2895 ,
975 2828 1069 2885 alii
1128 2825 1504 2897 interpretatio
1564 2838 1876 2879 sermonum

290 2926 355 2998 (Ι
375 2924 505 2980 Cor.
532 2923 663 2997 xu);
698 2942 718 2976 ι
750 2932 806 2978 et
838 2930 898 2977 ut
926 2922 996 2976 ad
1036 2920 1172 2975 alias
1197 2918 1497 2981 veniamus,
1526 2930 1661 2985 quas
1687 2928 1877 2969 omnes

289 3018 501 3074 habere
545 3016 851 3079 valeamus,
896 3013 1147 3075 virtutes,
1200 3027 1220 3062 ι
1256 3007 1537 3071 Charitas,
1601 3002 1872 3075 gaudium,

288 3125 421 3183 pax,
465 3106 868 3179 longanimitas,
912 3101 1202 3175 patientia,
1255 3099 1591 3169 benignitas,
1639 3095 1873 3160 bonitas,

1976 553 2111 607 riam
2132 560 2348 608 aeterna:
2374 554 2743 609 retributionis
2766 570 2953 609 eorum
2976 559 3246 612 mentibus
3276 560 3467 630 inﬁgit,
3494 572 3553 617 ut

1974 660 2040 700 eo
2065 646 2240 700 minus
2268 646 2336 700 ab
2363 661 2488 701 arce
2520 645 2744 714 justitire
2783 647 2885 701 labi
2919 659 3156 718 queant,
3202 665 3311 720 quo
3352 668 3558 709 merce-

1975 736 2095 790 dem
2148 736 2376 806 justitize
2426 752 2639 806 semper
2693 747 2820 792 ante
2870 739 3048 793 cordis
3097 741 3286 796 oculos
3334 743 3553 798 habent.

1974 826 2131 881 Facit
2156 829 2389 899 picturas
2426 830 2619 895 varias,
2662 831 2814 900 quasi
2851 833 3223 901 prominentes,
3265 835 3328 888 de
3358 838 3555 904 pariete

1974 923 2318 991 egredientes,
2366 938 2487 976 cum
2538 922 2856 978 multifarias
2898 925 3156 979 virtutum
3214 929 3555 997 operationcs

1968 1012 2222 1068 ﬁdelibus
2252 1015 2458 1069 tribuit.
2494 1015 2654 1069 Verbi
2681 1016 2873 1082 gratia,
2913 1017 3116 1072 viscera
3146 1019 3551 1087 misericordiae,

1972 1104 2380 1173 benignitatem,
2412 1104 2791 1169 humilitatem,
2824 1108 3160 1174 patientiam,
3212 1113 3551 1165 molestiam.

2051 1194 2451 1249 «Pavimentum
2478 1196 2667 1251 domus
2698 1197 2833 1251 texit
2856 1213 2989 1252 auro
3008 1198 3334 1254 intrinsecus
3352 1242 3367 1267 ,
3389 1211 3445 1256 et
3465 1218 3558 1255 ex-

1974 1285 2414 1350 trinsecus,etc.i
2442 1286 2771 1341 lntriusecus
2792 1297 2847 1341 et
2878 1290 3216 1345 extrinsecus
3259 1291 3311 1345 in
3335 1294 3554 1346 oraculo

1975 1384 2029 1431 et
2045 1376 2097 1429 in
2123 1377 2238 1445 ipso
2262 1376 2459 1446 templo
2479 1377 2764 1448 signiﬁcat.
2784 1378 2941 1433 Texit
2970 1395 3098 1450 ergo
3129 1380 3383 1436 Salomon
3405 1384 3556 1452 pavi-

1975 1478 2217 1525 mentum
2267 1472 2458 1526 domus
2513 1487 2645 1526 auro
2703 1473 3026 1529 intrinsecus
3078 1482 3133 1530 ct
3183 1460 3549 1544 extrinsecus,

1974 1561 2100 1631 quia
2137 1561 2250 1616 Rex
2275 1570 2460 1617 uoster
2504 1562 2761 1632 paciﬁcus
2789 1571 2843 1617 et
2872 1564 3092 1636 angelos
3137 1574 3300 1635 atque
3344 1569 3555 1623 animas

1968 1648 2238 1722 justorum
2262 1646 2314 1707 in
2346 1654 2498 1709 oculis
2529 1654 2766 1725 perfecte
2791 1671 2855 1710 ac
2882 1657 3122 1727 pleuarie
3149 1658 3286 1712 dono
3312 1636 3558 1715 dilectio-

1976 1745 2061 1799 nis
2087 1759 2116 1798 a
2160 1752 2475 1799 czeterorum
2500 1745 2808 1801 mortalium
2834 1746 3041 1802 vilitate
3069 1749 3324 1803 secrevit.

2054 1855 2072 1887 ‹
2108 1836 2174 1890 Et
2200 1837 2253 1890 in
2284 1836 2523 1907 ingressu
2563 1836 2765 1891 oraculi
2800 1836 2927 1891 fecit
2953 1836 3146 1893 ostiola
3174 1838 3241 1894 de
3273 1839 3435 1910 lignis
3457 1840 3558 1895 oli—

1982 1945 2001 1979 ‹
2028 1942 2237 1991 varum,
2262 1935 2549 1996 postesque
2575 1927 2892 1998 angulorum
2916 1928 3177 1998 quinque,
3204 1939 3259 1984 et
3288 1930 3394 1984 duo
3418 1932 3557 1986 ostia

1981 2038 2001 2071 ι
2030 2019 2096 2073 de
2141 2019 2299 2088 lignis
2344 2018 2627 2072 olivarum.
2663 2039 2682 2069 ι
2714 2018 2866 2085 Quod
2896 2020 3069 2089 primo
3107 2022 3335 2086 dixerat,
3378 2040 3396 2072 ι
3432 2020 3559 2076 fecit

1975 2108 2167 2165 ostiola
2196 2109 2261 2163 de
2282 2110 2438 2177 lignis
2459 2109 2739 2174 olivarum,
2780 2128 2798 2161 ι
2826 2112 2931 2166 hoc
2964 2111 3139 2181 ipsum
3162 2112 3379 2167 videtur
3407 2128 3558 2181 aper-

1977 2200 2081 2254 tius
2107 2200 2376 2269 explicare
2400 2199 2650 2264 voluisse,
2682 2216 2804 2255 cum
2832 2199 3074 2268 atljunxit
3104 2218 3119 2255 :
3158 2221 3176 2253 ι
3211 2210 3266 2256 et
3287 2202 3392 2256 duo
3418 2202 3557 2257 ostia

1976 2291 2043 2345 de
2097 2290 2255 2359 lignis
2302 2290 2587 2345 olivarum.
2625 2310 2645 2342 ι
2678 2289 2830 2346 Unus
2868 2293 3065 2361 quippe
3117 2300 3232 2347 erat
3281 2293 3558 2362 ingressus

1974 2381 2207 2446 oraculi,
2235 2381 2328 2436 sed
2357 2380 2495 2435 idem
2528 2380 2803 2451 ingressus
2829 2379 3036 2435 duobus
3073 2380 3229 2437 ostiis
3268 2374 3558 2435 claudeba-

1975 2481 2084 2539 tur,
2118 2488 2440 2543 rursumque
2485 2473 2738 2527 reseratis
2764 2472 2968 2526 eisdem
3014 2471 3379 2540 aperiebatur,
3420 2472 3558 2526 sicut

1975 2565 2138 2619 etiam
2170 2563 2446 2632 templum,
2485 2562 2625 2617 sicut
2654 2563 2895 2632 porticus
2939 2571 3064 2617 ante
3104 2563 3355 2633 templum
3390 2577 3555 2616 unum

1976 2671 2082 2710 non
2112 2655 2340 2724 amplius
2376 2654 2651 2709 habebant
2680 2654 2978 2720 introitum,
3019 2653 3152 2709 certi
3181 2654 3365 2722 utique
3390 2667 3556 2708 causa

1975 2748 2239 2818 mysterii,
2285 2748 2410 2817 quia
2440 2766 2458 2798 ι
2494 2747 2644 2802 Unus
2701 2746 2983 2812 Dominus,
3025 2762 3131 2800 una
3184 2744 3339 2810 ﬁdes,
3388 2760 3553 2798 unum

1977 2838 2266 2907 baptisma,
2301 2852 2441 2892 unus
2466 2837 2607 2891 Deus
2633 2836 2849 2907 (Ephes.
2882 2835 2979 2908 IV).
3016 2856 3034 2888 ι
3070 2835 3221 2890 Unus
3264 2835 3321 2889 in
3365 2833 3555 2889 Eccle-

1975 2929 2111 2983 siam
2142 2936 2460 2998 pnesentcm
2484 2943 2580 2997 per
2605 2928 2897 2996 baptisma,
2940 2944 3080 2983 unus
3110 2930 3163 2985 in
3193 2944 3418 2997 regnum
3450 2940 3558 2981 coa-

1976 3020 2109 3075 leste
2152 3035 2249 3089 per
2283 3034 2443 3087 opera
2477 3019 2599 3073 ﬁdei
2627 3026 2711 3074 est
2757 3018 3054 3088 sperandus
3097 3018 3368 3073 introitus.
3420 3018 3556 3072 Nam

1977 3112 2120 3180 quod
2172 3124 2311 3164 unus
2355 3117 2501 3164 esset
2562 3110 2837 3180 ingressus
2890 3109 3117 3174 oraculi,
3177 3115 3407 3164 testatur
3452 3108 3558 3163 hoc

293 3202 449 3268 ﬁda,
497 3198 781 3261 modestia.
819 3194 1151 3253 wnlinemia
1194 3188 1391 3264 (Galal-
1428 3205 1461 3245 ν
1485 3188 1527 3261 )ν
1556 3208 1575 3241 δ
1610 3196 1664 3243 ει
1697 3185 1875 3242 exteri
1904 3202 1947 3264 C
1979 3202 2121 3271 quod
2152 3200 2379 3256 inferius
2408 3201 2474 3256 de
2501 3216 2627 3256 arca
2651 3202 2910 3270 scriptum
2939 3210 3023 3256 est
3051 3219 3063 3256 :
3098 3220 3116 3253 ‹
3145 3200 3394 3271 Cumque
3423 3201 3558 3257 emi-

292 3292 508 3349 fructns
551 3290 808 3361 Spiritus,
840 3287 970 3358 quid
990 3285 1103 3341 nisi
1137 3283 1411 3340 crciatum
1448 3287 1577 3335 sunt
1605 3277 1873 3349 parietum

292 3382 506 3452 templi,
560 3368 684 3450 quia
734 3387 962 3434 ornatus
1006 3383 1131 3431 sunt
1184 3372 1447 3427 mentium
1502 3368 1683 3440 populi
1736 3366 1877 3421 Dei?

295 3475 629 3546 Scutpuntar
671 3472 830 3527 iidem
880 3470 1104 3541 parietes
1145 3475 1195 3521 et
1239 3475 1409 3527 torno,
1458 3476 1583 3517 cum
1629 3466 1877 3529 prompto

293 3567 499 3639 pollent
516 3565 699 3619 animo
728 3561 913 3617 ﬁdeles
941 3559 1007 3614 ad
1036 3556 1338 3612 faciendum
1376 3560 1570 3607 cuncta
1610 3564 1731 3620 qua:
1770 3547 1876 3639 Do-

296 3637 477 3710 minus
505 3651 781 3724 praecipit,
832 3649 898 3704 ad
930 3644 1242 3718 patiendum
1281 3650 1473 3699 cuncta
1500 3652 1619 3710 quae
1658 3637 1880 3709 permit-

296 3752 386 3815 tit,
419 3750 663 3805 dicentes
696 3761 765 3802 ει
793 3744 973 3800 animo
1018 3757 1114 3813 per
1150 3739 1362 3812 singula
1391 3753 1511 3809 quae
1535 3742 1827 3793 Occurrunt
1860 3751 1874 3787 :

303 3862 323 3895 ι
350 3841 674 3897 Benedicam
690 3837 916 3893 Domino
932 3837 984 3891 in
1002 3835 1148 3889 omni
1164 3841 1408 3901 tempore
1428 3826 1600 3900 (Psal.
1624 3824 1841 3897 XXXIII).
1854 3842 1872 3875 ι

298 3933 365 3989 Et
392 3950 408 3985 :
440 3950 461 3983 ι
518 3929 772 3984 Paratum
822 3941 919 3982 cor
971 3938 1149 3980 meum
1179 3964 1193 3988 ,
1248 3922 1393 3976 Deus
1416 3960 1432 3984 ,
1489 3925 1737 3988 paratum
1785 3930 1880 3969 cor

299 4038 513 4088 meum;
539 4021 772 4077 cantabo
801 4027 856 4075 et
894 4016 1162 4088 psalmum
1209 4013 1388 4070 dicam
1430 4008 1695 4079 Domino(
1727 4003 1875 4060 Psat.

299 4116 428 4187 ιη).
474 4135 494 4167 ι
528 4111 859 4184 Sculpuntur
887 4119 1075 4175 toruo,
1116 4121 1238 4162 cum
1266 4106 1323 4160 in
1354 4111 1564 4159 tantum
1590 4098 1880 4155 virtutibus

298 4221 521 4278 operam
551 4203 890 4273 impendunt,
918 4207 981 4255 ut
1019 4200 1086 4254 ab
1114 4197 1306 4253 barum
1348 4193 1563 4248 tramite
1589 4190 1750 4245 nullis
1776 4189 1880 4245 cir-

299 4296 687 4356 cumstantiem
724 4306 904 4349 rerum
937 4288 1433 4352 contrarietatibus,
1476 4283 1639 4339 nullis
1671 4280 1881 4352 possint

300 4389 689 4447 blandimentis
735 4386 925 4443 averti.
974 4384 1109 4452 Quia
1155 4384 1298 4439 enim
1348 4388 1624 4435 tornatura
1672 4376 1880 4432 caeteris

303 4484 515 4539 artibus
558 4478 842 4535 velocitate
881 4475 1178 4546 praecellit,
1220 4482 1275 4529 et
1311 4472 1425 4543 ipsa
1473 4470 1575 4526 sibi
1618 4466 1875 4539 regulam,

1976 3299 2167 3350 nerent
2191 3300 2391 3357 vectes,
2428 3303 2483 3345 et
2502 3298 2827 3361 apparerent
2848 3291 3188 3346 summitates
3213 3305 3401 3345 eorum
3425 3289 3558 3345 foris

1978 3384 2342 3441 sanctuarium
2390 3390 2516 3437 ante
2557 3381 2858 3448 oraculum,
2906 3396 3015 3436 non
3057 3382 3388 3451 apparebant
3417 3381 3558 3435 ultra

1978 3474 2389 3530 extrinsecus.»
2439 3471 2540 3527 Ubi
2594 3479 2863 3541 patenter,
2917 3472 2974 3526 ni
3024 3470 3210 3542 fallor,
3253 3470 3558 3526 ostenditur

1979 3564 2122 3635 quod
2162 3571 2280 3618 erat
2318 3577 2456 3617 unus
2496 3562 2771 3632 ingressus
2809 3561 3033 3625 oraculi,
3082 3570 3135 3616 et
3163 3561 3252 3616 hic
3281 3576 3313 3615 e
3341 3561 3560 3630 regione

1979 3655 2154 3711 factus
2192 3670 2332 3710 arca:
2361 3668 2481 3724 qua:
2510 3654 2565 3707 in
2616 3652 2793 3708 medio
2829 3650 3067 3727 ejusdem
3109 3650 3287 3706 stabat
3327 3651 3556 3717 oraculi,

1979 3745 2131 3816 cujus
2161 3745 2436 3816 ingressus
2464 3742 2655 3798 ostiola
2695 3758 2793 3813 per
2833 3742 3283 3814 signiﬁcationem
3322 3740 3559 3795 multifa-

1980 3837 2060 3892 rie
2085 3844 2309 3907 possunt
2351 3835 2538 3905 accipi.
2569 3832 2704 3888 Nam
2736 3842 2790 3889 et
2830 3833 3097 3904 angelicos
3139 3832 3379 3902 spiritus,
3425 3846 3559 3901 quo-

1978 3940 2099 3982 rum
2130 3926 2431 3981 ministerio
2476 3926 2531 3978 in
2567 3924 2952 3979 habitationem
2983 3922 3172 3991 patriae
3210 3920 3446 3976 caelestis
3473 3921 3556 3975 in-

1979 4017 2337 4083 troducimur,
2391 4016 2670 4087 aptissime
2724 4015 3027 4084 designant,
3077 4022 3133 4068 et
3188 4012 3556 4082 apostolorum

1978 4123 2148 4179 teque,
2181 4107 2705 4176 apostolicorumque
2733 4104 2993 4169 virorum,
3027 4101 3223 4173 quibus
3253 4102 3434 4157 claves
3474 4116 3559 4155 re-

1978 4200 2067 4273 gni
2096 4198 2354 4254 cuelorum
2379 4205 2506 4251 sunt
2533 4196 2671 4250 datae
2713 4192 2876 4266 (Luc.
2918 4194 3049 4262 xvi),
3083 4202 3269 4247 tenent
3294 4191 3554 4262 ﬁguram;

1978 4292 2091 4362 qui,
2130 4297 2349 4359 accepta
2381 4304 2412 4341 a
2444 4287 2671 4341 Domino
2707 4293 2976 4355 potestate
3017 4284 3217 4352 ligandi
3246 4291 3409 4352 atque
3449 4282 3558 4338 sol-

1977 4380 2157 4444 vcndi,
2195 4386 2252 4433 et
2289 4377 2480 4449 dignos
2525 4376 2665 4429 intra
2709 4374 2857 4444 regni
2897 4373 3119 4443 januam
3148 4372 3455 4436 admittunt,
3502 4380 3558 4426 et

1979 4480 2345 4535 contumaces,
2378 4470 2618 4539 impuros
2645 4480 2709 4522 ac
2739 4466 3018 4537 superbos,
3042 4463 3558 4519 excommunicando

302 4588 407 4641 qua
436 4572 557 4626 sine
584 4582 769 4625 errore
793 4581 928 4636 opus
950 4564 1216 4634 perﬁciat,
1248 4569 1447 4625 servat,
1478 4566 1599 4628 apte
1624 4569 1721 4626 per
1742 4557 1883 4611 hanc

1984 4566 2097 4621 sive
2123 4559 2627 4619 anathematizando
2656 4559 2724 4614 ab
2761 4558 3010 4630 ingressu
3036 4556 3161 4611 vitae
3182 4555 3437 4626 perennis
3461 4554 3558 4610 eli—

302 4664 389 4734 pia
410 4669 725 4717 sanctorum
750 4659 856 4712 vita
889 4659 1152 4729 signatur,
1183 4669 1302 4724 qua:
1329 4662 1383 4707 et
1410 4658 1600 4721 parata
1629 4656 1711 4704 est
1742 4662 1885 4702 sem-

302 4770 401 4824 per
425 4752 497 4807 ad
523 4749 840 4819 obsequium
879 4747 1072 4801 divina:
1098 4743 1390 4800 voluntatis
1408 4782 1422 4806 ,
1468 4748 1521 4794 et
1548 4740 1653 4794 hoc
1680 4739 1885 4806 absque

305 4843 632 4900 diverticulo
666 4840 882 4896 errandi
925 4835 1196 4907 complere
1225 4835 1383 4904 longo
1411 4834 1669 4888 virtutum
1700 4829 1887 4885 didicit

303 4954 404 4993 usu
436 4934 753 4991 exercitum.

381 5045 400 5078 ‹
431 5025 503 5080 Et
542 5023 669 5079 faxit
693 5022 745 5076 in
786 5020 865 5075 eis
894 5013 1172 5073 cherubim
1216 5020 1271 5070 et
1310 5013 1518 5084 palmas
1555 5018 1610 5067 et
1643 5012 1885 5082 picturas

308 5138 330 5171 σ
358 5117 565 5179 varias,
601 5113 755 5185 quasi
790 5108 1159 5182 prominentes
1197 5105 1262 5160 de
1291 5106 1495 5176 pariete
1523 5111 1579 5160 et
1606 5101 1885 5174 egredien-

309 5230 329 5261 ι
363 5219 468 5264 tes.
504 5224 524 5258 ι
564 5203 855 5261 Cberubim
884 5212 1116 5268 namque
1141 5197 1196 5252 in
1219 5196 1512 5267 parietibus
1543 5193 1724 5264 templi
1757 5194 1886 5249 facit

306 5301 587 5364 Salomon,
638 5310 761 5351 cum
809 5293 1010 5350 electos
1060 5304 1187 5346 suos
1220 5288 1480 5344 Dominus
1531 5288 1596 5343 ad
1643 5288 1883 5357 regulam

304 5393 721 5462 Scripturarum
751 5394 1082 5449 sanctarum,
1129 5383 1184 5437 in
1232 5381 1428 5451 quibus
1466 5390 1550 5435 est
1597 5380 1883 5434 multitudo

305 5485 573 5545 scientiae,
598 5483 764 5537 vitam
788 5495 940 5534 suam
956 5478 1190 5547 dirigere
1212 5476 1402 5537 donat;
1431 5472 1708 5527 Cherubin:
1733 5471 1880 5541 facit,

306 5591 432 5630 cum
458 5588 555 5628 eos
581 5573 639 5626 in
671 5571 775 5626 hoc
805 5567 1004 5624 mundo
1045 5566 1347 5621 castitatem
1378 5563 1633 5632 angelica:
1664 5576 1887 5616 conver-

309 5666 539 5722 sationis
566 5678 669 5734 pro
697 5660 910 5717 modulo
931 5675 1028 5714 suo
1053 5660 1211 5715 docet
1234 5654 1458 5720 imitari,
1481 5654 1623 5725 quod
1654 5651 1887 5707 maxime

314 5757 511 5829 \igiliis
546 5769 609 5809 ac
632 5751 876 5807 laudibus
896 5749 1112 5815 divinis,
1144 5747 1430 5803 dilectione
1459 5746 1668 5800 sincera
1699 5742 1891 5798 Condi-

1982 4655 2210 4710 minant.

2057 4745 2164 4800 Sed
2201 4752 2256 4800 et
2281 4759 2444 4814 opera
2471 4741 2716 4811 justitiae,
2746 4754 2974 4810 quorum
3003 4734 3198 4792 merito
3227 4737 3293 4791 ad
3332 4750 3556 4806 regnum

1985 4836 2206 4893 caeleste
2246 4834 2583 4905 pervenitur,
2634 4840 2779 4886 recte
2830 4846 2928 4901 per
2971 4829 3128 4893 ostia,
3179 4842 3276 4895 per
3331 4842 3451 4895 qua:
3501 4827 3556 4881 in

1977 4928 2172 4984 Sancta
2199 4931 2507 4979 sanctorum
2533 4920 2954 4992 ingrediebatur,
2998 4924 3225 4987 possunt
3255 4916 3430 4986 typice
3460 4915 3556 4971 de-

1985 5015 2207 5086 signari,
2232 5013 2386 5082 juxta
2416 5013 2517 5067 hoc
2541 5011 2682 5081 quod
2726 5011 2780 5064 in
2811 5009 2947 5064 libro
2978 5007 3268 5077 Sapientiae
3298 5007 3556 5075 scriptum

1986 5116 2109 5164 est:
2144 5126 2162 5158 ι
2194 5103 2490 5160 Custoditio
2522 5110 2705 5156 autem
2731 5100 2908 5171 legum
2948 5096 3339 5153 consummatio
3378 5096 3557 5150 incor-

1984 5197 2254 5269 ruptionis
2294 5204 2407 5260 est;
2455 5192 2786 5261 incorruptio
2832 5197 3011 5245 autem
3058 5186 3189 5242 facit
3222 5201 3343 5242 esse
3373 5185 3558 5254 proxi-

1988 5305 2135 5346 mum
2158 5287 2288 5342 Deo.
2319 5282 2763 5353 Concupiscentia
2808 5281 2992 5349 itaque
3015 5277 3290 5346 sapientiae
3330 5275 3560 5330 deducet

1986 5371 2052 5435 ad
2080 5394 2307 5450 regnum
2333 5383 2650 5448 perpetuum
2685 5369 2842 5444 (Sep.
2879 5369 2977 5441 vt).
3013 5387 3031 5420 ι
3065 5366 3271 5434 Quibus
3305 5364 3555 5420 omnibus

1988 5479 2113 5540 apte
2131 5467 2381 5540 congruit
2413 5465 2556 5536 quod
2580 5465 2766 5519 eadem
2794 5461 2989 5517 ostiola
3014 5460 3077 5515 de
3105 5457 3264 5528 lignis
3293 5456 3428 5510 ﬁunt
3452 5452 3556 5508 oli-

1989 5574 2198 5625 varum,
2232 5558 2357 5629 quia
2387 5554 2643 5612 nimirum
2674 5559 2730 5609 et
2755 5551 2930 5622 angeli
2957 5557 3012 5605 et
3038 5548 3283 5603 homines
3328 5541 3557 5614 perfecti

1991 5650 2169 5705 fructu
2214 5644 2596 5702 misericordia:
2620 5650 2676 5699 et
2701 5641 2954 5712 operibus
2995 5637 3129 5692 lucis
3173 5634 3372 5689 sesein
3394 5632 3561 5687 domo

1996 5739 2087 5794 Dei
2122 5738 2383 5809 gloriosos
2422 5736 2707 5800 exhibent,
2742 5734 2849 5787 imo
2880 5744 3063 5785 omnes
3098 5725 3253 5780 electi
3281 5740 3380 5796 per
3406 5736 3561 5780 arma
