4026 6202
448 296 549 352 159

1097 292 1154 348 Β.
1198 290 1450 346 ΒΑΒΑΝΙ
1491 290 1708 347 MAURI
1745 289 2026 347 ARCHIEI

2125 289 2419 347 llOGUNT.
2462 292 2744 349 OPERUM
2782 293 2963 350 PARS
3000 293 3040 348 1.

3594 292 3692 347 160

366 410 373 416 ’
443 409 578 465 lucis
620 417 674 463 et
717 406 933 478 pictatis
982 405 1186 461 aditum
1233 404 1333 459 sibi
1375 404 1563 473 patrim
1606 402 1842 459 caelestis
1888 407 2088 473 ape-A
2119 401 2228 464 the,
2280 419 2533 473 purpura,
2588 404 2835 467 coccino,
2884 413 2939 459 et
2982 404 3146 474 bysso
3201 403 3402 458 factum
3449 420 3591 471 esse,
3638 405 3690 461 ei

446 499 614 554 riunt.
666 497 786 551 Duo
816 506 936 552 sunt
966 505 1141 549 autem
1171 492 1391 558 ostiola,
1435 495 1549 549 sive
1576 495 1703 564 quia
1738 493 1907 547 Deum
1950 508 2015 548 ac

440 588 717 658 proximos
751 586 977 656 diligunt
1004 596 1058 639 et
1101 584 1273 655 angeli
1319 592 1374 638 et
1405 585 1650 639 homines
1695 585 1891 647 sancti,
1922 599 2017 638 ne-

442 694 547 747 que
588 676 727 732 ullus
764 675 989 746 januam
1010 675 1134 728 vitae
1178 674 1283 727 nisi
1323 688 1419 742 per
1455 675 1724 744 geminam
1770 673 2016 729 dilectio-

441 782 566 821 nem
593 766 731 819 hanc
758 764 953 833 poterit
980 763 1221 841 intrare;
1252 777 1347 816 seu
1379 761 1501 831 quia
1530 761 1810 830 utriusque
1832 761 2013 831 populi

444 856 711 918 ﬁdelibus,
758 861 813 909 et
844 852 1010 908 Judzei
1054 851 1261 907 scilicet
1295 858 1351 906 et
1387 851 1622 922 gentilis,
1657 852 1844 906 eadem
1891 852 2016 907 vita:

434 946 600 1016 janua
632 952 924 1000 reseratur.

516 1052 535 1084 ι
561 1032 750 1088 Postes
785 1031 984 1087 habent
1027 1029 1340 1102 angulorum
1383 1031 1640 1101 quinque,
1680 1050 1699 1084 ι
1733 1032 1858 1102 quia
1906 1047 2014 1088 non

440 1122 613 1178 solum
647 1123 857 1177 animas
907 1120 1199 1177 electorum
1251 1120 1373 1175 aula
1424 1120 1545 1175 caeli
1582 1122 1794 1192 recipit,
1836 1123 1931 1177 sed
1961 1130 2018 1177 et

439 1212 755 1281 corporibus
783 1210 1072 1265 immortali
1106 1210 1278 1282 gloria
1304 1210 1544 1282 prmditis
1582 1210 1635 1265 in
1653 1210 1860 1281 judicio
1889 1227 2017 1269 suas

438 1302 581 1360 fures
620 1302 813 1373 aperit.

514 1412 532 1444 ι
568 1392 637 1447 Et
663 1390 879 1469 sculpsit
909 1389 964 1445 in
995 1391 1073 1446 eis
1095 1389 1360 1461 picturam
1406 1389 1707 1457 cherubim,
1736 1400 1790 1446 et
1817 1391 2019 1463 palma-

436 1496 559 1535 rum
608 1481 840 1551 species,
880 1488 936 1535 et
985 1480 1283 1552 anaglypha
1329 1481 1485 1537 valde
1531 1483 1917 1552 prominentia,
1962 1492 2018 1540 et

441 1572 573 1627 texit
618 1587 682 1628 ea
719 1586 874 1637 auro,
900 1579 1005 1627 etc.
1029 1591 1047 1624 ›
1079 1572 1392 1643 Anaglypha
1423 1572 1628 1638 Graece,
1676 1590 1797 1643 qua:
1828 1575 2016 1631 Latine

437 1666 688 1721 dicuntur
719 1666 1013 1730 calatum},
1065 1666 1191 1736 quia
1220 1666 1479 1720 virtutum
1520 1667 1773 1736 cperibus
1819 1668 2014 1738 quibus

2113 511 2325 566 quoque
2350 497 2628 551 cherubim
2675 497 2865 552 intexti
2893 511 3015 552 esse
3042 506 3449 552 memorantur;
3467 497 3688 569 hyacin-

2115 587 2242 640 thus
2268 587 2484 655 quippe,
2508 586 2600 655 qui
2628 586 2746 642 coeli
2772 586 3005 642 colorem
3034 587 3296 652 imitatur,
3331 602 3688 657 supernorum

2113 676 2398 730 desideriis
2426 684 2548 746 apte
2570 686 2936 747 comparatur.
2977 677 3253 747 Purpura,
3286 692 3403 747 quae
3431 678 3692 747 sanguine

2113 766 2516 836 conchyliorum
2561 762 2865 834 conﬁcitur,
2912 775 2968 823 et
3001 768 3353 839 sanguineam
3393 768 3507 838 ipsa
3552 783 3694 837 pra:-

2113 856 2218 912 fert
2250 859 2499 928 speciem,
2531 874 2637 913 non
2667 859 2936 915 immerito
2962 868 3363 915 sacramentum
3394 860 3691 915 Dominicte

2115 946 2294 1015 signat
2322 948 2606 1015 passionis,
2637 963 2744 1017 quo
2778 963 2878 1003 nos
2923 948 3147 1015 initiari,
3188 964 3407 1003 crucem
3443 959 3691 1005 nostram

2111 1038 2412 1107 portando,
2457 1038 2732 1093 debemus.
2775 1038 3041 1105 Coccino,
3095 1039 3239 1109 quod
3286 1040 3456 1095 rubco
3503 1040 3690 1095 colore

2112 1124 2453 1192 ﬂammescit,
2502 1142 2738 1197 congrue
2781 1127 2954 1182 virtus
2990 1127 3314 1197 exprimitur
3350 1128 3591 1183 amoris:
3623 1129 3691 1184 de

2113 1231 2221 1285 quo
2266 1216 2528 1271 mirantes
2570 1217 2776 1282 dixere,
2825 1215 3069 1286 quicum
3113 1216 3340 1275 Domino
3383 1217 3694 1273 ambulave-

2114 1312 2260 1369 rant,
2297 1305 2544 1375 discipuli
2575 1325 2587 1358 :
2621 1325 2639 1358 ‹
2676 1305 2864 1361 Nonne
2902 1320 3000 1360 cor
3046 1313 3294 1362 nostrum
3338 1306 3538 1362 ardens
3567 1316 3690 1362 erat

2113 1395 2169 1452 in
2200 1398 2376 1465 nobis,
2420 1396 2547 1452 dum
2573 1398 2886 1468 loqueretur
2922 1396 2977 1451 in
3016 1396 3124 1465 via,
3154 1405 3210 1453 et
3244 1397 3481 1467 aperiret
3530 1398 3690 1454 nobis

2115 1486 2460 1558 Scripturas?
2490 1486 2651 1558 (Luc.
2676 1485 2849 1558 xxrv.)
2879 1506 2898 1539 ι
2928 1486 3147 1558 Byssus,
3179 1502 3300 1556 qua:
3342 1489 3408 1541 de
3436 1496 3578 1541 terra
3614 1488 3691 1545 vi-

2115 1579 2252 1634 renti
2274 1579 2516 1650 germine
2544 1579 2823 1643 nascitur,
2845 1585 2901 1633 et
2928 1577 3089 1648 longe
3115 1576 3383 1633 artiﬁcum
3422 1577 3689 1634 exercitio

2112 1669 2354 1723 nativum
2406 1668 2556 1724 exuit
2603 1669 2868 1733 virorem,
2929 1676 3093 1737 atque
3138 1668 3206 1722 ad
3249 1667 3519 1722 albentem
3567 1683 3696 1738 per-

436 1773 535 1827 per
558 1765 729 1813 totum
758 1759 942 1813 orbem
966 1758 1203 1815 Ecclesia
1234 1758 1285 1812 in
1309 1760 1510 1813 sanctis
1534 1760 1645 1815 suis
1671 1775 1736 1815 ac
1759 1760 2011 1831 perfectis
2040 1750 2086 1809 Β
2113 1759 2326 1814 ducitur
2385 1759 2618 1828 speciem
2640 1797 2657 1823 ,
2718 1772 2955 1828 congrue
3023 1757 3433 1829 castigationem
3498 1757 3687 1812 carnis

436 1856 739 1914 exercetur,
791 1848 864 1902 illi
894 1849 1182 1920 praecipue,
1226 1849 1420 1918 quibus
1455 1847 1690 1905 ﬁdelium
1713 1866 1840 1906 cura
1871 1866 2014 1907 com-

437 1938 622 2004 missa,
652 1947 705 1993 et
731 1937 906 1994 claves
945 1939 1095 2009 regni
1121 1938 1380 1994 ccelorum
1412 1946 1537 1994 sunt
1564 1941 1724 2007 datte,
1753 1942 1898 1997 omni
1924 1943 2016 1998 de-

436 2026 566 2082 bent
601 2027 816 2082 solertia
854 2027 1140 2095 insistere,
1180 2036 1240 2083 ut
1273 2038 1537 2100 quantum
1574 2030 1741 2100 gradu
1769 2033 2017 2101 prteemi-

437 2126 567 2171 nent
591 2118 820 2182 caeteris,
866 2126 1073 2172 tantum
1098 2119 1291 2174 merito
1319 2119 1631 2190 praecellant
1659 2121 1815 2176 bona:
1839 2122 2011 2178 actio-

439 2207 544 2261 nis.
592 2207 801 2262 Habent
839 2224 1060 2279 namque
1095 2209 1150 2263 in
1174 2227 1228 2264 se
1265 2211 1524 2280 picturam
1565 2212 1831 2267 cherubim
1865 2213 2012 2268 scul-

436 2309 601 2368 ptam,
632 2316 753 2356 cum
783 2300 1076 2373 angelicam
1107 2300 1163 2355 in
1206 2301 1367 2357 terris
1393 2303 1556 2357 vitam
1585 2312 1845 2374 quantum
1873 2322 2017 2362 mor-

441 2390 636 2445 talibus
680 2392 934 2462 possibile
968 2403 1070 2460 est,
1101 2403 1157 2449 et
1185 2402 1367 2449 mente
1411 2392 1694 2450 imitantur
1736 2406 1790 2451 ct
1828 2414 2011 2469 opere.

440 2482 648 2537 Habent
675 2484 967 2553 palatorum
995 2488 1207 2556 species,
1245 2501 1368 2541 cum
1396 2486 1537 2544 dona
1568 2502 1813 2559 supernm
1858 2491 2017 2546 retri-

438 2573 673 2630 butionis
722 2574 824 2629 ﬁxa
853 2590 1066 2646 semper
1107 2577 1406 2633 intentione
1437 2580 1788 2634 meditantur.
1828 2578 2015 2635 Palma

438 2680 674 2735 namque
714 2681 906 2721 manus
928 2667 1150 2722 victoris
1178 2677 1401 2724 ornatus
1424 2680 1526 2725 est.
1558 2670 2017 2741 Habent,anagly—

438 2755 541 2825 plta
570 2754 721 2809 valde
741 2757 1107 2827 prominentia,
1132 2775 1252 2813 cum
1280 2760 1584 2816 certissima
1611 2761 1875 2817 honorum
1897 2775 2020 2831 ope-

441 2863 563 2901 rum
591 2848 931 2914 documenta,
979 2858 1033 2905 et
1054 2865 1173 2921 quze
1202 2867 1361 2907 nemo
1398 2851 1450 2906 in
1489 2852 1762 2907 sinistram
1807 2861 2017 2922 partem

443 2941 789 3013 interpretari
830 2941 1092 2998 ullatenus
1132 2944 1327 3010 valeat,
1358 2945 1567 3000 cunctis
1603 2960 1723 3001 sese
1769 2945 2022 3001 intuenti-

442 3035 544 3089 bus
565 3034 875 3091 ostendunt.
896 3034 960 3089 Et
983 3036 1095 3090 ha'c
1109 3036 1282 3090 omnia
1304 3045 1422 3090 sunt
1444 3037 1562 3090 auri
1581 3036 1790 3090 laminis
1817 3047 2017 3107 operta,

2115 1860 2316 1907 nostrae
2367 1850 2604 1905 insinuat
2652 1867 2663 1881 '
2714 1849 2867 1920 cujus
2918 1850 3073 1921 quasi
3137 1851 3421 1905 humorem
3479 1850 3690 1919 ingeni-

2115 1949 2227 1996 tum
2278 1942 2539 1998 exsiccari
2581 1941 2737 2012 jubet
2781 1941 3110 2012 Apostolus,
3179 1940 3365 1995 dicens
3408 1958 3422 1993 :
3484 1959 3503 1992 ι
3551 1939 3692 1995 Mor-

2120 2050 2140 2085 ‹
2172 2031 2373 2088 tiﬁcate
2424 2034 2668 2090 membra
2706 2042 2908 2098 vestra,
2950 2048 3071 2103 quae
3100 2040 3224 2087 sunt
3252 2045 3413 2101 super
3458 2038 3691 2096 terram,

2116 2122 2550 2185 fornicationem,
2594 2123 3020 2188 immunditiam,
3073 2122 3385 2189 libidinem,
3435 2122 3691 2193 concupi-

2117 2215 2377 2270 scentiam
2424 2213 2642 2279 malam,
2675 2222 2728 2269 et
2757 2213 3059 2279 avaritiam,
3097 2229 3217 2283 qua:
3242 2220 3328 2268 est
3369 2212 3687 2268 simulacro-

2120 2322 2238 2362 rum
2269 2307 2502 2362 servitus
2528 2304 2661 2379 (Col.
2694 2305 2798 2376 tu).
2834 2326 2853 2359 ι
2887 2305 2969 2360 Ad
2997 2313 3255 2374 quantam
3282 2320 3411 2360 vero
3436 2304 3690 2360 candoris

2115 2398 2346 2468 gratiam
2392 2398 2535 2452 hanc
2576 2397 2705 2451 velit
2737 2396 2982 2466 perduci,
3015 2395 3150 2450 alias
3180 2396 3438 2462 ostendit,
3466 2396 3687 2452 dicens:

2122 2507 2142 2541 ι
2187 2489 2426 2544 Obsecro
2460 2503 2574 2551 vos,
2617 2486 2836 2553 fratres,
2869 2501 2968 2556 per
3011 2486 3438 2542 misericordiam
3471 2485 3588 2552 Dei,
3628 2496 3691 2542 ut

2115 2580 2418 2636 exhibeatis
2461 2593 2687 2649 corpora
2729 2585 2911 2633 vestra
2958 2566 3191 2633 hostiam
3239 2578 3531 2644 viventem,
3560 2593 3689 2634 san-

2117 2678 2282 2734 ctam,
2329 2670 2439 2725 Deo
2472 2668 2773 2739 placentem
2798 2708 2814 2733 ,
2867 2667 3186 2724 rationabile
3233 2667 3550 2738 obsequium
3593 2683 3689 2723 ve-

2116 2770 2288 2817 strum
2320 2760 2497 2834 (Rom.
2537 2760 2654 2832 xu).
2687 2780 2707 2813 ι
2746 2759 3060 2815 Iutexuntur
3092 2774 3223 2815 vero
3257 2759 3541 2814 cherubim
3586 2759 3694 2814 eis-

2119 2852 2264 2918 dem,
2295 2866 2417 2921 quaa
2447 2854 2676 2920 quatuor
2727 2849 2942 2905 eximiis
2992 2849 3262 2906 coloribus
3313 2848 3691 2917 conﬁciuntur,

2120 2955 2243 2997 cum
2279 2940 2333 2995 in
2373 2939 2662 3003 universis,
2695 2950 2812 3007 qua:
2838 2937 2923 3008 pie
2952 2938 3179 3008 agimus,
3214 2952 3244 2991 a
3271 2937 3551 2993 venenatis
3586 2937 3699 2992 da:-

2122 3044 2343 3084 monum
2393 3028 2517 3083 telis
2561 3041 2660 3097 per
2704 3026 2945 3099 angelica
2996 3025 3282 3095 pmsidia,
3320 3026 3548 3081 Domino
3601 3025 3699 3080 do-

443 3143 568 3182 cum
612 3126 792 3199 (sicut
837 3143 976 3198 saepe
1020 3129 1221 3183 dicum
1259 3136 1314 3184 et
1351 3143 1565 3198 semper
1590 3130 1874 3184 dicendum
1900 3129 2022 3203 est)

2127 3125 2313 3183 nante,
2339 3117 2694 3187 protegimur.
2743 3114 3065 3169 lntexuntur
3089 3114 3208 3169 velo
3233 3113 3532 3178 cherubim,
3574 3129 3697 3170 cum

447 3218 658 3273 caeteris
700 3219 958 3272 virtutum
980 3216 1198 3273 ﬁoribus
1240 3218 1565 3289 specialibus
1596 3218 1648 3272 in
1689 3219 1897 3288 magnis
1923 3220 2024 3275 Ec—

448 3310 628 3365 clesia:
680 3309 940 3364 membris
999 3308 1175 3380 fulgor
1240 3309 1603 3379 supereminet
1661 3309 1881 3365 amoris.
1931 3308 2027 3365 llis

448 3398 658 3455 ostiolis
702 3398 865 3453 etiam
894 3399 1091 3469 .velum
1136 3396 1301 3454 fuisse
1339 3398 1579 3454 additum
1604 3398 1778 3454 Verba
1808 3398 2026 3452 Dierum

453 3499 674 3547 narrant
701 3532 713 3544 .
739 3509 756 3540 ‹
780 3490 929 3545 Fecit
953 3506 1166 3560 quoque
1189 3492 1383 3559 velum,
1410 3492 1605 3563 inquit.
1622 3506 1686 3546 ex
1714 3492 2024 3564 hyacintho,

451 3599 710 3654 purpura,
739 3583 979 3650 coccino,
1027 3591 1081 3638 et
1110 3585 1291 3655 bysso,
1326 3595 1381 3639 et
1425 3585 1654 3641 intexuit
1678 3586 1727 3640 ei
1748 3584 2026 3639 cherubim
2074 3602 2079 3606 ·

451 3674 503 3745 (1
535 3672 666 3727 Par.
696 3674 833 3745 ιιι).›
865 3674 1017 3741 Quod
1044 3674 1256 3730 decoris
1274 3676 1490 3745 quidem
1514 3675 1682 3743 gratia
1700 3673 1901 3729 laetum
1922 3682 2024 3738 est,

452 3772 512 3818 ut
538 3763 674 3818 inter
703 3763 938 3833 parietes
970 3765 1256 3819 deauratos
1291 3765 1455 3820 etiam
1481 3764 1836 3819 holosericum
1866 3763 2029 3835 fulge-

454 3862 554 3919 ret,
583 3855 676 3910 sed
704 3856 757 3909 in
789 3853 1029 3924 ejusdem
1072 3858 1334 3928 mysterii,
1379 3857 1535 3928 cujus
1558 3867 1611 3912 et
1641 3857 1864 3923 ostiola,
1902 3873 2033 3914 con-

452 3962 586 4018 grua
617 3947 1011 4016 signiﬁcatione
1042 3947 1164 4005 ante
1193 3966 1374 4007 arcam
1399 3960 1559 4021 atque
1588 3952 1886 4022 ingressum
1910 3968 2029 4006 ora-

451 4040 557 4095 culi
597 4056 919 4112 appensum,
958 4044 1180 4098 utsicut
1212 4044 1403 4099 ostiola
1430 4044 1683 4114 congruis
1721 4044 1871 4098 horis
1896 4059 2024 4114 ape-

456 4134 753 4198 riebantur,
784 4141 840 4188 et
874 4133 1051 4188 velum
1096 4134 1430 4190 revelaretur
1463 4136 1679 4206 quoties
1720 4136 2034 4191 advenirent

454 4225 652 4294 quibus
683 4224 736 4277 in
758 4225 952 4280 Sancta
982 4236 1295 4282 sanctorum
1323 4236 1467 4282 esset
1492 4227 1921 4299 ingrediendum.

526 4313 696 4384 llujus
738 4330 866 4386 ergo
896 4316 996 4370 veli
1039 4317 1224 4371 sedula
1256 4318 1512 4373 revelatio
1540 4320 1833 4374 secundum
1861 4318 2033 4390 legem

457 4392 792 4476 apertionem
832 4406 1099 4478 signiﬁcat
1126 4408 1273 4480 regni
1314 4408 1568 4474 cmlestis,
1602 4424 1721 4479 qum
1754 4409 1910 4465 nobis
1938 4424 2035 4478 per

2122 3212 2178 3266 in
2204 3210 2361 3266 bonis
2386 3226 2505 3280 quae
2546 3209 2784 3279 agimus,
2823 3206 3168 3262 multitudine
3212 3206 3451 3262 scientiae
3498 3206 3701 3261 indesi-

2122 3309 2314 3356 nenter
2348 3300 2571 3363 utimur,
2618 3297 2973 3368 respicientes
3013 3311 3226 3367 semper
3265 3295 3333 3352 ad
3371 3295 3584 3366 eloquia
3613 3296 3699 3349 di-

2124 3394 2282 3459 vina;
2322 3400 2378 3448 et
2404 3407 2471 3446 ne
2508 3389 2649 3446 forte
2686 3406 2717 3444 a
2755 3389 3015 3444 virtutum
3051 3388 3186 3444 calle
3230 3387 3565 3463 aberremus,
3606 3387 3703 3442 ho-

2125 3500 2244 3539 rum
2282 3484 2477 3539 intuitu
2505 3483 2761 3537 continuo
2790 3481 3012 3552 vestigia
3049 3488 3234 3535 nostra
3264 3478 3520 3549 regimus.

2201 3594 2220 3626 ‹
2264 3576 2520 3646 Fecitque
2568 3576 2623 3630 in
2682 3574 2905 3630 introitu
2958 3573 3138 3643 templi
3189 3580 3370 3642 postes
3416 3573 3483 3627 de
3538 3571 3703 3642 lignis

2133 3684 2152 3717 ι
2197 3666 2461 3722 olivarum
2496 3665 2983 3736 quadrangulatos;
3023 3674 3077 3719 et
3126 3663 3230 3718 duo
3260 3662 3400 3718 ostia
3445 3662 3512 3717 de
3539 3661 3705 3732 lignis

2133 3775 2153 3809 ι
2196 3757 2437 3828 abiegnis
2463 3756 2815 3824 altrinsecus;
2866 3763 2920 3809 et
2946 3762 3238 3823 utrumque
3279 3752 3477 3809 ostium
3507 3750 3704 3821 duplex

2134 3868 2153 3901 ι
2198 3857 2346 3914 erat,
2394 3856 2449 3905 et
2495 3863 2556 3904 se
2606 3847 2833 3902 invicem
2884 3853 3074 3902 tenens
3121 3845 3482 3914 aperiebatur,
3521 3862 3539 3894 ι
3592 3849 3703 3896 etc.

2131 3939 2282 3997 Sicut
2333 3941 2609 4012 ingressus
2661 3937 2906 4003 oraculi,
2976 3952 3084 4006 quo
3142 3934 3211 3989 ad
3260 3949 3444 3988 arcam
3492 3932 3710 3988 Domini

2131 4030 2522 4100 cherubimque
2573 4026 3029 4098 perveniebatur,
3099 4024 3379 4079 introitum
3432 4021 3709 4092 signiﬁcat

2131 4120 2282 4190 regni
2330 4116 2587 4182 Caelestis,
2630 4132 2737 4186 quo
2782 4116 2851 4170 ad
2888 4115 3147 4170 visionem
3200 4113 3372 4169 nostri
3411 4112 3710 4168 conditoris

2133 4225 2595 4282 supernorumque
2641 4208 2840 4263 civium
2874 4222 2974 4263 nos
3003 4206 3272 4261 introduci
3311 4219 3592 4275 speramus
3643 4219 3710 4259 ac

2133 4302 2521 4365 desideramus,
2570 4299 2646 4355 ita
2693 4299 2945 4353 introitus
2991 4298 3045 4351 in
3096 4297 3355 4367 templum
3408 4296 3709 4365 primordia

2134 4399 2333 4447 nostrae
2368 4390 2742 4445 structuraead
2778 4389 2945 4443 Deum
2979 4387 3369 4453 conversionis,
3404 4385 3619 4456 quando
3658 4385 3712 4439 in

457 4500 884 4565 incarnationem
932 4500 1143 4555 Domini
1185 4510 1240 4554 et
1285 4500 1580 4555 Salvatoris
1625 4501 1798 4554 nostri
1837 4501 2026 4555 donata

2136 4490 2454 4554 praesentem
2501 4480 2796 4536 Ecclesium
2850 4479 3205 4550 ingredimur,
3256 4477 3435 4549 typice
3481 4477 3710 4531 demon-

456 4601 561 4648 cst.
594 4592 747 4648 Unde
775 4600 829 4646 et
862 4610 882 4642 ι
911 4591 1184 4661 baptizalo
1210 4606 1273 4645 co
1304 4591 1424 4645 (δίεΙί
1456 4590 1628 4660 aperti
1665 4599 1790 4644 sunt
1820 4590 2034 4661 (Matth.

460 4685 602 4756 tn);
640 4703 658 4735 ι
700 4692 760 4737 ιιι
809 4683 1187 4737 ostenderetur
1230 4682 1373 4751 quod
1417 4696 1515 4751 per
1560 4680 1848 4751 baptisma,
1895 4680 2038 4751 quod

460 4777 617 4831 nobis
660 4775 772 4844 ipse
797 4773 1155 4838 consecravit,
1194 4770 1419 4841 januam
1447 4772 1638 4841 patria:
1663 4771 1901 4828 caelestis
1939 4772 2037 4827 de-

460 4868 715 4923 beremus
746 4865 989 4937 ingredi;
1039 4873 1094 4919 et
1140 4865 1403 4919 moriente
1440 4863 1532 4919 illo
1569 4864 1622 4918 in
1668 4877 1849 4930 cruce,
1897 4862 2038 4918 idem

468 4979 486 5010 ι
521 4958 700 5013 velum
736 4958 963 5011 scissum
992 4963 1078 5010 est
1105 4957 1340 5011 medium
1367 4972 1398 5010 a
1427 4970 1639 5011 summo
1685 4970 1859 5026 usque
1883 4956 2040 5011 deor-

468 5063 587 5103 sum
627 5045 854 5118 (Mallh.
897 5046 1089 5114 xxvn),
1115 5065 1133 5097 ι
1182 5056 1240 5100 ut
1286 5054 1470 5117 aperte
1507 5047 1791 5102 doceretur
1817 5047 1943 5115 quia
1979 5046 2041 5100 ﬁ-

465 5152 613 5207 gurae
638 5136 837 5207 legales
855 5134 969 5204 jam
996 5146 1123 5190 tunc
1145 5137 1217 5216 ad
1241 5134 1400 5190 ﬁnem
1427 5136 1722 5200 venissent,
1749 5150 1814 5189 ac
1838 5136 2039 5191 veritas

468 5228 767 5298 Evangelii,
799 5243 1106 5299 arcanaque
1140 5228 1402 5291 cmlestia,
1449 5236 1503 5281 et
1530 5226 1642 5298 ipse
1681 5226 1803 5281 εωιὶ
1836 5227 2040 5298 ingres-

467 5335 581 5384 sus,
625 5336 732 5375 non
761 5321 937 5375 adhuc
978 5320 1379 5390 prophetaudus
1408 5334 1472 5384 ac
1503 5317 1798 5389 ﬁguraliter
1836 5318 2026 5389 signiﬁ-

470 5409 700 5476 candus,
729 5411 822 5465 sed
842 5408 1171 5479 jamjamque
1200 5418 1347 5465 esset
1373 5410 1619 5480 proxime
1647 5409 1896 5465 omnibus
1920 5423 2044 5480 ape-

470 5502 717 5569 riendus,
748 5503 837 5573 qui
869 5503 933 5558 δι-
979 5502 1132 5557 initio
1161 5502 1346 5558 mundi
1384 5516 1554 5571 usque
1597 5500 1664 5555 ad
1708 5500 1762 5555 id
1792 5500 2046 5571 temporis

416 5644 429 5658 ,
472 5595 526 5651 in
567 5595 671 5652 ﬁde
699 5596 943 5652 veritatis
984 5597 1050 5651 de
1091 5595 1291 5650 mundo
1333 5593 1682 5648 transierunt.
1721 5590 1867 5646 Bene
1902 5591 2044 5646 idem

478 5686 674 5753 velum,
702 5689 800 5743 sub
824 5703 931 5758 quo
959 5686 1011 5741 in
1048 5684 1327 5742 oraculum
1365 5683 1686 5750 intrabatur,
1728 5698 1793 5739 ex
1824 5681 2047 5750 hyacin-

2135 4582 2291 4630 strat.
2345 4572 2452 4627 Iste
2480 4573 2781 4642 ingressum
2826 4578 3072 4625 nostrum
3126 4568 3196 4623 ad
3227 4567 3405 4629 ﬁdem,
3454 4565 3543 4620 ille
3573 4564 3716 4619 desi-

2134 4672 2263 4736 gnat
2288 4661 2356 4718 ad
2382 4661 2637 4731 speciem.
2672 4658 2825 4715 Unde
2851 4667 3033 4729 aperte
3061 4668 3243 4729 postes
3270 4655 3430 4724 hujus
3455 4652 3714 4710 introitus

2135 4751 2543 4825 quadrangulati
2570 4758 2699 4805 sunt
2724 4748 2867 4812 facti,
2894 4749 3007 4804 sive
3032 4756 3253 4818 propter
3278 4757 3510 4817 quatuor
3535 4746 3717 4801 Evan—

2134 4844 2259 4916 gelii
2302 4844 2491 4907 libros,
2519 4856 2748 4911 quorum
2784 4839 3030 4895 doctrina
3073 4839 3125 4893 in
3158 4838 3261 4892 ﬁde
3300 4836 3550 4893 veritatis
3587 4851 3712 4891 eru-

2144 4935 2353 5000 dimur;
2404 4948 2502 5011 seu
2546 4940 2768 5003 propter
2820 4931 3045 4986 totidem
3089 4930 3314 4985 virtutes
3360 4926 3713 4998 principales,

2150 5043 2170 5077 ί
2214 5024 2573 5096 prudentiam,
2626 5023 3014 5088 fortitudinem,
3068 5022 3514 5094 temperantiam,
3557 5020 3715 5091 justi-

2144 5117 2297 5180 tiam,
2318 5137 2336 5170 ι
2360 5131 2586 5187 quarum
2607 5114 2771 5170 veluti
2794 5113 3103 5169 fundamine
3124 5113 3353 5183 quodam
3377 5111 3715 5176 ﬁrmissimo,

2142 5206 2318 5262 omnis
2365 5204 2631 5260 bonorum
2675 5211 2892 5259 actuum
2936 5211 3209 5258 structura
3260 5201 3527 5257 innititur.
3585 5198 3721 5252 Pru-

2142 5300 2322 5356 dentia
2370 5306 2453 5354 est
2500 5313 2733 5367 namque
2774 5312 2879 5367 qua
2916 5295 3174 5350 discimus
3222 5292 3348 5363 quid
3388 5306 3487 5345 nos
3533 5304 3718 5360 agere,

2143 5390 2373 5461 qualiter
2397 5389 2579 5444 vivere
2605 5388 2824 5451 deceat;
2873 5384 3152 5450 fortitudo,
3177 5400 3276 5457 per
3319 5398 3483 5453 quam
3510 5396 3571 5435 ea
3598 5395 3721 5448 qua:

2144 5480 2346 5549 agenda
2401 5477 2706 5543 didicimus,
2757 5475 3244 5547 implemuszquas
3294 5486 3403 5527 uno
3449 5468 3721 5526 versiculo

2144 5571 2370 5626 virtutes
2415 5569 2685 5640 Propheta
2755 5568 2991 5624 breviter
3055 5563 3451 5635 complectitur,
3503 5562 3720 5616 dicens:

2154 5681 2172 5714 ι
2219 5661 2474 5719 Dominus
2503 5659 2823 5716 illuminatio
2884 5674 3002 5714 mea
3054 5665 3110 5713 ct
3168 5655 3314 5712 salus
3366 5670 3484 5711 mea
3545 5650 3718 5722 (Psal.
