4026 6202
266 344 363 397 Nil

1096 341 1447 399 COSI-MEN'I'.
1485 342 1550 397 ΙΝ
1589 341 1835 398 LIBROS
1869 341 1935 397 IV
1974 341 2238 400 ΠΕΟ-ΠΜ.
2276 372 2346 383 ——
2381 341 2449 398 IN
2485 343 2614 398 LIB.
2655 345 2739 400 III.

3430 351 3530 407 162

265 456 445 527 xxvi).
482 474 500 505 ι
540 451 865 510 llluminatio
899 453 1166 516 videlicet,
1197 465 1273 519 ut,
1304 470 1424 524 quae
1453 469 1612 525 agere
1660 452 1852 508 debea-
1880 454 1928 513 A
1954 451 2195 521 picturas
2230 453 2450 519 ostium,
2488 469 2622 523 quas
2651 463 2705 509 et
2734 455 2928 526 paries,
2961 457 3215 524 habebat,
3259 461 3529 517 veraciter

267 562 412 611 mus,
443 546 713 601 edoceat:
752 545 898 600 salus
925 559 1074 610 vero,
1102 552 1162 599 ut
1189 546 1255 600 ad
1286 547 1400 600 haec
1428 561 1525 601 nos
1553 544 1853 616 peragenda

264 637 575 693 conﬁrmet.
632 635 1017 705 Temperantia
1063 644 1169 701 est,
1222 651 1329 706 qua
1377 636 1737 690 discernimus
1786 649 1855 688 ne

268 729 392 800 plus
421 735 515 781 aut
538 726 720 780 minus
744 724 892 793 justo
917 726 1218 795 prudentia:
1256 726 1367 780 sive
1394 724 1696 779 fortitudini
1724 737 1853 791 ope-

270 834 389 873 ram
418 818 551 872 dare
582 816 944 870 inveniamur.
992 815 1061 869 Et
1098 815 1223 886 quia
1262 816 1509 886 quisquis
1568 814 1854 886 prudentia

270 926 337 967 ac
374 908 695 964 fortitudine
724 914 1093 977 temperanter
1121 906 1310 973 utitur,
1341 907 1543 975 absque
1569 905 1676 959 ulla
1726 920 1856 960 eon-

271 1001 603 1056 tradietione
652 998 835 1067 justus
887 1012 1009 1053 esse
1052 998 1397 1068 probabitur,
1458 998 1627 1053 virtus
1662 1005 1856 1066 quarta

268 1104 394 1164 post
449 1091 832 1162 prudentiam,
869 1088 1254 1152 fortitudinem
1310 1098 1366 1144 et
1415 1089 1852 1157 temperantiam,

263 1180 479 1249 iustitia
510 1179 774 1248 sequitur.
804 1178 923 1232 Duo
944 1178 1107 1241 ostia,
1136 1192 1256 1247 qua:
1288 1177 1342 1231 in
1370 1178 1515 1231 hunc
1552 1177 1855 1245 ingressum

270 1272 417 1327 facta
466 1280 615 1336 sunt,
666 1270 882 1325 dilectio
909 1277 992 1324 est
1025 1269 1118 1323 Dei
1163 1278 1219 1323 et
1266 1269 1517 1339 proximi.
1564 1267 1695 1334 Quae
1720 1268 1857 1322 bene

267 1365 596 1419 altrinsecus
626 1361 766 1416 facta
800 1375 924 1416 esse
953 1359 1227 1426 dicuntur,
1255 1360 1382 1430 quia
1412 1360 1480 1413 ad
1512 1358 1741 1414 invicem
1773 1373 1859 1412 re-

268 1456 534 1527 spiciunt,
558 1453 693 1509 adeo
715 1460 777 1507 ut
801 1467 908 1507 una
940 1453 1058 1508 sine
1086 1452 1255 1507 altera
1302 1464 1641 1522 nequaquam
1690 1452 1861 1521 possit

269 1544 486 1601 haberi.
535 1562 554 1595 ι
588 1542 776 1600 Omnis
808 1543 953 1597 enim
984 1542 1075 1612 qui
1104 1542 1279 1596 credit
1307 1547 1561 1611 quoniam
1592 1540 1749 1595 Jesus
1777 1548 1861 1596 est

267 1636 545 1699 Christus,
573 1648 643 1688 ex
672 1634 782 1689 Deo
806 1643 969 1689 natus
982 1635 1105 1699 'est;
1143 1640 1197 1687 et
1224 1634 1399 1688 omnis
1423 1634 1513 1701 qui
1541 1633 1713 1704 diligit
1736 1647 1862 1687 eum

268 1729 363 1798 qui
389 1728 598 1800 genuit,
624 1726 799 1798 diligit
819 1726 983 1781 etiam
1011 1740 1134 1779 eum
1166 1725 1257 1794 qui
1294 1731 1452 1779 natus
1494 1732 1670 1778 estex
1703 1738 1767 1778 eo
1808 1720 1861 1795 (Ι

268 1797 434 1875 iam}.
465 1820 577 1892 v)..
611 1797 829 1874 Etsieut
851 1818 1044 1873 iterum
1075 1817 1238 1871 dicit:
1273 1834 1292 1867 ι
1316 1815 1415 1883 Qui
1433 1830 1539 1869 non
1554 1815 1725 1886 diligit
1752 1816 1861 1869 l'ra-
1889 1797 1938 1858 B

271 1922 413 1967 trem
459 1926 617 1966 suum
639 1952 654 1976 ,
684 1924 842 1980 quem
871 1908 1051 1973 videt,
1083 1910 1284 1973 Deum,
1328 1922 1490 1977 quem
1539 1921 1643 1961 non
1691 1907 1859 1972 videt,

270 2002 547 2073 quomodo
588 2009 765 2072 potest
791 1999 1089 2071 diligere?»
1122 1998 1174 2071 (1
1197 1997 1360 2053 Joan.
1388 1997 1486 2069 tv.)
1533 1996 1684 2053 Unde
1713 2007 1860 2052 recte

270 2095 472 2151 ostium
511 2093 753 2147 exterius
782 2090 1000 2146 dilectio
1038 2089 1303 2155 fraterna,
1338 2089 1564 2143 interius
1602 2095 1687 2144 est
1730 2089 1863 2145 dile-

271 2187 380 2241 ctio
425 2184 772 2255 intelligenda
816 2184 1018 2245 divitia.
1075 2183 1213 2251 Quia
1262 2183 1351 2237 illa
1401 2183 1552 2252 prior
1598 2191 1858 2253 tempore,

274 2280 393 2333 haec
427 2285 517 2332 est
558 2276 837 2331 divinitate
889 2274 1186 2337 sublimior,
1219 2282 1275 2328 et
1312 2288 1408 2342 per
1438 2273 1581 2327 illam
1625 2275 1692 2327 ad
1722 2274 1863 2328 hanc

274 2369 537 2432 intratur,
570 2365 699 2437 quia
750 2364 804 2420 in
853 2380 1037 2420 amore
1085 2363 1317 2435 proximi
1361 2364 1591 2418 discitur
1633 2363 1865 2434 qualiter

278 2458 453 2513 amari
482 2455 744 2513 Conditor
769 2455 984 2511 debeat.
1018 2453 1321 2509 Notandum
1351 2468 1481 2509 sane
1519 2452 1662 2522 quod
1703 2452 1757 2506 in
1785 2452 1865 2506 in-

275 2566 467 2622 gressu
511 2548 738 2613 oraculi,
790 2548 896 2622 duo
924 2547 1139 2617 quidem
1189 2544 1356 2600 fuisse
1404 2545 1541 2600 ostia
1588 2543 1863 2607 dicuntur,

274 2619 373 2697 sed
425 2642 546 2696 hzec
585 2619 819 2711 duplicia
863 2638 1030 2693 fuisse
1083 2652 1190 2692 non
1243 2637 1510 2691 dicuntur.
1574 2634 1633 2689 In
1682 2633 1864 2703 templi

275 2748 430 2799 vero,
464 2731 520 2786 id
548 2739 654 2797 est,
683 2731 873 2786 domus
916 2729 1113 2799 prioris
1155 2728 1410 2793 introitu,
1459 2726 1535 2781 ita
1576 2735 1736 2780 erant
1763 2724 1867 2780 duo

274 2824 438 2882 ostia,
470 2830 534 2875 ut
571 2802 767 2890 dupch
810 2827 953 2874 esset
998 2826 1312 2889 utrumque,
1340 2818 1465 2888 quia
1510 2816 1763 2870 nimirum
1812 2815 1865 2869 iu

274 2915 539 2986 prmsenti
569 2913 733 2968 talem
760 2928 858 2967 nos
886 2912 1093 2983 ingredi
1124 2926 1187 2966 ac
1217 2911 1415 2966 ducere
1441 2909 1607 2962 vitam
1644 2921 1867 2961 necesse

274 3018 384 3074 est,
434 3008 490 3062 in
536 3022 646 3077 qua
696 3005 1037 3061 dilectionem
1063 3004 1157 3059 Dei
1201 3010 1255 3059 et
1289 3003 1520 3072 proximi
1564 3015 1661 3072 per
1708 2999 1865 3054 ﬁdem

276 3109 333 3154 et
357 3100 755 3169 operationem,
784 3113 882 3168 per
909 3095 1224 3167 patientiam
1259 3105 1313 3149 et
1341 3092 1723 3164 benignitatem
1754 3105 1867 3145 ser-

276 3206 503 3255 vemus;
536 3191 591 3244 in
624 3188 804 3243 futura
833 3198 1010 3242 autem
1043 3185 1173 3251 vita,
1205 3184 1296 3240 ubi
1322 3184 1487 3238 Deum
1515 3189 1569 3238 et
1594 3180 1868 3259 proximos

279 3284 337 3337 in
369 3282 495 3336 luce
525 3281 755 3335 interna:
790 3278 1139 3334 beatitudinis
1161 3275 1484 3340 videbimus,
1528 3273 1717 3328 eadem
1768 3271 1874 3326 uti—

278 3389 394 3443 que
423 3371 713 3427 dilectione
740 3370 953 3442 gemina
1005 3369 1209 3438 absque
1257 3365 1366 3420 ullo
1396 3378 1619 3434 prorsus
1666 3360 1871 3426 labore,

278 3468 399 3520 imo
433 3466 488 3518 in
526 3478 722 3534 magna
768 3461 1114 3517 multitudine
1156 3459 1351 3514 divina:
1400 3456 1696 3512 dulcedinis
1726 3454 1873 3509 frue-

282 3576 431 3615 mur.
486 3557 643 3613 Unde
669 3564 793 3625 apte
821 3553 1075 3609 introitus
1104 3549 1376 3607 interioris
1402 3549 1591 3605 domus
1619 3547 1725 3602 duo
1750 3545 1873 3615 qui-

282 3650 413 3704 dem
435 3647 595 3709 ostia,
626 3647 721 3701 sed
749 3646 863 3699 haec
892 3640 1155 3713 simplicia
1179 3640 1431 3695 habebat.
1477 3636 1595 3692 Non
1624 3635 1772 3691 enim
1802 3634 1873 3689 ibi

284 3739 427 3793 ﬁdes
459 3737 771 3793 necessaria
809 3742 912 3798 est,
948 3732 1039 3787 ubi
1078 3747 1142 3788 ea
1172 3746 1292 3802 qua:
1331 3745 1473 3784 nunc
1500 3727 1772 3783 credimus
1811 3740 1876 3780 ac

281 3844 598 3900 speramus,
629 3827 813 3883 omnia
843 3825 1129 3880 manifesta
1154 3823 1273 3878 luce
1296 3821 1616 3895 videbimus.
1648 3818 1764 3873 Non
1792 3817 1876 3872 la-

286 3925 397 3977 tor
434 3936 662 3991 eperum
694 3918 1051 3984 necessarius,
1084 3916 1175 3970 ubi
1215 3913 1462 3969 mercede
1495 3919 1755 3982 perpetua
1783 3924 1876 3964 eu-

288 4030 418 4068 rum
482 4028 604 4083 quze
650 4013 740 4067 hie
772 4012 1079 4066 laboramus
1128 4007 1470 4063 donabimur.
1522 4004 1640 4059 Non
1689 4017 1878 4059 neces-

288 4104 439 4158 saria
493 4102 776 4171 patientia,
802 4100 894 4154 ubi
937 4113 1098 4175 nemo
1137 4097 1350 4153 adversi
1395 4095 1599 4165 aliquid
1652 4094 1874 4165 irrugat.

283 4197 407 4252 Non
468 4194 838 4250 muniﬁcentia
888 4192 1255 4262 benignitatis,
1305 4190 1399 4247 ubi
1446 4203 1605 4245 nemo
1652 4189 1876 4260 indiget,

282 4305 427 4363 opus
472 4297 578 4345 est.
632 4288 758 4344 Περ
805 4288 871 4343 de
914 4287 1178 4343 ostiorum
1204 4285 1371 4357 ﬁgura
1398 4300 1497 4355 pro
1525 4283 1741 4339 modulo
1786 4298 1881 4337 nu-

283 4393 427 4449 stro,
463 4390 751 4451 sequentes
769 4379 991 4435 Patrum
1011 4378 1257 4450 vestigia,
1281 4377 1652 4433 disseruimus.
1678 4375 1880 4431 Verum

1956 558 2095 597 unus
2120 558 2216 613 per
2242 544 2421 603 omnia
2460 552 2516 598 et
2546 546 2903 601 continuatim
2945 557 3195 604 extentus
3240 550 3422 620 paries
3448 551 3532 606 vi-

1953 633 2189 699 deretur,
2219 650 2384 688 unum
2416 632 2629 693 decoris
2657 637 2829 707 gratia
2856 641 3217 708 praﬂendens,
3242 641 3390 697 aliud
3417 660 3525 715 my-

1954 723 2104 777 sterii
2133 723 2531 792 dispensatione
2560 726 2925 797 praeﬁgurans.
2961 727 3112 796 Quod
3138 747 3286 799 vero,
3319 735 3524 791 deseri-

1952 814 2062 885 ptis
2093 815 2275 885 templi
2306 817 2479 882 ostiis,
2506 817 2779 885 sequitur:

2032 920 2051 955 ι
2095 905 2163 960 Et
2200 905 2424 975 sculpsit
2474 908 2773 975 cherubim,
2826 917 2880 965 et
2920 910 3127 979 palmas
3161 920 3215 966 et
3248 914 3532 971 ctelaturas

1960 1013 1980 1048 ‹
2025 996 2181 1051 valde
2223 998 2543 1064 eminentes,
2591 1000 2911 1069 operuitque
2960 1001 3141 1056 omnia
3190 1001 3404 1057 laminis
3437 1021 3533 1058 au-

1962 1105 1981 1139 ι
2026 1087 2158 1152 rcis,
2196 1102 2362 1156 opere
2401 1088 2607 1156 quadro
2648 1089 2713 1143 ad
2762 1089 3017 1160 regulam,
3057 1110 3075 1142 ι
3119 1091 3243 1160 quia
3280 1092 3533 1147 nimirum

1955 1175 2143 1229 eadem
2180 1190 2377 1229 arcana
2414 1176 2572 1239 ﬁdei,
2626 1177 2737 1246 spei
2777 1187 2832 1231 et
2862 1178 3158 1243 cliaritatis,
3191 1194 3311 1248 quae
3363 1181 3533 1235 subli-

1957 1283 2074 1323 mes
2102 1270 2300 1338 quique
2333 1284 2397 1324 ae
2426 1268 2653 1339 perfecti
2690 1270 2989 1325 sublimiter
3024 1272 3265 1340 capiunt,
3305 1289 3532 1343 quaeque

1958 1374 2147 1414 omnes
2200 1362 2356 1416 electi
2407 1362 2563 1432 plene
2624 1363 2678 1416 in
2730 1361 2911 1415 divina
2959 1362 3165 1417 visione
3212 1365 3533 1433 prmsciunt,

1958 1453 2123 1506 etiam
2169 1454 2567 1508 catechizandis
2596 1453 2838 1517 rudibus,
2877 1467 2973 1522 pro
3008 1468 3107 1507 suo
3140 1453 3333 1521 cuique
3376 1462 3533 1523 captu

1961 1546 2211 1600 discenda
2253 1552 2306 1600 et
2353 1545 2654 1600 conﬁtenda
2703 1545 3011 1609 traduntur,
3054 1552 3317 1613 quatenus
3367 1545 3537 1599 sacris

1962 1636 2160 1691 initiati
2204 1636 2499 1707 mysteriis,
2535 1635 2856 1705 quandoque
2881 1635 3045 1689 etiam
3075 1636 3141 1689 ad
3174 1635 3432 1704 capienda
3474 1650 3538 1690 ea

1963 1746 2083 1801 qum
2111 1730 2198 1800 pie
2224 1730 2520 1792 credidere,
2551 1728 2887 1798 perveniant.

2043 1837 2061 1869 ‹
2105 1819 2173 1872 Et
2207 1817 2493 1873 aediﬁcavit
2532 1833 2624 1871 rex
2654 1816 2905 1871 Salomon
2944 1818 3141 1871 atrium
3185 1816 3414 1872 interius
3445 1816 3536 1871 tri-

1969 1928 1987 1961 ι
2032 1909 2135 1963 bus
2173 1908 2452 1963 ordinibus
2490 1908 2722 1977 lapidum
2764 1908 3075 1978 politorum,
3109 1915 3165 1962 et
3204 1922 3311 1962 uno
3350 1908 3540 1963 ordine

1968 2019 1987 2052 ‹
2032 2001 2297 2072 lignorum
2346 1999 2514 2064 cedri,
2543 2007 2648 2054 etc.
2684 2019 2702 2051 ι
2737 2000 2813 2053 De
2845 1998 3090 2053 interiori
3135 1999 3273 2054 atrio
3303 2000 3542 2053 breviter

1961 2093 2218 2163 loquitur,
2263 2093 2329 2147 de
2368 2092 2621 2148 exteriori
2652 2106 2877 2161 prorsus
2912 2091 3125 2146 videtur
3185 2099 3385 2146 tacere.
3435 2092 3537 2145 Ve-

1963 2202 2084 2241 rum
2114 2186 2166 2240 in
2189 2184 2381 2239 Verbis
2406 2184 2625 2238 Dierum
2656 2182 2939 2252 utriusque
2976 2182 3035 2237 ﬁt
3078 2183 3301 2248 mentio,
3346 2183 3436 2238 ubi
3467 2182 3541 2236 ita

1962 2276 2221 2345 scriptum
2252 2282 2375 2329 est:
2414 2291 2433 2323 ι
2466 2272 2619 2327 Fecit
2661 2272 2824 2327 etiam
2857 2273 3054 2326 atrium
3097 2273 3458 2337 sacerdotum,
3489 2280 3542 2327 ct

1962 2367 2240 2423 basilicam
2287 2366 2566 2438 grandem,
2608 2371 2663 2418 et
2705 2363 2845 2419 ostia
2883 2364 2937 2418 in
2974 2362 3219 2428 basilica,
3245 2345 3384 2433 qua:
3414 2364 3545 2418 texit

1963 2473 2071 2514 tere
2093 2456 2175 2530 (II
2199 2455 2330 2510 Par.
2346 2455 2475 2528 IV).)
2493 2454 2703 2509 Atrium
2733 2469 2861 2525 ergo
2887 2454 3130 2519 interius,
3152 2454 3294 2523 quod
3319 2462 3546 2509 vocatur

1966 2551 2329 2614 sacerdotum,
2372 2562 2437 2603 eo
2462 2547 2604 2617 quod
2644 2535 2953 2601 sacerdotes
2979 2553 3035 2600 et
3060 2544 3235 2599 levitae
3257 2544 3313 2599 in
3341 2560 3404 2600 ea
3448 2545 3545 2598 mi-

1967 2644 2282 2706 nistrarent,
2316 2655 2383 2696 ex
2417 2640 2564 2695 omni
2587 2647 2741 2709 parte
2768 2647 2887 2693 erat
2910 2637 3108 2709 templo
3130 2637 3540 2692 circumdatum.

1968 2732 2075 2788 Sed
2115 2733 2183 2788 ab
2226 2732 2456 2796 oriente,
2488 2731 2633 2786 unde
2672 2729 2853 2800 templi
2896 2739 3015 2786 erat
3041 2730 3338 2802 ingressus,
3380 2729 3548 2784 multo

1967 2824 2179 2896 longius
2220 2838 2250 2878 a
2286 2821 2487 2891 templo
2512 2837 2676 2892 quam
2714 2837 2746 2876 a
2779 2821 2992 2877 caeteris
3029 2822 3200 2877 tribus
3247 2821 3419 2893 plagis
3463 2835 3549 2875 se—

1967 2925 2197 2974 cretum.
2238 2915 2375 2984 Quia
2410 2915 2665 2970 nimirum
2704 2916 2760 2970 in
2785 2930 2848 2970 ea
2877 2915 3057 2987 plaga,
3094 2915 3147 2969 id
3182 2923 3284 2981 est,
3330 2916 3383 2970 in
3412 2914 3551 2970 facie

1971 3010 2154 3079 templi
2205 3008 2405 3064 ﬁebant
2464 3007 2765 3062 ministeria
2828 3018 3180 3073 sanctorum,
3238 3006 3311 3061 ibi
3370 3006 3543 3060 altare

1970 3115 2176 3155 mneum
2230 3099 2298 3154 ad
2345 3098 2553 3154 hostias
2594 3098 2822 3152 Domino
2867 3096 3190 3162 offerendas,
3240 3097 3315 3151 ibi
3358 3096 3545 3153 decem

1972 3191 2174 3245 luteres
2195 3190 2262 3245 ad
2287 3189 2501 3245 easdem
2527 3188 2735 3243 hostias
2754 3188 3030 3244 lavandas.
3062 3187 3138 3243 Ibi
3170 3202 3320 3242 mare
3339 3200 3549 3243 aeneum

1972 3290 2089 3339 erat
2115 3282 2348 3353 positum
2380 3282 2446 3336 ad
2490 3279 2748 3336 levandas
2776 3296 2967 3336 manus
2989 3280 3261 3349 pedesque
3302 3279 3553 3335 sacerdo—

1975 3382 2107 3439 tum,
2138 3389 2259 3429 eum
2288 3373 2356 3427 ad
2379 3372 2798 3427 ministrandum
2848 3370 3136 3427 intrarent.
3183 3369 3428 3424 Habebat
3456 3385 3554 3424 au-

1974 3473 2081 3520 tem
2104 3464 2208 3519 hoc
2237 3463 2432 3518 atrium
2467 3474 2577 3517 tres
2608 3460 2819 3518 cubitus
2847 3459 3167 3525 altitudinis,
3201 3466 3260 3514 ut
3284 3457 3551 3529 Iosephus

1973 3563 2183 3620 narrat,
2214 3563 2480 3624 quatenus
2504 3560 2561 3607 ut
2584 3552 2654 3606 ab
2680 3552 2923 3623 ingressu
2961 3550 3145 3620 templi
3176 3558 3402 3605 caeteros
3428 3565 3555 3620 pro-

1973 3645 2206 3713 hiberet,
2234 3654 2290 3700 et
2313 3644 2442 3701 solis
2467 3643 2842 3700 sacerdotibus
2869 3643 2974 3698 hoc
3001 3642 3166 3697 licere
3193 3641 3544 3713 signiﬁcaret.

1975 3738 2213 3809 Eratque
2254 3738 2304 3792 ei
2345 3736 2512 3807 janua
2555 3735 2621 3790 ad
2650 3733 2969 3791 orientalem
3013 3717 3256 3804 plagam,
3280 3731 3349 3785 ad
3389 3746 3553 3807 quam

1975 3845 2147 3901 usque
2184 3829 2410 3900 populus
2450 3828 2657 3882 hostias
2695 3840 2822 3882 suas
2863 3834 2919 3880 et
2954 3823 3221 3879 sacriﬁcia
3270 3819 3552 3882 inferebat,

1978 3922 2102 3976 inde
2154 3919 2494 3990 suscipienda
2547 3933 2579 3971 a
2627 3916 2997 3972 sacerdotibus
3046 3923 3209 3983 atque
3263 3911 3331 3966 ad
3384 3910 3554 3965 altare

1976 4009 2314 4082 proferenda.
2343 4007 2421 4063 De
2448 4006 2706 4063 exteriori
2728 4020 2858 4059 vero
2886 4004 3044 4069 atrio,
3070 4002 3214 4072 quod
3240 4001 3417 4056 Verba
3439 4000 3558 4054 Die-

1978 4117 2096 4158 rum
2127 4100 2403 4157 basilicam
2428 4098 2684 4170 grandem
2706 4103 2916 4162 vocant,
2951 4095 3024 4149 ita
3051 4091 3556 4162 scribitlosephus:

1985 4211 2004 4244 ι
2049 4192 2399 4247 Extrinsecus
2428 4196 2608 4244 autem
2656 4186 2815 4257 hujus
2843 4185 3028 4256 templi
3081 4184 3241 4239 aliam
3274 4180 3561 4238 aediﬁcavit

1980 4282 2182 4349 aulam,
2212 4279 2564 4352 quadranguli
2595 4278 2869 4334 schemate
2897 4275 3116 4342 factam,
3147 4275 3359 4346 erigens
3388 4273 3561 4327 maxi-

1983 4387 2101 4427 mas
2128 4370 2371 4441 porticus
2400 4375 2561 4439 atque
2590 4367 2747 4430 latas,
2777 4373 2831 4420 et
2857 4373 3046 4434 portas
3090 4363 3336 4419 excelsas
3362 4370 3416 4416 et
3443 4376 3557 4414 am-

279 4474 448 4545 juxta
481 4473 710 4527 formam
760 4473 930 4542 ipsius
959 4470 1142 4541 operis
1169 4469 1379 4526 decoris
1406 4469 1577 4540 gratia
1603 4468 1880 4540 provisum
1906 4489 1958 4549 Β
1984 4459 2122 4532 plus,
2151 4473 2249 4528 per
2269 4464 2500 4527 quatuor
2537 4454 2720 4509 mundi
2766 4462 2948 4524 partes
2976 4454 3031 4508 in
3072 4468 3138 4509 eo
3179 4453 3516 4507 constituens
3543 4467 3557 4504 :

281 4574 377 4622 est
406 4573 474 4620 ut
526 4564 579 4618 in
606 4578 712 4619 uno
747 4564 1043 4632 eodemque
1074 4560 1258 4632 templi
1290 4561 1536 4631 ingressu
1565 4559 1669 4614 duo
1702 4567 1883 4618 essent

282 4657 460 4711 ostia.
525 4652 751 4708 Necesse
800 4653 1009 4707 etenim
1063 4660 1181 4705 erat
1226 4650 1464 4721 parietes
1510 4649 1701 4705 domus
1728 4688 1744 4713 ,
1787 4646 1880 4718 qui

284 4757 525 4803 centum
548 4743 733 4815 viginti
779 4744 990 4798 cubitus
1018 4741 1290 4796 habebant
1333 4740 1385 4794 in
1414 4740 1711 4804 altitudine,
1742 4753 1883 4794 nun-

284 4836 484 4892 llllIIOS
518 4834 676 4888 etiam
712 4831 1092 4888 crassitudinis
1120 4829 1331 4884 cubitus
1358 4828 1577 4895 habere,
1630 4829 1683 4883 in
1732 4829 1885 4899 cujus

283 4931 563 4987 nimirum
609 4927 985 4984 crassitudinis
1035 4933 1275 4981 extrema
1331 4932 1487 4994 parte
1536 4923 1675 4979 ostia
1730 4930 1885 4976 erant

281 5020 486 5083 afﬁxa,
521 5019 592 5073 ita
629 5027 689 5072 ut
725 5017 932 5088 aequale
968 5016 1159 5089 parieti
1191 5023 1334 5072 esset
1354 5015 1553 5071 ostium
1577 5022 1881 5083 utrumque,

284 5123 349 5167 ut
399 5111 527 5165 sive
569 5110 730 5175 intus,
771 5111 884 5163 sive
926 5107 1058 5163 foris
1104 5107 1360 5177 templum
1402 5106 1634 5178 quisque
1678 5106 1885 5174 positus

281 5204 506 5259 ostium
541 5200 845 5269 inspiceret,
878 5214 1018 5254 unus
1044 5198 1092 5254 ei
1122 5213 1219 5268 per
1242 5198 1424 5253 omnia
1453 5197 1634 5267 paries
1659 5210 1777 5251 esse
1803 5195 1885 5248 vi-

282 5299 547 5351 deretur.
580 5292 840 5348 Similiter
870 5302 924 5347 et
953 5292 1203 5347 cedrinus
1223 5290 1403 5360 paries
1426 5306 1549 5346 cum
1573 5290 1885 5344 vieenoruut

281 5388 339 5442 in
395 5385 738 5457 longitudine
786 5390 841 5440 et
883 5384 1164 5438 altitudine
1210 5392 1358 5439 esset
1395 5382 1724 5444 cubitorum,
1777 5396 1885 5436 nou

283 5492 529 5549 parvam
556 5484 612 5530 et
647 5477 761 5545 ipse
789 5475 973 5530 debuit
1021 5473 1223 5528 habere
1246 5518 1251 5521 .
1275 5472 1709 5528 crassitudinem.
1745 5471 1885 5538 Qua-

284 5576 527 5640 propter
556 5575 613 5621 et
642 5567 697 5620 in
726 5565 882 5634 hujus
907 5565 1154 5635 ingressu
1185 5564 1288 5618 duo
1316 5564 1455 5618 facta
1489 5572 1614 5618 sunt
1640 5563 1798 5625 ostia,
1829 5572 1889 5614 ut

284 5656 554 5711 videlicet
586 5656 655 5711 ab
681 5663 907 5724 utroque
943 5654 1134 5717 latere,
1167 5653 1271 5708 hoc
1296 5661 1397 5718 est,
1428 5661 1483 5707 et
1509 5653 1653 5706 intus
1679 5660 1733 5706 et
1758 5650 1889 5706 foris

285 5745 514 5820 rquale
541 5746 734 5818 parieti
778 5746 973 5800 ostium
1002 5752 1232 5815 pateret.
1276 5743 1343 5798 Et
1380 5742 1633 5813 quoniam
1666 5741 1886 5797 easdem

1984 4567 2212 4624 quarum
2242 4550 2466 4621 singulae
2491 4548 2558 4605 ad
2585 4562 3020 4617 unumquemque
3040 4553 3281 4612 ventum,
3327 4552 3563 4615 quatuor

1984 4641 2196 4713 angulis
2222 4639 2595 4706 attendebant,
2628 4638 2720 4693 ubi
2756 4651 2949 4693 aureas
2970 4636 3169 4707 januas
3195 4635 3500 4693 collocavit.
3537 4653 3556 4686 ι

1983 4732 2052 4786 Ει
2080 4731 2242 4802 paulo
2284 4740 2447 4800 post:
2478 4747 2497 4780 ι
2525 4728 2582 4783 In
2624 4728 2725 4783 hoc
2759 4743 2888 4799 ergo
2923 4727 3221 4783 sacrarium
3247 4740 3435 4785 omnes
3468 4739 3566 4795 pn-

1982 4823 2127 4895 puli,
2177 4822 2372 4893 quibus
2408 4820 2657 4893 purgatio
2709 4819 3073 4890 legitimorum
3128 4818 3340 4882 inerat,
3400 4816 3566 4869 intru-

1986 4915 2158 4970 ibant.
2196 4933 2215 4965 ι
2257 4912 2367 4967 Has
2407 4926 2537 4965 vero
2578 4910 2819 4982 porticus
2855 4908 3210 4966 Cassiodorus
3259 4914 3479 4962 senator
3509 4905 3565 4961 in

1984 5006 2196 5077 pictum
2223 5003 2428 5074 templi,
2466 5018 2631 5072 quam
2670 5002 2725 5057 in
2753 5001 3014 5072 pandecte
3043 4999 3223 5070 posuit
3262 4999 3346 5070 (ut
3367 4998 3479 5068 ipse
3509 4998 3562 5050 in

1985 5095 2323 5152 Psalmorum
2351 5094 2688 5165 expositione
2712 5090 3124 5165 commemorat)
3151 5090 3351 5162 triplici
3379 5089 3566 5145 ordine

1987 5186 2305 5258 distinguit:
2329 5186 2564 5256 primum
2605 5183 2855 5240 videlicet
2879 5183 3124 5238 ordinem
3165 5196 3371 5252 ponens
3411 5190 3565 5236 extra

1988 5278 2187 5332 atrium
2235 5276 2577 5332 sacerdotum
2621 5289 2688 5329 ex
2735 5275 2883 5330 omni
2929 5282 3084 5345 parte
3119 5288 3219 5344 per
3262 5273 3561 5344 quadrum;

1987 5368 2281 5424 secundum
2308 5367 2497 5422 eodem
2532 5367 2689 5422 modo
2711 5374 2865 5421 extra
2904 5366 3123 5420 intimas
3148 5366 3387 5436 porticus
3412 5363 3568 5418 undi-

1986 5474 2092 5529 que
2117 5474 2334 5515 versum
2366 5459 2420 5513 in
2443 5473 2600 5529 gyro;
2629 5467 2931 5513 extremum
2959 5457 3208 5512 similiter
3232 5472 3295 5512 ex
3319 5454 3463 5510 omni
3484 5452 3568 5506 la-

1987 5559 2102 5606 tere
2123 5550 2364 5621 priorum
2380 5550 2683 5619 porticuum
2698 5549 2947 5604 circuitu.
2979 5548 3177 5617 Sicque
3199 5545 3451 5614 templum
3471 5542 3568 5597 tri-

1988 5644 2147 5698 furmi
2169 5642 2519 5699 :ediﬁeiorum
2539 5642 2789 5713 prmsidio
2814 5642 2883 5698 ab
2903 5641 3049 5696 omni
3075 5648 3193 5694 erat
3213 5646 3365 5708 parte
3391 5635 3567 5688 muni-

1990 5743 2103 5790 tum
2140 5732 2281 5789 facto
2301 5733 2611 5803 pavimento
2637 5732 2735 5788 sub
2756 5733 2843 5789 diu
2865 5732 3006 5788 inter
3024 5728 3249 5785 aediﬁcia
3273 5725 3479 5800 singula
3501 5725 3571 5781 de
