  <div class='ocr_page' id='page_1' title='image "/cluster/home/n/w/nwhite01/storage/ocr_20150623/109/hvd.32044054759741/087.png"; bbox 0 0 4026 6202; ppageno 0'>
   <div class='ocr_carea' id='block_1_1' title="bbox 463 310 565 370">
    <p class='ocr_par' dir='ltr' id='par_1_1' title="bbox 463 310 565 370">
     <span class='ocr_line' id='line_1_1' title="bbox 463 310 565 370; baseline -0.02 -1"><span class='ocrx_word' id='word_1_1' title='bbox 463 310 565 370; x_wconf 74' lang='grc'><strong>163</strong></span> 
     </span>
    </p>
   </div>
   <div class='ocr_carea' id='block_1_2' title="bbox 1099 290 3041 371">
    <p class='ocr_par' dir='ltr' id='par_1_2' title="bbox 1099 290 3041 371">
     <span class='ocr_line' id='line_1_2' title="bbox 1099 290 3041 371; baseline -0.003 -11"><span class='ocrx_word' id='word_1_2' title='bbox 1099 304 1161 360; x_wconf 87' lang='grc' dir='ltr'><strong>Β.</strong></span> <span class='ocrx_word' id='word_1_3' title='bbox 1202 303 1455 359; x_wconf 69' lang='lat' dir='ltr'><strong>MBAN!</strong></span> <span class='ocrx_word' id='word_1_4' title='bbox 1493 301 1715 359; x_wconf 77' lang='lat' dir='ltr'><strong>MAURI</strong></span> <span class='ocrx_word' id='word_1_5' title='bbox 1748 298 2067 357; x_wconf 71' lang='lat' dir='ltr'><strong>ARCIIIEP.</strong></span> <span class='ocrx_word' id='word_1_6' title='bbox 2110 290 2421 357; x_wconf 80' lang='lat' dir='ltr'><strong>MOGUNT.</strong></span> <span class='ocrx_word' id='word_1_7' title='bbox 2460 292 2747 371; x_wconf 77' lang='lat' dir='ltr'><strong>OPERUM</strong></span> <span class='ocrx_word' id='word_1_8' title='bbox 2781 298 2963 355; x_wconf 79' lang='lat' dir='ltr'><strong>PARS</strong></span> <span class='ocrx_word' id='word_1_9' title='bbox 3000 300 3041 355; x_wconf 84' lang='grc' dir='ltr'><strong>Ι.</strong></span> 
     </span>
    </p>
   </div>
   <div class='ocr_carea' id='block_1_3' title="bbox 3598 305 3698 362">
    <p class='ocr_par' dir='ltr' id='par_1_3' title="bbox 3598 305 3698 362">
     <span class='ocr_line' id='line_1_3' title="bbox 3598 305 3698 362; baseline 0.03 -4"><span class='ocrx_word' id='word_1_10' title='bbox 3598 305 3698 362; x_wconf 64' lang='grc'><strong>164</strong></span> 
     </span>
    </p>
   </div>
   <div class='ocr_carea' id='block_1_4' title="bbox 464 410 3709 493">
    <p class='ocr_par' dir='ltr' id='par_1_4' title="bbox 464 410 3709 493">
     <span class='ocr_line' id='line_1_4' title="bbox 464 410 3709 493; baseline -0.002 -14"><span class='ocrx_word' id='word_1_11' title='bbox 464 426 821 480; x_wconf 82' lang='lat' dir='ltr'><strong>marmore-ct</strong></span> <span class='ocrx_word' id='word_1_12' title='bbox 869 416 1168 490; x_wconf 76' lang='lat' dir='ltr'><strong>parietibus</strong></span> <span class='ocrx_word' id='word_1_13' title='bbox 1207 417 1488 471; x_wconf 89' lang='lat' dir='ltr'><strong>domorum</strong></span> <span class='ocrx_word' id='word_1_14' title='bbox 1535 412 1901 483; x_wconf 81' lang='lat' dir='ltr'><strong>interioribus,</strong></span> <span class='ocrx_word' id='word_1_15' title='bbox 1930 412 2033 467; x_wconf 84' lang='lat' dir='ltr'><strong>hoc</strong></span> <span class='ocrx_word' id='word_1_16' title='bbox 2058 416 2109 476; x_wconf 80' lang='grc' dir='ltr'><strong>Α</strong></span> <span class='ocrx_word' id='word_1_17' title='bbox 2135 419 2401 475; x_wconf 89' lang='lat' dir='ltr'><strong>sanctam,</strong></span> <span class='ocrx_word' id='word_1_18' title='bbox 2450 410 2562 467; x_wconf 89' lang='lat' dir='ltr'><strong>Deo</strong></span> <span class='ocrx_word' id='word_1_19' title='bbox 2622 411 2921 481; x_wconf 75' lang='lat' dir='ltr'><strong>placentem</strong></span> <span class='ocrx_word' id='word_1_20' title='bbox 2960 431 2980 465; x_wconf 71' lang='grc' dir='ltr'><strong>ι</strong></span> <span class='ocrx_word' id='word_1_21' title='bbox 3051 412 3302 468; x_wconf 81' lang='lat' dir='ltr'><strong>exhibent</strong></span> <span class='ocrx_word' id='word_1_22' title='bbox 3352 412 3531 486; x_wconf 83' lang='lat' dir='ltr'><strong>(Rom.</strong></span> <span class='ocrx_word' id='word_1_23' title='bbox 3588 421 3709 493; x_wconf 79' lang='lat' dir='ltr'><strong>xu),</strong></span> 
     </span>
    </p>
   </div>
   <div class='ocr_carea' id='block_1_5' title="bbox 462 501 2036 578">
    <p class='ocr_par' dir='ltr' id='par_1_5' title="bbox 462 501 2036 578">
     <span class='ocr_line' id='line_1_5' title="bbox 462 501 2036 578; baseline -0.006 -12"><span class='ocrx_word' id='word_1_24' title='bbox 462 521 565 577; x_wconf 83' lang='lat' dir='ltr'><strong>est,</strong></span> <span class='ocrx_word' id='word_1_25' title='bbox 594 510 674 565; x_wconf 88' lang='lat' dir='ltr'><strong>eis</strong></span> <span class='ocrx_word' id='word_1_26' title='bbox 703 508 792 578; x_wconf 92' lang='lat' dir='ltr'><strong>qui</strong></span> <span class='ocrx_word' id='word_1_27' title='bbox 828 507 896 563; x_wconf 91' lang='lat' dir='ltr'><strong>ad</strong></span> <span class='ocrx_word' id='word_1_28' title='bbox 950 504 1207 576; x_wconf 90' lang='lat' dir='ltr'><strong>templum</strong></span> <span class='ocrx_word' id='word_1_29' title='bbox 1252 503 1613 574; x_wconf 83' lang='lat' dir='ltr'><strong>respiciebant</strong></span> <span class='ocrx_word' id='word_1_30' title='bbox 1648 501 1802 557; x_wconf 80' lang='lat' dir='ltr'><strong>tactis</strong></span> <span class='ocrx_word' id='word_1_31' title='bbox 1847 503 1905 556; x_wconf 90' lang='lat' dir='ltr'><strong>in</strong></span> <span class='ocrx_word' id='word_1_32' title='bbox 1949 516 2036 557; x_wconf 82' lang='lat' dir='ltr'><strong>co-</strong></span> 
     </span>
    </p>
   </div>
   <div class='ocr_carea' id='block_1_6' title="bbox 461 588 2036 668">
    <p class='ocr_par' dir='ltr' id='par_1_6' title="bbox 461 588 2036 668">
     <span class='ocr_line' id='line_1_6' title="bbox 461 588 2036 668; baseline -0.008 -10"><span class='ocrx_word' id='word_1_33' title='bbox 461 602 693 668; x_wconf 85' lang='lat' dir='ltr'><strong>lumnis;</strong></span> <span class='ocrx_word' id='word_1_34' title='bbox 728 588 1104 665; x_wconf 72' lang='lat' dir='ltr'><strong>exterioribus</strong></span> <span class='ocrx_word' id='word_1_35' title='bbox 1147 611 1277 653; x_wconf 89' lang='lat' dir='ltr'><strong>vero</strong></span> <span class='ocrx_word' id='word_1_36' title='bbox 1326 596 1532 651; x_wconf 88' lang='lat' dir='ltr'><strong>solidis.</strong></span> <span class='ocrx_word' id='word_1_37' title='bbox 1560 594 1756 664; x_wconf 86' lang='lat' dir='ltr'><strong>Sicque</strong></span> <span class='ocrx_word' id='word_1_38' title='bbox 1785 594 2036 653; x_wconf 86' lang='lat' dir='ltr'><strong>ﬁebatut</strong></span> 
     </span>
    </p>
   </div>
   <div class='ocr_carea' id='block_1_7' title="bbox 461 685 2036 758">
    <p class='ocr_par' dir='ltr' id='par_1_7' title="bbox 461 685 2036 758">
     <span class='ocr_line' id='line_1_7' title="bbox 461 685 2036 758; baseline -0.006 -8"><span class='ocrx_word' id='word_1_39' title='bbox 461 694 639 750; x_wconf 90' lang='lat' dir='ltr'><strong>omnis</strong></span> <span class='ocrx_word' id='word_1_40' title='bbox 665 699 936 748; x_wconf 91' lang='lat' dir='ltr'><strong>structura</strong></span> <span class='ocrx_word' id='word_1_41' title='bbox 964 688 1146 758; x_wconf 91' lang='lat' dir='ltr'><strong>templi</strong></span> <span class='ocrx_word' id='word_1_42' title='bbox 1177 703 1276 757; x_wconf 89' lang='lat' dir='ltr'><strong>pro</strong></span> <span class='ocrx_word' id='word_1_43' title='bbox 1299 687 1559 758; x_wconf 90' lang='lat' dir='ltr'><strong>graduum</strong></span> <span class='ocrx_word' id='word_1_44' title='bbox 1603 692 1748 741; x_wconf 84' lang='lat' dir='ltr'><strong>esset</strong></span> <span class='ocrx_word' id='word_1_45' title='bbox 1776 685 2036 740; x_wconf 77' lang='lat' dir='ltr'><strong>varietate</strong></span> 
     </span>
    </p>
   </div>
   <div class='ocr_carea' id='block_1_8' title="bbox 464 774 2035 846">
    <p class='ocr_par' dir='ltr' id='par_1_8' title="bbox 464 774 2035 846">
     <span class='ocr_line' id='line_1_8' title="bbox 464 774 2035 846; baseline -0.006 -9"><span class='ocrx_word' id='word_1_46' title='bbox 464 779 854 837; x_wconf 78' lang='lat' dir='ltr'><strong>rationabiliter</strong></span> <span class='ocrx_word' id='word_1_47' title='bbox 896 777 1168 833; x_wconf 88' lang='lat' dir='ltr'><strong>distincta.</strong></span> <span class='ocrx_word' id='word_1_48' title='bbox 1221 774 1462 846; x_wconf 84' lang='lat' dir='ltr'><strong>Namque</strong></span> <span class='ocrx_word' id='word_1_49' title='bbox 1504 776 1557 829; x_wconf 89' lang='lat' dir='ltr'><strong>in</strong></span> <span class='ocrx_word' id='word_1_50' title='bbox 1583 775 1782 832; x_wconf 88' lang='lat' dir='ltr'><strong>Sancta</strong></span> <span class='ocrx_word' id='word_1_51' title='bbox 1822 783 2035 830; x_wconf 90' lang='lat' dir='ltr'><strong>sancto-</strong></span> 
     </span>
    </p>
   </div>
   <div class='ocr_carea' id='block_1_9' title="bbox 464 867 2037 943">
    <p class='ocr_par' dir='ltr' id='par_1_9' title="bbox 464 867 2037 943">
     <span class='ocr_line' id='line_1_9' title="bbox 464 867 2037 943; baseline -0.008 -13"><span class='ocrx_word' id='word_1_52' title='bbox 464 891 584 929; x_wconf 88' lang='lat' dir='ltr'><strong>rum</strong></span> <span class='ocrx_word' id='word_1_53' title='bbox 630 871 1028 943; x_wconf 85' lang='lat' dir='ltr'><strong>ingrediebatur</strong></span> <span class='ocrx_word' id='word_1_54' title='bbox 1052 867 1323 940; x_wconf 80' lang='lat' dir='ltr'><strong>pontifex;</strong></span> <span class='ocrx_word' id='word_1_55' title='bbox 1361 868 1416 922; x_wconf 91' lang='lat' dir='ltr'><strong>in</strong></span> <span class='ocrx_word' id='word_1_56' title='bbox 1449 867 1623 939; x_wconf 91' lang='lat' dir='ltr'><strong>ipsum</strong></span> <span class='ocrx_word' id='word_1_57' title='bbox 1660 867 1913 937; x_wconf 82' lang='lat' dir='ltr'><strong>templum</strong></span> <span class='ocrx_word' id='word_1_58' title='bbox 1951 872 2037 919; x_wconf 90' lang='lat' dir='ltr'><strong>sa-</strong></span> 
     </span>
    </p>
   </div>
   <div class='ocr_carea' id='block_1_10' title="bbox 463 954 2036 1032">
    <p class='ocr_par' dir='ltr' id='par_1_10' title="bbox 463 954 2036 1032">
     <span class='ocr_line' id='line_1_10' title="bbox 463 954 2036 1032; baseline -0.004 -13"><span class='ocrx_word' id='word_1_59' title='bbox 463 965 710 1019; x_wconf 87' lang='lat' dir='ltr'><strong>cerdotes</strong></span> <span class='ocrx_word' id='word_1_60' title='bbox 737 960 1005 1032; x_wconf 90' lang='lat' dir='ltr'><strong>puriﬁcati</strong></span> <span class='ocrx_word' id='word_1_61' title='bbox 1033 968 1216 1015; x_wconf 87' lang='lat' dir='ltr'><strong>etnon</strong></span> <span class='ocrx_word' id='word_1_62' title='bbox 1256 954 1526 1028; x_wconf 86' lang='lat' dir='ltr'><strong>puriﬁcati</strong></span> <span class='ocrx_word' id='word_1_63' title='bbox 1572 974 1678 1012; x_wconf 89' lang='lat' dir='ltr'><strong>una</strong></span> <span class='ocrx_word' id='word_1_64' title='bbox 1711 974 1832 1013; x_wconf 92' lang='lat' dir='ltr'><strong>cum</strong></span> <span class='ocrx_word' id='word_1_65' title='bbox 1861 957 2036 1013; x_wconf 88' lang='lat' dir='ltr'><strong>lcvitis</strong></span> 
     </span>
    </p>
   </div>
   <div class='ocr_carea' id='block_1_11' title="bbox 463 1045 2035 1117">
    <p class='ocr_par' dir='ltr' id='par_1_11' title="bbox 463 1045 2035 1117">
     <span class='ocr_line' id='line_1_11' title="bbox 463 1045 2035 1117; baseline -0.007 -7"><span class='ocrx_word' id='word_1_66' title='bbox 463 1063 517 1110; x_wconf 90' lang='lat' dir='ltr'><strong>et</strong></span> <span class='ocrx_word' id='word_1_67' title='bbox 545 1052 887 1117; x_wconf 87' lang='lat' dir='ltr'><strong>cantoribus;</strong></span> <span class='ocrx_word' id='word_1_68' title='bbox 935 1050 988 1104; x_wconf 92' lang='lat' dir='ltr'><strong>in</strong></span> <span class='ocrx_word' id='word_1_69' title='bbox 1019 1049 1269 1103; x_wconf 89' lang='lat' dir='ltr'><strong>intimum</strong></span> <span class='ocrx_word' id='word_1_70' title='bbox 1305 1048 1504 1102; x_wconf 89' lang='lat' dir='ltr'><strong>atrium</strong></span> <span class='ocrx_word' id='word_1_71' title='bbox 1529 1047 1766 1102; x_wconf 74' lang='lat' dir='ltr'><strong>hasilicm</strong></span> <span class='ocrx_word' id='word_1_72' title='bbox 1796 1045 2035 1114; x_wconf 86' lang='lat' dir='ltr'><strong>majoris,</strong></span> 
     </span>
    </p>
   </div>
   <div class='ocr_carea' id='block_1_12' title="bbox 463 1139 2039 1214">
    <p class='ocr_par' dir='ltr' id='par_1_12' title="bbox 463 1139 2039 1214">
     <span class='ocr_line' id='line_1_12' title="bbox 463 1139 2039 1214; baseline -0.005 -12"><span class='ocrx_word' id='word_1_73' title='bbox 463 1148 566 1202; x_wconf 88' lang='lat' dir='ltr'><strong>viri</strong></span> <span class='ocrx_word' id='word_1_74' title='bbox 604 1145 774 1200; x_wconf 64' lang='lat' dir='ltr'><strong>Judazi</strong></span> <span class='ocrx_word' id='word_1_75' title='bbox 820 1141 1089 1214; x_wconf 89' lang='lat' dir='ltr'><strong>puriﬁcati</strong></span> <span class='ocrx_word' id='word_1_76' title='bbox 1137 1149 1342 1197; x_wconf 84' lang='lat' dir='ltr'><strong>stantes</strong></span> <span class='ocrx_word' id='word_1_77' title='bbox 1390 1150 1444 1195; x_wconf 90' lang='lat' dir='ltr'><strong>et</strong></span> <span class='ocrx_word' id='word_1_78' title='bbox 1478 1148 1699 1195; x_wconf 83' lang='lat' dir='ltr'><strong>orantes</strong></span> <span class='ocrx_word' id='word_1_79' title='bbox 1725 1139 1824 1194; x_wconf 92' lang='lat' dir='ltr'><strong>sub</strong></span> <span class='ocrx_word' id='word_1_80' title='bbox 1851 1140 1965 1208; x_wconf 80' lang='lat' dir='ltr'><strong>dio,</strong></span> <span class='ocrx_word' id='word_1_81' title='bbox 1992 1139 2039 1194; x_wconf 90' lang='lat' dir='ltr'><strong>si</strong></span> 
     </span>
    </p>
   </div>
   <div class='ocr_carea' id='block_1_13' title="bbox 462 1228 2040 1312">
    <p class='ocr_par' dir='ltr' id='par_1_13' title="bbox 462 1228 2040 1312">
     <span class='ocr_line' id='line_1_13' title="bbox 462 1228 2040 1312; baseline -0.006 -18"><span class='ocrx_word' id='word_1_82' title='bbox 462 1253 715 1294; x_wconf 90' lang='lat' dir='ltr'><strong>serenum</strong></span> <span class='ocrx_word' id='word_1_83' title='bbox 745 1243 918 1302; x_wconf 83' lang='lat' dir='ltr'><strong>esset;</strong></span> <span class='ocrx_word' id='word_1_84' title='bbox 967 1233 1009 1289; x_wconf 90' lang='lat' dir='ltr'><strong>si</strong></span> <span class='ocrx_word' id='word_1_85' title='bbox 1046 1240 1354 1302; x_wconf 85' lang='lat' dir='ltr'><strong>tempestas,</strong></span> <span class='ocrx_word' id='word_1_86' title='bbox 1387 1231 1441 1285; x_wconf 92' lang='lat' dir='ltr'><strong>in</strong></span> <span class='ocrx_word' id='word_1_87' title='bbox 1483 1230 1724 1300; x_wconf 85' lang='lat' dir='ltr'><strong>porticus</strong></span> <span class='ocrx_word' id='word_1_88' title='bbox 1765 1228 2040 1312; x_wconf 79' lang='lat' dir='ltr'><strong>proximas</strong></span> 
     </span>
    </p>
   </div>
   <div class='ocr_carea' id='block_1_14' title="bbox 463 1320 2041 1399">
    <p class='ocr_par' dir='ltr' id='par_1_14' title="bbox 463 1320 2041 1399">
     <span class='ocr_line' id='line_1_14' title="bbox 463 1320 2041 1399; baseline -0.01 -11"><span class='ocrx_word' id='word_1_89' title='bbox 463 1346 585 1388; x_wconf 88' lang='lat' dir='ltr'><strong>sese</strong></span> <span class='ocrx_word' id='word_1_90' title='bbox 629 1330 972 1399; x_wconf 87' lang='lat' dir='ltr'><strong>recipientes.</strong></span> <span class='ocrx_word' id='word_1_91' title='bbox 1031 1327 1086 1381; x_wconf 88' lang='lat' dir='ltr'><strong>In</strong></span> <span class='ocrx_word' id='word_1_92' title='bbox 1111 1325 1350 1380; x_wconf 77' lang='lat' dir='ltr'><strong>exterius</strong></span> <span class='ocrx_word' id='word_1_93' title='bbox 1393 1322 1650 1379; x_wconf 86' lang='lat' dir='ltr'><strong>mulieres</strong></span> <span class='ocrx_word' id='word_1_94' title='bbox 1670 1320 1867 1376; x_wconf 69' lang='lat' dir='ltr'><strong>Iudaeae</strong></span> <span class='ocrx_word' id='word_1_95' title='bbox 1894 1320 2041 1390; x_wconf 86' lang='lat' dir='ltr'><strong>puri-</strong></span> 
     </span>
    </p>
   </div>
   <div class='ocr_carea' id='block_1_15' title="bbox 468 1411 2041 1488">
    <p class='ocr_par' dir='ltr' id='par_1_15' title="bbox 468 1411 2041 1488">
     <span class='ocr_line' id='line_1_15' title="bbox 468 1411 2041 1488; baseline -0.009 -9"><span class='ocrx_word' id='word_1_96' title='bbox 468 1426 670 1488; x_wconf 81' lang='lat' dir='ltr'><strong>ﬁcatae;</strong></span> <span class='ocrx_word' id='word_1_97' title='bbox 707 1423 761 1476; x_wconf 92' lang='lat' dir='ltr'><strong>in</strong></span> <span class='ocrx_word' id='word_1_98' title='bbox 800 1429 1104 1476; x_wconf 80' lang='lat' dir='ltr'><strong>extremum</strong></span> <span class='ocrx_word' id='word_1_99' title='bbox 1145 1416 1343 1473; x_wconf 87' lang='lat' dir='ltr'><strong>atrium</strong></span> <span class='ocrx_word' id='word_1_100' title='bbox 1373 1414 1602 1486; x_wconf 75' lang='lat' dir='ltr'><strong>gentiles</strong></span> <span class='ocrx_word' id='word_1_101' title='bbox 1648 1422 1704 1468; x_wconf 90' lang='lat' dir='ltr'><strong>et</strong></span> <span class='ocrx_word' id='word_1_102' title='bbox 1729 1412 1921 1479; x_wconf 83' lang='lat' dir='ltr'><strong>Judaei,</strong></span> <span class='ocrx_word' id='word_1_103' title='bbox 1948 1411 2041 1482; x_wconf 85' lang='lat' dir='ltr'><strong>qui</strong></span> 
     </span>
    </p>
   </div>
   <div class='ocr_carea' id='block_1_16' title="bbox 468 1497 2043 1583">
    <p class='ocr_par' dir='ltr' id='par_1_16' title="bbox 468 1497 2043 1583">
     <span class='ocr_line' id='line_1_16' title="bbox 468 1497 2043 1583; baseline -0.01 -15"><span class='ocrx_word' id='word_1_104' title='bbox 468 1529 641 1583; x_wconf 84' lang='lat' dir='ltr'><strong>nuper</strong></span> <span class='ocrx_word' id='word_1_105' title='bbox 665 1518 930 1567; x_wconf 81' lang='lat' dir='ltr'><strong>venerant</strong></span> <span class='ocrx_word' id='word_1_106' title='bbox 955 1497 1032 1564; x_wconf 11' lang='lat' dir='ltr'><strong>exi</strong></span> <span class='ocrx_word' id='word_1_107' title='bbox 1052 1507 1301 1576; x_wconf 80' lang='lat' dir='ltr'><strong>gentibus</strong></span> <span class='ocrx_word' id='word_1_108' title='bbox 1329 1519 1497 1574; x_wconf 92' lang='lat' dir='ltr'><strong>usque</strong></span> <span class='ocrx_word' id='word_1_109' title='bbox 1520 1502 1588 1558; x_wconf 91' lang='lat' dir='ltr'><strong>ad</strong></span> <span class='ocrx_word' id='word_1_110' title='bbox 1619 1511 1828 1557; x_wconf 79' lang='lat' dir='ltr'><strong>sextum</strong></span> <span class='ocrx_word' id='word_1_111' title='bbox 1854 1499 2043 1571; x_wconf 81' lang='lat' dir='ltr'><strong>puriﬁ-</strong></span> 
     </span>
    </p>
   </div>
   <div class='ocr_carea' id='block_1_17' title="bbox 467 1591 2041 1667">
    <p class='ocr_par' dir='ltr' id='par_1_17' title="bbox 467 1591 2041 1667">
     <span class='ocr_line' id='line_1_17' title="bbox 467 1591 2041 1667; baseline -0.01 -8"><span class='ocrx_word' id='word_1_112' title='bbox 467 1604 697 1660; x_wconf 88' lang='lat' dir='ltr'><strong>eationis</strong></span> <span class='ocrx_word' id='word_1_113' title='bbox 722 1603 884 1657; x_wconf 86' lang='lat' dir='ltr'><strong>diem.</strong></span> <span class='ocrx_word' id='word_1_114' title='bbox 916 1600 1042 1655; x_wconf 70' lang='lat' dir='ltr'><strong>Hmc</strong></span> <span class='ocrx_word' id='word_1_115' title='bbox 1068 1607 1129 1653; x_wconf 90' lang='lat' dir='ltr'><strong>ut</strong></span> <span class='ocrx_word' id='word_1_116' title='bbox 1152 1598 1207 1653; x_wconf 90' lang='lat' dir='ltr'><strong>in</strong></span> <span class='ocrx_word' id='word_1_117' title='bbox 1230 1597 1439 1667; x_wconf 87' lang='lat' dir='ltr'><strong>pictura</strong></span> <span class='ocrx_word' id='word_1_118' title='bbox 1458 1592 1761 1650; x_wconf 88' lang='lat' dir='ltr'><strong>Cassiodori</strong></span> <span class='ocrx_word' id='word_1_119' title='bbox 1788 1591 2041 1647; x_wconf 86' lang='lat' dir='ltr'><strong>distincta</strong></span> 
     </span>
    </p>
   </div>
   <div class='ocr_carea' id='block_1_18' title="bbox 468 1683 2041 1766">
    <p class='ocr_par' dir='ltr' id='par_1_18' title="bbox 468 1683 2041 1766">
     <span class='ocr_line' id='line_1_18' title="bbox 468 1683 2041 1766; baseline -0.01 -14"><span class='ocrx_word' id='word_1_120' title='bbox 468 1696 787 1766; x_wconf 88' lang='lat' dir='ltr'><strong>reperimus,</strong></span> <span class='ocrx_word' id='word_1_121' title='bbox 809 1693 1050 1749; x_wconf 81' lang='lat' dir='ltr'><strong>breviter</strong></span> <span class='ocrx_word' id='word_1_122' title='bbox 1075 1698 1335 1746; x_wconf 89' lang='lat' dir='ltr'><strong>annotare</strong></span> <span class='ocrx_word' id='word_1_123' title='bbox 1356 1688 1686 1751; x_wconf 86' lang='lat' dir='ltr'><strong>curavimus,</strong></span> <span class='ocrx_word' id='word_1_124' title='bbox 1701 1685 1802 1747; x_wconf 89' lang='lat' dir='ltr'><strong>rati</strong></span> <span class='ocrx_word' id='word_1_125' title='bbox 1829 1699 1950 1739; x_wconf 91' lang='lat' dir='ltr'><strong>eum</strong></span> <span class='ocrx_word' id='word_1_126' title='bbox 1973 1683 2041 1738; x_wconf 91' lang='lat' dir='ltr'><strong>ab</strong></span> 
     </span>
    </p>
   </div>
   <div class='ocr_carea' id='block_1_19' title="bbox 2136 500 3711 575">
    <p class='ocr_par' dir='ltr' id='par_1_19' title="bbox 2136 500 3711 575">
     <span class='ocr_line' id='line_1_19' title="bbox 2136 500 3711 575; baseline 0.005 -19"><span class='ocrx_word' id='word_1_127' title='bbox 2136 500 2474 557; x_wconf 86' lang='lat' dir='ltr'><strong>sacerdotale</strong></span> <span class='ocrx_word' id='word_1_128' title='bbox 2516 500 2761 572; x_wconf 83' lang='lat' dir='ltr'><strong>profecto</strong></span> <span class='ocrx_word' id='word_1_129' title='bbox 2806 503 3165 559; x_wconf 85' lang='lat' dir='ltr'><strong>ministerium</strong></span> <span class='ocrx_word' id='word_1_130' title='bbox 3211 504 3531 575; x_wconf 87' lang='lat' dir='ltr'><strong>spiritaliter</strong></span> <span class='ocrx_word' id='word_1_131' title='bbox 3555 522 3711 565; x_wconf 76' lang='lat' dir='ltr'><strong>exer-</strong></span> 
     </span>
    </p>
   </div>
   <div class='ocr_carea' id='block_1_20' title="bbox 2135 586 3711 671">
    <p class='ocr_par' dir='ltr' id='par_1_20' title="bbox 2135 586 3711 671">
     <span class='ocr_line' id='line_1_20' title="bbox 2135 586 3711 671; baseline 0.005 -23"><span class='ocrx_word' id='word_1_132' title='bbox 2135 603 2276 648; x_wconf 87' lang='lat' dir='ltr'><strong>cent.</strong></span> <span class='ocrx_word' id='word_1_133' title='bbox 2330 586 2513 663; x_wconf 81' lang='lat' dir='ltr'><strong>Neque</strong></span> <span class='ocrx_word' id='word_1_134' title='bbox 2549 595 2692 649; x_wconf 80' lang='lat' dir='ltr'><strong>enim</strong></span> <span class='ocrx_word' id='word_1_135' title='bbox 2737 592 3004 665; x_wconf 81' lang='lat' dir='ltr'><strong>episcopis</strong></span> <span class='ocrx_word' id='word_1_136' title='bbox 3046 595 3218 650; x_wconf 88' lang='lat' dir='ltr'><strong>solum</strong></span> <span class='ocrx_word' id='word_1_137' title='bbox 3254 605 3310 651; x_wconf 93' lang='lat' dir='ltr'><strong>et</strong></span> <span class='ocrx_word' id='word_1_138' title='bbox 3353 600 3711 671; x_wconf 79' lang='lat' dir='ltr'><strong>presbyteris,</strong></span> 
     </span>
    </p>
   </div>
   <div class='ocr_carea' id='block_1_21' title="bbox 2135 684 3715 758">
    <p class='ocr_par' dir='ltr' id='par_1_21' title="bbox 2135 684 3715 758">
     <span class='ocr_line' id='line_1_21' title="bbox 2135 684 3715 758; baseline 0.005 -20"><span class='ocrx_word' id='word_1_139' title='bbox 2135 699 2324 739; x_wconf 91' lang='lat' dir='ltr'><strong>verum</strong></span> <span class='ocrx_word' id='word_1_140' title='bbox 2354 684 2499 739; x_wconf 88' lang='lat' dir='ltr'><strong>omni</strong></span> <span class='ocrx_word' id='word_1_141' title='bbox 2528 684 2623 738; x_wconf 90' lang='lat' dir='ltr'><strong>Dei</strong></span> <span class='ocrx_word' id='word_1_142' title='bbox 2654 685 2914 741; x_wconf 64' lang='lat' dir='ltr'><strong>Ecclesia:</strong></span> <span class='ocrx_word' id='word_1_143' title='bbox 2956 685 3278 755; x_wconf 84' lang='lat' dir='ltr'><strong>loquebatur</strong></span> <span class='ocrx_word' id='word_1_144' title='bbox 3318 690 3592 758; x_wconf 83' lang='lat' dir='ltr'><strong>apostolus</strong></span> <span class='ocrx_word' id='word_1_145' title='bbox 3618 691 3715 746; x_wconf 52' lang='lat' dir='ltr'><strong>Pe.</strong></span> 
     </span>
    </p>
   </div>
   <div class='ocr_carea' id='block_1_22' title="bbox 2138 764 3713 852">
    <p class='ocr_par' dir='ltr' id='par_1_22' title="bbox 2138 764 3713 852">
     <span class='ocr_line' id='line_1_22' title="bbox 2138 764 3713 852; baseline 0.004 -23"><span class='ocrx_word' id='word_1_146' title='bbox 2138 764 2275 839; x_wconf 84' lang='lat' dir='ltr'><strong>trus,</strong></span> <span class='ocrx_word' id='word_1_147' title='bbox 2303 792 2427 832; x_wconf 91' lang='lat' dir='ltr'><strong>cum</strong></span> <span class='ocrx_word' id='word_1_148' title='bbox 2472 776 2548 830; x_wconf 86' lang='lat' dir='ltr'><strong>ait</strong></span> <span class='ocrx_word' id='word_1_149' title='bbox 2578 790 2590 828; x_wconf 89' lang='lat'><strong>:</strong></span> <span class='ocrx_word' id='word_1_150' title='bbox 2626 793 2645 826; x_wconf 74' lang='grc' dir='ltr'><strong>ι</strong></span> <span class='ocrx_word' id='word_1_151' title='bbox 2685 776 2793 831; x_wconf 82' lang='lat' dir='ltr'><strong>Vos</strong></span> <span class='ocrx_word' id='word_1_152' title='bbox 2820 786 3002 845; x_wconf 85' lang='lat' dir='ltr'><strong>autem</strong></span> <span class='ocrx_word' id='word_1_153' title='bbox 3030 792 3201 848; x_wconf 90' lang='lat' dir='ltr'><strong>genus</strong></span> <span class='ocrx_word' id='word_1_154' title='bbox 3247 777 3501 846; x_wconf 84' lang='lat' dir='ltr'><strong>electum,</strong></span> <span class='ocrx_word' id='word_1_155' title='bbox 3535 783 3713 852; x_wconf 81' lang='lat' dir='ltr'><strong>regale</strong></span> 
     </span>
    </p>
   </div>
   <div class='ocr_carea' id='block_1_23' title="bbox 2137 865 3711 941">
    <p class='ocr_par' dir='ltr' id='par_1_23' title="bbox 2137 865 3711 941">
     <span class='ocr_line' id='line_1_23' title="bbox 2137 865 3711 941; baseline 0.003 -20"><span class='ocrx_word' id='word_1_156' title='bbox 2137 866 2517 929; x_wconf 74' lang='lat' dir='ltr'><strong>sacerdotium,</strong></span> <span class='ocrx_word' id='word_1_157' title='bbox 2567 880 2698 935; x_wconf 88' lang='lat' dir='ltr'><strong>gens</strong></span> <span class='ocrx_word' id='word_1_158' title='bbox 2741 873 2951 931; x_wconf 89' lang='lat' dir='ltr'><strong>sancta,</strong></span> <span class='ocrx_word' id='word_1_159' title='bbox 2996 865 3225 935; x_wconf 87' lang='lat' dir='ltr'><strong>populus</strong></span> <span class='ocrx_word' id='word_1_160' title='bbox 3253 869 3628 937; x_wconf 80' lang='lat' dir='ltr'><strong>acquisitionis</strong></span> <span class='ocrx_word' id='word_1_161' title='bbox 3660 871 3711 941; x_wconf 84' lang='grc' dir='ltr'><strong>(Ι</strong></span> 
     </span>
    </p>
   </div>
   <div class='ocr_carea' id='block_1_24' title="bbox 2138 950 3716 1030">
    <p class='ocr_par' dir='ltr' id='par_1_24' title="bbox 2138 950 3716 1030">
     <span class='ocr_line' id='line_1_24' title="bbox 2138 950 3716 1030; baseline 0.004 -21"><span class='ocrx_word' id='word_1_162' title='bbox 2138 954 2284 1010; x_wconf 84' lang='lat' dir='ltr'><strong>Petr.</strong></span> <span class='ocrx_word' id='word_1_163' title='bbox 2318 954 2401 1028; x_wconf 91' lang='grc' dir='ltr'>ιι).</span> <span class='ocrx_word' id='word_1_164' title='bbox 2440 975 2458 1007; x_wconf 74' lang='grc' dir='ltr'><strong>ι</strong></span> <span class='ocrx_word' id='word_1_165' title='bbox 2493 954 2660 1025; x_wconf 87' lang='lat' dir='ltr'><strong>Cujus</strong></span> <span class='ocrx_word' id='word_1_166' title='bbox 2689 956 2895 1011; x_wconf 82' lang='lat' dir='ltr'><strong>honore</strong></span> <span class='ocrx_word' id='word_1_167' title='bbox 2929 957 3208 1027; x_wconf 80' lang='lat' dir='ltr'><strong>dignitatis</strong></span> <span class='ocrx_word' id='word_1_168' title='bbox 3238 950 3431 1014; x_wconf 39' lang='lat' dir='ltr'><strong>’etiam</strong></span> <span class='ocrx_word' id='word_1_169' title='bbox 3458 962 3716 1030; x_wconf 88' lang='lat' dir='ltr'><strong>antiquus</strong></span> 
     </span>
    </p>
   </div>
   <div class='ocr_carea' id='block_1_25' title="bbox 2137 1046 3712 1120">
    <p class='ocr_par' dir='ltr' id='par_1_25' title="bbox 2137 1046 3712 1120">
     <span class='ocr_line' id='line_1_25' title="bbox 2137 1046 3712 1120; baseline 0.003 -19"><span class='ocrx_word' id='word_1_170' title='bbox 2137 1046 2366 1116; x_wconf 88' lang='lat' dir='ltr'><strong>populus</strong></span> <span class='ocrx_word' id='word_1_171' title='bbox 2391 1047 2485 1100; x_wconf 86' lang='lat' dir='ltr'><strong>Dei</strong></span> <span class='ocrx_word' id='word_1_172' title='bbox 2510 1054 2628 1100; x_wconf 89' lang='lat' dir='ltr'><strong>erat</strong></span> <span class='ocrx_word' id='word_1_173' title='bbox 2656 1046 2966 1117; x_wconf 87' lang='lat' dir='ltr'><strong>insignitus,</strong></span> <span class='ocrx_word' id='word_1_174' title='bbox 2989 1046 3201 1102; x_wconf 85' lang='lat' dir='ltr'><strong>dicente</strong></span> <span class='ocrx_word' id='word_1_175' title='bbox 3230 1048 3344 1117; x_wconf 86' lang='lat' dir='ltr'><strong>ipso</strong></span> <span class='ocrx_word' id='word_1_176' title='bbox 3365 1049 3432 1103; x_wconf 89' lang='lat' dir='ltr'><strong>ad</strong></span> <span class='ocrx_word' id='word_1_177' title='bbox 3453 1049 3671 1120; x_wconf 81' lang='lat' dir='ltr'><strong>Moysen</strong></span> <span class='ocrx_word' id='word_1_178' title='bbox 3698 1069 3712 1104; x_wconf 74' lang='grc' dir='ltr'>ε</span> 
     </span>
    </p>
   </div>
   <div class='ocr_carea' id='block_1_26' title="bbox 2145 1136 3719 1204">
    <p class='ocr_par' dir='ltr' id='par_1_26' title="bbox 2145 1136 3719 1204">
     <span class='ocr_line' id='line_1_26' title="bbox 2145 1136 3719 1204; baseline 0.006 -15"><span class='ocrx_word' id='word_1_179' title='bbox 2145 1156 2164 1189; x_wconf 80' lang='grc' dir='ltr'><strong>ι</strong></span> <span class='ocrx_word' id='word_1_180' title='bbox 2227 1136 2353 1193; x_wconf 80' lang='lat' dir='ltr'><strong>Haec</strong></span> <span class='ocrx_word' id='word_1_181' title='bbox 2401 1137 2550 1191; x_wconf 90' lang='lat' dir='ltr'><strong>dices</strong></span> <span class='ocrx_word' id='word_1_182' title='bbox 2604 1138 2786 1191; x_wconf 89' lang='lat' dir='ltr'><strong>domui</strong></span> <span class='ocrx_word' id='word_1_183' title='bbox 2838 1136 3027 1204; x_wconf 80' lang='lat' dir='ltr'><strong>Jacob,</strong></span> <span class='ocrx_word' id='word_1_184' title='bbox 3083 1147 3136 1194; x_wconf 91' lang='lat' dir='ltr'><strong>et</strong></span> <span class='ocrx_word' id='word_1_185' title='bbox 3198 1142 3545 1196; x_wconf 87' lang='lat' dir='ltr'><strong>annuntiahis</strong></span> <span class='ocrx_word' id='word_1_186' title='bbox 3590 1142 3719 1198; x_wconf 88' lang='lat' dir='ltr'><strong>ﬁliis</strong></span> 
     </span>
    </p>
   </div>
   <div class='ocr_carea' id='block_1_27' title="bbox 2138 1225 3781 1303">
    <p class='ocr_par' dir='ltr' id='par_1_27' title="bbox 2138 1225 3781 1303">
     <span class='ocr_line' id='line_1_27' title="bbox 2138 1225 3781 1303; baseline 0.007 -24"><span class='ocrx_word' id='word_1_187' title='bbox 2138 1225 2320 1281; x_wconf 87' lang='lat' dir='ltr'><strong>Israel.</strong></span> <span class='ocrx_word' id='word_1_188' title='bbox 2354 1246 2373 1280; x_wconf 74' lang='grc' dir='ltr'><strong>ι</strong></span> <span class='ocrx_word' id='word_1_189' title='bbox 2408 1226 2473 1280; x_wconf 88' lang='grc' dir='ltr'>Ει</span> <span class='ocrx_word' id='word_1_190' title='bbox 2499 1226 2656 1295; x_wconf 87' lang='lat' dir='ltr'><strong>paulo</strong></span> <span class='ocrx_word' id='word_1_191' title='bbox 2685 1234 2805 1301; x_wconf 85' lang='lat' dir='ltr'><strong>post</strong></span> <span class='ocrx_word' id='word_1_192' title='bbox 2832 1244 2845 1279; x_wconf 90' lang='lat'><strong>:</strong></span> <span class='ocrx_word' id='word_1_193' title='bbox 2878 1245 2896 1277; x_wconf 74' lang='grc' dir='ltr'><strong>ι</strong></span> <span class='ocrx_word' id='word_1_194' title='bbox 2928 1226 2995 1281; x_wconf 87' lang='lat' dir='ltr'><strong>Et</strong></span> <span class='ocrx_word' id='word_1_195' title='bbox 3026 1228 3180 1283; x_wconf 90' lang='lat' dir='ltr'><strong>eritis</strong></span> <span class='ocrx_word' id='word_1_196' title='bbox 3206 1244 3302 1285; x_wconf 88' lang='lat' dir='ltr'><strong>vos</strong></span> <span class='ocrx_word' id='word_1_197' title='bbox 3330 1230 3462 1285; x_wconf 89' lang='lat' dir='ltr'><strong>mihi</strong></span> <span class='ocrx_word' id='word_1_198' title='bbox 3488 1246 3716 1303; x_wconf 89' lang='lat' dir='ltr'><strong>regnum</strong></span> <span class='ocrx_word' id='word_1_199' title='bbox 3776 1286 3781 1290; x_wconf 89' lang='lat'><strong>.</strong></span> 
     </span>
    </p>
   </div>
   <div class='ocr_carea' id='block_1_28' title="bbox 2141 1314 3717 1392">
    <p class='ocr_par' dir='ltr' id='par_1_28' title="bbox 2141 1314 3717 1392">
     <span class='ocr_line' id='line_1_28' title="bbox 2141 1314 3717 1392; baseline 0.004 -21"><span class='ocrx_word' id='word_1_200' title='bbox 2141 1314 2497 1382; x_wconf 86' lang='lat' dir='ltr'><strong>sacerdotale,</strong></span> <span class='ocrx_word' id='word_1_201' title='bbox 2530 1325 2587 1371; x_wconf 90' lang='lat' dir='ltr'><strong>et</strong></span> <span class='ocrx_word' id='word_1_202' title='bbox 2623 1333 2756 1388; x_wconf 85' lang='lat' dir='ltr'><strong>gens</strong></span> <span class='ocrx_word' id='word_1_203' title='bbox 2804 1326 2991 1383; x_wconf 86' lang='lat' dir='ltr'><strong>sancta</strong></span> <span class='ocrx_word' id='word_1_204' title='bbox 3019 1316 3214 1390; x_wconf 68' lang='lat' dir='ltr'><strong>(Exod.</strong></span> <span class='ocrx_word' id='word_1_205' title='bbox 3242 1319 3380 1392; x_wconf 74' lang='lat' dir='ltr'><strong>nx).</strong></span> <span class='ocrx_word' id='word_1_206' title='bbox 3420 1340 3439 1373; x_wconf 77' lang='grc' dir='ltr'><strong>ι</strong></span> <span class='ocrx_word' id='word_1_207' title='bbox 3484 1321 3717 1379; x_wconf 86' lang='lat' dir='ltr'><strong>Basilica</strong></span> 
     </span>
    </p>
   </div>
   <div class='ocr_carea' id='block_1_29' title="bbox 2139 1409 3718 1480">
    <p class='ocr_par' dir='ltr' id='par_1_29' title="bbox 2139 1409 3718 1480">
     <span class='ocr_line' id='line_1_29' title="bbox 2139 1409 3718 1480; baseline 0.004 -15"><span class='ocrx_word' id='word_1_208' title='bbox 2139 1424 2268 1465; x_wconf 90' lang='lat' dir='ltr'><strong>vero</strong></span> <span class='ocrx_word' id='word_1_209' title='bbox 2289 1409 2528 1480; x_wconf 83' lang='lat' dir='ltr'><strong>grandis,</strong></span> <span class='ocrx_word' id='word_1_210' title='bbox 2559 1424 2679 1478; x_wconf 83' lang='lat' dir='ltr'><strong>quae</strong></span> <span class='ocrx_word' id='word_1_211' title='bbox 2711 1416 2831 1464; x_wconf 88' lang='lat' dir='ltr'><strong>erat</strong></span> <span class='ocrx_word' id='word_1_212' title='bbox 2850 1418 3003 1465; x_wconf 84' lang='lat' dir='ltr'><strong>extra</strong></span> <span class='ocrx_word' id='word_1_213' title='bbox 3038 1411 3235 1465; x_wconf 88' lang='lat' dir='ltr'><strong>atrium</strong></span> <span class='ocrx_word' id='word_1_214' title='bbox 3268 1414 3631 1480; x_wconf 81' lang='lat' dir='ltr'><strong>sacerdotum,</strong></span> <span class='ocrx_word' id='word_1_215' title='bbox 3663 1417 3718 1472; x_wconf 91' lang='lat' dir='ltr'><strong>in</strong></span> 
     </span>
    </p>
   </div>
   <div class='ocr_carea' id='block_1_30' title="bbox 2140 1488 3719 1569">
    <p class='ocr_par' dir='ltr' id='par_1_30' title="bbox 2140 1488 3719 1569">
     <span class='ocr_line' id='line_1_30' title="bbox 2140 1488 3719 1569; baseline 0.006 -18"><span class='ocrx_word' id='word_1_216' title='bbox 2140 1514 2247 1569; x_wconf 88' lang='lat' dir='ltr'><strong>qua</strong></span> <span class='ocrx_word' id='word_1_217' title='bbox 2274 1488 2451 1554; x_wconf 89' lang='lat' dir='ltr'><strong>omnis</strong></span> <span class='ocrx_word' id='word_1_218' title='bbox 2479 1497 2661 1569; x_wconf 83' lang='lat' dir='ltr'><strong>pepuli</strong></span> <span class='ocrx_word' id='word_1_219' title='bbox 2693 1499 2978 1554; x_wconf 87' lang='lat' dir='ltr'><strong>multitudo</strong></span> <span class='ocrx_word' id='word_1_220' title='bbox 3008 1500 3237 1557; x_wconf 89' lang='lat' dir='ltr'><strong>adorare</strong></span> <span class='ocrx_word' id='word_1_221' title='bbox 3262 1503 3375 1558; x_wconf 84' lang='lat' dir='ltr'><strong>sive</strong></span> <span class='ocrx_word' id='word_1_222' title='bbox 3399 1505 3467 1559; x_wconf 87' lang='lat' dir='ltr'><strong>ad</strong></span> <span class='ocrx_word' id='word_1_223' title='bbox 3492 1505 3719 1569; x_wconf 85' lang='lat' dir='ltr'><strong>verbum</strong></span> 
     </span>
    </p>
   </div>
   <div class='ocr_carea' id='block_1_31' title="bbox 2143 1580 3717 1657">
    <p class='ocr_par' dir='ltr' id='par_1_31' title="bbox 2143 1580 3717 1657">
     <span class='ocr_line' id='line_1_31' title="bbox 2143 1580 3717 1657; baseline 0.008 -15"><span class='ocrx_word' id='word_1_224' title='bbox 2143 1580 2468 1643; x_wconf 83' lang='lat' dir='ltr'><strong>audienddm</strong></span> <span class='ocrx_word' id='word_1_225' title='bbox 2502 1587 2773 1644; x_wconf 84' lang='lat' dir='ltr'><strong>conﬂuere</strong></span> <span class='ocrx_word' id='word_1_226' title='bbox 2815 1588 3040 1657; x_wconf 85' lang='lat' dir='ltr'><strong>solebat,</strong></span> <span class='ocrx_word' id='word_1_227' title='bbox 3073 1593 3371 1649; x_wconf 88' lang='lat' dir='ltr'><strong>carnalium</strong></span> <span class='ocrx_word' id='word_1_228' title='bbox 3421 1594 3476 1650; x_wconf 90' lang='lat' dir='ltr'><strong>in</strong></span> <span class='ocrx_word' id='word_1_229' title='bbox 3527 1609 3717 1654; x_wconf 88' lang='lat' dir='ltr'><strong>sancta</strong></span> 
     </span>
    </p>
   </div>
   <div class='ocr_carea' id='block_1_32' title="bbox 2141 1678 3713 1757">
    <p class='ocr_par' dir='ltr' id='par_1_32' title="bbox 2141 1678 3713 1757">
     <span class='ocr_line' id='line_1_32' title="bbox 2141 1678 3713 1757; baseline 0.006 -24"><span class='ocrx_word' id='word_1_230' title='bbox 2141 1678 2382 1733; x_wconf 86' lang='lat' dir='ltr'><strong>Ecclesia</strong></span> <span class='ocrx_word' id='word_1_231' title='bbox 2408 1679 2575 1733; x_wconf 90' lang='lat' dir='ltr'><strong>vitam</strong></span> <span class='ocrx_word' id='word_1_232' title='bbox 2606 1695 2889 1750; x_wconf 89' lang='lat' dir='ltr'><strong>moresque</strong></span> <span class='ocrx_word' id='word_1_233' title='bbox 2919 1680 3217 1750; x_wconf 83' lang='lat' dir='ltr'><strong>ﬁguraliter</strong></span> <span class='ocrx_word' id='word_1_234' title='bbox 3244 1684 3500 1751; x_wconf 87' lang='lat' dir='ltr'><strong>insinuat,</strong></span> <span class='ocrx_word' id='word_1_235' title='bbox 3532 1687 3713 1757; x_wconf 88' lang='lat' dir='ltr'><strong>quali-</strong></span> 
     </span>
    </p>
   </div>
   <div class='ocr_carea' id='block_1_33' title="bbox 410 1768 3721 1855">
    <p class='ocr_par' dir='ltr' id='par_1_33' title="bbox 410 1768 3721 1855">
     <span class='ocr_line' id='line_1_33' title="bbox 410 1768 3721 1855; baseline -0.002 -14"><span class='ocrx_word' id='word_1_236' title='bbox 410 1822 415 1825; x_wconf 68' lang='grc' dir='ltr'><strong>ι</strong></span> <span class='ocrx_word' id='word_1_237' title='bbox 468 1784 707 1855; x_wconf 83' lang='lat' dir='ltr'><strong>antiquis</strong></span> <span class='ocrx_word' id='word_1_238' title='bbox 735 1783 853 1838; x_wconf 69' lang='lat' dir='ltr'><strong>haec</strong></span> <span class='ocrx_word' id='word_1_239' title='bbox 869 1779 1068 1837; x_wconf 65' lang='lat' dir='ltr'><strong>Judreis</strong></span> <span class='ocrx_word' id='word_1_240' title='bbox 1093 1778 1371 1835; x_wconf 86' lang='lat' dir='ltr'><strong>didicisse:</strong></span> <span class='ocrx_word' id='word_1_241' title='bbox 1391 1792 1566 1846; x_wconf 91' lang='lat' dir='ltr'><strong>neque</strong></span> <span class='ocrx_word' id='word_1_242' title='bbox 1592 1776 1768 1830; x_wconf 91' lang='lat' dir='ltr'><strong>virum</strong></span> <span class='ocrx_word' id='word_1_243' title='bbox 1794 1782 1902 1828; x_wconf 91' lang='lat' dir='ltr'><strong>tam</strong></span> <span class='ocrx_word' id='word_1_244' title='bbox 1920 1789 2043 1829; x_wconf 86' lang='lat' dir='ltr'><strong>eru-</strong></span> <span class='ocrx_word' id='word_1_245' title='bbox 2069 1769 2115 1828; x_wconf 87' lang='lat' dir='ltr'><strong>B</strong></span> <span class='ocrx_word' id='word_1_246' title='bbox 2141 1768 2244 1823; x_wconf 90' lang='lat' dir='ltr'><strong>bus</strong></span> <span class='ocrx_word' id='word_1_247' title='bbox 2265 1768 2394 1823; x_wconf 87' lang='lat' dir='ltr'><strong>dicit</strong></span> <span class='ocrx_word' id='word_1_248' title='bbox 2419 1768 2707 1839; x_wconf 86' lang='lat' dir='ltr'><strong>Apostolus</strong></span> <span class='ocrx_word' id='word_1_249' title='bbox 2733 1784 2747 1822; x_wconf 91' lang='lat'><strong>:</strong></span> <span class='ocrx_word' id='word_1_250' title='bbox 2785 1788 2803 1822; x_wconf 77' lang='grc' dir='ltr'><strong>ι</strong></span> <span class='ocrx_word' id='word_1_251' title='bbox 2830 1770 2897 1824; x_wconf 87' lang='grc' dir='ltr'>Ει</span> <span class='ocrx_word' id='word_1_252' title='bbox 2924 1785 3044 1843; x_wconf 85' lang='lat' dir='ltr'><strong>ego,</strong></span> <span class='ocrx_word' id='word_1_253' title='bbox 3073 1771 3291 1839; x_wconf 76' lang='lat' dir='ltr'><strong>fratres,</strong></span> <span class='ocrx_word' id='word_1_254' title='bbox 3318 1790 3424 1830; x_wconf 85' lang='lat' dir='ltr'><strong>non</strong></span> <span class='ocrx_word' id='word_1_255' title='bbox 3452 1779 3604 1847; x_wconf 89' lang='lat' dir='ltr'><strong>potui</strong></span> <span class='ocrx_word' id='word_1_256' title='bbox 3631 1795 3721 1835; x_wconf 86' lang='lat' dir='ltr'><strong>vo-</strong></span> 
     </span>
    </p>
   </div>
   <div class='ocr_carea' id='block_1_34' title="bbox 466 1866 2042 1939">
    <p class='ocr_par' dir='ltr' id='par_1_34' title="bbox 466 1866 2042 1939">
     <span class='ocr_line' id='line_1_34' title="bbox 466 1866 2042 1939; baseline -0.008 -10"><span class='ocrx_word' id='word_1_257' title='bbox 466 1875 638 1929; x_wconf 91' lang='lat' dir='ltr'><strong>ditum</strong></span> <span class='ocrx_word' id='word_1_258' title='bbox 662 1872 894 1927; x_wconf 90' lang='lat' dir='ltr'><strong>voluisse</strong></span> <span class='ocrx_word' id='word_1_259' title='bbox 941 1871 993 1926; x_wconf 92' lang='lat' dir='ltr'><strong>in</strong></span> <span class='ocrx_word' id='word_1_260' title='bbox 1020 1869 1322 1939; x_wconf 83' lang='lat' dir='ltr'><strong>exemplum</strong></span> <span class='ocrx_word' id='word_1_261' title='bbox 1357 1866 1563 1938; x_wconf 76' lang='lat' dir='ltr'><strong>legendi</strong></span> <span class='ocrx_word' id='word_1_262' title='bbox 1592 1880 1896 1937; x_wconf 88' lang='lat' dir='ltr'><strong>proponere</strong></span> <span class='ocrx_word' id='word_1_263' title='bbox 1922 1878 2042 1934; x_wconf 65' lang='lat' dir='ltr'><strong>quae</strong></span> 
     </span>
    </p>
   </div>
   <div class='ocr_carea' id='block_1_35' title="bbox 469 1953 2037 2033">
    <p class='ocr_par' dir='ltr' id='par_1_35' title="bbox 469 1953 2037 2033">
     <span class='ocr_line' id='line_1_35' title="bbox 469 1953 2037 2033; baseline -0.006 -15"><span class='ocrx_word' id='word_1_264' title='bbox 469 1979 575 2018; x_wconf 89' lang='lat' dir='ltr'><strong>non</strong></span> <span class='ocrx_word' id='word_1_265' title='bbox 609 1963 725 2033; x_wconf 90' lang='lat' dir='ltr'><strong>ipse</strong></span> <span class='ocrx_word' id='word_1_266' title='bbox 746 1961 898 2032; x_wconf 88' lang='lat' dir='ltr'><strong>prius</strong></span> <span class='ocrx_word' id='word_1_267' title='bbox 920 1974 1049 2014; x_wconf 89' lang='lat' dir='ltr'><strong>vera</strong></span> <span class='ocrx_word' id='word_1_268' title='bbox 1074 1973 1194 2014; x_wconf 90' lang='lat' dir='ltr'><strong>esse</strong></span> <span class='ocrx_word' id='word_1_269' title='bbox 1213 1956 1572 2029; x_wconf 89' lang='lat' dir='ltr'><strong>cognovisset.</strong></span> <span class='ocrx_word' id='word_1_270' title='bbox 1600 1954 1728 2009; x_wconf 71' lang='lat' dir='ltr'><strong>Hmc</strong></span> <span class='ocrx_word' id='word_1_271' title='bbox 1753 1963 1881 2009; x_wconf 89' lang='lat' dir='ltr'><strong>sunt</strong></span> <span class='ocrx_word' id='word_1_272' title='bbox 1899 1953 2037 2017; x_wconf 85' lang='lat' dir='ltr'><strong>loca,</strong></span> 
     </span>
    </p>
   </div>
   <div class='ocr_carea' id='block_1_36' title="bbox 468 2044 2042 2123">
    <p class='ocr_par' dir='ltr' id='par_1_36' title="bbox 468 2044 2042 2123">
     <span class='ocr_line' id='line_1_36' title="bbox 468 2044 2042 2123; baseline -0.007 -15"><span class='ocrx_word' id='word_1_273' title='bbox 468 2068 699 2123; x_wconf 87' lang='lat' dir='ltr'><strong>quorum</strong></span> <span class='ocrx_word' id='word_1_274' title='bbox 742 2048 988 2107; x_wconf 87' lang='lat' dir='ltr'><strong>meminit</strong></span> <span class='ocrx_word' id='word_1_275' title='bbox 1027 2063 1311 2119; x_wconf 90' lang='lat' dir='ltr'><strong>supremus</strong></span> <span class='ocrx_word' id='word_1_276' title='bbox 1352 2046 1613 2118; x_wconf 88' lang='lat' dir='ltr'><strong>graduum</strong></span> <span class='ocrx_word' id='word_1_277' title='bbox 1647 2045 1907 2115; x_wconf 89' lang='lat' dir='ltr'><strong>psalmus,</strong></span> <span class='ocrx_word' id='word_1_278' title='bbox 1951 2044 2042 2114; x_wconf 91' lang='lat' dir='ltr'><strong>qui</strong></span> 
     </span>
    </p>
   </div>
   <div class='ocr_carea' id='block_1_37' title="bbox 468 2137 2044 2216">
    <p class='ocr_par' dir='ltr' id='par_1_37' title="bbox 468 2137 2044 2216">
     <span class='ocr_line' id='line_1_37' title="bbox 468 2137 2044 2216; baseline -0.006 -15"><span class='ocrx_word' id='word_1_279' title='bbox 468 2147 543 2202; x_wconf 89' lang='lat' dir='ltr'><strong>ita</strong></span> <span class='ocrx_word' id='word_1_280' title='bbox 574 2144 761 2216; x_wconf 88' lang='lat' dir='ltr'><strong>incipit</strong></span> <span class='ocrx_word' id='word_1_281' title='bbox 784 2161 827 2197; x_wconf 72' lang='grc' dir='ltr'>ει</span> <span class='ocrx_word' id='word_1_282' title='bbox 859 2143 998 2198; x_wconf 86' lang='lat' dir='ltr'><strong>Ecce</strong></span> <span class='ocrx_word' id='word_1_283' title='bbox 1031 2156 1174 2196; x_wconf 92' lang='lat' dir='ltr'><strong>nunc</strong></span> <span class='ocrx_word' id='word_1_284' title='bbox 1199 2139 1501 2195; x_wconf 89' lang='lat' dir='ltr'><strong>benedicite</strong></span> <span class='ocrx_word' id='word_1_285' title='bbox 1521 2137 1828 2203; x_wconf 88' lang='lat' dir='ltr'><strong>Dominum,</strong></span> <span class='ocrx_word' id='word_1_286' title='bbox 1855 2151 2044 2191; x_wconf 88' lang='lat' dir='ltr'><strong>omnes</strong></span> 
     </span>
    </p>
   </div>
   <div class='ocr_carea' id='block_1_38' title="bbox 470 2228 2045 2307">
    <p class='ocr_par' dir='ltr' id='par_1_38' title="bbox 470 2228 2045 2307">
     <span class='ocr_line' id='line_1_38' title="bbox 470 2228 2045 2307; baseline -0.008 -12"><span class='ocrx_word' id='word_1_287' title='bbox 470 2238 614 2296; x_wconf 85' lang='lat' dir='ltr'><strong>servi</strong></span> <span class='ocrx_word' id='word_1_288' title='bbox 642 2236 877 2301; x_wconf 90' lang='lat' dir='ltr'><strong>Domini,</strong></span> <span class='ocrx_word' id='word_1_289' title='bbox 909 2234 1001 2307; x_wconf 89' lang='lat' dir='ltr'><strong>qui</strong></span> <span class='ocrx_word' id='word_1_290' title='bbox 1050 2233 1208 2289; x_wconf 84' lang='lat' dir='ltr'><strong>statis</strong></span> <span class='ocrx_word' id='word_1_291' title='bbox 1257 2232 1315 2286; x_wconf 91' lang='lat' dir='ltr'><strong>in</strong></span> <span class='ocrx_word' id='word_1_292' title='bbox 1341 2231 1501 2287; x_wconf 92' lang='lat' dir='ltr'><strong>domo</strong></span> <span class='ocrx_word' id='word_1_293' title='bbox 1528 2230 1763 2295; x_wconf 90' lang='lat' dir='ltr'><strong>Domini,</strong></span> <span class='ocrx_word' id='word_1_294' title='bbox 1812 2230 1865 2284; x_wconf 91' lang='lat' dir='ltr'><strong>in</strong></span> <span class='ocrx_word' id='word_1_295' title='bbox 1893 2228 2045 2283; x_wconf 90' lang='lat' dir='ltr'><strong>atriis</strong></span> 
     </span>
    </p>
   </div>
   <div class='ocr_carea' id='block_1_39' title="bbox 470 2319 2046 2397">
    <p class='ocr_par' dir='ltr' id='par_1_39' title="bbox 470 2319 2046 2397">
     <span class='ocr_line' id='line_1_39' title="bbox 470 2319 2046 2397; baseline -0.006 -13"><span class='ocrx_word' id='word_1_296' title='bbox 470 2330 664 2384; x_wconf 80' lang='lat' dir='ltr'><strong>domus</strong></span> <span class='ocrx_word' id='word_1_297' title='bbox 690 2326 786 2381; x_wconf 87' lang='lat' dir='ltr'><strong>Dei</strong></span> <span class='ocrx_word' id='word_1_298' title='bbox 810 2325 983 2381; x_wconf 89' lang='lat' dir='ltr'><strong>nostri</strong></span> <span class='ocrx_word' id='word_1_299' title='bbox 1010 2321 1181 2397; x_wconf 77' lang='lat' dir='ltr'><strong>(Psal.</strong></span> <span class='ocrx_word' id='word_1_300' title='bbox 1213 2319 1464 2395; x_wconf 77' lang='lat' dir='ltr'><strong>cxxxm).</strong></span> <span class='ocrx_word' id='word_1_301' title='bbox 1506 2341 1524 2374; x_wconf 73' lang='grc' dir='ltr'><strong>ι</strong></span> <span class='ocrx_word' id='word_1_302' title='bbox 1559 2321 1616 2375; x_wconf 82' lang='grc' dir='ltr'>Ιιι</span> <span class='ocrx_word' id='word_1_303' title='bbox 1646 2319 1732 2376; x_wconf 91' lang='lat' dir='ltr'><strong>his</strong></span> <span class='ocrx_word' id='word_1_304' title='bbox 1750 2320 2046 2390; x_wconf 89' lang='lat' dir='ltr'><strong>porticibus</strong></span> 
     </span>
    </p>
   </div>
   <div class='ocr_carea' id='block_1_40' title="bbox 467 2409 2046 2484">
    <p class='ocr_par' dir='ltr' id='par_1_40' title="bbox 467 2409 2046 2484">
     <span class='ocr_line' id='line_1_40' title="bbox 467 2409 2046 2484; baseline -0.007 -10"><span class='ocrx_word' id='word_1_305' title='bbox 467 2417 729 2474; x_wconf 79' lang='lat' dir='ltr'><strong>Jeremias</strong></span> <span class='ocrx_word' id='word_1_306' title='bbox 750 2424 806 2472; x_wconf 88' lang='lat' dir='ltr'><strong>et</strong></span> <span class='ocrx_word' id='word_1_307' title='bbox 826 2415 916 2469; x_wconf 87' lang='lat' dir='ltr'><strong>alii</strong></span> <span class='ocrx_word' id='word_1_308' title='bbox 942 2414 1235 2484; x_wconf 67' lang='lat' dir='ltr'><strong>prophetae,</strong></span> <span class='ocrx_word' id='word_1_309' title='bbox 1257 2413 1313 2466; x_wconf 92' lang='lat' dir='ltr'><strong>in</strong></span> <span class='ocrx_word' id='word_1_310' title='bbox 1340 2412 1427 2467; x_wconf 89' lang='lat' dir='ltr'><strong>bis</strong></span> <span class='ocrx_word' id='word_1_311' title='bbox 1444 2411 1705 2466; x_wconf 89' lang='lat' dir='ltr'><strong>Dominus</strong></span> <span class='ocrx_word' id='word_1_312' title='bbox 1732 2419 1788 2466; x_wconf 91' lang='lat' dir='ltr'><strong>et</strong></span> <span class='ocrx_word' id='word_1_313' title='bbox 1818 2409 2046 2480; x_wconf 90' lang='lat' dir='ltr'><strong>apostoli</strong></span> 
     </span>
    </p>
   </div>
   <div class='ocr_carea' id='block_1_41' title="bbox 472 2502 2047 2577">
    <p class='ocr_par' dir='ltr' id='par_1_41' title="bbox 472 2502 2047 2577">
     <span class='ocr_line' id='line_1_41' title="bbox 472 2502 2047 2577; baseline -0.003 -14"><span class='ocrx_word' id='word_1_314' title='bbox 472 2510 700 2565; x_wconf 84' lang='lat' dir='ltr'><strong>verbum</strong></span> <span class='ocrx_word' id='word_1_315' title='bbox 733 2506 928 2577; x_wconf 88' lang='lat' dir='ltr'><strong>populo</strong></span> <span class='ocrx_word' id='word_1_316' title='bbox 958 2503 1352 2576; x_wconf 70' lang='lat' dir='ltr'><strong>praedicabant,</strong></span> <span class='ocrx_word' id='word_1_317' title='bbox 1397 2503 1454 2557; x_wconf 91' lang='lat' dir='ltr'><strong>in</strong></span> <span class='ocrx_word' id='word_1_318' title='bbox 1504 2503 1698 2558; x_wconf 90' lang='lat' dir='ltr'><strong>harum</strong></span> <span class='ocrx_word' id='word_1_319' title='bbox 1744 2502 1921 2572; x_wconf 88' lang='lat' dir='ltr'><strong>aliqua</strong></span> <span class='ocrx_word' id='word_1_320' title='bbox 1948 2502 2047 2559; x_wconf 91' lang='lat' dir='ltr'><strong>Do-</strong></span> 
     </span>
    </p>
   </div>
   <div class='ocr_carea' id='block_1_42' title="bbox 473 2595 2047 2668">
    <p class='ocr_par' dir='ltr' id='par_1_42' title="bbox 473 2595 2047 2668">
     <span class='ocr_line' id='line_1_42' title="bbox 473 2595 2047 2668; baseline -0.002 -14"><span class='ocrx_word' id='word_1_321' title='bbox 473 2603 655 2655; x_wconf 90' lang='lat' dir='ltr'><strong>minus</strong></span> <span class='ocrx_word' id='word_1_322' title='bbox 699 2597 921 2654; x_wconf 82' lang='lat' dir='ltr'><strong>sedebat</strong></span> <span class='ocrx_word' id='word_1_323' title='bbox 965 2597 1165 2653; x_wconf 91' lang='lat' dir='ltr'><strong>docens</strong></span> <span class='ocrx_word' id='word_1_324' title='bbox 1226 2595 1406 2668; x_wconf 81' lang='lat' dir='ltr'><strong>(Joan.</strong></span> <span class='ocrx_word' id='word_1_325' title='bbox 1446 2595 1588 2667; x_wconf 80' lang='lat' dir='ltr'><strong>vin),</strong></span> <span class='ocrx_word' id='word_1_326' title='bbox 1663 2596 1878 2666; x_wconf 86' lang='lat' dir='ltr'><strong>quando</strong></span> <span class='ocrx_word' id='word_1_327' title='bbox 1922 2611 2047 2651; x_wconf 86' lang='lat' dir='ltr'><strong>eum</strong></span> 
     </span>
    </p>
   </div>
   <div class='ocr_carea' id='block_1_43' title="bbox 478 2684 2047 2755">
    <p class='ocr_par' dir='ltr' id='par_1_43' title="bbox 478 2684 2047 2755">
     <span class='ocr_line' id='line_1_43' title="bbox 478 2684 2047 2755; baseline -0.001 -12"><span class='ocrx_word' id='word_1_328' title='bbox 478 2688 814 2743; x_wconf 62' lang='lat' dir='ltr'><strong>nutantibus</strong></span> <span class='ocrx_word' id='word_1_329' title='bbox 842 2684 1134 2744; x_wconf 67' lang='lat' dir='ltr'><strong>Pharisazis</strong></span> <span class='ocrx_word' id='word_1_330' title='bbox 1174 2686 1368 2741; x_wconf 87' lang='lat' dir='ltr'><strong>mulier</strong></span> <span class='ocrx_word' id='word_1_331' title='bbox 1393 2685 1466 2740; x_wconf 86' lang='lat' dir='ltr'><strong>illi</strong></span> <span class='ocrx_word' id='word_1_332' title='bbox 1497 2685 1740 2740; x_wconf 90' lang='lat' dir='ltr'><strong>adultera</strong></span> <span class='ocrx_word' id='word_1_333' title='bbox 1759 2685 2047 2755; x_wconf 74' lang='lat' dir='ltr'><strong>iudicanda</strong></span> 
     </span>
    </p>
   </div>
   <div class='ocr_carea' id='block_1_44' title="bbox 474 2777 2048 2844">
    <p class='ocr_par' dir='ltr' id='par_1_44' title="bbox 474 2777 2048 2844">
     <span class='ocr_line' id='line_1_44' title="bbox 474 2777 2048 2844; baseline 0 -11"><span class='ocrx_word' id='word_1_334' title='bbox 474 2778 657 2835; x_wconf 87' lang='lat' dir='ltr'><strong>oblata</strong></span> <span class='ocrx_word' id='word_1_335' title='bbox 704 2784 821 2844; x_wconf 90' lang='lat' dir='ltr'><strong>est;</strong></span> <span class='ocrx_word' id='word_1_336' title='bbox 871 2777 927 2832; x_wconf 93' lang='lat' dir='ltr'><strong>in</strong></span> <span class='ocrx_word' id='word_1_337' title='bbox 974 2777 1060 2833; x_wconf 88' lang='lat' dir='ltr'><strong>his</strong></span> <span class='ocrx_word' id='word_1_338' title='bbox 1116 2777 1322 2832; x_wconf 89' lang='lat' dir='ltr'><strong>invenit</strong></span> <span class='ocrx_word' id='word_1_339' title='bbox 1372 2777 1666 2833; x_wconf 86' lang='lat' dir='ltr'><strong>vendentes</strong></span> <span class='ocrx_word' id='word_1_340' title='bbox 1709 2786 1763 2832; x_wconf 90' lang='lat' dir='ltr'><strong>et</strong></span> <span class='ocrx_word' id='word_1_341' title='bbox 1808 2786 2048 2833; x_wconf 90' lang='lat' dir='ltr'><strong>ementes</strong></span> 
     </span>
    </p>
   </div>
   <div class='ocr_carea' id='block_1_45' title="bbox 472 2867 2050 2937">
    <p class='ocr_par' dir='ltr' id='par_1_45' title="bbox 472 2867 2050 2937">
     <span class='ocr_line' id='line_1_45' title="bbox 472 2867 2050 2937; baseline -0.003 -11"><span class='ocrx_word' id='word_1_342' title='bbox 472 2884 626 2934; x_wconf 90' lang='lat' dir='ltr'><strong>oves,</strong></span> <span class='ocrx_word' id='word_1_343' title='bbox 671 2869 838 2924; x_wconf 89' lang='lat' dir='ltr'><strong>boves</strong></span> <span class='ocrx_word' id='word_1_344' title='bbox 881 2875 937 2922; x_wconf 91' lang='lat' dir='ltr'><strong>et</strong></span> <span class='ocrx_word' id='word_1_345' title='bbox 966 2867 1264 2933; x_wconf 89' lang='lat' dir='ltr'><strong>columbas,</strong></span> <span class='ocrx_word' id='word_1_346' title='bbox 1308 2867 1514 2937; x_wconf 89' lang='lat' dir='ltr'><strong>hosque</strong></span> <span class='ocrx_word' id='word_1_347' title='bbox 1556 2881 1677 2921; x_wconf 92' lang='lat' dir='ltr'><strong>cum</strong></span> <span class='ocrx_word' id='word_1_348' title='bbox 1707 2868 1819 2922; x_wconf 87' lang='lat' dir='ltr'><strong>suis</strong></span> <span class='ocrx_word' id='word_1_349' title='bbox 1854 2868 2050 2924; x_wconf 86' lang='lat' dir='ltr'><strong>merci-</strong></span> 
     </span>
    </p>
   </div>
   <div class='ocr_carea' id='block_1_46' title="bbox 473 2957 2049 3031">
    <p class='ocr_par' dir='ltr' id='par_1_46' title="bbox 473 2957 2049 3031">
     <span class='ocr_line' id='line_1_46' title="bbox 473 2957 2049 3031; baseline 0.001 -15"><span class='ocrx_word' id='word_1_350' title='bbox 473 2961 671 3016; x_wconf 90' lang='lat' dir='ltr'><strong>moniis</strong></span> <span class='ocrx_word' id='word_1_351' title='bbox 696 2958 993 3015; x_wconf 86' lang='lat' dir='ltr'><strong>eliminavit</strong></span> <span class='ocrx_word' id='word_1_352' title='bbox 1043 2972 1075 3013; x_wconf 90' lang='lat' dir='ltr'><strong>e</strong></span> <span class='ocrx_word' id='word_1_353' title='bbox 1105 2958 1302 3028; x_wconf 90' lang='lat' dir='ltr'><strong>templo</strong></span> <span class='ocrx_word' id='word_1_354' title='bbox 1333 2957 1514 3031; x_wconf 84' lang='lat' dir='ltr'><strong>(Joan.</strong></span> <span class='ocrx_word' id='word_1_355' title='bbox 1548 2957 1630 3028; x_wconf 90' lang='grc' dir='ltr'>ιι).</span> <span class='ocrx_word' id='word_1_356' title='bbox 1662 2959 1719 3013; x_wconf 87' lang='grc' dir='ltr'>Ιιι</span> <span class='ocrx_word' id='word_1_357' title='bbox 1750 2960 1837 3014; x_wconf 91' lang='lat' dir='ltr'><strong>his</strong></span> <span class='ocrx_word' id='word_1_358' title='bbox 1856 2958 2049 3017; x_wconf 88' lang='lat' dir='ltr'><strong>Petrus</strong></span> 
     </span>
    </p>
   </div>
   <div class='ocr_carea' id='block_1_47' title="bbox 472 3050 2046 3119">
    <p class='ocr_par' dir='ltr' id='par_1_47' title="bbox 472 3050 2046 3119">
     <span class='ocr_line' id='line_1_47' title="bbox 472 3050 2046 3119; baseline -0.001 -10"><span class='ocrx_word' id='word_1_359' title='bbox 472 3062 530 3110; x_wconf 92' lang='lat' dir='ltr'><strong>et</strong></span> <span class='ocrx_word' id='word_1_360' title='bbox 555 3052 789 3107; x_wconf 78' lang='lat' dir='ltr'><strong>Joannes</strong></span> <span class='ocrx_word' id='word_1_361' title='bbox 817 3050 1065 3106; x_wconf 86' lang='lat' dir='ltr'><strong>claudum</strong></span> <span class='ocrx_word' id='word_1_362' title='bbox 1102 3050 1437 3106; x_wconf 87' lang='lat' dir='ltr'><strong>invenientes</strong></span> <span class='ocrx_word' id='word_1_363' title='bbox 1467 3060 1745 3119; x_wconf 82' lang='lat' dir='ltr'><strong>sanarent,</strong></span> <span class='ocrx_word' id='word_1_364' title='bbox 1775 3068 1838 3107; x_wconf 91' lang='lat' dir='ltr'><strong>ac</strong></span> <span class='ocrx_word' id='word_1_365' title='bbox 1867 3067 2046 3107; x_wconf 88' lang='lat' dir='ltr'><strong>secum</strong></span> 
     </span>
    </p>
   </div>
   <div class='ocr_carea' id='block_1_48' title="bbox 2142 1859 3718 1938">
    <p class='ocr_par' dir='ltr' id='par_1_48' title="bbox 2142 1859 3718 1938">
     <span class='ocr_line' id='line_1_48' title="bbox 2142 1859 3718 1938; baseline 0.008 -23"><span class='ocrx_word' id='word_1_366' title='bbox 2142 1859 2227 1915; x_wconf 90' lang='lat' dir='ltr'><strong>bis</strong></span> <span class='ocrx_word' id='word_1_367' title='bbox 2277 1860 2426 1930; x_wconf 86' lang='lat' dir='ltr'><strong>loqui</strong></span> <span class='ocrx_word' id='word_1_368' title='bbox 2457 1861 2613 1930; x_wconf 90' lang='lat' dir='ltr'><strong>quasi</strong></span> <span class='ocrx_word' id='word_1_369' title='bbox 2665 1862 3021 1932; x_wconf 85' lang='lat' dir='ltr'><strong>spiritalibus,</strong></span> <span class='ocrx_word' id='word_1_370' title='bbox 3054 1866 3149 1921; x_wconf 90' lang='lat' dir='ltr'><strong>sed</strong></span> <span class='ocrx_word' id='word_1_371' title='bbox 3189 1868 3343 1937; x_wconf 90' lang='lat' dir='ltr'><strong>quasi</strong></span> <span class='ocrx_word' id='word_1_372' title='bbox 3383 1870 3718 1938; x_wconf 89' lang='lat' dir='ltr'><strong>carnalibus,</strong></span> 
     </span>
    </p>
   </div>
   <div class='ocr_carea' id='block_1_49' title="bbox 2144 1950 3716 2030">
    <p class='ocr_par' dir='ltr' id='par_1_49' title="bbox 2144 1950 3716 2030">
     <span class='ocr_line' id='line_1_49' title="bbox 2144 1950 3716 2030; baseline 0.01 -27"><span class='ocrx_word' id='word_1_373' title='bbox 2144 1958 2399 2018; x_wconf 89' lang='lat' dir='ltr'><strong>tanquam</strong></span> <span class='ocrx_word' id='word_1_374' title='bbox 2421 1950 2661 2020; x_wconf 90' lang='lat' dir='ltr'><strong>parvulis</strong></span> <span class='ocrx_word' id='word_1_375' title='bbox 2703 1952 2759 2006; x_wconf 92' lang='lat' dir='ltr'><strong>in</strong></span> <span class='ocrx_word' id='word_1_376' title='bbox 2788 1952 3023 2010; x_wconf 87' lang='lat' dir='ltr'><strong>Christo.</strong></span> <span class='ocrx_word' id='word_1_377' title='bbox 3054 1955 3162 2012; x_wconf 86' lang='lat' dir='ltr'><strong>Lac</strong></span> <span class='ocrx_word' id='word_1_378' title='bbox 3188 1959 3343 2015; x_wconf 91' lang='lat' dir='ltr'><strong>vobis</strong></span> <span class='ocrx_word' id='word_1_379' title='bbox 3361 1970 3545 2030; x_wconf 87' lang='lat' dir='ltr'><strong>potum</strong></span> <span class='ocrx_word' id='word_1_380' title='bbox 3574 1964 3716 2028; x_wconf 87' lang='lat' dir='ltr'><strong>dedi,</strong></span> 
     </span>
    </p>
   </div>
   <div class='ocr_carea' id='block_1_50' title="bbox 2142 2039 3721 2119">
    <p class='ocr_par' dir='ltr' id='par_1_50' title="bbox 2142 2039 3721 2119">
     <span class='ocr_line' id='line_1_50' title="bbox 2142 2039 3721 2119; baseline 0.01 -26"><span class='ocrx_word' id='word_1_381' title='bbox 2142 2054 2252 2094; x_wconf 89' lang='lat' dir='ltr'><strong>non</strong></span> <span class='ocrx_word' id='word_1_382' title='bbox 2280 2055 2459 2095; x_wconf 89' lang='lat' dir='ltr'><strong>escam</strong></span> <span class='ocrx_word' id='word_1_383' title='bbox 2488 2039 2539 2113; x_wconf 89' lang='grc' dir='ltr'><strong>(Ι</strong></span> <span class='ocrx_word' id='word_1_384' title='bbox 2563 2039 2687 2096; x_wconf 90' lang='lat' dir='ltr'><strong>Cor.</strong></span> <span class='ocrx_word' id='word_1_385' title='bbox 2717 2042 2820 2113; x_wconf 92' lang='grc' dir='ltr'>ιιι).</span> <span class='ocrx_word' id='word_1_386' title='bbox 2858 2063 2879 2097; x_wconf 75' lang='grc' dir='ltr'><strong>ι</strong></span> <span class='ocrx_word' id='word_1_387' title='bbox 2908 2108 2917 2119; x_wconf 40' lang='lat'>,</span> <span class='ocrx_word' id='word_1_388' title='bbox 2942 2043 3043 2113; x_wconf 86' lang='lat' dir='ltr'><strong>Qui</strong></span> <span class='ocrx_word' id='word_1_389' title='bbox 3094 2047 3231 2104; x_wconf 89' lang='lat' dir='ltr'><strong>bene</strong></span> <span class='ocrx_word' id='word_1_390' title='bbox 3284 2065 3383 2119; x_wconf 83' lang='lat' dir='ltr'><strong>per</strong></span> <span class='ocrx_word' id='word_1_391' title='bbox 3438 2051 3721 2109; x_wconf 85' lang='lat' dir='ltr'><strong>basilicam</strong></span> 
     </span>
    </p>
   </div>
   <div class='ocr_carea' id='block_1_51' title="bbox 2143 2130 3724 2208">
    <p class='ocr_par' dir='ltr' id='par_1_51' title="bbox 2143 2130 3724 2208">
     <span class='ocr_line' id='line_1_51' title="bbox 2143 2130 3724 2208; baseline 0.011 -26"><span class='ocrx_word' id='word_1_392' title='bbox 2143 2130 2402 2200; x_wconf 80' lang='lat' dir='ltr'><strong>grandem</strong></span> <span class='ocrx_word' id='word_1_393' title='bbox 2444 2130 2813 2202; x_wconf 82' lang='lat' dir='ltr'><strong>designantur,</strong></span> <span class='ocrx_word' id='word_1_394' title='bbox 2852 2135 2990 2208; x_wconf 61' lang='lat' dir='ltr'><strong>quia</strong></span> <span class='ocrx_word' id='word_1_395' title='bbox 3035 2136 3242 2207; x_wconf 83' lang='lat' dir='ltr'><strong>absque</strong></span> <span class='ocrx_word' id='word_1_396' title='bbox 3288 2139 3393 2194; x_wconf 89' lang='lat' dir='ltr'><strong>ulla</strong></span> <span class='ocrx_word' id='word_1_397' title='bbox 3447 2142 3724 2203; x_wconf 85' lang='lat' dir='ltr'><strong>dubietate</strong></span> 
     </span>
    </p>
   </div>
   <div class='ocr_carea' id='block_1_52' title="bbox 2146 2219 3724 2305">
    <p class='ocr_par' dir='ltr' id='par_1_52' title="bbox 2146 2219 3724 2305">
     <span class='ocr_line' id='line_1_52' title="bbox 2146 2219 3724 2305; baseline 0.011 -33"><span class='ocrx_word' id='word_1_398' title='bbox 2146 2219 2315 2275; x_wconf 92' lang='lat' dir='ltr'><strong>multo</strong></span> <span class='ocrx_word' id='word_1_399' title='bbox 2366 2221 2541 2293; x_wconf 87' lang='lat' dir='ltr'><strong>major</strong></span> <span class='ocrx_word' id='word_1_400' title='bbox 2583 2231 2667 2278; x_wconf 90' lang='lat' dir='ltr'><strong>est</strong></span> <span class='ocrx_word' id='word_1_401' title='bbox 2710 2223 2764 2278; x_wconf 93' lang='lat' dir='ltr'><strong>in</strong></span> <span class='ocrx_word' id='word_1_402' title='bbox 2812 2234 2998 2280; x_wconf 87' lang='lat' dir='ltr'><strong>sancta</strong></span> <span class='ocrx_word' id='word_1_403' title='bbox 3044 2227 3284 2284; x_wconf 88' lang='lat' dir='ltr'><strong>Ecclesia</strong></span> <span class='ocrx_word' id='word_1_404' title='bbox 3328 2231 3514 2287; x_wconf 88' lang='lat' dir='ltr'><strong>talium</strong></span> <span class='ocrx_word' id='word_1_405' title='bbox 3560 2249 3724 2305; x_wconf 89' lang='lat' dir='ltr'><strong>quam</strong></span> 
     </span>
    </p>
   </div>
   <div class='ocr_carea' id='block_1_53' title="bbox 2143 2309 3728 2396">
    <p class='ocr_par' dir='ltr' id='par_1_53' title="bbox 2143 2309 3728 2396">
     <span class='ocr_line' id='line_1_53' title="bbox 2143 2309 3728 2396; baseline 0.011 -32"><span class='ocrx_word' id='word_1_406' title='bbox 2143 2309 2506 2380; x_wconf 80' lang='lat' dir='ltr'><strong>perfectorum</strong></span> <span class='ocrx_word' id='word_1_407' title='bbox 2551 2328 2839 2381; x_wconf 90' lang='lat' dir='ltr'><strong>numerus;</strong></span> <span class='ocrx_word' id='word_1_408' title='bbox 2894 2317 2987 2372; x_wconf 91' lang='lat' dir='ltr'><strong>sed</strong></span> <span class='ocrx_word' id='word_1_409' title='bbox 3030 2327 3289 2386; x_wconf 88' lang='lat' dir='ltr'><strong>quantum</strong></span> <span class='ocrx_word' id='word_1_410' title='bbox 3336 2338 3562 2380; x_wconf 83' lang='lat' dir='ltr'><strong>numero</strong></span> <span class='ocrx_word' id='word_1_411' title='bbox 3587 2343 3728 2396; x_wconf 66' lang='lat' dir='ltr'><strong>prac-</strong></span> 
     </span>
    </p>
   </div>
   <div class='ocr_carea' id='block_1_54' title="bbox 2146 2405 3726 2482">
    <p class='ocr_par' dir='ltr' id='par_1_54' title="bbox 2146 2405 3726 2482">
     <span class='ocr_line' id='line_1_54' title="bbox 2146 2405 3726 2482; baseline 0.013 -31"><span class='ocrx_word' id='word_1_412' title='bbox 2146 2405 2311 2464; x_wconf 88' lang='lat' dir='ltr'><strong>stant,</strong></span> <span class='ocrx_word' id='word_1_413' title='bbox 2347 2407 2550 2467; x_wconf 89' lang='lat' dir='ltr'><strong>tantum</strong></span> <span class='ocrx_word' id='word_1_414' title='bbox 2574 2405 2928 2459; x_wconf 87' lang='lat' dir='ltr'><strong>succumbunt</strong></span> <span class='ocrx_word' id='word_1_415' title='bbox 2946 2408 3158 2463; x_wconf 89' lang='lat' dir='ltr'><strong>merito.</strong></span> <span class='ocrx_word' id='word_1_416' title='bbox 3187 2408 3338 2468; x_wconf 89' lang='lat' dir='ltr'><strong>Unde</strong></span> <span class='ocrx_word' id='word_1_417' title='bbox 3359 2420 3481 2482; x_wconf 84' lang='lat' dir='ltr'><strong>apte</strong></span> <span class='ocrx_word' id='word_1_418' title='bbox 3502 2415 3726 2472; x_wconf 85' lang='lat' dir='ltr'><strong>basilica</strong></span> 
     </span>
    </p>
   </div>
   <div class='ocr_carea' id='block_1_55' title="bbox 2146 2490 3724 2569">
    <p class='ocr_par' dir='ltr' id='par_1_55' title="bbox 2146 2490 3724 2569">
     <span class='ocr_line' id='line_1_55' title="bbox 2146 2490 3724 2569; baseline 0.013 -25"><span class='ocrx_word' id='word_1_419' title='bbox 2146 2490 2263 2546; x_wconf 71' lang='lat' dir='ltr'><strong>hmc</strong></span> <span class='ocrx_word' id='word_1_420' title='bbox 2287 2492 2529 2562; x_wconf 87' lang='lat' dir='ltr'><strong>grandis,</strong></span> <span class='ocrx_word' id='word_1_421' title='bbox 2559 2494 2663 2550; x_wconf 90' lang='lat' dir='ltr'><strong>etsi</strong></span> <span class='ocrx_word' id='word_1_422' title='bbox 2689 2496 2886 2552; x_wconf 87' lang='lat' dir='ltr'><strong>multos</strong></span> <span class='ocrx_word' id='word_1_423' title='bbox 2906 2499 3069 2569; x_wconf 91' lang='lat' dir='ltr'><strong>capit,</strong></span> <span class='ocrx_word' id='word_1_424' title='bbox 3098 2516 3204 2555; x_wconf 91' lang='lat' dir='ltr'><strong>non</strong></span> <span class='ocrx_word' id='word_1_425' title='bbox 3229 2517 3324 2559; x_wconf 89' lang='lat' dir='ltr'><strong>eos</strong></span> <span class='ocrx_word' id='word_1_426' title='bbox 3348 2512 3525 2560; x_wconf 89' lang='lat' dir='ltr'><strong>tamen</strong></span> <span class='ocrx_word' id='word_1_427' title='bbox 3556 2508 3609 2562; x_wconf 88' lang='lat' dir='ltr'><strong>in</strong></span> <span class='ocrx_word' id='word_1_428' title='bbox 3642 2508 3724 2563; x_wconf 88' lang='lat' dir='ltr'><strong>in-</strong></span> 
     </span>
    </p>
   </div>
   <div class='ocr_carea' id='block_1_56' title="bbox 2149 2580 3726 2662">
    <p class='ocr_par' dir='ltr' id='par_1_56' title="bbox 2149 2580 3726 2662">
     <span class='ocr_line' id='line_1_56' title="bbox 2149 2580 3726 2662; baseline 0.012 -26"><span class='ocrx_word' id='word_1_429' title='bbox 2149 2583 2350 2638; x_wconf 84' lang='lat' dir='ltr'><strong>teriora</strong></span> <span class='ocrx_word' id='word_1_430' title='bbox 2399 2585 2583 2655; x_wconf 86' lang='lat' dir='ltr'><strong>templi</strong></span> <span class='ocrx_word' id='word_1_431' title='bbox 2629 2580 2872 2643; x_wconf 89' lang='lat' dir='ltr'><strong>deaurati</strong></span> <span class='ocrx_word' id='word_1_432' title='bbox 2915 2590 2984 2644; x_wconf 89' lang='lat' dir='ltr'><strong>ad</strong></span> <span class='ocrx_word' id='word_1_433' title='bbox 3027 2591 3214 2648; x_wconf 90' lang='lat' dir='ltr'><strong>altaris</strong></span> <span class='ocrx_word' id='word_1_434' title='bbox 3234 2592 3505 2662; x_wconf 77' lang='lat' dir='ltr'><strong>&#39;oﬁicium,</strong></span> <span class='ocrx_word' id='word_1_435' title='bbox 3533 2613 3641 2654; x_wconf 90' lang='lat' dir='ltr'><strong>non</strong></span> <span class='ocrx_word' id='word_1_436' title='bbox 3670 2602 3726 2655; x_wconf 89' lang='lat' dir='ltr'><strong>in</strong></span> 
     </span>
    </p>
   </div>
   <div class='ocr_carea' id='block_1_57' title="bbox 2148 2673 3725 2757">
    <p class='ocr_par' dir='ltr' id='par_1_57' title="bbox 2148 2673 3725 2757">
     <span class='ocr_line' id='line_1_57' title="bbox 2148 2673 3725 2757; baseline 0.01 -30"><span class='ocrx_word' id='word_1_437' title='bbox 2148 2673 2322 2743; x_wconf 88' lang='lat' dir='ltr'><strong>ipsum</strong></span> <span class='ocrx_word' id='word_1_438' title='bbox 2361 2673 2551 2729; x_wconf 90' lang='lat' dir='ltr'><strong>saltem</strong></span> <span class='ocrx_word' id='word_1_439' title='bbox 2590 2676 2787 2732; x_wconf 90' lang='lat' dir='ltr'><strong>atrium</strong></span> <span class='ocrx_word' id='word_1_440' title='bbox 2830 2680 3169 2736; x_wconf 89' lang='lat' dir='ltr'><strong>sacerdotum</strong></span> <span class='ocrx_word' id='word_1_441' title='bbox 3213 2683 3541 2741; x_wconf 87' lang='lat' dir='ltr'><strong>intromittit.</strong></span> <span class='ocrx_word' id='word_1_442' title='bbox 3589 2688 3725 2757; x_wconf 82' lang='lat' dir='ltr'><strong>Quia</strong></span> 
     </span>
    </p>
   </div>
   <div class='ocr_carea' id='block_1_58' title="bbox 2148 2766 3729 2840">
    <p class='ocr_par' dir='ltr' id='par_1_58' title="bbox 2148 2766 3729 2840">
     <span class='ocr_line' id='line_1_58' title="bbox 2148 2766 3729 2840; baseline 0.009 -19"><span class='ocrx_word' id='word_1_443' title='bbox 2148 2766 2396 2822; x_wconf 87' lang='lat' dir='ltr'><strong>carnales</strong></span> <span class='ocrx_word' id='word_1_444' title='bbox 2420 2767 2618 2837; x_wconf 88' lang='lat' dir='ltr'><strong>quique</strong></span> <span class='ocrx_word' id='word_1_445' title='bbox 2643 2777 2803 2840; x_wconf 91' lang='lat' dir='ltr'><strong>atque</strong></span> <span class='ocrx_word' id='word_1_446' title='bbox 2846 2770 3047 2827; x_wconf 92' lang='lat' dir='ltr'><strong>inﬁrmi</strong></span> <span class='ocrx_word' id='word_1_447' title='bbox 3075 2774 3252 2830; x_wconf 86' lang='lat' dir='ltr'><strong>adhuc</strong></span> <span class='ocrx_word' id='word_1_448' title='bbox 3277 2775 3332 2829; x_wconf 89' lang='lat' dir='ltr'><strong>in</strong></span> <span class='ocrx_word' id='word_1_449' title='bbox 3356 2776 3594 2832; x_wconf 87' lang='lat' dir='ltr'><strong>Ecclesia</strong></span> <span class='ocrx_word' id='word_1_450' title='bbox 3625 2780 3729 2835; x_wconf 82' lang='lat' dir='ltr'><strong>etsi</strong></span> 
     </span>
    </p>
   </div>
   <div class='ocr_carea' id='block_1_59' title="bbox 2148 2854 3730 2931">
    <p class='ocr_par' dir='ltr' id='par_1_59' title="bbox 2148 2854 3730 2931">
     <span class='ocr_line' id='line_1_59' title="bbox 2148 2854 3730 2931; baseline 0.009 -23"><span class='ocrx_word' id='word_1_451' title='bbox 2148 2854 2217 2909; x_wconf 91' lang='lat' dir='ltr'><strong>ob</strong></span> <span class='ocrx_word' id='word_1_452' title='bbox 2253 2856 2503 2910; x_wconf 89' lang='lat' dir='ltr'><strong>meritum</strong></span> <span class='ocrx_word' id='word_1_453' title='bbox 2541 2865 2703 2912; x_wconf 66' lang='lat' dir='ltr'><strong>casta:</strong></span> <span class='ocrx_word' id='word_1_454' title='bbox 2737 2857 2860 2914; x_wconf 91' lang='lat' dir='ltr'><strong>ﬁdei</strong></span> <span class='ocrx_word' id='word_1_455' title='bbox 2903 2875 2969 2915; x_wconf 89' lang='lat' dir='ltr'><strong>ac</strong></span> <span class='ocrx_word' id='word_1_456' title='bbox 3004 2861 3219 2931; x_wconf 90' lang='lat' dir='ltr'><strong>pietatis</strong></span> <span class='ocrx_word' id='word_1_457' title='bbox 3265 2863 3493 2920; x_wconf 90' lang='lat' dir='ltr'><strong>Domino</strong></span> <span class='ocrx_word' id='word_1_458' title='bbox 3539 2866 3673 2922; x_wconf 91' lang='lat' dir='ltr'><strong>devo</strong></span> <span class='ocrx_word' id='word_1_459' title='bbox 3698 2883 3730 2922; x_wconf 92' lang='lat' dir='ltr'><strong>e</strong></span> 
     </span>
    </p>
   </div>
   <div class='ocr_carea' id='block_1_60' title="bbox 2149 2945 3726 3027">
    <p class='ocr_par' dir='ltr' id='par_1_60' title="bbox 2149 2945 3726 3027">
     <span class='ocr_line' id='line_1_60' title="bbox 2149 2945 3726 3027; baseline 0.008 -27"><span class='ocrx_word' id='word_1_460' title='bbox 2149 2945 2216 3000; x_wconf 82' lang='lat' dir='ltr'><strong>ad</strong></span> <span class='ocrx_word' id='word_1_461' title='bbox 2244 2946 2537 3027; x_wconf 89' lang='lat' dir='ltr'><strong>electorum</strong></span> <span class='ocrx_word' id='word_1_462' title='bbox 2578 2957 2779 3004; x_wconf 88' lang='lat' dir='ltr'><strong>sortem</strong></span> <span class='ocrx_word' id='word_1_463' title='bbox 2812 2951 3105 3021; x_wconf 89' lang='lat' dir='ltr'><strong>pertinent,</strong></span> <span class='ocrx_word' id='word_1_464' title='bbox 3151 2952 3305 3025; x_wconf 86' lang='lat' dir='ltr'><strong>longe</strong></span> <span class='ocrx_word' id='word_1_465' title='bbox 3346 2962 3524 3012; x_wconf 88' lang='lat' dir='ltr'><strong>tamen</strong></span> <span class='ocrx_word' id='word_1_466' title='bbox 3555 2957 3726 3023; x_wconf 82' lang='lat' dir='ltr'><strong>abest,</strong></span> 
     </span>
    </p>
   </div>
   <div class='ocr_carea' id='block_1_61' title="bbox 2149 3036 3729 3114">
    <p class='ocr_par' dir='ltr' id='par_1_61' title="bbox 2149 3036 3729 3114">
     <span class='ocr_line' id='line_1_61' title="bbox 2149 3036 3729 3114; baseline 0.007 -23"><span class='ocrx_word' id='word_1_467' title='bbox 2149 3045 2211 3091; x_wconf 90' lang='lat' dir='ltr'><strong>ut</strong></span> <span class='ocrx_word' id='word_1_468' title='bbox 2235 3036 2341 3094; x_wconf 82' lang='lat' dir='ltr'><strong>illis</strong></span> <span class='ocrx_word' id='word_1_469' title='bbox 2370 3046 2664 3107; x_wconf 68' lang='lat' dir='ltr'><strong>tequentur,</strong></span> <span class='ocrx_word' id='word_1_470' title='bbox 2695 3041 2785 3110; x_wconf 90' lang='lat' dir='ltr'><strong>qui</strong></span> <span class='ocrx_word' id='word_1_471' title='bbox 2818 3057 2940 3096; x_wconf 93' lang='lat' dir='ltr'><strong>cum</strong></span> <span class='ocrx_word' id='word_1_472' title='bbox 2975 3042 3168 3099; x_wconf 88' lang='lat' dir='ltr'><strong>ﬁducia</strong></span> <span class='ocrx_word' id='word_1_473' title='bbox 3200 3044 3522 3114; x_wconf 84' lang='lat' dir='ltr'><strong>profantur:</strong></span> <span class='ocrx_word' id='word_1_474' title='bbox 3554 3065 3573 3098; x_wconf 81' lang='grc' dir='ltr'><strong>ι</strong></span> <span class='ocrx_word' id='word_1_475' title='bbox 3611 3047 3729 3102; x_wconf 83' lang='grc' dir='ltr'>Νυιι</span> 
     </span>
    </p>
   </div>
   <div class='ocr_carea' id='block_1_62' title="bbox 472 3112 2049 3219">
    <p class='ocr_par' dir='ltr' id='par_1_62' title="bbox 472 3141 2044 3219">
     <span class='ocr_line' id='line_1_62' title="bbox 472 3141 2044 3219; baseline -0.001 -19"><span class='ocrx_word' id='word_1_476' title='bbox 472 3144 839 3215; x_wconf 88' lang='lat' dir='ltr'><strong>ingredientes</strong></span> <span class='ocrx_word' id='word_1_477' title='bbox 865 3143 1095 3197; x_wconf 89' lang='lat' dir='ltr'><strong>interius</strong></span> <span class='ocrx_word' id='word_1_478' title='bbox 1112 3141 1179 3196; x_wconf 91' lang='lat' dir='ltr'><strong>ad</strong></span> <span class='ocrx_word' id='word_1_479' title='bbox 1201 3144 1465 3197; x_wconf 90' lang='lat' dir='ltr'><strong>orandum</strong></span> <span class='ocrx_word' id='word_1_480' title='bbox 1487 3141 1758 3198; x_wconf 83' lang='lat' dir='ltr'><strong>duxerunt</strong></span> <span class='ocrx_word' id='word_1_481' title='bbox 1780 3143 1917 3214; x_wconf 81' lang='lat' dir='ltr'><strong>(Act.</strong></span> <span class='ocrx_word' id='word_1_482' title='bbox 1942 3144 2044 3219; x_wconf 91' lang='grc' dir='ltr'>ιιι).</span> 
     </span>
    </p>
   </div>
   <div class='ocr_carea' id='block_1_63' title="bbox 2150 3112 3731 3219">
    <p class='ocr_par' dir='ltr' id='par_1_63' title="bbox 2152 3112 3731 3206">
     <span class='ocr_line' id='line_1_63' title="bbox 2152 3112 3731 3206; baseline 0.006 -24"><span class='ocrx_word' id='word_1_483' title='bbox 2152 3128 2301 3182; x_wconf 84' lang='lat' dir='ltr'><strong>enim</strong></span> <span class='ocrx_word' id='word_1_484' title='bbox 2336 3130 2506 3183; x_wconf 90' lang='lat' dir='ltr'><strong>audeo</strong></span> <span class='ocrx_word' id='word_1_485' title='bbox 2553 3128 2755 3199; x_wconf 92' lang='lat' dir='ltr'><strong>aliquid</strong></span> <span class='ocrx_word' id='word_1_486' title='bbox 2799 3130 2944 3202; x_wconf 88' lang='lat' dir='ltr'><strong>loqui</strong></span> <span class='ocrx_word' id='word_1_487' title='bbox 2988 3147 3174 3187; x_wconf 89' lang='lat' dir='ltr'><strong>eorum</strong></span> <span class='ocrx_word' id='word_1_488' title='bbox 3203 3112 3329 3203; x_wconf 69' lang='lat' dir='ltr'><strong>quae</strong></span> <span class='ocrx_word' id='word_1_489' title='bbox 3365 3149 3464 3206; x_wconf 87' lang='lat' dir='ltr'><strong>per</strong></span> <span class='ocrx_word' id='word_1_490' title='bbox 3505 3151 3590 3191; x_wconf 90' lang='lat' dir='ltr'><strong>me</strong></span> <span class='ocrx_word' id='word_1_491' title='bbox 3624 3152 3731 3192; x_wconf 90' lang='lat' dir='ltr'><strong>non</strong></span> 
     </span>
    </p>
   </div>
   <div class='ocr_carea' id='block_1_64' title="bbox 472 3232 2051 3304">
    <p class='ocr_par' dir='ltr' id='par_1_64' title="bbox 472 3232 2051 3304">
     <span class='ocr_line' id='line_1_64' title="bbox 472 3232 2051 3304; baseline -0.001 -14"><span class='ocrx_word' id='word_1_492' title='bbox 472 3236 535 3291; x_wconf 86' lang='lat' dir='ltr'><strong>In</strong></span> <span class='ocrx_word' id='word_1_493' title='bbox 582 3234 670 3288; x_wconf 87' lang='lat' dir='ltr'><strong>bis</strong></span> <span class='ocrx_word' id='word_1_494' title='bbox 697 3234 889 3288; x_wconf 88' lang='lat' dir='ltr'><strong>orabat</strong></span> <span class='ocrx_word' id='word_1_495' title='bbox 937 3232 1112 3288; x_wconf 88' lang='lat' dir='ltr'><strong>omnis</strong></span> <span class='ocrx_word' id='word_1_496' title='bbox 1156 3232 1443 3287; x_wconf 83' lang='lat' dir='ltr'><strong>multitudo</strong></span> <span class='ocrx_word' id='word_1_497' title='bbox 1483 3234 1689 3304; x_wconf 86' lang='lat' dir='ltr'><strong>populi,</strong></span> <span class='ocrx_word' id='word_1_498' title='bbox 1724 3236 1939 3304; x_wconf 90' lang='lat' dir='ltr'><strong>quando</strong></span> <span class='ocrx_word' id='word_1_499' title='bbox 1972 3235 2051 3289; x_wconf 86' lang='lat' dir='ltr'><strong>iu-</strong></span> 
     </span>
    </p>
   </div>
   <div class='ocr_carea' id='block_1_65' title="bbox 476 3313 2052 3395">
    <p class='ocr_par' dir='ltr' id='par_1_65' title="bbox 476 3313 2052 3395">
     <span class='ocr_line' id='line_1_65' title="bbox 476 3313 2052 3395; baseline -0.001 -16"><span class='ocrx_word' id='word_1_500' title='bbox 476 3338 699 3379; x_wconf 91' lang='lat' dir='ltr'><strong>censum</strong></span> <span class='ocrx_word' id='word_1_501' title='bbox 728 3322 948 3392; x_wconf 89' lang='lat' dir='ltr'><strong>ponenti</strong></span> <span class='ocrx_word' id='word_1_502' title='bbox 977 3321 1253 3375; x_wconf 60' lang='lat' dir='ltr'><strong>Zachariae</strong></span> <span class='ocrx_word' id='word_1_503' title='bbox 1278 3313 1501 3393; x_wconf 85' lang='lat' dir='ltr'><strong>angelus</strong></span> <span class='ocrx_word' id='word_1_504' title='bbox 1533 3323 1600 3377; x_wconf 90' lang='lat' dir='ltr'><strong>ad</strong></span> <span class='ocrx_word' id='word_1_505' title='bbox 1624 3322 1795 3377; x_wconf 90' lang='lat' dir='ltr'><strong>altare</strong></span> <span class='ocrx_word' id='word_1_506' title='bbox 1828 3324 2052 3395; x_wconf 85' lang='lat' dir='ltr'><strong>thymia-</strong></span> 
     </span>
    </p>
   </div>
   <div class='ocr_carea' id='block_1_66' title="bbox 475 3411 2051 3483">
    <p class='ocr_par' dir='ltr' id='par_1_66' title="bbox 475 3411 2051 3483">
     <span class='ocr_line' id='line_1_66' title="bbox 475 3411 2051 3483; baseline 0.002 -15"><span class='ocrx_word' id='word_1_507' title='bbox 475 3412 639 3468; x_wconf 87' lang='lat' dir='ltr'><strong>matis</strong></span> <span class='ocrx_word' id='word_1_508' title='bbox 671 3411 938 3483; x_wconf 89' lang='lat' dir='ltr'><strong>apparuit,</strong></span> <span class='ocrx_word' id='word_1_509' title='bbox 968 3427 1197 3483; x_wconf 91' lang='lat' dir='ltr'><strong>eumque</strong></span> <span class='ocrx_word' id='word_1_510' title='bbox 1235 3411 1303 3468; x_wconf 92' lang='lat' dir='ltr'><strong>de</strong></span> <span class='ocrx_word' id='word_1_511' title='bbox 1331 3414 1681 3482; x_wconf 66' lang='lat' dir='ltr'><strong>prmeursoris</strong></span> <span class='ocrx_word' id='word_1_512' title='bbox 1702 3414 1912 3470; x_wconf 89' lang='lat' dir='ltr'><strong>Domini</strong></span> <span class='ocrx_word' id='word_1_513' title='bbox 1956 3430 2051 3471; x_wconf 85' lang='lat' dir='ltr'><strong>na-</strong></span> 
     </span>
    </p>
   </div>
   <div class='ocr_carea' id='block_1_67' title="bbox 478 3502 2051 3577">
    <p class='ocr_par' dir='ltr' id='par_1_67' title="bbox 478 3502 2051 3577">
     <span class='ocr_line' id='line_1_67' title="bbox 478 3502 2051 3577; baseline 0 -17"><span class='ocrx_word' id='word_1_514' title='bbox 478 3506 689 3560; x_wconf 87' lang='lat' dir='ltr'><strong>tivitate</strong></span> <span class='ocrx_word' id='word_1_515' title='bbox 716 3505 898 3559; x_wconf 92' lang='lat' dir='ltr'><strong>docuit</strong></span> <span class='ocrx_word' id='word_1_516' title='bbox 940 3502 1089 3577; x_wconf 89' lang='lat' dir='ltr'><strong>(Luc.</strong></span> <span class='ocrx_word' id='word_1_517' title='bbox 1119 3502 1180 3577; x_wconf 89' lang='grc' dir='ltr'><strong>ι).</strong></span> <span class='ocrx_word' id='word_1_518' title='bbox 1229 3504 1346 3560; x_wconf 87' lang='grc' dir='ltr'>Νοιι</span> <span class='ocrx_word' id='word_1_519' title='bbox 1375 3514 1555 3561; x_wconf 90' lang='lat' dir='ltr'><strong>autem</strong></span> <span class='ocrx_word' id='word_1_520' title='bbox 1597 3506 1711 3561; x_wconf 70' lang='lat' dir='ltr'><strong>hmo</strong></span> <span class='ocrx_word' id='word_1_521' title='bbox 1753 3506 1892 3560; x_wconf 89' lang='lat' dir='ltr'><strong>atria</strong></span> <span class='ocrx_word' id='word_1_522' title='bbox 1927 3522 2051 3561; x_wconf 90' lang='lat' dir='ltr'><strong>cum</strong></span> 
     </span>
    </p>
   </div>
   <div class='ocr_carea' id='block_1_68' title="bbox 479 3595 2054 3668">
    <p class='ocr_par' dir='ltr' id='par_1_68' title="bbox 479 3595 2054 3668">
     <span class='ocr_line' id='line_1_68' title="bbox 479 3595 2054 3668; baseline 0.001 -17"><span class='ocrx_word' id='word_1_523' title='bbox 479 3595 780 3666; x_wconf 84' lang='lat' dir='ltr'><strong>porticibus</strong></span> <span class='ocrx_word' id='word_1_524' title='bbox 806 3595 916 3650; x_wconf 90' lang='lat' dir='ltr'><strong>suis</strong></span> <span class='ocrx_word' id='word_1_525' title='bbox 947 3602 1226 3664; x_wconf 91' lang='lat' dir='ltr'><strong>aspectum</strong></span> <span class='ocrx_word' id='word_1_526' title='bbox 1254 3595 1437 3667; x_wconf 87' lang='lat' dir='ltr'><strong>templi</strong></span> <span class='ocrx_word' id='word_1_527' title='bbox 1480 3596 1546 3651; x_wconf 92' lang='lat' dir='ltr'><strong>de</strong></span> <span class='ocrx_word' id='word_1_528' title='bbox 1586 3596 1743 3668; x_wconf 85' lang='lat' dir='ltr'><strong>longe</strong></span> <span class='ocrx_word' id='word_1_529' title='bbox 1774 3607 2054 3667; x_wconf 90' lang='lat' dir='ltr'><strong>aspectan-</strong></span> 
     </span>
    </p>
   </div>
   <div class='ocr_carea' id='block_1_69' title="bbox 484 3685 2051 3757">
    <p class='ocr_par' dir='ltr' id='par_1_69' title="bbox 484 3685 2051 3757">
     <span class='ocr_line' id='line_1_69' title="bbox 484 3685 2051 3757; baseline 0.001 -16"><span class='ocrx_word' id='word_1_530' title='bbox 484 3687 629 3742; x_wconf 93' lang='lat' dir='ltr'><strong>tibus</strong></span> <span class='ocrx_word' id='word_1_531' title='bbox 662 3685 991 3742; x_wconf 90' lang='lat' dir='ltr'><strong>abscondere</strong></span> <span class='ocrx_word' id='word_1_532' title='bbox 1019 3692 1329 3756; x_wconf 89' lang='lat' dir='ltr'><strong>potuerunt,</strong></span> <span class='ocrx_word' id='word_1_533' title='bbox 1354 3687 1479 3756; x_wconf 91' lang='lat' dir='ltr'><strong>quia</strong></span> <span class='ocrx_word' id='word_1_534' title='bbox 1524 3686 1675 3743; x_wconf 90' lang='lat' dir='ltr'><strong>locus</strong></span> <span class='ocrx_word' id='word_1_535' title='bbox 1713 3688 1765 3742; x_wconf 90' lang='lat' dir='ltr'><strong>in</strong></span> <span class='ocrx_word' id='word_1_536' title='bbox 1789 3703 1896 3757; x_wconf 90' lang='lat' dir='ltr'><strong>quo</strong></span> <span class='ocrx_word' id='word_1_537' title='bbox 1920 3698 2051 3743; x_wconf 80' lang='lat' dir='ltr'><strong>tem-</strong></span> 
     </span>
    </p>
   </div>
   <div class='ocr_carea' id='block_1_70' title="bbox 480 3776 2054 3851">
    <p class='ocr_par' dir='ltr' id='par_1_70' title="bbox 480 3776 2054 3851">
     <span class='ocr_line' id='line_1_70' title="bbox 480 3776 2054 3851; baseline 0.003 -20"><span class='ocrx_word' id='word_1_538' title='bbox 480 3777 629 3847; x_wconf 90' lang='lat' dir='ltr'><strong>plum</strong></span> <span class='ocrx_word' id='word_1_539' title='bbox 676 3786 795 3832; x_wconf 89' lang='lat' dir='ltr'><strong>erat</strong></span> <span class='ocrx_word' id='word_1_540' title='bbox 839 3777 1002 3833; x_wconf 85' lang='lat' dir='ltr'><strong>situm</strong></span> <span class='ocrx_word' id='word_1_541' title='bbox 1048 3776 1217 3831; x_wconf 91' lang='lat' dir='ltr'><strong>multo</strong></span> <span class='ocrx_word' id='word_1_542' title='bbox 1265 3776 1546 3832; x_wconf 90' lang='lat' dir='ltr'><strong>sublimior</strong></span> <span class='ocrx_word' id='word_1_543' title='bbox 1587 3786 1726 3845; x_wconf 90' lang='lat' dir='ltr'><strong>erat,</strong></span> <span class='ocrx_word' id='word_1_544' title='bbox 1758 3796 1919 3851; x_wconf 90' lang='lat' dir='ltr'><strong>quam</strong></span> <span class='ocrx_word' id='word_1_545' title='bbox 1963 3782 2054 3836; x_wconf 89' lang='lat' dir='ltr'><strong>ubi</strong></span> 
     </span>
    </p>
   </div>
   <div class='ocr_carea' id='block_1_71' title="bbox 478 3866 2050 3943">
    <p class='ocr_par' dir='ltr' id='par_1_71' title="bbox 478 3866 2050 3943">
     <span class='ocr_line' id='line_1_71' title="bbox 478 3866 2050 3943; baseline 0.001 -22"><span class='ocrx_word' id='word_1_546' title='bbox 478 3866 714 3923; x_wconf 77' lang='lat' dir='ltr'><strong>fundatae</strong></span> <span class='ocrx_word' id='word_1_547' title='bbox 739 3868 979 3938; x_wconf 87' lang='lat' dir='ltr'><strong>porticus</strong></span> <span class='ocrx_word' id='word_1_548' title='bbox 1005 3866 1173 3924; x_wconf 81' lang='lat' dir='ltr'><strong>fuere.</strong></span> <span class='ocrx_word' id='word_1_549' title='bbox 1203 3866 1336 3922; x_wconf 87' lang='lat' dir='ltr'><strong>Nam</strong></span> <span class='ocrx_word' id='word_1_550' title='bbox 1369 3866 1528 3940; x_wconf 88' lang='lat' dir='ltr'><strong>(sicut</strong></span> <span class='ocrx_word' id='word_1_551' title='bbox 1551 3866 1814 3939; x_wconf 70' lang='lat' dir='ltr'><strong>Iosephus</strong></span> <span class='ocrx_word' id='word_1_552' title='bbox 1842 3869 2050 3943; x_wconf 88' lang='lat' dir='ltr'><strong>scribit)</strong></span> 
     </span>
    </p>
   </div>
   <div class='ocr_carea' id='block_1_72' title="bbox 480 3956 2054 4032">
    <p class='ocr_par' dir='ltr' id='par_1_72' title="bbox 480 3956 2054 4032">
     <span class='ocr_line' id='line_1_72' title="bbox 480 3956 2054 4032; baseline 0.001 -19"><span class='ocrx_word' id='word_1_553' title='bbox 480 3965 740 4014; x_wconf 77' lang='lat' dir='ltr'><strong>extrema:</strong></span> <span class='ocrx_word' id='word_1_554' title='bbox 783 3958 1044 4013; x_wconf 90' lang='lat' dir='ltr'><strong>atriorum</strong></span> <span class='ocrx_word' id='word_1_555' title='bbox 1090 3956 1310 4013; x_wconf 73' lang='lat' dir='ltr'><strong>fabrica:</strong></span> <span class='ocrx_word' id='word_1_556' title='bbox 1366 3974 1488 4013; x_wconf 86' lang='lat' dir='ltr'><strong>eum</strong></span> <span class='ocrx_word' id='word_1_557' title='bbox 1535 3960 1589 4013; x_wconf 88' lang='lat' dir='ltr'><strong>in</strong></span> <span class='ocrx_word' id='word_1_558' title='bbox 1645 3960 2054 4032; x_wconf 87' lang='lat' dir='ltr'><strong>quadringentis</strong></span> 
     </span>
    </p>
   </div>
   <div class='ocr_carea' id='block_1_73' title="bbox 483 4049 2055 4122">
    <p class='ocr_par' dir='ltr' id='par_1_73' title="bbox 483 4049 2055 4122">
     <span class='ocr_line' id='line_1_73' title="bbox 483 4049 2055 4122; baseline 0.001 -18"><span class='ocrx_word' id='word_1_559' title='bbox 483 4049 678 4105; x_wconf 87' lang='lat' dir='ltr'><strong>cubitis</strong></span> <span class='ocrx_word' id='word_1_560' title='bbox 717 4057 900 4106; x_wconf 87' lang='lat' dir='ltr'><strong>essent</strong></span> <span class='ocrx_word' id='word_1_561' title='bbox 949 4057 1158 4104; x_wconf 90' lang='lat' dir='ltr'><strong>tantum</strong></span> <span class='ocrx_word' id='word_1_562' title='bbox 1208 4058 1420 4114; x_wconf 61' lang='lat' dir='ltr'><strong>erectae,</strong></span> <span class='ocrx_word' id='word_1_563' title='bbox 1474 4049 1545 4105; x_wconf 90' lang='lat' dir='ltr'><strong>ad</strong></span> <span class='ocrx_word' id='word_1_564' title='bbox 1586 4050 1843 4105; x_wconf 85' lang='lat' dir='ltr'><strong>verticem</strong></span> <span class='ocrx_word' id='word_1_565' title='bbox 1883 4065 2055 4122; x_wconf 89' lang='lat' dir='ltr'><strong>usque</strong></span> 
     </span>
    </p>
   </div>
   <div class='ocr_carea' id='block_1_74' title="bbox 484 4139 2055 4212">
    <p class='ocr_par' dir='ltr' id='par_1_74' title="bbox 484 4139 2055 4212">
     <span class='ocr_line' id='line_1_74' title="bbox 484 4139 2055 4212; baseline 0.001 -17"><span class='ocrx_word' id='word_1_566' title='bbox 484 4141 705 4205; x_wconf 89' lang='lat' dir='ltr'><strong>montis,</strong></span> <span class='ocrx_word' id='word_1_567' title='bbox 754 4141 807 4195; x_wconf 91' lang='lat' dir='ltr'><strong>in</strong></span> <span class='ocrx_word' id='word_1_568' title='bbox 850 4156 959 4210; x_wconf 90' lang='lat' dir='ltr'><strong>quo</strong></span> <span class='ocrx_word' id='word_1_569' title='bbox 1010 4139 1266 4209; x_wconf 89' lang='lat' dir='ltr'><strong>templum</strong></span> <span class='ocrx_word' id='word_1_570' title='bbox 1313 4140 1633 4197; x_wconf 73' lang='lat' dir='ltr'><strong>mdiﬁcatum</strong></span> <span class='ocrx_word' id='word_1_571' title='bbox 1666 4150 2055 4212; x_wconf 84' lang='lat' dir='ltr'><strong>est,pervene-</strong></span> 
     </span>
    </p>
   </div>
   <div class='ocr_carea' id='block_1_75' title="bbox 486 4230 2058 4303">
    <p class='ocr_par' dir='ltr' id='par_1_75' title="bbox 486 4230 2058 4303">
     <span class='ocr_line' id='line_1_75' title="bbox 486 4230 2058 4303; baseline 0.001 -17"><span class='ocrx_word' id='word_1_572' title='bbox 486 4240 632 4286; x_wconf 88' lang='lat' dir='ltr'><strong>runt.</strong></span> <span class='ocrx_word' id='word_1_573' title='bbox 676 4230 807 4287; x_wconf 67' lang='lat' dir='ltr'><strong>Haec</strong></span> <span class='ocrx_word' id='word_1_574' title='bbox 832 4231 1049 4301; x_wconf 89' lang='lat' dir='ltr'><strong>quidem</strong></span> <span class='ocrx_word' id='word_1_575' title='bbox 1074 4230 1140 4286; x_wconf 89' lang='lat' dir='ltr'><strong>de</strong></span> <span class='ocrx_word' id='word_1_576' title='bbox 1169 4237 1441 4287; x_wconf 89' lang='lat' dir='ltr'><strong>structura</strong></span> <span class='ocrx_word' id='word_1_577' title='bbox 1484 4232 1669 4303; x_wconf 88' lang='lat' dir='ltr'><strong>templi</strong></span> <span class='ocrx_word' id='word_1_578' title='bbox 1718 4233 1957 4289; x_wconf 86' lang='lat' dir='ltr'><strong>studioso</strong></span> <span class='ocrx_word' id='word_1_579' title='bbox 1986 4232 2058 4288; x_wconf 88' lang='lat' dir='ltr'><strong>le-</strong></span> 
     </span>
    </p>
   </div>
   <div class='ocr_carea' id='block_1_76' title="bbox 486 4319 2058 4393">
    <p class='ocr_par' dir='ltr' id='par_1_76' title="bbox 486 4319 2058 4393">
     <span class='ocr_line' id='line_1_76' title="bbox 486 4319 2058 4393; baseline -0.001 -15"><span class='ocrx_word' id='word_1_580' title='bbox 486 4321 624 4378; x_wconf 88' lang='lat' dir='ltr'><strong>ctori</strong></span> <span class='ocrx_word' id='word_1_581' title='bbox 653 4319 980 4376; x_wconf 88' lang='lat' dir='ltr'><strong>credidimus</strong></span> <span class='ocrx_word' id='word_1_582' title='bbox 1023 4321 1339 4376; x_wconf 90' lang='lat' dir='ltr'><strong>intimanda.</strong></span> <span class='ocrx_word' id='word_1_583' title='bbox 1376 4322 1574 4379; x_wconf 82' lang='lat' dir='ltr'><strong>Verum</strong></span> <span class='ocrx_word' id='word_1_584' title='bbox 1617 4322 1673 4376; x_wconf 91' lang='lat' dir='ltr'><strong>in</strong></span> <span class='ocrx_word' id='word_1_585' title='bbox 1701 4323 1780 4378; x_wconf 91' lang='lat' dir='ltr'><strong>eis</strong></span> <span class='ocrx_word' id='word_1_586' title='bbox 1805 4338 2058 4393; x_wconf 68' lang='lat' dir='ltr'><strong>quaecun-</strong></span> 
     </span>
    </p>
   </div>
   <div class='ocr_carea' id='block_1_77' title="bbox 484 4410 2055 4484">
    <p class='ocr_par' dir='ltr' id='par_1_77' title="bbox 484 4410 2055 4484">
     <span class='ocr_line' id='line_1_77' title="bbox 484 4410 2055 4484; baseline 0.001 -18"><span class='ocrx_word' id='word_1_587' title='bbox 484 4428 590 4483; x_wconf 87' lang='lat' dir='ltr'><strong>que</strong></span> <span class='ocrx_word' id='word_1_588' title='bbox 619 4410 899 4483; x_wconf 89' lang='lat' dir='ltr'><strong>Scriptura</strong></span> <span class='ocrx_word' id='word_1_589' title='bbox 935 4426 1091 4467; x_wconf 90' lang='lat' dir='ltr'><strong>sacra</strong></span> <span class='ocrx_word' id='word_1_590' title='bbox 1119 4411 1325 4468; x_wconf 79' lang='lat' dir='ltr'><strong>referre</strong></span> <span class='ocrx_word' id='word_1_591' title='bbox 1354 4412 1693 4469; x_wconf 91' lang='lat' dir='ltr'><strong>commodum</strong></span> <span class='ocrx_word' id='word_1_592' title='bbox 1720 4413 1889 4477; x_wconf 79' lang='lat' dir='ltr'><strong>duxit,</strong></span> <span class='ocrx_word' id='word_1_593' title='bbox 1922 4413 2055 4484; x_wconf 88' lang='lat' dir='ltr'><strong>ﬁgu-</strong></span> 
     </span>
    </p>
   </div>
   <div class='ocr_carea' id='block_1_78' title="bbox 483 4502 2057 4575">
    <p class='ocr_par' dir='ltr' id='par_1_78' title="bbox 483 4502 2057 4575">
     <span class='ocr_line' id='line_1_78' title="bbox 483 4502 2057 4575; baseline -0.001 -16"><span class='ocrx_word' id='word_1_594' title='bbox 483 4519 574 4560; x_wconf 91' lang='lat' dir='ltr'><strong>ras</strong></span> <span class='ocrx_word' id='word_1_595' title='bbox 617 4502 995 4575; x_wconf 85' lang='lat' dir='ltr'><strong>mysteriorum</strong></span> <span class='ocrx_word' id='word_1_596' title='bbox 1039 4517 1360 4572; x_wconf 68' lang='lat' dir='ltr'><strong>quaaramus,</strong></span> <span class='ocrx_word' id='word_1_597' title='bbox 1416 4502 1626 4557; x_wconf 81' lang='lat' dir='ltr'><strong>caeteris</strong></span> <span class='ocrx_word' id='word_1_598' title='bbox 1680 4518 1779 4573; x_wconf 87' lang='lat' dir='ltr'><strong>pro</strong></span> <span class='ocrx_word' id='word_1_599' title='bbox 1817 4503 2057 4557; x_wconf 65' lang='lat' dir='ltr'><strong>historice</strong></span> 
     </span>
    </p>
   </div>
   <div class='ocr_carea' id='block_1_79' title="bbox 484 4589 2059 4664">
    <p class='ocr_par' dir='ltr' id='par_1_79' title="bbox 484 4589 2059 4664">
     <span class='ocr_line' id='line_1_79' title="bbox 484 4589 2059 4664; baseline -0.001 -16"><span class='ocrx_word' id='word_1_600' title='bbox 484 4593 790 4664; x_wconf 82' lang='lat' dir='ltr'><strong>cognitione</strong></span> <span class='ocrx_word' id='word_1_601' title='bbox 823 4591 1141 4660; x_wconf 87' lang='lat' dir='ltr'><strong>simpliciter</strong></span> <span class='ocrx_word' id='word_1_602' title='bbox 1164 4598 1398 4644; x_wconf 88' lang='lat' dir='ltr'><strong>utamur.</strong></span> <span class='ocrx_word' id='word_1_603' title='bbox 1426 4589 1737 4646; x_wconf 71' lang='lat' dir='ltr'><strong>ASdiﬁcium</strong></span> <span class='ocrx_word' id='word_1_604' title='bbox 1762 4591 1944 4660; x_wconf 88' lang='lat' dir='ltr'><strong>templi</strong></span> <span class='ocrx_word' id='word_1_605' title='bbox 1978 4592 2059 4646; x_wconf 92' lang='lat' dir='ltr'><strong>in-</strong></span> 
     </span>
    </p>
   </div>
   <div class='ocr_carea' id='block_1_80' title="bbox 488 4677 2061 4747">
    <p class='ocr_par' dir='ltr' id='par_1_80' title="bbox 488 4677 2061 4747">
     <span class='ocr_line' id='line_1_80' title="bbox 488 4677 2061 4747; baseline -0.001 -11"><span class='ocrx_word' id='word_1_606' title='bbox 488 4690 569 4736; x_wconf 89' lang='lat' dir='ltr'><strong>tra</strong></span> <span class='ocrx_word' id='word_1_607' title='bbox 614 4682 752 4735; x_wconf 92' lang='lat' dir='ltr'><strong>atria</strong></span> <span class='ocrx_word' id='word_1_608' title='bbox 796 4679 1160 4743; x_wconf 86' lang='lat' dir='ltr'><strong>sacerdotum,</strong></span> <span class='ocrx_word' id='word_1_609' title='bbox 1183 4677 1543 4747; x_wconf 84' lang='lat' dir='ltr'><strong>perfectorum</strong></span> <span class='ocrx_word' id='word_1_610' title='bbox 1586 4678 1639 4731; x_wconf 93' lang='lat' dir='ltr'><strong>in</strong></span> <span class='ocrx_word' id='word_1_611' title='bbox 1670 4689 1855 4733; x_wconf 86' lang='lat' dir='ltr'><strong>sancta</strong></span> <span class='ocrx_word' id='word_1_612' title='bbox 1883 4680 2061 4735; x_wconf 85' lang='lat' dir='ltr'><strong>Eccle-</strong></span> 
     </span>
    </p>
   </div>
   <div class='ocr_carea' id='block_1_81' title="bbox 487 4765 2059 4837">
    <p class='ocr_par' dir='ltr' id='par_1_81' title="bbox 487 4765 2059 4837">
     <span class='ocr_line' id='line_1_81' title="bbox 487 4765 2059 4837; baseline -0.001 -13"><span class='ocrx_word' id='word_1_613' title='bbox 487 4770 587 4835; x_wconf 90' lang='lat' dir='ltr'><strong>sia,</strong></span> <span class='ocrx_word' id='word_1_614' title='bbox 625 4778 679 4823; x_wconf 87' lang='lat' dir='ltr'><strong>et</strong></span> <span class='ocrx_word' id='word_1_615' title='bbox 714 4765 1026 4822; x_wconf 90' lang='lat' dir='ltr'><strong>sublimium</strong></span> <span class='ocrx_word' id='word_1_616' title='bbox 1054 4767 1218 4820; x_wconf 90' lang='lat' dir='ltr'><strong>vitam</strong></span> <span class='ocrx_word' id='word_1_617' title='bbox 1258 4766 1513 4837; x_wconf 73' lang='lat' dir='ltr'><strong>exprimit</strong></span> <span class='ocrx_word' id='word_1_618' title='bbox 1557 4767 1800 4821; x_wconf 90' lang='lat' dir='ltr'><strong>virorum</strong></span> <span class='ocrx_word' id='word_1_619' title='bbox 1832 4786 1844 4821; x_wconf 91' lang='lat'>:</span> <span class='ocrx_word' id='word_1_620' title='bbox 1872 4785 2059 4824; x_wconf 91' lang='lat' dir='ltr'><strong>eorum</strong></span> 
     </span>
    </p>
   </div>
   <div class='ocr_carea' id='block_1_82' title="bbox 487 4857 2060 4933">
    <p class='ocr_par' dir='ltr' id='par_1_82' title="bbox 487 4857 2060 4933">
     <span class='ocr_line' id='line_1_82' title="bbox 487 4857 2060 4933; baseline 0 -17"><span class='ocrx_word' id='word_1_621' title='bbox 487 4861 741 4932; x_wconf 88' lang='lat' dir='ltr'><strong>videlicet</strong></span> <span class='ocrx_word' id='word_1_622' title='bbox 760 4860 849 4930; x_wconf 91' lang='lat' dir='ltr'><strong>qui</strong></span> <span class='ocrx_word' id='word_1_623' title='bbox 876 4866 930 4914; x_wconf 91' lang='lat' dir='ltr'><strong>et</strong></span> <span class='ocrx_word' id='word_1_624' title='bbox 961 4857 1277 4913; x_wconf 80' lang='lat' dir='ltr'><strong>excellentia</strong></span> <span class='ocrx_word' id='word_1_625' title='bbox 1307 4858 1565 4914; x_wconf 89' lang='lat' dir='ltr'><strong>virtutum</strong></span> <span class='ocrx_word' id='word_1_626' title='bbox 1597 4860 1823 4916; x_wconf 91' lang='lat' dir='ltr'><strong>Domino</strong></span> <span class='ocrx_word' id='word_1_627' title='bbox 1868 4878 2060 4933; x_wconf 88' lang='lat' dir='ltr'><strong>appro-</strong></span> 
     </span>
    </p>
   </div>
   <div class='ocr_carea' id='block_1_83' title="bbox 489 4947 2062 5022">
    <p class='ocr_par' dir='ltr' id='par_1_83' title="bbox 489 4947 2062 5022">
     <span class='ocr_line' id='line_1_83' title="bbox 489 4947 2062 5022; baseline 0.002 -17"><span class='ocrx_word' id='word_1_628' title='bbox 489 4951 774 5022; x_wconf 88' lang='lat' dir='ltr'><strong>pinquare,</strong></span> <span class='ocrx_word' id='word_1_629' title='bbox 802 4956 859 5004; x_wconf 91' lang='lat' dir='ltr'><strong>et</strong></span> <span class='ocrx_word' id='word_1_630' title='bbox 893 4947 1010 5002; x_wconf 91' lang='lat' dir='ltr'><strong>aliis</strong></span> <span class='ocrx_word' id='word_1_631' title='bbox 1030 4947 1196 5003; x_wconf 91' lang='lat' dir='ltr'><strong>verbo</strong></span> <span class='ocrx_word' id='word_1_632' title='bbox 1224 4956 1386 5017; x_wconf 89' lang='lat' dir='ltr'><strong>atque</strong></span> <span class='ocrx_word' id='word_1_633' title='bbox 1415 4964 1575 5018; x_wconf 88' lang='lat' dir='ltr'><strong>opere</strong></span> <span class='ocrx_word' id='word_1_634' title='bbox 1608 4951 1864 5006; x_wconf 88' lang='lat' dir='ltr'><strong>ducatum</strong></span> <span class='ocrx_word' id='word_1_635' title='bbox 1888 4952 2062 5008; x_wconf 90' lang='lat' dir='ltr'><strong>solent</strong></span> 
     </span>
    </p>
   </div>
   <div class='ocr_carea' id='block_1_84' title="bbox 492 5040 2061 5112">
    <p class='ocr_par' dir='ltr' id='par_1_84' title="bbox 492 5040 2061 5112">
     <span class='ocr_line' id='line_1_84' title="bbox 492 5040 2061 5112; baseline 0.002 -13"><span class='ocrx_word' id='word_1_636' title='bbox 492 5044 780 5099; x_wconf 86' lang='lat' dir='ltr'><strong>ostendere</strong></span> <span class='ocrx_word' id='word_1_637' title='bbox 816 5041 1029 5097; x_wconf 88' lang='lat' dir='ltr'><strong>salutis.</strong></span> <span class='ocrx_word' id='word_1_638' title='bbox 1078 5040 1344 5097; x_wconf 79' lang='lat' dir='ltr'><strong>Sacerdos</strong></span> <span class='ocrx_word' id='word_1_639' title='bbox 1386 5058 1619 5112; x_wconf 88' lang='lat' dir='ltr'><strong>namque</strong></span> <span class='ocrx_word' id='word_1_640' title='bbox 1661 5045 1729 5098; x_wconf 92' lang='lat' dir='ltr'><strong>ab</strong></span> <span class='ocrx_word' id='word_1_641' title='bbox 1772 5059 1836 5100; x_wconf 93' lang='lat' dir='ltr'><strong>eo</strong></span> <span class='ocrx_word' id='word_1_642' title='bbox 1871 5044 2061 5102; x_wconf 87' lang='lat' dir='ltr'><strong>Latine</strong></span> 
     </span>
    </p>
   </div>
   <div class='ocr_carea' id='block_1_85' title="bbox 494 5130 2062 5201">
    <p class='ocr_par' dir='ltr' id='par_1_85' title="bbox 494 5130 2062 5201">
     <span class='ocr_line' id='line_1_85' title="bbox 494 5130 2062 5201; baseline 0.001 -14"><span class='ocrx_word' id='word_1_643' title='bbox 494 5146 690 5187; x_wconf 89' lang='lat' dir='ltr'><strong>nomen</strong></span> <span class='ocrx_word' id='word_1_644' title='bbox 726 5132 949 5201; x_wconf 89' lang='lat' dir='ltr'><strong>accepit,</strong></span> <span class='ocrx_word' id='word_1_645' title='bbox 981 5130 1124 5200; x_wconf 90' lang='lat' dir='ltr'><strong>quod</strong></span> <span class='ocrx_word' id='word_1_646' title='bbox 1158 5145 1370 5184; x_wconf 90' lang='lat' dir='ltr'><strong>sacrum</strong></span> <span class='ocrx_word' id='word_1_647' title='bbox 1391 5131 1634 5200; x_wconf 72' lang='lat' dir='ltr'><strong>prmbere</strong></span> <span class='ocrx_word' id='word_1_648' title='bbox 1669 5132 1920 5188; x_wconf 89' lang='lat' dir='ltr'><strong>ducatum</strong></span> <span class='ocrx_word' id='word_1_649' title='bbox 1964 5134 2062 5189; x_wconf 77' lang='lat' dir='ltr'><strong>mi.-</strong></span> 
     </span>
    </p>
   </div>
   <div class='ocr_carea' id='block_1_86' title="bbox 495 5219 2061 5292">
    <p class='ocr_par' dir='ltr' id='par_1_86' title="bbox 495 5219 2061 5292">
     <span class='ocr_line' id='line_1_86' title="bbox 495 5219 2061 5292; baseline 0.001 -15"><span class='ocrx_word' id='word_1_650' title='bbox 495 5222 717 5277; x_wconf 89' lang='lat' dir='ltr'><strong>noribus</strong></span> <span class='ocrx_word' id='word_1_651' title='bbox 744 5221 936 5276; x_wconf 86' lang='lat' dir='ltr'><strong>debeat</strong></span> <span class='ocrx_word' id='word_1_652' title='bbox 965 5237 979 5274; x_wconf 87' lang='lat'><strong>:</strong></span> <span class='ocrx_word' id='word_1_653' title='bbox 1023 5236 1132 5290; x_wconf 92' lang='lat' dir='ltr'><strong>quo</strong></span> <span class='ocrx_word' id='word_1_654' title='bbox 1166 5220 1383 5275; x_wconf 89' lang='lat' dir='ltr'><strong>nomine</strong></span> <span class='ocrx_word' id='word_1_655' title='bbox 1432 5221 1485 5274; x_wconf 92' lang='lat' dir='ltr'><strong>in</strong></span> <span class='ocrx_word' id='word_1_656' title='bbox 1508 5219 1802 5291; x_wconf 83' lang='lat' dir='ltr'><strong>Scripturis</strong></span> <span class='ocrx_word' id='word_1_657' title='bbox 1841 5223 2061 5292; x_wconf 80' lang='lat' dir='ltr'><strong>mystice</strong></span> 
     </span>
    </p>
   </div>
   <div class='ocr_carea' id='block_1_87' title="bbox 496 5312 2065 5386">
    <p class='ocr_par' dir='ltr' id='par_1_87' title="bbox 496 5312 2065 5386">
     <span class='ocr_line' id='line_1_87' title="bbox 496 5312 2065 5386; baseline 0.001 -17"><span class='ocrx_word' id='word_1_658' title='bbox 496 5328 601 5369; x_wconf 89' lang='lat' dir='ltr'><strong>non</strong></span> <span class='ocrx_word' id='word_1_659' title='bbox 631 5313 730 5368; x_wconf 91' lang='lat' dir='ltr'><strong>soli</strong></span> <span class='ocrx_word' id='word_1_660' title='bbox 766 5312 950 5368; x_wconf 88' lang='lat' dir='ltr'><strong>altaris</strong></span> <span class='ocrx_word' id='word_1_661' title='bbox 987 5314 1237 5377; x_wconf 88' lang='lat' dir='ltr'><strong>ministri,</strong></span> <span class='ocrx_word' id='word_1_662' title='bbox 1269 5312 1506 5384; x_wconf 90' lang='lat' dir='ltr'><strong>episcopi</strong></span> <span class='ocrx_word' id='word_1_663' title='bbox 1555 5314 1805 5369; x_wconf 87' lang='lat' dir='ltr'><strong>videlicet</strong></span> <span class='ocrx_word' id='word_1_664' title='bbox 1831 5324 1885 5369; x_wconf 91' lang='lat' dir='ltr'><strong>et</strong></span> <span class='ocrx_word' id='word_1_665' title='bbox 1912 5331 2065 5386; x_wconf 84' lang='lat' dir='ltr'><strong>pres-</strong></span> 
     </span>
    </p>
   </div>
   <div class='ocr_carea' id='block_1_88' title="bbox 494 5405 2065 5477">
    <p class='ocr_par' dir='ltr' id='par_1_88' title="bbox 494 5405 2065 5477">
     <span class='ocr_line' id='line_1_88' title="bbox 494 5405 2065 5477; baseline -0.001 -16"><span class='ocrx_word' id='word_1_666' title='bbox 494 5405 694 5477; x_wconf 79' lang='lat' dir='ltr'><strong>byteri,</strong></span> <span class='ocrx_word' id='word_1_667' title='bbox 754 5405 847 5460; x_wconf 87' lang='lat' dir='ltr'><strong>sed</strong></span> <span class='ocrx_word' id='word_1_668' title='bbox 887 5412 941 5458; x_wconf 91' lang='lat' dir='ltr'><strong>et</strong></span> <span class='ocrx_word' id='word_1_669' title='bbox 966 5419 1153 5460; x_wconf 90' lang='lat' dir='ltr'><strong>omnes</strong></span> <span class='ocrx_word' id='word_1_670' title='bbox 1180 5405 1367 5475; x_wconf 89' lang='lat' dir='ltr'><strong>utique</strong></span> <span class='ocrx_word' id='word_1_671' title='bbox 1414 5414 1721 5470; x_wconf 87' lang='lat' dir='ltr'><strong>censentur,</strong></span> <span class='ocrx_word' id='word_1_672' title='bbox 1751 5406 1844 5475; x_wconf 90' lang='lat' dir='ltr'><strong>qui</strong></span> <span class='ocrx_word' id='word_1_673' title='bbox 1880 5406 2065 5461; x_wconf 88' lang='lat' dir='ltr'><strong>altitu-</strong></span> 
     </span>
    </p>
   </div>
   <div class='ocr_carea' id='block_1_89' title="bbox 497 5494 2068 5556">
    <p class='ocr_par' dir='ltr' id='par_1_89' title="bbox 497 5494 2068 5556">
     <span class='ocr_line' id='line_1_89' title="bbox 497 5494 2068 5556; baseline 0.003 -5"><span class='ocrx_word' id='word_1_674' title='bbox 497 5496 623 5552; x_wconf 88' lang='lat' dir='ltr'><strong>dine</strong></span> <span class='ocrx_word' id='word_1_675' title='bbox 677 5504 837 5551; x_wconf 67' lang='lat' dir='ltr'><strong>rectze</strong></span> <span class='ocrx_word' id='word_1_676' title='bbox 881 5494 1310 5551; x_wconf 88' lang='lat' dir='ltr'><strong>conversationis</strong></span> <span class='ocrx_word' id='word_1_677' title='bbox 1363 5512 1427 5552; x_wconf 91' lang='lat' dir='ltr'><strong>ac</strong></span> <span class='ocrx_word' id='word_1_678' title='bbox 1482 5496 1740 5552; x_wconf 75' lang='lat' dir='ltr'><strong>doctrina:</strong></span> <span class='ocrx_word' id='word_1_679' title='bbox 1811 5498 2068 5556; x_wconf 89' lang='lat' dir='ltr'><strong>salutaris</strong></span> 
     </span>
    </p>
   </div>
   <div class='ocr_carea' id='block_1_90' title="bbox 499 5588 2070 5661">
    <p class='ocr_par' dir='ltr' id='par_1_90' title="bbox 499 5588 2070 5661">
     <span class='ocr_line' id='line_1_90' title="bbox 499 5588 2070 5661; baseline 0.001 -18"><span class='ocrx_word' id='word_1_680' title='bbox 499 5590 758 5644; x_wconf 89' lang='lat' dir='ltr'><strong>eminent.</strong></span> <span class='ocrx_word' id='word_1_681' title='bbox 788 5588 897 5644; x_wconf 86' lang='lat' dir='ltr'><strong>Nec</strong></span> <span class='ocrx_word' id='word_1_682' title='bbox 922 5588 1270 5659; x_wconf 90' lang='lat' dir='ltr'><strong>sibimetipsis</strong></span> <span class='ocrx_word' id='word_1_683' title='bbox 1296 5590 1690 5655; x_wconf 87' lang='lat' dir='ltr'><strong>tantummodo,</strong></span> <span class='ocrx_word' id='word_1_684' title='bbox 1718 5592 1813 5646; x_wconf 90' lang='lat' dir='ltr'><strong>sed</strong></span> <span class='ocrx_word' id='word_1_685' title='bbox 1860 5598 1916 5645; x_wconf 91' lang='lat' dir='ltr'><strong>et</strong></span> <span class='ocrx_word' id='word_1_686' title='bbox 1954 5591 2070 5661; x_wconf 88' lang='lat' dir='ltr'><strong>plu-</strong></span> 
     </span>
    </p>
   </div>
   <div class='ocr_carea' id='block_1_91' title="bbox 502 5678 2063 5751">
    <p class='ocr_par' dir='ltr' id='par_1_91' title="bbox 502 5678 2063 5751">
     <span class='ocr_line' id='line_1_91' title="bbox 502 5678 2063 5751; baseline 0.002 -18"><span class='ocrx_word' id='word_1_687' title='bbox 502 5678 672 5745; x_wconf 78' lang='lat' dir='ltr'><strong>ribas,</strong></span> <span class='ocrx_word' id='word_1_688' title='bbox 704 5679 794 5751; x_wconf 89' lang='lat' dir='ltr'><strong>qui</strong></span> <span class='ocrx_word' id='word_1_689' title='bbox 840 5679 966 5734; x_wconf 86' lang='lat' dir='ltr'><strong>dum</strong></span> <span class='ocrx_word' id='word_1_690' title='bbox 1016 5694 1242 5751; x_wconf 87' lang='lat' dir='ltr'><strong>corpora</strong></span> <span class='ocrx_word' id='word_1_691' title='bbox 1277 5696 1394 5749; x_wconf 85' lang='lat' dir='ltr'><strong>sua,</strong></span> <span class='ocrx_word' id='word_1_692' title='bbox 1453 5699 1471 5733; x_wconf 83' lang='grc' dir='ltr'><strong>ι</strong></span> <span class='ocrx_word' id='word_1_693' title='bbox 1507 5680 1735 5737; x_wconf 87' lang='lat' dir='ltr'><strong>hostiam</strong></span> <span class='ocrx_word' id='word_1_694' title='bbox 1773 5682 2063 5747; x_wconf 84' lang='lat' dir='ltr'><strong>viventem,</strong></span> 
     </span>
    </p>
   </div>
   <div class='ocr_carea' id='block_1_92' title="bbox 2149 3217 3731 3295">
    <p class='ocr_par' dir='ltr' id='par_1_92' title="bbox 2149 3217 3731 3295">
     <span class='ocr_line' id='line_1_92' title="bbox 2149 3217 3731 3295; baseline 0.007 -23"><span class='ocrx_word' id='word_1_695' title='bbox 2149 3217 2313 3272; x_wconf 84' lang='lat' dir='ltr'><strong>eﬁicit</strong></span> <span class='ocrx_word' id='word_1_696' title='bbox 2337 3217 2585 3275; x_wconf 87' lang='lat' dir='ltr'><strong>Christus</strong></span> <span class='ocrx_word' id='word_1_697' title='bbox 2617 3220 2669 3274; x_wconf 92' lang='lat' dir='ltr'><strong>in</strong></span> <span class='ocrx_word' id='word_1_698' title='bbox 2698 3220 3059 3279; x_wconf 87' lang='lat' dir='ltr'><strong>obedientiam</strong></span> <span class='ocrx_word' id='word_1_699' title='bbox 3097 3225 3341 3295; x_wconf 86' lang='lat' dir='ltr'><strong>gentium</strong></span> <span class='ocrx_word' id='word_1_700' title='bbox 3361 3228 3527 3282; x_wconf 85' lang='lat' dir='ltr'><strong>verbo</strong></span> <span class='ocrx_word' id='word_1_701' title='bbox 3559 3238 3617 3282; x_wconf 85' lang='lat' dir='ltr'><strong>et</strong></span> <span class='ocrx_word' id='word_1_702' title='bbox 3645 3228 3731 3283; x_wconf 83' lang='lat' dir='ltr'><strong>fa-</strong></span> 
     </span>
    </p>
   </div>
   <div class='ocr_carea' id='block_1_93' title="bbox 2149 3308 3734 3385">
    <p class='ocr_par' dir='ltr' id='par_1_93' title="bbox 2149 3308 3734 3385">
     <span class='ocr_line' id='line_1_93' title="bbox 2149 3308 3734 3385; baseline 0.006 -21"><span class='ocrx_word' id='word_1_703' title='bbox 2149 3310 2251 3364; x_wconf 90' lang='lat' dir='ltr'><strong>ctis</strong></span> <span class='ocrx_word' id='word_1_704' title='bbox 2297 3308 2489 3381; x_wconf 87' lang='lat' dir='ltr'><strong>(Rom.</strong></span> <span class='ocrx_word' id='word_1_705' title='bbox 2521 3310 2653 3385; x_wconf 84' lang='lat' dir='ltr'><strong>xv).</strong></span> <span class='ocrx_word' id='word_1_706' title='bbox 2693 3332 2712 3365; x_wconf 74' lang='grc' dir='ltr'><strong>ι</strong></span> <span class='ocrx_word' id='word_1_707' title='bbox 2776 3313 2845 3367; x_wconf 88' lang='lat' dir='ltr'><strong>Et</strong></span> <span class='ocrx_word' id='word_1_708' title='bbox 2880 3315 3081 3370; x_wconf 88' lang='lat' dir='ltr'><strong>iterum</strong></span> <span class='ocrx_word' id='word_1_709' title='bbox 3109 3334 3123 3372; x_wconf 92' lang='lat'>:</span> <span class='ocrx_word' id='word_1_710' title='bbox 3156 3334 3176 3368; x_wconf 72' lang='grc' dir='ltr'><strong>ι</strong></span> <span class='ocrx_word' id='word_1_711' title='bbox 3206 3317 3411 3375; x_wconf 82' lang='grc' dir='ltr'>Βοηιιιιι</span> <span class='ocrx_word' id='word_1_712' title='bbox 3456 3328 3734 3376; x_wconf 89' lang='lat' dir='ltr'><strong>certamen</strong></span> 
     </span>
    </p>
   </div>
   <div class='ocr_carea' id='block_1_94' title="bbox 2150 3399 3734 3470">
    <p class='ocr_par' dir='ltr' id='par_1_94' title="bbox 2150 3399 3734 3470">
     <span class='ocr_line' id='line_1_94' title="bbox 2150 3399 3734 3470; baseline 0.006 -15"><span class='ocrx_word' id='word_1_713' title='bbox 2150 3399 2374 3466; x_wconf 88' lang='lat' dir='ltr'><strong>certavi,</strong></span> <span class='ocrx_word' id='word_1_714' title='bbox 2399 3416 2619 3457; x_wconf 89' lang='lat' dir='ltr'><strong>cursum</strong></span> <span class='ocrx_word' id='word_1_715' title='bbox 2646 3406 3035 3470; x_wconf 87' lang='lat' dir='ltr'><strong>consummavi,</strong></span> <span class='ocrx_word' id='word_1_716' title='bbox 3066 3404 3225 3463; x_wconf 89' lang='lat' dir='ltr'><strong>ﬁdem</strong></span> <span class='ocrx_word' id='word_1_717' title='bbox 3255 3409 3483 3463; x_wconf 87' lang='lat' dir='ltr'><strong>servavi.</strong></span> <span class='ocrx_word' id='word_1_718' title='bbox 3516 3408 3593 3464; x_wconf 91' lang='lat' dir='ltr'><strong>De</strong></span> <span class='ocrx_word' id='word_1_719' title='bbox 3630 3424 3734 3464; x_wconf 67' lang='lat' dir='ltr'><strong>exe-</strong></span> 
     </span>
    </p>
   </div>
   <div class='ocr_carea' id='block_1_95' title="bbox 2150 3489 3729 3568">
    <p class='ocr_par' dir='ltr' id='par_1_95' title="bbox 2150 3489 3729 3568">
     <span class='ocr_line' id='line_1_95' title="bbox 2150 3489 3729 3568; baseline 0.006 -24"><span class='ocrx_word' id='word_1_720' title='bbox 2150 3496 2270 3544; x_wconf 84' lang='lat' dir='ltr'><strong>tero</strong></span> <span class='ocrx_word' id='word_1_721' title='bbox 2300 3489 2535 3560; x_wconf 79' lang='lat' dir='ltr'><strong>reposita</strong></span> <span class='ocrx_word' id='word_1_722' title='bbox 2561 3500 2643 3547; x_wconf 91' lang='lat' dir='ltr'><strong>est</strong></span> <span class='ocrx_word' id='word_1_723' title='bbox 2667 3492 2798 3547; x_wconf 85' lang='lat' dir='ltr'><strong>mihi</strong></span> <span class='ocrx_word' id='word_1_724' title='bbox 2829 3509 3026 3549; x_wconf 89' lang='lat' dir='ltr'><strong>corona</strong></span> <span class='ocrx_word' id='word_1_725' title='bbox 3049 3493 3275 3563; x_wconf 68' lang='lat' dir='ltr'><strong>iustitia:</strong></span> <span class='ocrx_word' id='word_1_726' title='bbox 3299 3496 3384 3568; x_wconf 90' lang='lat' dir='ltr'><strong>(II</strong></span> <span class='ocrx_word' id='word_1_727' title='bbox 3409 3497 3544 3552; x_wconf 81' lang='lat' dir='ltr'><strong>Tim.</strong></span> <span class='ocrx_word' id='word_1_728' title='bbox 3574 3502 3674 3567; x_wconf 84' lang='lat' dir='ltr'><strong>tv).</strong></span> <span class='ocrx_word' id='word_1_729' title='bbox 3708 3518 3729 3554; x_wconf 81' lang='grc'>›</span> 
     </span>
    </p>
   </div>
   <div class='ocr_carea' id='block_1_96' title="bbox 2150 3577 3735 3654">
    <p class='ocr_par' dir='ltr' id='par_1_96' title="bbox 2150 3577 3735 3654">
     <span class='ocr_line' id='line_1_96' title="bbox 2150 3577 3735 3654; baseline 0.006 -22"><span class='ocrx_word' id='word_1_730' title='bbox 2150 3577 2454 3636; x_wconf 85' lang='lat' dir='ltr'><strong>Accedebat</strong></span> <span class='ocrx_word' id='word_1_731' title='bbox 2492 3581 2706 3651; x_wconf 88' lang='lat' dir='ltr'><strong>quidem</strong></span> <span class='ocrx_word' id='word_1_732' title='bbox 2734 3583 2925 3654; x_wconf 89' lang='lat' dir='ltr'><strong>vulgus</strong></span> <span class='ocrx_word' id='word_1_733' title='bbox 2956 3600 3129 3654; x_wconf 89' lang='lat' dir='ltr'><strong>usque</strong></span> <span class='ocrx_word' id='word_1_734' title='bbox 3155 3586 3221 3641; x_wconf 90' lang='lat' dir='ltr'><strong>ad</strong></span> <span class='ocrx_word' id='word_1_735' title='bbox 3258 3587 3453 3641; x_wconf 90' lang='lat' dir='ltr'><strong>atrium</strong></span> <span class='ocrx_word' id='word_1_736' title='bbox 3482 3590 3735 3644; x_wconf 79' lang='lat' dir='ltr'><strong>sacerdo-</strong></span> 
     </span>
    </p>
   </div>
   <div class='ocr_carea' id='block_1_97' title="bbox 2152 3671 3737 3751">
    <p class='ocr_par' dir='ltr' id='par_1_97' title="bbox 2152 3671 3737 3751">
     <span class='ocr_line' id='line_1_97' title="bbox 2152 3671 3737 3751; baseline 0.008 -27"><span class='ocrx_word' id='word_1_737' title='bbox 2152 3679 2287 3737; x_wconf 88' lang='lat' dir='ltr'><strong>tum,</strong></span> <span class='ocrx_word' id='word_1_738' title='bbox 2324 3671 2632 3742; x_wconf 84' lang='lat' dir='ltr'><strong>bostiasque</strong></span> <span class='ocrx_word' id='word_1_739' title='bbox 2672 3689 2797 3729; x_wconf 90' lang='lat' dir='ltr'><strong>suas</strong></span> <span class='ocrx_word' id='word_1_740' title='bbox 2838 3675 2905 3730; x_wconf 91' lang='lat' dir='ltr'><strong>ad</strong></span> <span class='ocrx_word' id='word_1_741' title='bbox 2935 3674 3092 3751; x_wconf 83' lang='lat' dir='ltr'><strong>hujus</strong></span> <span class='ocrx_word' id='word_1_742' title='bbox 3122 3686 3309 3748; x_wconf 81' lang='lat' dir='ltr'><strong>usque</strong></span> <span class='ocrx_word' id='word_1_743' title='bbox 3332 3679 3553 3749; x_wconf 88' lang='lat' dir='ltr'><strong>januam</strong></span> <span class='ocrx_word' id='word_1_744' title='bbox 3586 3680 3737 3737; x_wconf 56' lang='lat' dir='ltr'><strong>dere.</strong></span> 
     </span>
    </p>
   </div>
   <div class='ocr_carea' id='block_1_98' title="bbox 2152 3759 3733 3837">
    <p class='ocr_par' dir='ltr' id='par_1_98' title="bbox 2152 3759 3733 3837">
     <span class='ocr_line' id='line_1_98' title="bbox 2152 3759 3733 3837; baseline 0.006 -22"><span class='ocrx_word' id='word_1_745' title='bbox 2152 3759 2304 3815; x_wconf 91' lang='lat' dir='ltr'><strong>rebat</strong></span> <span class='ocrx_word' id='word_1_746' title='bbox 2333 3770 2610 3831; x_wconf 91' lang='lat' dir='ltr'><strong>susceptas</strong></span> <span class='ocrx_word' id='word_1_747' title='bbox 2649 3778 2680 3816; x_wconf 90' lang='lat' dir='ltr'><strong>a</strong></span> <span class='ocrx_word' id='word_1_748' title='bbox 2708 3764 3095 3831; x_wconf 89' lang='lat' dir='ltr'><strong>sacerdotibus,</strong></span> <span class='ocrx_word' id='word_1_749' title='bbox 3121 3774 3284 3837; x_wconf 89' lang='lat' dir='ltr'><strong>atque</strong></span> <span class='ocrx_word' id='word_1_750' title='bbox 3310 3767 3366 3822; x_wconf 92' lang='lat' dir='ltr'><strong>in</strong></span> <span class='ocrx_word' id='word_1_751' title='bbox 3397 3768 3553 3824; x_wconf 80' lang='lat' dir='ltr'><strong>altari</strong></span> <span class='ocrx_word' id='word_1_752' title='bbox 3580 3771 3733 3825; x_wconf 87' lang='lat' dir='ltr'><strong>obla-</strong></span> 
     </span>
    </p>
   </div>
   <div class='ocr_carea' id='block_1_99' title="bbox 2153 3851 3729 3931">
    <p class='ocr_par' dir='ltr' id='par_1_99' title="bbox 2153 3851 3729 3931">
     <span class='ocr_line' id='line_1_99' title="bbox 2153 3851 3729 3931; baseline 0.006 -25"><span class='ocrx_word' id='word_1_753' title='bbox 2153 3859 2237 3907; x_wconf 91' lang='lat' dir='ltr'><strong>tas</strong></span> <span class='ocrx_word' id='word_1_754' title='bbox 2271 3851 2439 3908; x_wconf 89' lang='lat' dir='ltr'><strong>oculis</strong></span> <span class='ocrx_word' id='word_1_755' title='bbox 2466 3854 2911 3924; x_wconf 88' lang='lat' dir='ltr'><strong>prosequebatur.</strong></span> <span class='ocrx_word' id='word_1_756' title='bbox 2951 3855 3008 3910; x_wconf 91' lang='lat' dir='ltr'><strong>In</strong></span> <span class='ocrx_word' id='word_1_757' title='bbox 3039 3857 3213 3927; x_wconf 86' lang='lat' dir='ltr'><strong>ipsum</strong></span> <span class='ocrx_word' id='word_1_758' title='bbox 3246 3860 3410 3914; x_wconf 88' lang='lat' dir='ltr'><strong>etiam</strong></span> <span class='ocrx_word' id='word_1_759' title='bbox 3446 3862 3729 3931; x_wconf 87' lang='lat' dir='ltr'><strong>templum,</strong></span> 
     </span>
    </p>
   </div>
   <div class='ocr_carea' id='block_1_100' title="bbox 2152 3947 3735 4022">
    <p class='ocr_par' dir='ltr' id='par_1_100' title="bbox 2152 3947 3735 4022">
     <span class='ocr_line' id='line_1_100' title="bbox 2152 3947 3735 4022; baseline 0.001 -19"><span class='ocrx_word' id='word_1_760' title='bbox 2152 3963 2276 4003; x_wconf 90' lang='lat' dir='ltr'><strong>cum</strong></span> <span class='ocrx_word' id='word_1_761' title='bbox 2311 3947 2672 4019; x_wconf 89' lang='lat' dir='ltr'><strong>aperiebatur,</strong></span> <span class='ocrx_word' id='word_1_762' title='bbox 2705 3949 2959 4004; x_wconf 90' lang='lat' dir='ltr'><strong>intuitum</strong></span> <span class='ocrx_word' id='word_1_763' title='bbox 2998 3965 3151 4005; x_wconf 87' lang='lat' dir='ltr'><strong>suum</strong></span> <span class='ocrx_word' id='word_1_764' title='bbox 3186 3966 3217 4005; x_wconf 91' lang='lat' dir='ltr'><strong>a</strong></span> <span class='ocrx_word' id='word_1_765' title='bbox 3254 3950 3412 4021; x_wconf 85' lang='lat' dir='ltr'><strong>longe</strong></span> <span class='ocrx_word' id='word_1_766' title='bbox 3445 3951 3735 4022; x_wconf 88' lang='lat' dir='ltr'><strong>dirigebat,</strong></span> 
     </span>
    </p>
   </div>
   <div class='ocr_carea' id='block_1_101' title="bbox 2152 4040 3736 4098">
    <p class='ocr_par' dir='ltr' id='par_1_101' title="bbox 2152 4040 3736 4098">
     <span class='ocr_line' id='line_1_101' title="bbox 2152 4040 3736 4098; baseline 0.002 -3"><span class='ocrx_word' id='word_1_767' title='bbox 2152 4055 2253 4095; x_wconf 93' lang='lat' dir='ltr'><strong>nec</strong></span> <span class='ocrx_word' id='word_1_768' title='bbox 2285 4047 2464 4096; x_wconf 89' lang='lat' dir='ltr'><strong>tamen</strong></span> <span class='ocrx_word' id='word_1_769' title='bbox 2511 4041 2719 4095; x_wconf 54' lang='lat' dir='ltr'><strong>atrium’</strong></span> <span class='ocrx_word' id='word_1_770' title='bbox 2752 4041 3094 4096; x_wconf 90' lang='lat' dir='ltr'><strong>sacerdotum</strong></span> <span class='ocrx_word' id='word_1_771' title='bbox 3145 4041 3379 4097; x_wconf 86' lang='lat' dir='ltr'><strong>intrandi</strong></span> <span class='ocrx_word' id='word_1_772' title='bbox 3423 4040 3736 4098; x_wconf 83' lang='lat' dir='ltr'><strong>facultatem</strong></span> 
     </span>
    </p>
   </div>
   <div class='ocr_carea' id='block_1_102' title="bbox 2154 4126 3737 4189">
    <p class='ocr_par' dir='ltr' id='par_1_102' title="bbox 2154 4126 3737 4189">
     <span class='ocr_line' id='line_1_102' title="bbox 2154 4126 3737 4189; baseline 0.001 -2"><span class='ocrx_word' id='word_1_773' title='bbox 2154 4132 2404 4187; x_wconf 82' lang='lat' dir='ltr'><strong>habebat.</strong></span> <span class='ocrx_word' id='word_1_774' title='bbox 2458 4133 2656 4188; x_wconf 76' lang='lat' dir='ltr'><strong>Verum</strong></span> <span class='ocrx_word' id='word_1_775' title='bbox 2684 4132 2752 4187; x_wconf 87' lang='lat' dir='ltr'><strong>de</strong></span> <span class='ocrx_word' id='word_1_776' title='bbox 2791 4126 3136 4189; x_wconf 80' lang='lat' dir='ltr'><strong>inferioribus</strong></span> <span class='ocrx_word' id='word_1_777' title='bbox 3171 4131 3440 4188; x_wconf 88' lang='lat' dir='ltr'><strong>clamabat</strong></span> <span class='ocrx_word' id='word_1_778' title='bbox 3465 4134 3531 4188; x_wconf 89' lang='lat' dir='ltr'><strong>ad</strong></span> <span class='ocrx_word' id='word_1_779' title='bbox 3556 4132 3737 4189; x_wconf 81' lang='lat' dir='ltr'><strong>Domi-</strong></span> 
     </span>
    </p>
   </div>
   <div class='ocr_carea' id='block_1_103' title="bbox 2155 4226 3737 4299">
    <p class='ocr_par' dir='ltr' id='par_1_103' title="bbox 2155 4226 3737 4299">
     <span class='ocr_line' id='line_1_103' title="bbox 2155 4226 3737 4299; baseline 0.002 -18"><span class='ocrx_word' id='word_1_780' title='bbox 2155 4241 2305 4281; x_wconf 89' lang='lat' dir='ltr'><strong>num.</strong></span> <span class='ocrx_word' id='word_1_781' title='bbox 2356 4226 2490 4292; x_wconf 85' lang='lat' dir='ltr'><strong>Quia</strong></span> <span class='ocrx_word' id='word_1_782' title='bbox 2534 4242 2634 4281; x_wconf 91' lang='lat' dir='ltr'><strong>nec</strong></span> <span class='ocrx_word' id='word_1_783' title='bbox 2676 4226 2975 4281; x_wconf 89' lang='lat' dir='ltr'><strong>carnalium</strong></span> <span class='ocrx_word' id='word_1_784' title='bbox 3031 4228 3084 4282; x_wconf 86' lang='lat' dir='ltr'><strong>in</strong></span> <span class='ocrx_word' id='word_1_785' title='bbox 3130 4227 3371 4283; x_wconf 89' lang='lat' dir='ltr'><strong>Ecclesia</strong></span> <span class='ocrx_word' id='word_1_786' title='bbox 3421 4228 3737 4299; x_wconf 88' lang='lat' dir='ltr'><strong>simplicitas</strong></span> 
     </span>
    </p>
   </div>
   <div class='ocr_carea' id='block_1_104' title="bbox 2158 4313 3734 4386">
    <p class='ocr_par' dir='ltr' id='par_1_104' title="bbox 2158 4313 3734 4386">
     <span class='ocr_line' id='line_1_104' title="bbox 2158 4313 3734 4386; baseline 0.002 -19"><span class='ocrx_word' id='word_1_787' title='bbox 2158 4329 2189 4367; x_wconf 90' lang='lat' dir='ltr'><strong>a</strong></span> <span class='ocrx_word' id='word_1_788' title='bbox 2213 4314 2443 4368; x_wconf 88' lang='lat' dir='ltr'><strong>Domino</strong></span> <span class='ocrx_word' id='word_1_789' title='bbox 2466 4313 2778 4382; x_wconf 87' lang='lat' dir='ltr'><strong>despicitur,</strong></span> <span class='ocrx_word' id='word_1_790' title='bbox 2812 4314 3027 4384; x_wconf 89' lang='lat' dir='ltr'><strong>quando</strong></span> <span class='ocrx_word' id='word_1_791' title='bbox 3058 4313 3287 4370; x_wconf 88' lang='lat' dir='ltr'><strong>ﬁdeliter</strong></span> <span class='ocrx_word' id='word_1_792' title='bbox 3315 4329 3379 4370; x_wconf 90' lang='lat' dir='ltr'><strong>ea</strong></span> <span class='ocrx_word' id='word_1_793' title='bbox 3410 4332 3529 4386; x_wconf 69' lang='lat' dir='ltr'><strong>quae</strong></span> <span class='ocrx_word' id='word_1_794' title='bbox 3551 4315 3734 4370; x_wconf 86' lang='lat' dir='ltr'><strong>valent</strong></span> 
     </span>
    </p>
   </div>
   <div class='ocr_carea' id='block_1_105' title="bbox 2161 4402 3737 4474">
    <p class='ocr_par' dir='ltr' id='par_1_105' title="bbox 2161 4402 3737 4474">
     <span class='ocr_line' id='line_1_105' title="bbox 2161 4402 3737 4474; baseline 0.002 -17"><span class='ocrx_word' id='word_1_795' title='bbox 2161 4404 2237 4458; x_wconf 84' lang='lat' dir='ltr'><strong>illi</strong></span> <span class='ocrx_word' id='word_1_796' title='bbox 2289 4413 2410 4459; x_wconf 88' lang='lat' dir='ltr'><strong>vota</strong></span> <span class='ocrx_word' id='word_1_797' title='bbox 2458 4404 2674 4472; x_wconf 90' lang='lat' dir='ltr'><strong>pietatis</strong></span> <span class='ocrx_word' id='word_1_798' title='bbox 2726 4402 2977 4460; x_wconf 78' lang='lat' dir='ltr'><strong>offerunt.</strong></span> <span class='ocrx_word' id='word_1_799' title='bbox 3036 4404 3285 4474; x_wconf 88' lang='lat' dir='ltr'><strong>Dirigunt</strong></span> <span class='ocrx_word' id='word_1_800' title='bbox 3326 4406 3473 4460; x_wconf 91' lang='lat' dir='ltr'><strong>enim</strong></span> <span class='ocrx_word' id='word_1_801' title='bbox 3519 4405 3667 4461; x_wconf 89' lang='lat' dir='ltr'><strong>visus</strong></span> <span class='ocrx_word' id='word_1_802' title='bbox 3703 4421 3737 4460; x_wconf 87' lang='lat' dir='ltr'><strong>a</strong></span> 
     </span>
    </p>
   </div>
   <div class='ocr_carea' id='block_1_106' title="bbox 2160 4495 3739 4568">
    <p class='ocr_par' dir='ltr' id='par_1_106' title="bbox 2160 4495 3739 4568">
     <span class='ocr_line' id='line_1_106' title="bbox 2160 4495 3739 4568; baseline 0.001 -18"><span class='ocrx_word' id='word_1_803' title='bbox 2160 4498 2315 4568; x_wconf 88' lang='lat' dir='ltr'><strong>longe</strong></span> <span class='ocrx_word' id='word_1_804' title='bbox 2339 4496 2393 4550; x_wconf 92' lang='lat' dir='ltr'><strong>in</strong></span> <span class='ocrx_word' id='word_1_805' title='bbox 2423 4497 2678 4567; x_wconf 85' lang='lat' dir='ltr'><strong>templum</strong></span> <span class='ocrx_word' id='word_1_806' title='bbox 2700 4495 2815 4562; x_wconf 88' lang='lat' dir='ltr'><strong>Dei,</strong></span> <span class='ocrx_word' id='word_1_807' title='bbox 2842 4510 2967 4552; x_wconf 90' lang='lat' dir='ltr'><strong>cum</strong></span> <span class='ocrx_word' id='word_1_808' title='bbox 2992 4497 3157 4551; x_wconf 85' lang='lat' dir='ltr'><strong>vitam</strong></span> <span class='ocrx_word' id='word_1_809' title='bbox 3188 4497 3496 4551; x_wconf 83' lang='lat' dir='ltr'><strong>sublimium</strong></span> <span class='ocrx_word' id='word_1_810' title='bbox 3523 4497 3739 4552; x_wconf 86' lang='lat' dir='ltr'><strong>discere</strong></span> 
     </span>
    </p>
   </div>
   <div class='ocr_carea' id='block_1_107' title="bbox 2161 4588 3740 4660">
    <p class='ocr_par' dir='ltr' id='par_1_107' title="bbox 2161 4588 3740 4660">
     <span class='ocr_line' id='line_1_107' title="bbox 2161 4588 3740 4660; baseline 0.001 -18"><span class='ocrx_word' id='word_1_811' title='bbox 2161 4597 2216 4642; x_wconf 90' lang='lat' dir='ltr'><strong>et</strong></span> <span class='ocrx_word' id='word_1_812' title='bbox 2246 4588 2501 4643; x_wconf 89' lang='lat' dir='ltr'><strong>admirari</strong></span> <span class='ocrx_word' id='word_1_813' title='bbox 2536 4588 2733 4643; x_wconf 86' lang='lat' dir='ltr'><strong>sedulo</strong></span> <span class='ocrx_word' id='word_1_814' title='bbox 2760 4589 3009 4660; x_wconf 83' lang='lat' dir='ltr'><strong>gaudent,</strong></span> <span class='ocrx_word' id='word_1_815' title='bbox 3057 4597 3112 4642; x_wconf 91' lang='lat' dir='ltr'><strong>et</strong></span> <span class='ocrx_word' id='word_1_816' title='bbox 3137 4603 3272 4658; x_wconf 90' lang='lat' dir='ltr'><strong>quos</strong></span> <span class='ocrx_word' id='word_1_817' title='bbox 3302 4589 3518 4643; x_wconf 89' lang='lat' dir='ltr'><strong>virtutis</strong></span> <span class='ocrx_word' id='word_1_818' title='bbox 3560 4589 3740 4643; x_wconf 86' lang='lat' dir='ltr'><strong>imita-</strong></span> 
     </span>
    </p>
   </div>
   <div class='ocr_carea' id='block_1_108' title="bbox 2161 4680 3742 4751">
    <p class='ocr_par' dir='ltr' id='par_1_108' title="bbox 2161 4680 3742 4751">
     <span class='ocr_line' id='line_1_108' title="bbox 2161 4680 3742 4751; baseline 0.001 -18"><span class='ocrx_word' id='word_1_819' title='bbox 2161 4680 2308 4734; x_wconf 91' lang='lat' dir='ltr'><strong>tione</strong></span> <span class='ocrx_word' id='word_1_820' title='bbox 2346 4681 2496 4749; x_wconf 90' lang='lat' dir='ltr'><strong>scqui</strong></span> <span class='ocrx_word' id='word_1_821' title='bbox 2534 4691 2826 4750; x_wconf 89' lang='lat' dir='ltr'><strong>nequeunt,</strong></span> <span class='ocrx_word' id='word_1_822' title='bbox 2862 4681 2963 4751; x_wconf 69' lang='lat' dir='ltr'><strong>pice</strong></span> <span class='ocrx_word' id='word_1_823' title='bbox 2982 4680 3346 4736; x_wconf 87' lang='lat' dir='ltr'><strong>venerationis</strong></span> <span class='ocrx_word' id='word_1_824' title='bbox 3375 4681 3742 4751; x_wconf 80' lang='lat' dir='ltr'><strong>complectun-</strong></span> 
     </span>
    </p>
   </div>
   <div class='ocr_carea' id='block_1_109' title="bbox 2164 4770 3740 4843">
    <p class='ocr_par' dir='ltr' id='par_1_109' title="bbox 2164 4770 3740 4843">
     <span class='ocr_line' id='line_1_109' title="bbox 2164 4770 3740 4843; baseline 0.002 -18"><span class='ocrx_word' id='word_1_825' title='bbox 2164 4779 2253 4825; x_wconf 91' lang='lat' dir='ltr'><strong>tur</strong></span> <span class='ocrx_word' id='word_1_826' title='bbox 2278 4770 2491 4827; x_wconf 86' lang='lat' dir='ltr'><strong>aﬁ&#39;ectu.</strong></span> <span class='ocrx_word' id='word_1_827' title='bbox 2525 4772 2722 4827; x_wconf 73' lang='lat' dir='ltr'><strong>Vident</strong></span> <span class='ocrx_word' id='word_1_828' title='bbox 2749 4773 2954 4828; x_wconf 87' lang='lat' dir='ltr'><strong>hostias</strong></span> <span class='ocrx_word' id='word_1_829' title='bbox 2980 4774 3316 4828; x_wconf 87' lang='lat' dir='ltr'><strong>sacerdotum</strong></span> <span class='ocrx_word' id='word_1_830' title='bbox 3346 4771 3400 4827; x_wconf 90' lang='lat' dir='ltr'><strong>in</strong></span> <span class='ocrx_word' id='word_1_831' title='bbox 3428 4772 3585 4827; x_wconf 88' lang='lat' dir='ltr'><strong>altari</strong></span> <span class='ocrx_word' id='word_1_832' title='bbox 3617 4773 3740 4843; x_wconf 91' lang='lat' dir='ltr'><strong>igne</strong></span> 
     </span>
    </p>
   </div>
   <div class='ocr_carea' id='block_1_110' title="bbox 2163 4863 3744 4935">
    <p class='ocr_par' dir='ltr' id='par_1_110' title="bbox 2163 4863 3744 4935">
     <span class='ocr_line' id='line_1_110' title="bbox 2163 4863 3744 4935; baseline 0.003 -19"><span class='ocrx_word' id='word_1_833' title='bbox 2163 4870 2506 4931; x_wconf 87' lang='lat' dir='ltr'><strong>sacrosancto</strong></span> <span class='ocrx_word' id='word_1_834' title='bbox 2536 4863 2798 4927; x_wconf 87' lang='lat' dir='ltr'><strong>consumi,</strong></span> <span class='ocrx_word' id='word_1_835' title='bbox 2832 4864 2955 4932; x_wconf 88' lang='lat' dir='ltr'><strong>quia</strong></span> <span class='ocrx_word' id='word_1_836' title='bbox 3000 4880 3318 4935; x_wconf 88' lang='lat' dir='ltr'><strong>magnorum</strong></span> <span class='ocrx_word' id='word_1_837' title='bbox 3346 4879 3510 4934; x_wconf 84' lang='lat' dir='ltr'><strong>opera</strong></span> <span class='ocrx_word' id='word_1_838' title='bbox 3539 4880 3744 4934; x_wconf 83' lang='lat' dir='ltr'><strong>cogno-</strong></span> 
     </span>
    </p>
   </div>
   <div class='ocr_carea' id='block_1_111' title="bbox 2163 4955 3743 5027">
    <p class='ocr_par' dir='ltr' id='par_1_111' title="bbox 2163 4955 3743 5027">
     <span class='ocr_line' id='line_1_111' title="bbox 2163 4955 3743 5027; baseline 0.002 -17"><span class='ocrx_word' id='word_1_839' title='bbox 2163 4964 2318 5011; x_wconf 89' lang='lat' dir='ltr'><strong>scunt</strong></span> <span class='ocrx_word' id='word_1_840' title='bbox 2369 4972 2399 5010; x_wconf 89' lang='lat' dir='ltr'><strong>a</strong></span> <span class='ocrx_word' id='word_1_841' title='bbox 2427 4955 2653 5012; x_wconf 91' lang='lat' dir='ltr'><strong>Domino</strong></span> <span class='ocrx_word' id='word_1_842' title='bbox 2697 4972 2795 5027; x_wconf 91' lang='lat' dir='ltr'><strong>per</strong></span> <span class='ocrx_word' id='word_1_843' title='bbox 2842 4956 3101 5027; x_wconf 89' lang='lat' dir='ltr'><strong>Spiritum</strong></span> <span class='ocrx_word' id='word_1_844' title='bbox 3154 4968 3400 5015; x_wconf 88' lang='lat' dir='ltr'><strong>sanctum</strong></span> <span class='ocrx_word' id='word_1_845' title='bbox 3456 4958 3743 5027; x_wconf 82' lang='lat' dir='ltr'><strong>dignanter</strong></span> 
     </span>
    </p>
   </div>
   <div class='ocr_carea' id='block_1_112' title="bbox 2164 5043 3739 5115">
    <p class='ocr_par' dir='ltr' id='par_1_112' title="bbox 2164 5043 3739 5115">
     <span class='ocr_line' id='line_1_112' title="bbox 2164 5043 3739 5115; baseline 0.001 -15"><span class='ocrx_word' id='word_1_846' title='bbox 2164 5045 2350 5115; x_wconf 91' lang='lat' dir='ltr'><strong>accipi.</strong></span> <span class='ocrx_word' id='word_1_847' title='bbox 2383 5043 2627 5098; x_wconf 78' lang='lat' dir='ltr'><strong>Ali&#39;erunt</strong></span> <span class='ocrx_word' id='word_1_848' title='bbox 2672 5054 2723 5100; x_wconf 88' lang='lat' dir='ltr'><strong>et</strong></span> <span class='ocrx_word' id='word_1_849' title='bbox 2749 5062 2874 5101; x_wconf 88' lang='lat' dir='ltr'><strong>suas</strong></span> <span class='ocrx_word' id='word_1_850' title='bbox 2915 5048 3120 5102; x_wconf 89' lang='lat' dir='ltr'><strong>hostias</strong></span> <span class='ocrx_word' id='word_1_851' title='bbox 3148 5050 3214 5102; x_wconf 91' lang='lat' dir='ltr'><strong>ad</strong></span> <span class='ocrx_word' id='word_1_852' title='bbox 3242 5049 3439 5103; x_wconf 84' lang='lat' dir='ltr'><strong>atrium</strong></span> <span class='ocrx_word' id='word_1_853' title='bbox 3486 5048 3739 5103; x_wconf 89' lang='lat' dir='ltr'><strong>sacerdo-</strong></span> 
     </span>
    </p>
   </div>
   <div class='ocr_carea' id='block_1_113' title="bbox 2165 5134 3743 5208">
    <p class='ocr_par' dir='ltr' id='par_1_113' title="bbox 2165 5134 3743 5208">
     <span class='ocr_line' id='line_1_113' title="bbox 2165 5134 3743 5208; baseline 0.003 -20"><span class='ocrx_word' id='word_1_854' title='bbox 2165 5143 2277 5189; x_wconf 92' lang='lat' dir='ltr'><strong>tum</strong></span> <span class='ocrx_word' id='word_1_855' title='bbox 2329 5134 2628 5190; x_wconf 77' lang='lat' dir='ltr'><strong>olfereudas</strong></span> <span class='ocrx_word' id='word_1_856' title='bbox 2669 5134 2897 5191; x_wconf 89' lang='lat' dir='ltr'><strong>Domino</strong></span> <span class='ocrx_word' id='word_1_857' title='bbox 2947 5152 3045 5208; x_wconf 89' lang='lat' dir='ltr'><strong>per</strong></span> <span class='ocrx_word' id='word_1_858' title='bbox 3072 5137 3369 5203; x_wconf 91' lang='lat' dir='ltr'><strong>illos,dum</strong></span> <span class='ocrx_word' id='word_1_859' title='bbox 3413 5139 3571 5201; x_wconf 89' lang='lat' dir='ltr'><strong>bona,</strong></span> <span class='ocrx_word' id='word_1_860' title='bbox 3620 5153 3743 5206; x_wconf 61' lang='lat' dir='ltr'><strong>quae</strong></span> 
     </span>
    </p>
   </div>
   <div class='ocr_carea' id='block_1_114' title="bbox 2146 5224 3747 5299">
    <p class='ocr_par' dir='ltr' id='par_1_114' title="bbox 2146 5224 3747 5299">
     <span class='ocr_line' id='line_1_114' title="bbox 2146 5224 3747 5299; baseline -0.001 -17"><span class='ocrx_word' id='word_1_861' title='bbox 2146 5224 2475 5296; x_wconf 79' lang='lat' dir='ltr'><strong>.pr:cvalcnt,</strong></span> <span class='ocrx_word' id='word_1_862' title='bbox 2534 5234 2840 5296; x_wconf 89' lang='lat' dir='ltr'><strong>operantes,</strong></span> <span class='ocrx_word' id='word_1_863' title='bbox 2888 5229 3157 5299; x_wconf 78' lang='lat' dir='ltr'><strong>majorum</strong></span> <span class='ocrx_word' id='word_1_864' title='bbox 3207 5243 3271 5283; x_wconf 88' lang='lat' dir='ltr'><strong>ac</strong></span> <span class='ocrx_word' id='word_1_865' title='bbox 3327 5227 3629 5282; x_wconf 87' lang='lat' dir='ltr'><strong>doctiorum</strong></span> <span class='ocrx_word' id='word_1_866' title='bbox 3685 5234 3747 5281; x_wconf 89' lang='lat' dir='ltr'><strong>et</strong></span> 
     </span>
    </p>
   </div>
   <div class='ocr_carea' id='block_1_115' title="bbox 2167 5316 3747 5382">
    <p class='ocr_par' dir='ltr' id='par_1_115' title="bbox 2167 5316 3747 5382">
     <span class='ocr_line' id='line_1_115' title="bbox 2167 5316 3747 5382; baseline 0.001 -11"><span class='ocrx_word' id='word_1_867' title='bbox 2167 5316 2554 5371; x_wconf 85' lang='lat' dir='ltr'><strong>conﬁrmantur</strong></span> <span class='ocrx_word' id='word_1_868' title='bbox 2596 5318 2988 5382; x_wconf 76' lang='lat' dir='ltr'><strong>exhortatione,</strong></span> <span class='ocrx_word' id='word_1_869' title='bbox 3019 5326 3073 5373; x_wconf 88' lang='lat' dir='ltr'><strong>et</strong></span> <span class='ocrx_word' id='word_1_870' title='bbox 3104 5317 3494 5373; x_wconf 78' lang='lat' dir='ltr'><strong>intercessione</strong></span> <span class='ocrx_word' id='word_1_871' title='bbox 3516 5317 3747 5372; x_wconf 89' lang='lat' dir='ltr'><strong>Domino</strong></span> 
     </span>
    </p>
   </div>
   <div class='ocr_carea' id='block_1_116' title="bbox 2167 5405 3749 5463">
    <p class='ocr_par' dir='ltr' id='par_1_116' title="bbox 2167 5405 3749 5463">
     <span class='ocr_line' id='line_1_116' title="bbox 2167 5405 3749 5463; baseline -0.001 -1"><span class='ocrx_word' id='word_1_872' title='bbox 2167 5408 2633 5462; x_wconf 83' lang='lat' dir='ltr'><strong>commendantur.</strong></span> <span class='ocrx_word' id='word_1_873' title='bbox 2663 5405 2905 5463; x_wconf 80' lang='lat' dir='ltr'><strong>Oﬁ&#39;erunt</strong></span> <span class='ocrx_word' id='word_1_874' title='bbox 2928 5409 3086 5462; x_wconf 87' lang='lat' dir='ltr'><strong>etiam</strong></span> <span class='ocrx_word' id='word_1_875' title='bbox 3120 5417 3249 5462; x_wconf 91' lang='lat' dir='ltr'><strong>tunc</strong></span> <span class='ocrx_word' id='word_1_876' title='bbox 3272 5406 3475 5462; x_wconf 86' lang='lat' dir='ltr'><strong>hostias</strong></span> <span class='ocrx_word' id='word_1_877' title='bbox 3497 5422 3620 5461; x_wconf 91' lang='lat' dir='ltr'><strong>suas</strong></span> <span class='ocrx_word' id='word_1_878' title='bbox 3654 5422 3749 5460; x_wconf 89' lang='lat' dir='ltr'><strong>sa-</strong></span> 
     </span>
    </p>
   </div>
   <div class='ocr_carea' id='block_1_117' title="bbox 2168 5498 3748 5568">
    <p class='ocr_par' dir='ltr' id='par_1_117' title="bbox 2168 5498 3748 5568">
     <span class='ocr_line' id='line_1_117' title="bbox 2168 5498 3748 5568; baseline -0.001 -15"><span class='ocrx_word' id='word_1_879' title='bbox 2168 5498 2476 5553; x_wconf 88' lang='lat' dir='ltr'><strong>cerdotibus</strong></span> <span class='ocrx_word' id='word_1_880' title='bbox 2512 5513 2610 5568; x_wconf 90' lang='lat' dir='ltr'><strong>per</strong></span> <span class='ocrx_word' id='word_1_881' title='bbox 2652 5513 2745 5554; x_wconf 90' lang='lat' dir='ltr'><strong>eos</strong></span> <span class='ocrx_word' id='word_1_882' title='bbox 2790 5499 3023 5553; x_wconf 88' lang='lat' dir='ltr'><strong>Domino</strong></span> <span class='ocrx_word' id='word_1_883' title='bbox 3079 5498 3562 5562; x_wconf 87' lang='lat' dir='ltr'><strong>eommendandas,</strong></span> <span class='ocrx_word' id='word_1_884' title='bbox 3618 5513 3748 5552; x_wconf 87' lang='lat' dir='ltr'><strong>cum</strong></span> 
     </span>
    </p>
   </div>
   <div class='ocr_carea' id='block_1_118' title="bbox 2170 5591 3745 5664">
    <p class='ocr_par' dir='ltr' id='par_1_118' title="bbox 2170 5591 3745 5664">
     <span class='ocr_line' id='line_1_118' title="bbox 2170 5591 3745 5664; baseline -0.003 -16"><span class='ocrx_word' id='word_1_885' title='bbox 2170 5593 2372 5648; x_wconf 87' lang='lat' dir='ltr'><strong>sanctis</strong></span> <span class='ocrx_word' id='word_1_886' title='bbox 2396 5594 2696 5664; x_wconf 89' lang='lat' dir='ltr'><strong>quibusque</strong></span> <span class='ocrx_word' id='word_1_887' title='bbox 2718 5593 3000 5664; x_wconf 84' lang='lat' dir='ltr'><strong>egentibus</strong></span> <span class='ocrx_word' id='word_1_888' title='bbox 3022 5594 3324 5648; x_wconf 69' lang='lat' dir='ltr'><strong>necessaria</strong></span> <span class='ocrx_word' id='word_1_889' title='bbox 3353 5593 3537 5647; x_wconf 72' lang='lat' dir='ltr'><strong>mundi</strong></span> <span class='ocrx_word' id='word_1_890' title='bbox 3562 5591 3745 5661; x_wconf 80' lang='lat' dir='ltr'><strong>hujus,</strong></span> 
     </span>
    </p>
   </div>
   <div class='ocr_carea' id='block_1_119' title="bbox 2170 5684 3751 5758">
    <p class='ocr_par' dir='ltr' id='par_1_119' title="bbox 2170 5684 3751 5758">
     <span class='ocr_line' id='line_1_119' title="bbox 2170 5684 3751 5758; baseline 0.003 -23"><span class='ocrx_word' id='word_1_891' title='bbox 2170 5684 2367 5757; x_wconf 86' lang='lat' dir='ltr'><strong>quibus</strong></span> <span class='ocrx_word' id='word_1_892' title='bbox 2400 5685 2499 5758; x_wconf 88' lang='lat' dir='ltr'><strong>ipsi</strong></span> <span class='ocrx_word' id='word_1_893' title='bbox 2541 5686 2833 5750; x_wconf 87' lang='lat' dir='ltr'><strong>abundant,</strong></span> <span class='ocrx_word' id='word_1_894' title='bbox 2861 5701 3081 5741; x_wconf 69' lang='lat' dir='ltr'><strong>summa:</strong></span> <span class='ocrx_word' id='word_1_895' title='bbox 3109 5685 3371 5742; x_wconf 69' lang='lat' dir='ltr'><strong>mercedis</strong></span> <span class='ocrx_word' id='word_1_896' title='bbox 3411 5685 3607 5741; x_wconf 85' lang='lat' dir='ltr'><strong>intuitu</strong></span> <span class='ocrx_word' id='word_1_897' title='bbox 3643 5684 3751 5739; x_wconf 81' lang='lat' dir='ltr'><strong>Do-</strong></span> 
     </span>
    </p>
   </div>
  </div>
