  <div class='ocr_page' id='page_1' title='image "/cluster/home/n/w/nwhite01/storage/ocr_20150623/109/hvd.32044054759741/088.png"; bbox 0 0 4010 6194; ppageno 0'>
   <div class='ocr_carea' id='block_1_1' title="bbox 276 348 384 403">
    <p class='ocr_par' dir='ltr' id='par_1_1' title="bbox 276 348 384 403">
     <span class='ocr_line' id='line_1_1' title="bbox 276 348 384 403; baseline 0 0"><span class='ocrx_word' id='word_1_1' title='bbox 276 348 384 403; x_wconf 68' lang='grc'><strong>163</strong></span> 
     </span>
    </p>
   </div>
   <div class='ocr_carea' id='block_1_2' title="bbox 1094 330 2790 396">
    <p class='ocr_par' dir='ltr' id='par_1_2' title="bbox 1094 330 2790 396">
     <span class='ocr_line' id='line_1_2' title="bbox 1094 330 2790 396; baseline -0.004 0"><span class='ocrx_word' id='word_1_2' title='bbox 1094 337 1447 396; x_wconf 75' lang='lat' dir='ltr'><strong>COMMENT.</strong></span> <span class='ocrx_word' id='word_1_3' title='bbox 1521 336 1591 394; x_wconf 99' lang='lat' dir='ltr'><strong>IN</strong></span> <span class='ocrx_word' id='word_1_4' title='bbox 1629 334 1877 393; x_wconf 78' lang='lat' dir='ltr'><strong>LIBROS</strong></span> <span class='ocrx_word' id='word_1_5' title='bbox 1916 332 1983 387; x_wconf 84' lang='lat' dir='ltr'><strong>IV</strong></span> <span class='ocrx_word' id='word_1_6' title='bbox 2018 330 2282 388; x_wconf 81' lang='lat' dir='ltr'><strong>REGUM.</strong></span> <span class='ocrx_word' id='word_1_7' title='bbox 2323 363 2394 374; x_wconf 97' lang='lat'><em>—</em></span> <span class='ocrx_word' id='word_1_8' title='bbox 2431 331 2499 388; x_wconf 88' lang='lat' dir='ltr'><strong>IN</strong></span> <span class='ocrx_word' id='word_1_9' title='bbox 2534 331 2663 388; x_wconf 84' lang='lat' dir='ltr'><strong>LIB.</strong></span> <span class='ocrx_word' id='word_1_10' title='bbox 2703 332 2790 389; x_wconf 91' lang='lat' dir='ltr'><strong>III.</strong></span> 
     </span>
    </p>
   </div>
   <div class='ocr_carea' id='block_1_3' title="bbox 3451 336 3549 403">
    <p class='ocr_par' dir='ltr' id='par_1_3' title="bbox 3451 336 3549 403">
     <span class='ocr_line' id='line_1_3' title="bbox 3451 336 3549 403; baseline 0.102 -10"><span class='ocrx_word' id='word_1_11' title='bbox 3451 336 3549 403; x_wconf 78' lang='lat' dir='ltr'><strong>ICG</strong></span> 
     </span>
    </p>
   </div>
   <div class='ocr_carea' id='block_1_4' title="bbox 274 441 3558 518">
    <p class='ocr_par' dir='ltr' id='par_1_4' title="bbox 274 441 3558 518">
     <span class='ocr_line' id='line_1_4' title="bbox 274 441 3558 518; baseline -0.004 0"><span class='ocrx_word' id='word_1_12' title='bbox 274 462 431 518; x_wconf 82' lang='lat' dir='ltr'><strong>mino</strong></span> <span class='ocrx_word' id='word_1_13' title='bbox 470 454 714 516; x_wconf 75' lang='lat' dir='ltr'><strong>tribuunt</strong></span> <span class='ocrx_word' id='word_1_14' title='bbox 742 453 1057 511; x_wconf 90' lang='lat' dir='ltr'><strong>admonenti</strong></span> <span class='ocrx_word' id='word_1_15' title='bbox 1087 467 1151 507; x_wconf 88' lang='lat' dir='ltr'><strong>ac</strong></span> <span class='ocrx_word' id='word_1_16' title='bbox 1179 451 1377 507; x_wconf 78' lang='lat' dir='ltr'><strong>dicenti</strong></span> <span class='ocrx_word' id='word_1_17' title='bbox 1406 468 1420 505; x_wconf 90' lang='lat'>:</span> <span class='ocrx_word' id='word_1_18' title='bbox 1453 468 1471 502; x_wconf 74' lang='grc' dir='ltr'>σ</span> <span class='ocrx_word' id='word_1_19' title='bbox 1500 450 1686 506; x_wconf 87' lang='lat' dir='ltr'><strong>Facite</strong></span> <span class='ocrx_word' id='word_1_20' title='bbox 1719 445 1869 502; x_wconf 83' lang='lat' dir='ltr'><strong>vobis</strong></span> <span class='ocrx_word' id='word_1_21' title='bbox 1897 445 1947 506; x_wconf 83' lang='lat' dir='ltr'><strong>A</strong></span> <span class='ocrx_word' id='word_1_22' title='bbox 1973 441 2329 511; x_wconf 81' lang='lat' dir='ltr'><strong>dedicationis</strong></span> <span class='ocrx_word' id='word_1_23' title='bbox 2372 443 2445 499; x_wconf 90' lang='lat' dir='ltr'><strong>sit</strong></span> <span class='ocrx_word' id='word_1_24' title='bbox 2499 443 2773 501; x_wconf 89' lang='lat' dir='ltr'><strong>celebrata</strong></span> <span class='ocrx_word' id='word_1_25' title='bbox 2819 444 3155 514; x_wconf 87' lang='lat' dir='ltr'><strong>solemnitas,</strong></span> <span class='ocrx_word' id='word_1_26' title='bbox 3189 462 3254 504; x_wconf 92' lang='lat' dir='ltr'><strong>ac</strong></span> <span class='ocrx_word' id='word_1_27' title='bbox 3296 448 3383 505; x_wconf 90' lang='lat' dir='ltr'><strong>die</strong></span> <span class='ocrx_word' id='word_1_28' title='bbox 3414 451 3558 507; x_wconf 88' lang='lat' dir='ltr'><strong>vice-</strong></span> 
     </span>
    </p>
   </div>
   <div class='ocr_carea' id='block_1_5' title="bbox 274 537 1869 613">
    <p class='ocr_par' dir='ltr' id='par_1_5' title="bbox 274 537 1869 613">
     <span class='ocr_line' id='line_1_5' title="bbox 274 537 1869 613; baseline -0.011 -6"><span class='ocrx_word' id='word_1_29' title='bbox 274 552 489 607; x_wconf 80' lang='lat' dir='ltr'><strong>amieos</strong></span> <span class='ocrx_word' id='word_1_30' title='bbox 518 550 585 604; x_wconf 90' lang='lat' dir='ltr'><strong>de</strong></span> <span class='ocrx_word' id='word_1_31' title='bbox 618 560 927 602; x_wconf 84' lang='lat' dir='ltr'><strong>mammona</strong></span> <span class='ocrx_word' id='word_1_32' title='bbox 966 543 1287 613; x_wconf 71' lang='lat' dir='ltr'><strong>iniquitatis,</strong></span> <span class='ocrx_word' id='word_1_33' title='bbox 1328 548 1406 606; x_wconf 90' lang='lat' dir='ltr'><strong>ut,</strong></span> <span class='ocrx_word' id='word_1_34' title='bbox 1449 556 1570 596; x_wconf 89' lang='lat' dir='ltr'><strong>cum</strong></span> <span class='ocrx_word' id='word_1_35' title='bbox 1610 537 1869 593; x_wconf 86' lang='lat' dir='ltr'><strong>defeceri-</strong></span> 
     </span>
    </p>
   </div>
   <div class='ocr_carea' id='block_1_6' title="bbox 273 628 1865 709">
    <p class='ocr_par' dir='ltr' id='par_1_6' title="bbox 273 628 1865 709">
     <span class='ocr_line' id='line_1_6' title="bbox 273 628 1865 709; baseline -0.009 -13"><span class='ocrx_word' id='word_1_36' title='bbox 273 642 374 706; x_wconf 87' lang='lat' dir='ltr'><strong>tis,</strong></span> <span class='ocrx_word' id='word_1_37' title='bbox 402 638 673 709; x_wconf 80' lang='lat' dir='ltr'><strong>recipiant</strong></span> <span class='ocrx_word' id='word_1_38' title='bbox 693 651 790 691; x_wconf 89' lang='lat' dir='ltr'><strong>vos</strong></span> <span class='ocrx_word' id='word_1_39' title='bbox 818 635 875 689; x_wconf 89' lang='lat' dir='ltr'><strong>in</strong></span> <span class='ocrx_word' id='word_1_40' title='bbox 903 643 1107 689; x_wconf 55' lang='lat' dir='ltr'><strong>aeterna</strong></span> <span class='ocrx_word' id='word_1_41' title='bbox 1131 631 1477 687; x_wconf 88' lang='lat' dir='ltr'><strong>tabernacula</strong></span> <span class='ocrx_word' id='word_1_42' title='bbox 1509 629 1660 703; x_wconf 87' lang='lat' dir='ltr'><strong>(Luc.</strong></span> <span class='ocrx_word' id='word_1_43' title='bbox 1688 628 1822 695; x_wconf 76' lang='lat' dir='ltr'><strong>xvr).</strong></span> <span class='ocrx_word' id='word_1_44' title='bbox 1846 647 1865 681; x_wconf 77' lang='grc' dir='ltr'><strong>ι</strong></span> 
     </span>
    </p>
   </div>
   <div class='ocr_carea' id='block_1_7' title="bbox 279 718 1871 791">
    <p class='ocr_par' dir='ltr' id='par_1_7' title="bbox 279 718 1871 791">
     <span class='ocr_line' id='line_1_7' title="bbox 279 718 1871 791; baseline -0.009 -6"><span class='ocrx_word' id='word_1_45' title='bbox 279 731 427 785; x_wconf 83' lang='lat' dir='ltr'><strong>Bene</strong></span> <span class='ocrx_word' id='word_1_46' title='bbox 468 728 667 791; x_wconf 77' lang='lat' dir='ltr'><strong>atrium</strong></span> <span class='ocrx_word' id='word_1_47' title='bbox 716 723 1059 780; x_wconf 80' lang='lat' dir='ltr'><strong>sacerdotum</strong></span> <span class='ocrx_word' id='word_1_48' title='bbox 1109 718 1280 776; x_wconf 91' lang='lat' dir='ltr'><strong>tribus</strong></span> <span class='ocrx_word' id='word_1_49' title='bbox 1310 721 1590 776; x_wconf 82' lang='lat' dir='ltr'><strong>ordinibus</strong></span> <span class='ocrx_word' id='word_1_50' title='bbox 1637 719 1871 789; x_wconf 88' lang='lat' dir='ltr'><strong>lapidum</strong></span> 
     </span>
    </p>
   </div>
   <div class='ocr_carea' id='block_1_8' title="bbox 278 812 1870 891">
    <p class='ocr_par' dir='ltr' id='par_1_8' title="bbox 278 812 1870 891">
     <span class='ocr_line' id='line_1_8' title="bbox 278 812 1870 891; baseline -0.007 -17"><span class='ocrx_word' id='word_1_51' title='bbox 278 820 597 891; x_wconf 82' lang='lat' dir='ltr'><strong>politorum,</strong></span> <span class='ocrx_word' id='word_1_52' title='bbox 627 825 685 871; x_wconf 91' lang='lat' dir='ltr'><strong>et</strong></span> <span class='ocrx_word' id='word_1_53' title='bbox 711 831 821 870; x_wconf 93' lang='lat' dir='ltr'><strong>uno</strong></span> <span class='ocrx_word' id='word_1_54' title='bbox 846 814 1034 870; x_wconf 86' lang='lat' dir='ltr'><strong>ordine</strong></span> <span class='ocrx_word' id='word_1_55' title='bbox 1063 813 1329 884; x_wconf 80' lang='lat' dir='ltr'><strong>lignorum</strong></span> <span class='ocrx_word' id='word_1_56' title='bbox 1368 812 1513 867; x_wconf 83' lang='lat' dir='ltr'><strong>cedri</strong></span> <span class='ocrx_word' id='word_1_57' title='bbox 1549 812 1870 866; x_wconf 58' lang='lat' dir='ltr'><strong>aediﬁcatum</strong></span> 
     </span>
    </p>
   </div>
   <div class='ocr_carea' id='block_1_9' title="bbox 281 900 1871 973">
    <p class='ocr_par' dir='ltr' id='par_1_9' title="bbox 281 900 1871 973">
     <span class='ocr_line' id='line_1_9' title="bbox 281 900 1871 973; baseline -0.008 -8"><span class='ocrx_word' id='word_1_58' title='bbox 281 925 404 965; x_wconf 82' lang='lat' dir='ltr'><strong>esse</strong></span> <span class='ocrx_word' id='word_1_59' title='bbox 435 913 792 962; x_wconf 84' lang='lat' dir='ltr'><strong>memoratur.</strong></span> <span class='ocrx_word' id='word_1_60' title='bbox 817 904 954 958; x_wconf 84' lang='lat' dir='ltr'><strong>Tres</strong></span> <span class='ocrx_word' id='word_1_61' title='bbox 983 905 1182 973; x_wconf 89' lang='lat' dir='ltr'><strong>quippe</strong></span> <span class='ocrx_word' id='word_1_62' title='bbox 1207 903 1426 959; x_wconf 81' lang='lat' dir='ltr'><strong>ordines</strong></span> <span class='ocrx_word' id='word_1_63' title='bbox 1470 911 1598 956; x_wconf 89' lang='lat' dir='ltr'><strong>sunt</strong></span> <span class='ocrx_word' id='word_1_64' title='bbox 1634 900 1871 970; x_wconf 86' lang='lat' dir='ltr'><strong>lapidum</strong></span> 
     </span>
    </p>
   </div>
   <div class='ocr_carea' id='block_1_10' title="bbox 282 990 1869 1069">
    <p class='ocr_par' dir='ltr' id='par_1_10' title="bbox 282 990 1869 1069">
     <span class='ocr_line' id='line_1_10' title="bbox 282 990 1869 1069; baseline -0.006 -16"><span class='ocrx_word' id='word_1_65' title='bbox 282 999 601 1069; x_wconf 81' lang='lat' dir='ltr'><strong>politorum,</strong></span> <span class='ocrx_word' id='word_1_66' title='bbox 633 994 788 1060; x_wconf 89' lang='lat' dir='ltr'><strong>ﬁdes,</strong></span> <span class='ocrx_word' id='word_1_67' title='bbox 821 1008 963 1063; x_wconf 91' lang='lat' dir='ltr'><strong>spes,</strong></span> <span class='ocrx_word' id='word_1_68' title='bbox 994 994 1252 1048; x_wconf 74' lang='lat' dir='ltr'><strong>Charitas.</strong></span> <span class='ocrx_word' id='word_1_69' title='bbox 1284 992 1353 1048; x_wconf 84' lang='lat' dir='ltr'><strong>Et</strong></span> <span class='ocrx_word' id='word_1_70' title='bbox 1374 1001 1541 1057; x_wconf 90' lang='lat' dir='ltr'><strong>recte,</strong></span> <span class='ocrx_word' id='word_1_71' title='bbox 1563 990 1869 1062; x_wconf 91' lang='lat' dir='ltr'><strong>politorum,</strong></span> 
     </span>
    </p>
   </div>
   <div class='ocr_carea' id='block_1_11' title="bbox 284 1085 1871 1160">
    <p class='ocr_par' dir='ltr' id='par_1_11' title="bbox 284 1085 1871 1160">
     <span class='ocr_line' id='line_1_11' title="bbox 284 1085 1871 1160; baseline -0.003 -17"><span class='ocrx_word' id='word_1_72' title='bbox 284 1090 414 1160; x_wconf 78' lang='lat' dir='ltr'><strong>quia</strong></span> <span class='ocrx_word' id='word_1_73' title='bbox 458 1096 612 1144; x_wconf 90' lang='lat' dir='ltr'><strong>certa</strong></span> <span class='ocrx_word' id='word_1_74' title='bbox 656 1101 879 1143; x_wconf 89' lang='lat' dir='ltr'><strong>necesse</strong></span> <span class='ocrx_word' id='word_1_75' title='bbox 925 1095 1009 1142; x_wconf 88' lang='lat' dir='ltr'><strong>est</strong></span> <span class='ocrx_word' id='word_1_76' title='bbox 1050 1085 1294 1142; x_wconf 88' lang='lat' dir='ltr'><strong>discendi</strong></span> <span class='ocrx_word' id='word_1_77' title='bbox 1344 1085 1565 1143; x_wconf 85' lang='lat' dir='ltr'><strong>solertia</strong></span> <span class='ocrx_word' id='word_1_78' title='bbox 1622 1085 1871 1154; x_wconf 88' lang='lat' dir='ltr'><strong>quisque,</strong></span> 
     </span>
    </p>
   </div>
   <div class='ocr_carea' id='block_1_12' title="bbox 284 1174 1875 1251">
    <p class='ocr_par' dir='ltr' id='par_1_12' title="bbox 284 1174 1875 1251">
     <span class='ocr_line' id='line_1_12' title="bbox 284 1174 1875 1251; baseline -0.005 -18"><span class='ocrx_word' id='word_1_79' title='bbox 284 1178 560 1251; x_wconf 83' lang='lat' dir='ltr'><strong>quomodo</strong></span> <span class='ocrx_word' id='word_1_80' title='bbox 608 1177 858 1242; x_wconf 86' lang='lat' dir='ltr'><strong>credere,</strong></span> <span class='ocrx_word' id='word_1_81' title='bbox 899 1177 1029 1246; x_wconf 90' lang='lat' dir='ltr'><strong>quid</strong></span> <span class='ocrx_word' id='word_1_82' title='bbox 1069 1190 1313 1247; x_wconf 87' lang='lat' dir='ltr'><strong>sperare,</strong></span> <span class='ocrx_word' id='word_1_83' title='bbox 1358 1176 1472 1230; x_wconf 91' lang='lat' dir='ltr'><strong>sive</strong></span> <span class='ocrx_word' id='word_1_84' title='bbox 1514 1174 1735 1245; x_wconf 81' lang='lat' dir='ltr'><strong>diligere</strong></span> <span class='ocrx_word' id='word_1_85' title='bbox 1783 1174 1875 1228; x_wconf 86' lang='lat' dir='ltr'><strong>de-</strong></span> 
     </span>
    </p>
   </div>
   <div class='ocr_carea' id='block_1_13' title="bbox 285 1265 1872 1339">
    <p class='ocr_par' dir='ltr' id='par_1_13' title="bbox 285 1265 1872 1339">
     <span class='ocr_line' id='line_1_13' title="bbox 285 1265 1872 1339; baseline -0.005 -12"><span class='ocrx_word' id='word_1_86' title='bbox 285 1273 433 1336; x_wconf 82' lang='lat' dir='ltr'><strong>beat,</strong></span> <span class='ocrx_word' id='word_1_87' title='bbox 461 1269 762 1339; x_wconf 83' lang='lat' dir='ltr'><strong>dignoscat.</strong></span> <span class='ocrx_word' id='word_1_88' title='bbox 801 1267 955 1324; x_wconf 89' lang='lat' dir='ltr'><strong>Unus</strong></span> <span class='ocrx_word' id='word_1_89' title='bbox 990 1276 1171 1323; x_wconf 87' lang='lat' dir='ltr'><strong>autem</strong></span> <span class='ocrx_word' id='word_1_90' title='bbox 1216 1267 1350 1322; x_wconf 88' lang='lat' dir='ltr'><strong>ordo</strong></span> <span class='ocrx_word' id='word_1_91' title='bbox 1391 1266 1661 1338; x_wconf 83' lang='lat' dir='ltr'><strong>lignorum</strong></span> <span class='ocrx_word' id='word_1_92' title='bbox 1701 1265 1872 1331; x_wconf 85' lang='lat' dir='ltr'><strong>cedri,</strong></span> 
     </span>
    </p>
   </div>
   <div class='ocr_carea' id='block_1_14' title="bbox 289 1358 1877 1432">
    <p class='ocr_par' dir='ltr' id='par_1_14' title="bbox 289 1358 1877 1432">
     <span class='ocr_line' id='line_1_14' title="bbox 289 1358 1877 1432; baseline -0.004 -15"><span class='ocrx_word' id='word_1_93' title='bbox 289 1363 405 1432; x_wconf 86' lang='lat' dir='ltr'><strong>ipsa</strong></span> <span class='ocrx_word' id='word_1_94' title='bbox 435 1369 519 1417; x_wconf 87' lang='lat' dir='ltr'><strong>est</strong></span> <span class='ocrx_word' id='word_1_95' title='bbox 553 1362 695 1416; x_wconf 91' lang='lat' dir='ltr'><strong>bona</strong></span> <span class='ocrx_word' id='word_1_96' title='bbox 727 1359 991 1430; x_wconf 83' lang='lat' dir='ltr'><strong>operatio,</strong></span> <span class='ocrx_word' id='word_1_97' title='bbox 1022 1375 1088 1415; x_wconf 89' lang='lat' dir='ltr'><strong>ac</strong></span> <span class='ocrx_word' id='word_1_98' title='bbox 1117 1359 1233 1415; x_wconf 89' lang='lat' dir='ltr'><strong>sine</strong></span> <span class='ocrx_word' id='word_1_99' title='bbox 1273 1358 1618 1429; x_wconf 87' lang='lat' dir='ltr'><strong>corruptione</strong></span> <span class='ocrx_word' id='word_1_100' title='bbox 1663 1358 1877 1413; x_wconf 91' lang='lat' dir='ltr'><strong>simula-</strong></span> 
     </span>
    </p>
   </div>
   <div class='ocr_carea' id='block_1_15' title="bbox 289 1450 1875 1523">
    <p class='ocr_par' dir='ltr' id='par_1_15' title="bbox 289 1450 1875 1523">
     <span class='ocr_line' id='line_1_15' title="bbox 289 1450 1875 1523; baseline -0.003 -14"><span class='ocrx_word' id='word_1_101' title='bbox 289 1454 456 1519; x_wconf 82' lang='lat' dir='ltr'><strong>tionis</strong></span> <span class='ocrx_word' id='word_1_102' title='bbox 503 1452 781 1516; x_wconf 82' lang='lat' dir='ltr'><strong>exhibita,</strong></span> <span class='ocrx_word' id='word_1_103' title='bbox 827 1451 945 1506; x_wconf 88' lang='lat' dir='ltr'><strong>sine</strong></span> <span class='ocrx_word' id='word_1_104' title='bbox 999 1451 1155 1523; x_wconf 88' lang='lat' dir='ltr'><strong>cujus</strong></span> <span class='ocrx_word' id='word_1_105' title='bbox 1208 1452 1671 1522; x_wconf 87' lang='lat' dir='ltr'><strong>superadjeetione</strong></span> <span class='ocrx_word' id='word_1_106' title='bbox 1719 1450 1875 1516; x_wconf 87' lang='lat' dir='ltr'><strong>ﬁdes,</strong></span> 
     </span>
    </p>
   </div>
   <div class='ocr_carea' id='block_1_16' title="bbox 288 1541 1878 1615">
    <p class='ocr_par' dir='ltr' id='par_1_16' title="bbox 288 1541 1878 1615">
     <span class='ocr_line' id='line_1_16' title="bbox 288 1541 1878 1615; baseline -0.004 -15"><span class='ocrx_word' id='word_1_107' title='bbox 288 1558 438 1615; x_wconf 85' lang='lat' dir='ltr'><strong>spes,</strong></span> <span class='ocrx_word' id='word_1_108' title='bbox 464 1542 727 1608; x_wconf 88' lang='lat' dir='ltr'><strong>cbaritas,</strong></span> <span class='ocrx_word' id='word_1_109' title='bbox 757 1556 887 1596; x_wconf 88' lang='lat' dir='ltr'><strong>vera</strong></span> <span class='ocrx_word' id='word_1_110' title='bbox 925 1556 1046 1596; x_wconf 89' lang='lat' dir='ltr'><strong>esse</strong></span> <span class='ocrx_word' id='word_1_111' title='bbox 1077 1556 1184 1596; x_wconf 90' lang='lat' dir='ltr'><strong>non</strong></span> <span class='ocrx_word' id='word_1_112' title='bbox 1208 1542 1370 1596; x_wconf 87' lang='lat' dir='ltr'><strong>valet.</strong></span> <span class='ocrx_word' id='word_1_113' title='bbox 1400 1541 1615 1596; x_wconf 88' lang='lat' dir='ltr'><strong>Dictum</strong></span> <span class='ocrx_word' id='word_1_114' title='bbox 1643 1555 1878 1611; x_wconf 87' lang='lat' dir='ltr'><strong>namque</strong></span> 
     </span>
    </p>
   </div>
   <div class='ocr_carea' id='block_1_17' title="bbox 288 1622 1874 1703">
    <p class='ocr_par' dir='ltr' id='par_1_17' title="bbox 288 1622 1874 1703">
     <span class='ocr_line' id='line_1_17' title="bbox 288 1622 1874 1703; baseline -0.003 -14"><span class='ocrx_word' id='word_1_115' title='bbox 288 1642 372 1689; x_wconf 86' lang='lat' dir='ltr'><strong>est</strong></span> <span class='ocrx_word' id='word_1_116' title='bbox 396 1633 595 1703; x_wconf 64' lang='lat' dir='ltr'><strong>saepius</strong></span> <span class='ocrx_word' id='word_1_117' title='bbox 619 1631 762 1700; x_wconf 90' lang='lat' dir='ltr'><strong>quod</strong></span> <span class='ocrx_word' id='word_1_118' title='bbox 792 1631 937 1703; x_wconf 78' lang='lat' dir='ltr'><strong>ligna</strong></span> <span class='ocrx_word' id='word_1_119' title='bbox 977 1631 1125 1686; x_wconf 88' lang='lat' dir='ltr'><strong>cedri</strong></span> <span class='ocrx_word' id='word_1_120' title='bbox 1157 1640 1380 1702; x_wconf 91' lang='lat' dir='ltr'><strong>propter</strong></span> <span class='ocrx_word' id='word_1_121' title='bbox 1404 1631 1586 1687; x_wconf 87' lang='lat' dir='ltr'><strong>odoris</strong></span> <span class='ocrx_word' id='word_1_122' title='bbox 1622 1622 1874 1700; x_wconf 82' lang='lat' dir='ltr'><strong>gratiam,</strong></span> 
     </span>
    </p>
   </div>
   <div class='ocr_carea' id='block_1_18' title="bbox 290 1722 1880 1794">
    <p class='ocr_par' dir='ltr' id='par_1_18' title="bbox 290 1722 1880 1794">
     <span class='ocr_line' id='line_1_18' title="bbox 290 1722 1880 1794; baseline -0.003 -15"><span class='ocrx_word' id='word_1_123' title='bbox 290 1734 345 1779; x_wconf 88' lang='lat' dir='ltr'><strong>et</strong></span> <span class='ocrx_word' id='word_1_124' title='bbox 370 1723 756 1794; x_wconf 85' lang='lat' dir='ltr'><strong>imputribilem</strong></span> <span class='ocrx_word' id='word_1_125' title='bbox 801 1736 912 1776; x_wconf 68' lang='lat' dir='ltr'><strong>sum</strong></span> <span class='ocrx_word' id='word_1_126' title='bbox 951 1729 1159 1776; x_wconf 65' lang='lat' dir='ltr'><strong>natum</strong></span> <span class='ocrx_word' id='word_1_127' title='bbox 1186 1722 1504 1792; x_wconf 88' lang='lat' dir='ltr'><strong>potentiam,</strong></span> <span class='ocrx_word' id='word_1_128' title='bbox 1530 1736 1880 1792; x_wconf 89' lang='lat' dir='ltr'><strong>perseveran-</strong></span> 
     </span>
    </p>
   </div>
   <div class='ocr_carea' id='block_1_19' title="bbox 292 1797 1955 1882">
    <p class='ocr_par' dir='ltr' id='par_1_19' title="bbox 292 1797 1955 1882">
     <span class='ocr_line' id='line_1_19' title="bbox 292 1797 1955 1882; baseline -0.002 -14"><span class='ocrx_word' id='word_1_129' title='bbox 292 1814 446 1877; x_wconf 88' lang='lat' dir='ltr'><strong>tiam,</strong></span> <span class='ocrx_word' id='word_1_130' title='bbox 490 1811 804 1881; x_wconf 75' lang='lat' dir='ltr'><strong>famamque</strong></span> <span class='ocrx_word' id='word_1_131' title='bbox 855 1811 959 1880; x_wconf 72' lang='lat' dir='ltr'><strong>pize</strong></span> <span class='ocrx_word' id='word_1_132' title='bbox 1008 1810 1295 1882; x_wconf 81' lang='lat' dir='ltr'><strong>designant</strong></span> <span class='ocrx_word' id='word_1_133' title='bbox 1348 1810 1598 1866; x_wconf 90' lang='lat' dir='ltr'><strong>actionis.</strong></span> <span class='ocrx_word' id='word_1_134' title='bbox 1645 1809 1741 1865; x_wconf 32' lang='lat' dir='ltr'><strong>Ad!</strong></span> <span class='ocrx_word' id='word_1_135' title='bbox 1775 1797 1955 1864; x_wconf 78' lang='lat' dir='ltr'><strong>hoeB</strong></span> 
     </span>
    </p>
   </div>
   <div class='ocr_carea' id='block_1_20' title="bbox 290 1893 1874 1971">
    <p class='ocr_par' dir='ltr' id='par_1_20' title="bbox 290 1893 1874 1971">
     <span class='ocr_line' id='line_1_20' title="bbox 290 1893 1874 1971; baseline -0.002 -13"><span class='ocrx_word' id='word_1_136' title='bbox 290 1904 491 1958; x_wconf 83' lang='lat' dir='ltr'><strong>atrium</strong></span> <span class='ocrx_word' id='word_1_137' title='bbox 529 1917 703 1971; x_wconf 89' lang='lat' dir='ltr'><strong>usque</strong></span> <span class='ocrx_word' id='word_1_138' title='bbox 731 1901 971 1956; x_wconf 87' lang='lat' dir='ltr'><strong>universi</strong></span> <span class='ocrx_word' id='word_1_139' title='bbox 1005 1893 1372 1956; x_wconf 86' lang='lat' dir='ltr'><strong>conscendunt</strong></span> <span class='ocrx_word' id='word_1_140' title='bbox 1407 1901 1592 1968; x_wconf 89' lang='lat' dir='ltr'><strong>electi,</strong></span> <span class='ocrx_word' id='word_1_141' title='bbox 1628 1901 1717 1970; x_wconf 93' lang='lat' dir='ltr'><strong>qui</strong></span> <span class='ocrx_word' id='word_1_142' title='bbox 1750 1899 1874 1966; x_wconf 89' lang='lat' dir='ltr'><strong>ﬁde,</strong></span> 
     </span>
    </p>
   </div>
   <div class='ocr_carea' id='block_1_21' title="bbox 290 1989 1874 2063">
    <p class='ocr_par' dir='ltr' id='par_1_21' title="bbox 290 1989 1874 2063">
     <span class='ocr_line' id='line_1_21' title="bbox 290 1989 1874 2063; baseline -0.004 -14"><span class='ocrx_word' id='word_1_143' title='bbox 290 2010 408 2063; x_wconf 86' lang='lat' dir='ltr'><strong>spe,</strong></span> <span class='ocrx_word' id='word_1_144' title='bbox 449 1993 741 2049; x_wconf 86' lang='lat' dir='ltr'><strong>dilectione</strong></span> <span class='ocrx_word' id='word_1_145' title='bbox 786 2000 950 2062; x_wconf 89' lang='lat' dir='ltr'><strong>atque</strong></span> <span class='ocrx_word' id='word_1_146' title='bbox 993 2007 1156 2060; x_wconf 87' lang='lat' dir='ltr'><strong>opere</strong></span> <span class='ocrx_word' id='word_1_147' title='bbox 1182 1989 1296 2046; x_wconf 92' lang='lat' dir='ltr'><strong>Deo</strong></span> <span class='ocrx_word' id='word_1_148' title='bbox 1338 1991 1550 2061; x_wconf 81' lang='lat' dir='ltr'><strong>placere</strong></span> <span class='ocrx_word' id='word_1_149' title='bbox 1595 1999 1874 2061; x_wconf 89' lang='lat' dir='ltr'><strong>appetunt.</strong></span> 
     </span>
    </p>
   </div>
   <div class='ocr_carea' id='block_1_22' title="bbox 292 2080 1875 2153">
    <p class='ocr_par' dir='ltr' id='par_1_22' title="bbox 292 2080 1875 2153">
     <span class='ocr_line' id='line_1_22' title="bbox 292 2080 1875 2153; baseline -0.004 -14"><span class='ocrx_word' id='word_1_150' title='bbox 292 2083 409 2140; x_wconf 87' lang='lat' dir='ltr'><strong>lloc</strong></span> <span class='ocrx_word' id='word_1_151' title='bbox 461 2082 570 2138; x_wconf 90' lang='lat' dir='ltr'><strong>alta</strong></span> <span class='ocrx_word' id='word_1_152' title='bbox 621 2083 938 2138; x_wconf 89' lang='lat' dir='ltr'><strong>meritorum</strong></span> <span class='ocrx_word' id='word_1_153' title='bbox 990 2083 1162 2153; x_wconf 79' lang='lat' dir='ltr'><strong>gratia</strong></span> <span class='ocrx_word' id='word_1_154' title='bbox 1203 2083 1591 2138; x_wconf 90' lang='lat' dir='ltr'><strong>transcendunt</strong></span> <span class='ocrx_word' id='word_1_155' title='bbox 1628 2080 1875 2151; x_wconf 82' lang='lat' dir='ltr'><strong>perfecti,</strong></span> 
     </span>
    </p>
   </div>
   <div class='ocr_carea' id='block_1_23' title="bbox 291 2170 1880 2243">
    <p class='ocr_par' dir='ltr' id='par_1_23' title="bbox 291 2170 1880 2243">
     <span class='ocr_line' id='line_1_23' title="bbox 291 2170 1880 2243; baseline -0.004 -11"><span class='ocrx_word' id='word_1_156' title='bbox 291 2194 416 2233; x_wconf 89' lang='lat' dir='ltr'><strong>cum</strong></span> <span class='ocrx_word' id='word_1_157' title='bbox 447 2176 502 2231; x_wconf 91' lang='lat' dir='ltr'><strong>in</strong></span> <span class='ocrx_word' id='word_1_158' title='bbox 531 2182 685 2229; x_wconf 90' lang='lat' dir='ltr'><strong>tanto</strong></span> <span class='ocrx_word' id='word_1_159' title='bbox 712 2174 971 2228; x_wconf 89' lang='lat' dir='ltr'><strong>virtutum</strong></span> <span class='ocrx_word' id='word_1_160' title='bbox 1005 2173 1242 2229; x_wconf 88' lang='lat' dir='ltr'><strong>culmine</strong></span> <span class='ocrx_word' id='word_1_161' title='bbox 1275 2170 1587 2243; x_wconf 90' lang='lat' dir='ltr'><strong>proﬁciunt,</strong></span> <span class='ocrx_word' id='word_1_162' title='bbox 1616 2178 1678 2225; x_wconf 91' lang='lat' dir='ltr'><strong>ut</strong></span> <span class='ocrx_word' id='word_1_163' title='bbox 1699 2171 1880 2226; x_wconf 86' lang='lat' dir='ltr'><strong>dicere</strong></span> 
     </span>
    </p>
   </div>
   <div class='ocr_carea' id='block_1_24' title="bbox 290 2261 1875 2332">
    <p class='ocr_par' dir='ltr' id='par_1_24' title="bbox 290 2261 1875 2332">
     <span class='ocr_line' id='line_1_24' title="bbox 290 2261 1875 2332; baseline -0.005 -11"><span class='ocrx_word' id='word_1_164' title='bbox 290 2267 407 2321; x_wconf 90' lang='lat' dir='ltr'><strong>suis</strong></span> <span class='ocrx_word' id='word_1_165' title='bbox 442 2263 784 2319; x_wconf 86' lang='lat' dir='ltr'><strong>auditoribus</strong></span> <span class='ocrx_word' id='word_1_166' title='bbox 810 2262 1057 2332; x_wconf 80' lang='lat' dir='ltr'><strong>possint:</strong></span> <span class='ocrx_word' id='word_1_167' title='bbox 1141 2262 1445 2317; x_wconf 87' lang='lat' dir='ltr'><strong>lmitatores</strong></span> <span class='ocrx_word' id='word_1_168' title='bbox 1476 2261 1648 2316; x_wconf 88' lang='lat' dir='ltr'><strong>nostri</strong></span> <span class='ocrx_word' id='word_1_169' title='bbox 1683 2268 1875 2325; x_wconf 86' lang='lat' dir='ltr'><strong>estote,</strong></span> 
     </span>
    </p>
   </div>
   <div class='ocr_carea' id='block_1_25' title="bbox 292 2350 1882 2425">
    <p class='ocr_par' dir='ltr' id='par_1_25' title="bbox 292 2350 1882 2425">
     <span class='ocr_line' id='line_1_25' title="bbox 292 2350 1882 2425; baseline -0.004 -15"><span class='ocrx_word' id='word_1_170' title='bbox 292 2356 432 2411; x_wconf 85' lang='lat' dir='ltr'><strong>sicut</strong></span> <span class='ocrx_word' id='word_1_171' title='bbox 471 2364 529 2408; x_wconf 88' lang='lat' dir='ltr'><strong>et</strong></span> <span class='ocrx_word' id='word_1_172' title='bbox 573 2369 671 2407; x_wconf 91' lang='lat' dir='ltr'><strong>nos</strong></span> <span class='ocrx_word' id='word_1_173' title='bbox 717 2352 919 2408; x_wconf 89' lang='lat' dir='ltr'><strong>Christi</strong></span> <span class='ocrx_word' id='word_1_174' title='bbox 970 2352 1023 2425; x_wconf 88' lang='grc' dir='ltr'><strong>(Ι</strong></span> <span class='ocrx_word' id='word_1_175' title='bbox 1050 2350 1174 2407; x_wconf 82' lang='lat' dir='ltr'><strong>Cor.</strong></span> <span class='ocrx_word' id='word_1_176' title='bbox 1219 2352 1326 2424; x_wconf 81' lang='lat' dir='ltr'><strong>x1);</strong></span> <span class='ocrx_word' id='word_1_177' title='bbox 1370 2352 1776 2423; x_wconf 83' lang='lat' dir='ltr'><strong>glorienturque</strong></span> <span class='ocrx_word' id='word_1_178' title='bbox 1826 2357 1882 2405; x_wconf 88' lang='lat' dir='ltr'><strong>et</strong></span> 
     </span>
    </p>
   </div>
   <div class='ocr_carea' id='block_1_26' title="bbox 293 2441 1879 2513">
    <p class='ocr_par' dir='ltr' id='par_1_26' title="bbox 293 2441 1879 2513">
     <span class='ocr_line' id='line_1_26' title="bbox 293 2441 1879 2513; baseline -0.004 -12"><span class='ocrx_word' id='word_1_179' title='bbox 293 2448 519 2501; x_wconf 87' lang='lat' dir='ltr'><strong>dicant:</strong></span> <span class='ocrx_word' id='word_1_180' title='bbox 555 2462 575 2495; x_wconf 71' lang='grc' dir='ltr'><strong>ι</strong></span> <span class='ocrx_word' id='word_1_181' title='bbox 624 2442 878 2508; x_wconf 85' lang='lat' dir='ltr'><strong>Nescitis,</strong></span> <span class='ocrx_word' id='word_1_182' title='bbox 925 2443 1179 2512; x_wconf 88' lang='lat' dir='ltr'><strong>quoniam</strong></span> <span class='ocrx_word' id='word_1_183' title='bbox 1226 2442 1445 2513; x_wconf 79' lang='lat' dir='ltr'><strong>angelos</strong></span> <span class='ocrx_word' id='word_1_184' title='bbox 1492 2441 1879 2511; x_wconf 89' lang='lat' dir='ltr'><strong>judicabimus,</strong></span> 
     </span>
    </p>
   </div>
   <div class='ocr_carea' id='block_1_27' title="bbox 293 2530 1503 2605">
    <p class='ocr_par' dir='ltr' id='par_1_27' title="bbox 293 2530 1503 2605">
     <span class='ocr_line' id='line_1_27' title="bbox 293 2530 1503 2605; baseline -0.004 -16"><span class='ocrx_word' id='word_1_185' title='bbox 293 2543 499 2605; x_wconf 86' lang='lat' dir='ltr'><strong>quanto</strong></span> <span class='ocrx_word' id='word_1_186' title='bbox 549 2534 722 2605; x_wconf 79' lang='lat' dir='ltr'><strong>magis</strong></span> <span class='ocrx_word' id='word_1_187' title='bbox 764 2532 1062 2588; x_wconf 88' lang='lat' dir='ltr'><strong>secularia?</strong></span> <span class='ocrx_word' id='word_1_188' title='bbox 1103 2552 1123 2586; x_wconf 82' lang='grc' dir='ltr'><strong>ι</strong></span> <span class='ocrx_word' id='word_1_189' title='bbox 1169 2531 1222 2605; x_wconf 86' lang='grc' dir='ltr'><strong>(Ι</strong></span> <span class='ocrx_word' id='word_1_190' title='bbox 1248 2531 1370 2587; x_wconf 90' lang='lat' dir='ltr'><strong>Cor.</strong></span> <span class='ocrx_word' id='word_1_191' title='bbox 1404 2530 1503 2605; x_wconf 74' lang='grc' dir='ltr'><strong>γι.)</strong></span> 
     </span>
    </p>
   </div>
   <div class='ocr_carea' id='block_1_28' title="bbox 368 2621 1881 2695">
    <p class='ocr_par' dir='ltr' id='par_1_28' title="bbox 368 2621 1881 2695">
     <span class='ocr_line' id='line_1_28' title="bbox 368 2621 1881 2695; baseline -0.001 -18"><span class='ocrx_word' id='word_1_192' title='bbox 368 2645 391 2677; x_wconf 84' lang='grc'><em>‹</em></span> <span class='ocrx_word' id='word_1_193' title='bbox 446 2627 609 2681; x_wconf 79' lang='lat' dir='ltr'><strong>Anno</strong></span> <span class='ocrx_word' id='word_1_194' title='bbox 658 2633 856 2695; x_wconf 88' lang='lat' dir='ltr'><strong>quarto</strong></span> <span class='ocrx_word' id='word_1_195' title='bbox 906 2624 1127 2679; x_wconf 90' lang='lat' dir='ltr'><strong>fundata</strong></span> <span class='ocrx_word' id='word_1_196' title='bbox 1180 2632 1264 2679; x_wconf 88' lang='lat' dir='ltr'><strong>est</strong></span> <span class='ocrx_word' id='word_1_197' title='bbox 1312 2624 1504 2679; x_wconf 90' lang='lat' dir='ltr'><strong>domus</strong></span> <span class='ocrx_word' id='word_1_198' title='bbox 1541 2621 1779 2686; x_wconf 88' lang='lat' dir='ltr'><strong>Domini,</strong></span> <span class='ocrx_word' id='word_1_199' title='bbox 1826 2621 1881 2675; x_wconf 92' lang='lat' dir='ltr'><strong>in</strong></span> 
     </span>
    </p>
   </div>
   <div class='ocr_carea' id='block_1_29' title="bbox 300 2713 1883 2786">
    <p class='ocr_par' dir='ltr' id='par_1_29' title="bbox 300 2713 1883 2786">
     <span class='ocr_line' id='line_1_29' title="bbox 300 2713 1883 2786; baseline -0.001 -15"><span class='ocrx_word' id='word_1_200' title='bbox 300 2739 320 2771; x_wconf 76' lang='grc' dir='ltr'><strong>ι</strong></span> <span class='ocrx_word' id='word_1_201' title='bbox 369 2734 557 2774; x_wconf 88' lang='lat' dir='ltr'><strong>mense</strong></span> <span class='ocrx_word' id='word_1_202' title='bbox 576 2719 692 2784; x_wconf 89' lang='lat' dir='ltr'><strong>Zio,</strong></span> <span class='ocrx_word' id='word_1_203' title='bbox 722 2729 778 2773; x_wconf 90' lang='lat' dir='ltr'><strong>et</strong></span> <span class='ocrx_word' id='word_1_204' title='bbox 807 2719 858 2772; x_wconf 92' lang='lat' dir='ltr'><strong>in</strong></span> <span class='ocrx_word' id='word_1_205' title='bbox 886 2732 1027 2772; x_wconf 90' lang='lat' dir='ltr'><strong>anno</strong></span> <span class='ocrx_word' id='word_1_206' title='bbox 1053 2717 1358 2783; x_wconf 91' lang='lat' dir='ltr'><strong>undecimo,</strong></span> <span class='ocrx_word' id='word_1_207' title='bbox 1385 2729 1568 2771; x_wconf 91' lang='lat' dir='ltr'><strong>mense</strong></span> <span class='ocrx_word' id='word_1_208' title='bbox 1587 2713 1723 2770; x_wconf 88' lang='lat' dir='ltr'><strong>Ebul</strong></span> <span class='ocrx_word' id='word_1_209' title='bbox 1747 2714 1883 2786; x_wconf 85' lang='lat' dir='ltr'><strong>(ipse</strong></span> 
     </span>
    </p>
   </div>
   <div class='ocr_carea' id='block_1_30' title="bbox 303 2805 1884 2883">
    <p class='ocr_par' dir='ltr' id='par_1_30' title="bbox 303 2805 1884 2883">
     <span class='ocr_line' id='line_1_30' title="bbox 303 2805 1884 2883; baseline -0.003 -20"><span class='ocrx_word' id='word_1_210' title='bbox 303 2833 322 2863; x_wconf 83' lang='grc' dir='ltr'><strong>ι</strong></span> <span class='ocrx_word' id='word_1_211' title='bbox 368 2823 453 2867; x_wconf 89' lang='lat' dir='ltr'><strong>est</strong></span> <span class='ocrx_word' id='word_1_212' title='bbox 497 2812 702 2867; x_wconf 88' lang='lat' dir='ltr'><strong>mensis</strong></span> <span class='ocrx_word' id='word_1_213' title='bbox 742 2811 986 2883; x_wconf 86' lang='lat' dir='ltr'><strong>octavus)</strong></span> <span class='ocrx_word' id='word_1_214' title='bbox 1039 2809 1281 2879; x_wconf 87' lang='lat' dir='ltr'><strong>perfecta</strong></span> <span class='ocrx_word' id='word_1_215' title='bbox 1314 2816 1399 2864; x_wconf 88' lang='lat' dir='ltr'><strong>est</strong></span> <span class='ocrx_word' id='word_1_216' title='bbox 1422 2810 1614 2864; x_wconf 92' lang='lat' dir='ltr'><strong>domus</strong></span> <span class='ocrx_word' id='word_1_217' title='bbox 1652 2807 1705 2861; x_wconf 91' lang='lat' dir='ltr'><strong>in</strong></span> <span class='ocrx_word' id='word_1_218' title='bbox 1737 2805 1884 2861; x_wconf 88' lang='lat' dir='ltr'><strong>onmi</strong></span> 
     </span>
    </p>
   </div>
   <div class='ocr_carea' id='block_1_31' title="bbox 302 2895 1885 2972">
    <p class='ocr_par' dir='ltr' id='par_1_31' title="bbox 302 2895 1885 2972">
     <span class='ocr_line' id='line_1_31' title="bbox 302 2895 1885 2972; baseline -0.003 -18"><span class='ocrx_word' id='word_1_219' title='bbox 302 2920 322 2954; x_wconf 75' lang='grc' dir='ltr'><strong>ι</strong></span> <span class='ocrx_word' id='word_1_220' title='bbox 368 2917 537 2972; x_wconf 89' lang='lat' dir='ltr'><strong>opere</strong></span> <span class='ocrx_word' id='word_1_221' title='bbox 585 2916 684 2955; x_wconf 91' lang='lat' dir='ltr'><strong>suo</strong></span> <span class='ocrx_word' id='word_1_222' title='bbox 729 2908 785 2955; x_wconf 91' lang='lat' dir='ltr'><strong>et</strong></span> <span class='ocrx_word' id='word_1_223' title='bbox 826 2900 882 2955; x_wconf 90' lang='lat' dir='ltr'><strong>in</strong></span> <span class='ocrx_word' id='word_1_224' title='bbox 922 2900 1189 2955; x_wconf 84' lang='lat' dir='ltr'><strong>universis</strong></span> <span class='ocrx_word' id='word_1_225' title='bbox 1236 2899 1571 2954; x_wconf 88' lang='lat' dir='ltr'><strong>utensilibus.</strong></span> <span class='ocrx_word' id='word_1_226' title='bbox 1625 2895 1885 2952; x_wconf 68' lang='lat' dir='ltr'><strong>Aidiﬁca-</strong></span> 
     </span>
    </p>
   </div>
   <div class='ocr_carea' id='block_1_32' title="bbox 303 2988 1886 3062">
    <p class='ocr_par' dir='ltr' id='par_1_32' title="bbox 303 2988 1886 3062">
     <span class='ocr_line' id='line_1_32' title="bbox 303 2988 1886 3062; baseline -0.004 -17"><span class='ocrx_word' id='word_1_227' title='bbox 303 3012 324 3045; x_wconf 70' lang='grc' dir='ltr'><strong>ι</strong></span> <span class='ocrx_word' id='word_1_228' title='bbox 370 2994 559 3062; x_wconf 83' lang='lat' dir='ltr'><strong>vitqne</strong></span> <span class='ocrx_word' id='word_1_229' title='bbox 584 3007 705 3047; x_wconf 88' lang='lat' dir='ltr'><strong>eam</strong></span> <span class='ocrx_word' id='word_1_230' title='bbox 734 2991 891 3046; x_wconf 88' lang='lat' dir='ltr'><strong>annis</strong></span> <span class='ocrx_word' id='word_1_231' title='bbox 920 2999 1147 3061; x_wconf 87' lang='lat' dir='ltr'><strong>septem.</strong></span> <span class='ocrx_word' id='word_1_232' title='bbox 1185 3011 1204 3043; x_wconf 82' lang='grc' dir='ltr'><strong>ι</strong></span> <span class='ocrx_word' id='word_1_233' title='bbox 1261 2988 1416 3043; x_wconf 87' lang='lat' dir='ltr'><strong>Patet</strong></span> <span class='ocrx_word' id='word_1_234' title='bbox 1460 2988 1731 3059; x_wconf 70' lang='lat' dir='ltr'><strong>allegoria:</strong></span> <span class='ocrx_word' id='word_1_235' title='bbox 1760 2998 1886 3041; x_wconf 90' lang='lat' dir='ltr'><strong>sen-</strong></span> 
     </span>
    </p>
   </div>
   <div class='ocr_carea' id='block_1_33' title="bbox 299 3081 1881 3156">
    <p class='ocr_par' dir='ltr' id='par_1_33' title="bbox 299 3081 1881 3156">
     <span class='ocr_line' id='line_1_33' title="bbox 299 3081 1881 3156; baseline -0.006 -15"><span class='ocrx_word' id='word_1_236' title='bbox 299 3102 416 3151; x_wconf 84' lang='lat' dir='ltr'><strong>sus,</strong></span> <span class='ocrx_word' id='word_1_237' title='bbox 436 3100 614 3156; x_wconf 89' lang='lat' dir='ltr'><strong>quare</strong></span> <span class='ocrx_word' id='word_1_238' title='bbox 634 3085 826 3139; x_wconf 92' lang='lat' dir='ltr'><strong>domus</strong></span> <span class='ocrx_word' id='word_1_239' title='bbox 849 3083 1059 3138; x_wconf 90' lang='lat' dir='ltr'><strong>Domini</strong></span> <span class='ocrx_word' id='word_1_240' title='bbox 1082 3083 1347 3138; x_wconf 70' lang='lat' dir='ltr'><strong>mdiﬁcata</strong></span> <span class='ocrx_word' id='word_1_241' title='bbox 1371 3083 1442 3137; x_wconf 84' lang='lat' dir='ltr'><strong>sit</strong></span> <span class='ocrx_word' id='word_1_242' title='bbox 1469 3081 1625 3135; x_wconf 82' lang='lat' dir='ltr'><strong>annis</strong></span> <span class='ocrx_word' id='word_1_243' title='bbox 1646 3088 1881 3149; x_wconf 89' lang='lat' dir='ltr'><strong>septem:</strong></span> 
     </span>
    </p>
   </div>
   <div class='ocr_carea' id='block_1_34' title="bbox 298 3171 1956 3246">
    <p class='ocr_par' dir='ltr' id='par_1_34' title="bbox 298 3171 1956 3246">
     <span class='ocr_line' id='line_1_34' title="bbox 298 3171 1956 3246; baseline -0.003 -17"><span class='ocrx_word' id='word_1_244' title='bbox 298 3176 427 3246; x_wconf 88' lang='lat' dir='ltr'><strong>quia</strong></span> <span class='ocrx_word' id='word_1_245' title='bbox 482 3175 739 3230; x_wconf 89' lang='lat' dir='ltr'><strong>nimirum</strong></span> <span class='ocrx_word' id='word_1_246' title='bbox 796 3182 981 3230; x_wconf 83' lang='lat' dir='ltr'><strong>sancta</strong></span> <span class='ocrx_word' id='word_1_247' title='bbox 1030 3174 1273 3230; x_wconf 87' lang='lat' dir='ltr'><strong>Ecclesia</strong></span> <span class='ocrx_word' id='word_1_248' title='bbox 1325 3180 1441 3228; x_wconf 88' lang='lat' dir='ltr'><strong>toto</strong></span> <span class='ocrx_word' id='word_1_249' title='bbox 1493 3171 1650 3241; x_wconf 86' lang='lat' dir='ltr'><strong>hujus</strong></span> <span class='ocrx_word' id='word_1_250' title='bbox 1704 3171 1884 3227; x_wconf 71' lang='lat' dir='ltr'><strong>saeculi</strong></span> <span class='ocrx_word' id='word_1_251' title='bbox 1913 3180 1956 3242; x_wconf 69' lang='grc' dir='ltr'><strong>(ζ</strong></span> 
     </span>
    </p>
   </div>
   <div class='ocr_carea' id='block_1_35' title="bbox 303 3263 1887 3337">
    <p class='ocr_par' dir='ltr' id='par_1_35' title="bbox 303 3263 1887 3337">
     <span class='ocr_line' id='line_1_35' title="bbox 303 3263 1887 3337; baseline -0.003 -17"><span class='ocrx_word' id='word_1_252' title='bbox 303 3276 574 3337; x_wconf 88' lang='lat' dir='ltr'><strong>tempore,</strong></span> <span class='ocrx_word' id='word_1_253' title='bbox 607 3266 751 3336; x_wconf 89' lang='lat' dir='ltr'><strong>quod</strong></span> <span class='ocrx_word' id='word_1_254' title='bbox 788 3281 885 3320; x_wconf 83' lang='lat' dir='ltr'><strong>sex</strong></span> <span class='ocrx_word' id='word_1_255' title='bbox 930 3273 1136 3336; x_wconf 87' lang='lat' dir='ltr'><strong>septem</strong></span> <span class='ocrx_word' id='word_1_256' title='bbox 1170 3267 1380 3321; x_wconf 88' lang='lat' dir='ltr'><strong>dierum</strong></span> <span class='ocrx_word' id='word_1_257' title='bbox 1415 3264 1643 3320; x_wconf 85' lang='lat' dir='ltr'><strong>circuitu</strong></span> <span class='ocrx_word' id='word_1_258' title='bbox 1672 3263 1887 3335; x_wconf 81' lang='lat' dir='ltr'><strong>peragi-</strong></span> 
     </span>
    </p>
   </div>
   <div class='ocr_carea' id='block_1_36' title="bbox 303 3360 1888 3427">
    <p class='ocr_par' dir='ltr' id='par_1_36' title="bbox 303 3360 1888 3427">
     <span class='ocr_line' id='line_1_36' title="bbox 303 3360 1888 3427; baseline -0.001 -12"><span class='ocrx_word' id='word_1_259' title='bbox 303 3372 411 3425; x_wconf 85' lang='lat' dir='ltr'><strong>tur,</strong></span> <span class='ocrx_word' id='word_1_260' title='bbox 458 3376 527 3415; x_wconf 74' lang='lat' dir='ltr'><strong>ex</strong></span> <span class='ocrx_word' id='word_1_261' title='bbox 570 3360 762 3415; x_wconf 86' lang='lat' dir='ltr'><strong>electis</strong></span> <span class='ocrx_word' id='word_1_262' title='bbox 803 3361 1140 3415; x_wconf 88' lang='lat' dir='ltr'><strong>construitur</strong></span> <span class='ocrx_word' id='word_1_263' title='bbox 1180 3361 1486 3427; x_wconf 87' lang='lat' dir='ltr'><strong>animabus,</strong></span> <span class='ocrx_word' id='word_1_264' title='bbox 1519 3368 1574 3415; x_wconf 90' lang='lat' dir='ltr'><strong>et</strong></span> <span class='ocrx_word' id='word_1_265' title='bbox 1611 3376 1733 3417; x_wconf 89' lang='lat' dir='ltr'><strong>cum</strong></span> <span class='ocrx_word' id='word_1_266' title='bbox 1780 3360 1888 3414; x_wconf 89' lang='lat' dir='ltr'><strong>ﬁne</strong></span> 
     </span>
    </p>
   </div>
   <div class='ocr_carea' id='block_1_37' title="bbox 302 3452 1887 3524">
    <p class='ocr_par' dir='ltr' id='par_1_37' title="bbox 302 3452 1887 3524">
     <span class='ocr_line' id='line_1_37' title="bbox 302 3452 1887 3524; baseline 0.001 -16"><span class='ocrx_word' id='word_1_267' title='bbox 302 3452 484 3508; x_wconf 70' lang='lat' dir='ltr'><strong>smculi</strong></span> <span class='ocrx_word' id='word_1_268' title='bbox 526 3468 684 3507; x_wconf 90' lang='lat' dir='ltr'><strong>suum</strong></span> <span class='ocrx_word' id='word_1_269' title='bbox 710 3466 929 3522; x_wconf 90' lang='lat' dir='ltr'><strong>quoque</strong></span> <span class='ocrx_word' id='word_1_270' title='bbox 961 3462 1293 3509; x_wconf 88' lang='lat' dir='ltr'><strong>crementum</strong></span> <span class='ocrx_word' id='word_1_271' title='bbox 1325 3456 1392 3508; x_wconf 90' lang='lat' dir='ltr'><strong>ad</strong></span> <span class='ocrx_word' id='word_1_272' title='bbox 1418 3455 1579 3509; x_wconf 89' lang='lat' dir='ltr'><strong>ﬁnem</strong></span> <span class='ocrx_word' id='word_1_273' title='bbox 1624 3456 1737 3524; x_wconf 88' lang='lat' dir='ltr'><strong>ipsa</strong></span> <span class='ocrx_word' id='word_1_274' title='bbox 1762 3470 1887 3524; x_wconf 89' lang='lat' dir='ltr'><strong>per-</strong></span> 
     </span>
    </p>
   </div>
   <div class='ocr_carea' id='block_1_38' title="bbox 305 3539 1888 3616">
    <p class='ocr_par' dir='ltr' id='par_1_38' title="bbox 305 3539 1888 3616">
     <span class='ocr_line' id='line_1_38' title="bbox 305 3539 1888 3616; baseline 0.002 -21"><span class='ocrx_word' id='word_1_275' title='bbox 305 3540 470 3595; x_wconf 80' lang='lat' dir='ltr'><strong>ducit.</strong></span> <span class='ocrx_word' id='word_1_276' title='bbox 506 3539 604 3595; x_wconf 84' lang='lat' dir='ltr'><strong>Vel</strong></span> <span class='ocrx_word' id='word_1_277' title='bbox 646 3550 796 3595; x_wconf 88' lang='lat' dir='ltr'><strong>recte</strong></span> <span class='ocrx_word' id='word_1_278' title='bbox 844 3549 1050 3611; x_wconf 81' lang='lat' dir='ltr'><strong>septem</strong></span> <span class='ocrx_word' id='word_1_279' title='bbox 1099 3543 1258 3597; x_wconf 90' lang='lat' dir='ltr'><strong>annis</strong></span> <span class='ocrx_word' id='word_1_280' title='bbox 1303 3542 1601 3599; x_wconf 73' lang='lat' dir='ltr'><strong>aediﬁcatur</strong></span> <span class='ocrx_word' id='word_1_281' title='bbox 1625 3546 1694 3599; x_wconf 92' lang='lat' dir='ltr'><strong>ob</strong></span> <span class='ocrx_word' id='word_1_282' title='bbox 1724 3544 1888 3616; x_wconf 80' lang='lat' dir='ltr'><strong>signi-</strong></span> 
     </span>
    </p>
   </div>
   <div class='ocr_carea' id='block_1_39' title="bbox 306 3633 1889 3704">
    <p class='ocr_par' dir='ltr' id='par_1_39' title="bbox 306 3633 1889 3704">
     <span class='ocr_line' id='line_1_39' title="bbox 306 3633 1889 3704; baseline 0.001 -18"><span class='ocrx_word' id='word_1_283' title='bbox 306 3633 613 3687; x_wconf 84' lang='lat' dir='ltr'><strong>ﬁcationcm</strong></span> <span class='ocrx_word' id='word_1_284' title='bbox 652 3633 840 3704; x_wconf 80' lang='lat' dir='ltr'><strong>gratiae</strong></span> <span class='ocrx_word' id='word_1_285' title='bbox 888 3633 1166 3703; x_wconf 84' lang='lat' dir='ltr'><strong>Spiritalis,</strong></span> <span class='ocrx_word' id='word_1_286' title='bbox 1196 3650 1292 3704; x_wconf 90' lang='lat' dir='ltr'><strong>per</strong></span> <span class='ocrx_word' id='word_1_287' title='bbox 1331 3650 1492 3704; x_wconf 90' lang='lat' dir='ltr'><strong>quam</strong></span> <span class='ocrx_word' id='word_1_288' title='bbox 1519 3634 1758 3689; x_wconf 84' lang='lat' dir='ltr'><strong>Ecclesia</strong></span> <span class='ocrx_word' id='word_1_289' title='bbox 1802 3650 1889 3689; x_wconf 90' lang='lat' dir='ltr'><strong>so-</strong></span> 
     </span>
    </p>
   </div>
   <div class='ocr_carea' id='block_1_40' title="bbox 306 3723 1890 3795">
    <p class='ocr_par' dir='ltr' id='par_1_40' title="bbox 306 3723 1890 3795">
     <span class='ocr_line' id='line_1_40' title="bbox 306 3723 1890 3795; baseline 0.001 -18"><span class='ocrx_word' id='word_1_290' title='bbox 306 3724 435 3787; x_wconf 90' lang='lat' dir='ltr'><strong>lum,</strong></span> <span class='ocrx_word' id='word_1_291' title='bbox 466 3732 526 3778; x_wconf 90' lang='lat' dir='ltr'><strong>ut</strong></span> <span class='ocrx_word' id='word_1_292' title='bbox 569 3724 641 3779; x_wconf 92' lang='lat' dir='ltr'><strong>sit</strong></span> <span class='ocrx_word' id='word_1_293' title='bbox 668 3723 929 3789; x_wconf 83' lang='lat' dir='ltr'><strong>Ecclesia,</strong></span> <span class='ocrx_word' id='word_1_294' title='bbox 967 3724 1213 3795; x_wconf 89' lang='lat' dir='ltr'><strong>percipit.</strong></span> <span class='ocrx_word' id='word_1_295' title='bbox 1268 3723 1486 3795; x_wconf 89' lang='lat' dir='ltr'><strong>Septem</strong></span> <span class='ocrx_word' id='word_1_296' title='bbox 1516 3725 1712 3795; x_wconf 87' lang='lat' dir='ltr'><strong>quippe</strong></span> <span class='ocrx_word' id='word_1_297' title='bbox 1747 3726 1890 3780; x_wconf 89' lang='lat' dir='ltr'><strong>dona</strong></span> 
     </span>
    </p>
   </div>
   <div class='ocr_carea' id='block_1_41' title="bbox 305 3815 1891 3890">
    <p class='ocr_par' dir='ltr' id='par_1_41' title="bbox 305 3815 1891 3890">
     <span class='ocr_line' id='line_1_41' title="bbox 305 3815 1891 3890; baseline 0.001 -19"><span class='ocrx_word' id='word_1_298' title='bbox 305 3815 546 3888; x_wconf 79' lang='lat' dir='ltr'><strong>Spiritus</strong></span> <span class='ocrx_word' id='word_1_299' title='bbox 570 3819 742 3872; x_wconf 87' lang='lat' dir='ltr'><strong>sancti</strong></span> <span class='ocrx_word' id='word_1_300' title='bbox 773 3824 1052 3872; x_wconf 89' lang='lat' dir='ltr'><strong>enumerat</strong></span> <span class='ocrx_word' id='word_1_301' title='bbox 1076 3817 1242 3873; x_wconf 83' lang='lat' dir='ltr'><strong>Isaias</strong></span> <span class='ocrx_word' id='word_1_302' title='bbox 1264 3816 1399 3890; x_wconf 82' lang='lat' dir='ltr'><strong>(Isa.</strong></span> <span class='ocrx_word' id='word_1_303' title='bbox 1429 3817 1529 3890; x_wconf 67' lang='grc' dir='ltr'>ιιι),</span> <span class='ocrx_word' id='word_1_304' title='bbox 1555 3818 1670 3872; x_wconf 88' lang='lat' dir='ltr'><strong>sine</strong></span> <span class='ocrx_word' id='word_1_305' title='bbox 1696 3818 1891 3888; x_wconf 85' lang='lat' dir='ltr'><strong>quibus</strong></span> 
     </span>
    </p>
   </div>
   <div class='ocr_carea' id='block_1_42' title="bbox 306 3911 1891 3979">
    <p class='ocr_par' dir='ltr' id='par_1_42' title="bbox 306 3911 1891 3979">
     <span class='ocr_line' id='line_1_42' title="bbox 306 3911 1891 3979; baseline -0.002 -11"><span class='ocrx_word' id='word_1_306' title='bbox 306 3930 466 3970; x_wconf 87' lang='lat' dir='ltr'><strong>nemo</strong></span> <span class='ocrx_word' id='word_1_307' title='bbox 490 3913 575 3969; x_wconf 88' lang='lat' dir='ltr'><strong>vel</strong></span> <span class='ocrx_word' id='word_1_308' title='bbox 604 3912 778 3968; x_wconf 87' lang='lat' dir='ltr'><strong>ﬁdelis</strong></span> <span class='ocrx_word' id='word_1_309' title='bbox 806 3911 965 3979; x_wconf 85' lang='lat' dir='ltr'><strong>efﬁci,</strong></span> <span class='ocrx_word' id='word_1_310' title='bbox 993 3912 1074 3968; x_wconf 90' lang='lat' dir='ltr'><strong>vel</strong></span> <span class='ocrx_word' id='word_1_311' title='bbox 1116 3911 1273 3967; x_wconf 86' lang='lat' dir='ltr'><strong>ﬁdem</strong></span> <span class='ocrx_word' id='word_1_312' title='bbox 1319 3927 1556 3976; x_wconf 88' lang='lat' dir='ltr'><strong>scrvare,</strong></span> <span class='ocrx_word' id='word_1_313' title='bbox 1588 3911 1671 3967; x_wconf 89' lang='lat' dir='ltr'><strong>vel</strong></span> <span class='ocrx_word' id='word_1_314' title='bbox 1699 3912 1891 3966; x_wconf 88' lang='lat' dir='ltr'><strong>merito</strong></span> 
     </span>
    </p>
   </div>
   <div class='ocr_carea' id='block_1_43' title="bbox 305 3999 1891 4072">
    <p class='ocr_par' dir='ltr' id='par_1_43' title="bbox 305 3999 1891 4072">
     <span class='ocr_line' id='line_1_43' title="bbox 305 3999 1891 4072; baseline 0.001 -17"><span class='ocrx_word' id='word_1_315' title='bbox 305 4002 427 4056; x_wconf 81' lang='lat' dir='ltr'><strong>ﬁdei</strong></span> <span class='ocrx_word' id='word_1_316' title='bbox 474 4002 544 4056; x_wconf 87' lang='lat' dir='ltr'><strong>ad</strong></span> <span class='ocrx_word' id='word_1_317' title='bbox 594 4016 851 4056; x_wconf 89' lang='lat' dir='ltr'><strong>coronam</strong></span> <span class='ocrx_word' id='word_1_318' title='bbox 898 4009 1077 4072; x_wconf 87' lang='lat' dir='ltr'><strong>potest</strong></span> <span class='ocrx_word' id='word_1_319' title='bbox 1120 4001 1406 4070; x_wconf 90' lang='lat' dir='ltr'><strong>pervenire</strong></span> <span class='ocrx_word' id='word_1_320' title='bbox 1445 3999 1688 4068; x_wconf 77' lang='lat' dir='ltr'><strong>justitiae.</strong></span> <span class='ocrx_word' id='word_1_321' title='bbox 1739 4001 1891 4068; x_wconf 86' lang='lat' dir='ltr'><strong>Quod</strong></span> 
     </span>
    </p>
   </div>
   <div class='ocr_carea' id='block_1_44' title="bbox 305 4092 1891 4162">
    <p class='ocr_par' dir='ltr' id='par_1_44' title="bbox 305 4092 1891 4162">
     <span class='ocr_line' id='line_1_44' title="bbox 305 4092 1891 4162; baseline -0.002 -14"><span class='ocrx_word' id='word_1_322' title='bbox 305 4103 485 4148; x_wconf 85' lang='lat' dir='ltr'><strong>autem</strong></span> <span class='ocrx_word' id='word_1_323' title='bbox 517 4094 575 4147; x_wconf 87' lang='lat' dir='ltr'><strong>in</strong></span> <span class='ocrx_word' id='word_1_324' title='bbox 604 4101 799 4147; x_wconf 89' lang='lat' dir='ltr'><strong>octavo</strong></span> <span class='ocrx_word' id='word_1_325' title='bbox 839 4108 978 4148; x_wconf 91' lang='lat' dir='ltr'><strong>anno</strong></span> <span class='ocrx_word' id='word_1_326' title='bbox 1009 4101 1066 4146; x_wconf 89' lang='lat' dir='ltr'><strong>et</strong></span> <span class='ocrx_word' id='word_1_327' title='bbox 1106 4092 1158 4146; x_wconf 92' lang='lat' dir='ltr'><strong>in</strong></span> <span class='ocrx_word' id='word_1_328' title='bbox 1188 4101 1380 4147; x_wconf 87' lang='lat' dir='ltr'><strong>octavo</strong></span> <span class='ocrx_word' id='word_1_329' title='bbox 1408 4092 1524 4162; x_wconf 86' lang='lat' dir='ltr'><strong>ejus</strong></span> <span class='ocrx_word' id='word_1_330' title='bbox 1549 4106 1732 4147; x_wconf 91' lang='lat' dir='ltr'><strong>mense</strong></span> <span class='ocrx_word' id='word_1_331' title='bbox 1764 4108 1891 4161; x_wconf 87' lang='lat' dir='ltr'><strong>per-</strong></span> 
     </span>
    </p>
   </div>
   <div class='ocr_carea' id='block_1_45' title="bbox 307 4182 1893 4254">
    <p class='ocr_par' dir='ltr' id='par_1_45' title="bbox 307 4182 1893 4254">
     <span class='ocr_line' id='line_1_45' title="bbox 307 4182 1893 4254; baseline -0.002 -14"><span class='ocrx_word' id='word_1_332' title='bbox 307 4186 447 4240; x_wconf 79' lang='lat' dir='ltr'><strong>fecta</strong></span> <span class='ocrx_word' id='word_1_333' title='bbox 486 4193 572 4239; x_wconf 91' lang='lat' dir='ltr'><strong>est</strong></span> <span class='ocrx_word' id='word_1_334' title='bbox 610 4184 804 4239; x_wconf 90' lang='lat' dir='ltr'><strong>domus</strong></span> <span class='ocrx_word' id='word_1_335' title='bbox 843 4183 897 4238; x_wconf 92' lang='lat' dir='ltr'><strong>in</strong></span> <span class='ocrx_word' id='word_1_336' title='bbox 939 4183 1086 4238; x_wconf 90' lang='lat' dir='ltr'><strong>omni</strong></span> <span class='ocrx_word' id='word_1_337' title='bbox 1118 4198 1281 4254; x_wconf 88' lang='lat' dir='ltr'><strong>opere</strong></span> <span class='ocrx_word' id='word_1_338' title='bbox 1322 4199 1419 4239; x_wconf 89' lang='lat' dir='ltr'><strong>suo</strong></span> <span class='ocrx_word' id='word_1_339' title='bbox 1453 4192 1507 4239; x_wconf 89' lang='lat' dir='ltr'><strong>ct</strong></span> <span class='ocrx_word' id='word_1_340' title='bbox 1542 4184 1596 4238; x_wconf 91' lang='lat' dir='ltr'><strong>in</strong></span> <span class='ocrx_word' id='word_1_341' title='bbox 1629 4182 1893 4238; x_wconf 83' lang='lat' dir='ltr'><strong>universis</strong></span> 
     </span>
    </p>
   </div>
   <div class='ocr_carea' id='block_1_46' title="bbox 306 4273 1892 4344">
    <p class='ocr_par' dir='ltr' id='par_1_46' title="bbox 306 4273 1892 4344">
     <span class='ocr_line' id='line_1_46' title="bbox 306 4273 1892 4344; baseline -0.002 -13"><span class='ocrx_word' id='word_1_342' title='bbox 306 4277 654 4341; x_wconf 87' lang='lat' dir='ltr'><strong>utensilibus,</strong></span> <span class='ocrx_word' id='word_1_343' title='bbox 699 4276 766 4331; x_wconf 90' lang='lat' dir='ltr'><strong>ad</strong></span> <span class='ocrx_word' id='word_1_344' title='bbox 812 4274 1052 4330; x_wconf 89' lang='lat' dir='ltr'><strong>futurum</strong></span> <span class='ocrx_word' id='word_1_345' title='bbox 1095 4274 1371 4340; x_wconf 59' lang='lat' dir='ltr'><strong>sarculum,</strong></span> <span class='ocrx_word' id='word_1_346' title='bbox 1416 4274 1664 4342; x_wconf 82' lang='lat' dir='ltr'><strong>diemque</strong></span> <span class='ocrx_word' id='word_1_347' title='bbox 1706 4273 1892 4344; x_wconf 91' lang='lat' dir='ltr'><strong>judicii</strong></span> 
     </span>
    </p>
   </div>
   <div class='ocr_carea' id='block_1_47' title="bbox 307 4365 1891 4447">
    <p class='ocr_par' dir='ltr' id='par_1_47' title="bbox 307 4365 1891 4447">
     <span class='ocr_line' id='line_1_47' title="bbox 307 4365 1891 4447; baseline -0.004 -25"><span class='ocrx_word' id='word_1_348' title='bbox 307 4368 571 4439; x_wconf 84' lang='lat' dir='ltr'><strong>pertinet,</strong></span> <span class='ocrx_word' id='word_1_349' title='bbox 600 4366 816 4437; x_wconf 89' lang='lat' dir='ltr'><strong>quando</strong></span> <span class='ocrx_word' id='word_1_350' title='bbox 838 4365 904 4420; x_wconf 90' lang='lat' dir='ltr'><strong>ad</strong></span> <span class='ocrx_word' id='word_1_351' title='bbox 928 4374 1131 4419; x_wconf 89' lang='lat' dir='ltr'><strong>tantam</strong></span> <span class='ocrx_word' id='word_1_352' title='bbox 1158 4365 1269 4435; x_wconf 86' lang='lat' dir='ltr'><strong>jam</strong></span> <span class='ocrx_word' id='word_1_353' title='bbox 1299 4365 1681 4447; x_wconf 76' lang='lat' dir='ltr'><strong>perfectionem</strong></span> <span class='ocrx_word' id='word_1_354' title='bbox 1706 4370 1891 4419; x_wconf 89' lang='lat' dir='ltr'><strong>sancta</strong></span> 
     </span>
    </p>
   </div>
   <div class='ocr_carea' id='block_1_48' title="bbox 308 4454 1892 4528">
    <p class='ocr_par' dir='ltr' id='par_1_48' title="bbox 308 4454 1892 4528">
     <span class='ocr_line' id='line_1_48' title="bbox 308 4454 1892 4528; baseline -0.005 -13"><span class='ocrx_word' id='word_1_355' title='bbox 308 4458 555 4515; x_wconf 79' lang='lat' dir='ltr'><strong>Ecclesia</strong></span> <span class='ocrx_word' id='word_1_356' title='bbox 601 4456 902 4528; x_wconf 85' lang='lat' dir='ltr'><strong>perveniet,</strong></span> <span class='ocrx_word' id='word_1_357' title='bbox 953 4464 1013 4511; x_wconf 89' lang='lat' dir='ltr'><strong>ut</strong></span> <span class='ocrx_word' id='word_1_358' title='bbox 1056 4456 1185 4526; x_wconf 91' lang='lat' dir='ltr'><strong>quid</strong></span> <span class='ocrx_word' id='word_1_359' title='bbox 1222 4456 1271 4510; x_wconf 90' lang='lat' dir='ltr'><strong>ei</strong></span> <span class='ocrx_word' id='word_1_360' title='bbox 1297 4455 1525 4524; x_wconf 86' lang='lat' dir='ltr'><strong>amplius</strong></span> <span class='ocrx_word' id='word_1_361' title='bbox 1568 4454 1690 4508; x_wconf 91' lang='lat' dir='ltr'><strong>addi</strong></span> <span class='ocrx_word' id='word_1_362' title='bbox 1723 4454 1892 4525; x_wconf 88' lang='lat' dir='ltr'><strong>possit</strong></span> 
     </span>
    </p>
   </div>
   <div class='ocr_carea' id='block_1_49' title="bbox 1975 535 3562 607">
    <p class='ocr_par' dir='ltr' id='par_1_49' title="bbox 1975 535 3562 607">
     <span class='ocr_line' id='line_1_49' title="bbox 1975 535 3562 607; baseline 0.004 -17"><span class='ocrx_word' id='word_1_363' title='bbox 1975 535 2112 591; x_wconf 92' lang='lat' dir='ltr'><strong>simo</strong></span> <span class='ocrx_word' id='word_1_364' title='bbox 2142 536 2300 590; x_wconf 91' lang='lat' dir='ltr'><strong>tertio</strong></span> <span class='ocrx_word' id='word_1_365' title='bbox 2332 535 2506 607; x_wconf 88' lang='lat' dir='ltr'><strong>ipsius</strong></span> <span class='ocrx_word' id='word_1_366' title='bbox 2541 538 2765 603; x_wconf 89' lang='lat' dir='ltr'><strong>mensis,</strong></span> <span class='ocrx_word' id='word_1_367' title='bbox 2793 545 2852 591; x_wconf 86' lang='lat' dir='ltr'><strong>ut</strong></span> <span class='ocrx_word' id='word_1_368' title='bbox 2878 538 3055 596; x_wconf 82' lang='lat' dir='ltr'><strong>Verba</strong></span> <span class='ocrx_word' id='word_1_369' title='bbox 3077 537 3296 600; x_wconf 87' lang='lat' dir='ltr'><strong>Dierum</strong></span> <span class='ocrx_word' id='word_1_370' title='bbox 3334 550 3562 597; x_wconf 89' lang='lat' dir='ltr'><strong>narrant</strong></span> 
     </span>
    </p>
   </div>
   <div class='ocr_carea' id='block_1_50' title="bbox 1977 624 3560 699">
    <p class='ocr_par' dir='ltr' id='par_1_50' title="bbox 1977 624 3560 699">
     <span class='ocr_line' id='line_1_50' title="bbox 1977 624 3560 699; baseline 0.006 -21"><span class='ocrx_word' id='word_1_371' title='bbox 1977 625 2061 697; x_wconf 90' lang='lat' dir='ltr'><strong>(II</strong></span> <span class='ocrx_word' id='word_1_372' title='bbox 2090 624 2222 680; x_wconf 86' lang='lat' dir='ltr'><strong>Par.</strong></span> <span class='ocrx_word' id='word_1_373' title='bbox 2244 624 2366 699; x_wconf 85' lang='lat' dir='ltr'><strong>vn),</strong></span> <span class='ocrx_word' id='word_1_374' title='bbox 2404 628 2630 699; x_wconf 90' lang='lat' dir='ltr'><strong>populos</strong></span> <span class='ocrx_word' id='word_1_375' title='bbox 2665 627 2915 684; x_wconf 89' lang='lat' dir='ltr'><strong>Salomon</strong></span> <span class='ocrx_word' id='word_1_376' title='bbox 2962 630 3031 685; x_wconf 93' lang='lat' dir='ltr'><strong>ad</strong></span> <span class='ocrx_word' id='word_1_377' title='bbox 3062 632 3406 688; x_wconf 89' lang='lat' dir='ltr'><strong>tabernacula</strong></span> <span class='ocrx_word' id='word_1_378' title='bbox 3461 648 3560 688; x_wconf 87' lang='lat' dir='ltr'><strong>sua</strong></span> 
     </span>
    </p>
   </div>
   <div class='ocr_carea' id='block_1_51' title="bbox 1974 718 3560 791">
    <p class='ocr_par' dir='ltr' id='par_1_51' title="bbox 1974 718 3560 791">
     <span class='ocr_line' id='line_1_51' title="bbox 1974 718 3560 791; baseline 0.004 -20"><span class='ocrx_word' id='word_1_379' title='bbox 1974 718 2267 784; x_wconf 86' lang='lat' dir='ltr'><strong>dimiserit;</strong></span> <span class='ocrx_word' id='word_1_380' title='bbox 2300 718 2487 789; x_wconf 86' lang='lat' dir='ltr'><strong>sicque</strong></span> <span class='ocrx_word' id='word_1_381' title='bbox 2507 727 2629 790; x_wconf 91' lang='lat' dir='ltr'><strong>post</strong></span> <span class='ocrx_word' id='word_1_382' title='bbox 2655 734 2819 789; x_wconf 80' lang='lat' dir='ltr'><strong>unam</strong></span> <span class='ocrx_word' id='word_1_383' title='bbox 2854 720 3212 791; x_wconf 89' lang='lat' dir='ltr'><strong>septimanam</strong></span> <span class='ocrx_word' id='word_1_384' title='bbox 3239 722 3560 779; x_wconf 84' lang='lat' dir='ltr'><strong>adveniente</strong></span> 
     </span>
    </p>
   </div>
   <div class='ocr_carea' id='block_1_52' title="bbox 1975 808 3556 881">
    <p class='ocr_par' dir='ltr' id='par_1_52' title="bbox 1975 808 3556 881">
     <span class='ocr_line' id='line_1_52' title="bbox 1975 808 3556 881; baseline 0.003 -17"><span class='ocrx_word' id='word_1_385' title='bbox 1975 825 2159 865; x_wconf 90' lang='lat' dir='ltr'><strong>mense</strong></span> <span class='ocrx_word' id='word_1_386' title='bbox 2187 818 2401 877; x_wconf 88' lang='lat' dir='ltr'><strong>octavo,</strong></span> <span class='ocrx_word' id='word_1_387' title='bbox 2445 808 2686 881; x_wconf 82' lang='lat' dir='ltr'><strong>perfecta</strong></span> <span class='ocrx_word' id='word_1_388' title='bbox 2736 812 2953 866; x_wconf 89' lang='lat' dir='ltr'><strong>inventa</strong></span> <span class='ocrx_word' id='word_1_389' title='bbox 2999 813 3069 867; x_wconf 91' lang='lat' dir='ltr'><strong>sit</strong></span> <span class='ocrx_word' id='word_1_390' title='bbox 3104 814 3293 868; x_wconf 89' lang='lat' dir='ltr'><strong>domus</strong></span> <span class='ocrx_word' id='word_1_391' title='bbox 3316 814 3556 881; x_wconf 88' lang='lat' dir='ltr'><strong>Domini,</strong></span> 
     </span>
    </p>
   </div>
   <div class='ocr_carea' id='block_1_53' title="bbox 1973 890 3561 974">
    <p class='ocr_par' dir='ltr' id='par_1_53' title="bbox 1973 890 3561 974">
     <span class='ocr_line' id='line_1_53' title="bbox 1973 890 3561 974; baseline 0.004 -21"><span class='ocrx_word' id='word_1_392' title='bbox 1973 908 2028 953; x_wconf 91' lang='lat' dir='ltr'><strong>et</strong></span> <span class='ocrx_word' id='word_1_393' title='bbox 2055 901 2311 971; x_wconf 89' lang='lat' dir='ltr'><strong>operibus</strong></span> <span class='ocrx_word' id='word_1_394' title='bbox 2349 901 2597 957; x_wconf 87' lang='lat' dir='ltr'><strong>videlicet</strong></span> <span class='ocrx_word' id='word_1_395' title='bbox 2629 890 2756 972; x_wconf 87' lang='lat' dir='ltr'><strong>ejus</strong></span> <span class='ocrx_word' id='word_1_396' title='bbox 2782 903 3070 969; x_wconf 88' lang='lat' dir='ltr'><strong>universis,</strong></span> <span class='ocrx_word' id='word_1_397' title='bbox 3099 911 3156 958; x_wconf 92' lang='lat' dir='ltr'><strong>et</strong></span> <span class='ocrx_word' id='word_1_398' title='bbox 3194 905 3309 974; x_wconf 88' lang='lat' dir='ltr'><strong>ipsa</strong></span> <span class='ocrx_word' id='word_1_399' title='bbox 3345 905 3561 961; x_wconf 88' lang='lat' dir='ltr'><strong>dedica-</strong></span> 
     </span>
    </p>
   </div>
   <div class='ocr_carea' id='block_1_54' title="bbox 1976 991 3560 1066">
    <p class='ocr_par' dir='ltr' id='par_1_54' title="bbox 1976 991 3560 1066">
     <span class='ocr_line' id='line_1_54' title="bbox 1976 991 3560 1066; baseline 0.004 -22"><span class='ocrx_word' id='word_1_400' title='bbox 1976 992 2124 1046; x_wconf 90' lang='lat' dir='ltr'><strong>tione</strong></span> <span class='ocrx_word' id='word_1_401' title='bbox 2149 992 2298 1060; x_wconf 87' lang='lat' dir='ltr'><strong>prins</strong></span> <span class='ocrx_word' id='word_1_402' title='bbox 2338 991 2626 1061; x_wconf 87' lang='lat' dir='ltr'><strong>completa.</strong></span> <span class='ocrx_word' id='word_1_403' title='bbox 2658 992 2772 1047; x_wconf 88' lang='lat' dir='ltr'><strong>Nisi</strong></span> <span class='ocrx_word' id='word_1_404' title='bbox 2818 992 2957 1047; x_wconf 91' lang='lat' dir='ltr'><strong>forte</strong></span> <span class='ocrx_word' id='word_1_405' title='bbox 2995 995 3289 1064; x_wconf 91' lang='lat' dir='ltr'><strong>putandum</strong></span> <span class='ocrx_word' id='word_1_406' title='bbox 3317 1006 3402 1050; x_wconf 87' lang='lat' dir='ltr'><strong>est</strong></span> <span class='ocrx_word' id='word_1_407' title='bbox 3436 1005 3560 1066; x_wconf 89' lang='lat' dir='ltr'><strong>post</strong></span> 
     </span>
    </p>
   </div>
   <div class='ocr_carea' id='block_1_55' title="bbox 1975 1081 3560 1151">
    <p class='ocr_par' dir='ltr' id='par_1_55' title="bbox 1975 1081 3560 1151">
     <span class='ocr_line' id='line_1_55' title="bbox 1975 1081 3560 1151; baseline 0.004 -16"><span class='ocrx_word' id='word_1_408' title='bbox 1975 1081 2279 1135; x_wconf 87' lang='lat' dir='ltr'><strong>dedicatum</strong></span> <span class='ocrx_word' id='word_1_409' title='bbox 2316 1081 2574 1149; x_wconf 89' lang='lat' dir='ltr'><strong>templum</strong></span> <span class='ocrx_word' id='word_1_410' title='bbox 2608 1082 2809 1151; x_wconf 87' lang='lat' dir='ltr'><strong>aliquid</strong></span> <span class='ocrx_word' id='word_1_411' title='bbox 2837 1083 3011 1138; x_wconf 82' lang='lat' dir='ltr'><strong>adhuc</strong></span> <span class='ocrx_word' id='word_1_412' title='bbox 3038 1084 3345 1139; x_wconf 88' lang='lat' dir='ltr'><strong>utensilium</strong></span> <span class='ocrx_word' id='word_1_413' title='bbox 3375 1086 3427 1140; x_wconf 88' lang='lat' dir='ltr'><strong>in</strong></span> <span class='ocrx_word' id='word_1_414' title='bbox 3460 1087 3560 1141; x_wconf 87' lang='lat' dir='ltr'><strong>mi-</strong></span> 
     </span>
    </p>
   </div>
   <div class='ocr_carea' id='block_1_56' title="bbox 1976 1170 3557 1245">
    <p class='ocr_par' dir='ltr' id='par_1_56' title="bbox 1976 1170 3557 1245">
     <span class='ocr_line' id='line_1_56' title="bbox 1976 1170 3557 1245; baseline 0.003 -20"><span class='ocrx_word' id='word_1_415' title='bbox 1976 1170 2199 1225; x_wconf 89' lang='lat' dir='ltr'><strong>nisteria</strong></span> <span class='ocrx_word' id='word_1_416' title='bbox 2244 1170 2363 1239; x_wconf 90' lang='lat' dir='ltr'><strong>ejus</strong></span> <span class='ocrx_word' id='word_1_417' title='bbox 2410 1171 2650 1230; x_wconf 89' lang='lat' dir='ltr'><strong>additum</strong></span> <span class='ocrx_word' id='word_1_418' title='bbox 2699 1170 2864 1226; x_wconf 89' lang='lat' dir='ltr'><strong>fuisse</strong></span> <span class='ocrx_word' id='word_1_419' title='bbox 2911 1188 3079 1242; x_wconf 89' lang='lat' dir='ltr'><strong>usque</strong></span> <span class='ocrx_word' id='word_1_420' title='bbox 3129 1175 3196 1229; x_wconf 90' lang='lat' dir='ltr'><strong>ad</strong></span> <span class='ocrx_word' id='word_1_421' title='bbox 3254 1175 3557 1245; x_wconf 83' lang='lat' dir='ltr'><strong>ingressum</strong></span> 
     </span>
    </p>
   </div>
   <div class='ocr_carea' id='block_1_57' title="bbox 1976 1262 3559 1332">
    <p class='ocr_par' dir='ltr' id='par_1_57' title="bbox 1976 1262 3559 1332">
     <span class='ocr_line' id='line_1_57' title="bbox 1976 1262 3559 1332; baseline 0.004 -17"><span class='ocrx_word' id='word_1_422' title='bbox 1976 1262 2158 1316; x_wconf 88' lang='lat' dir='ltr'><strong>octavi</strong></span> <span class='ocrx_word' id='word_1_423' title='bbox 2207 1263 2429 1327; x_wconf 84' lang='lat' dir='ltr'><strong>mensis,</strong></span> <span class='ocrx_word' id='word_1_424' title='bbox 2477 1262 2813 1319; x_wconf 88' lang='lat' dir='ltr'><strong>accelerante</strong></span> <span class='ocrx_word' id='word_1_425' title='bbox 2854 1278 2999 1332; x_wconf 82' lang='lat' dir='ltr'><strong>rege,</strong></span> <span class='ocrx_word' id='word_1_426' title='bbox 3030 1272 3091 1318; x_wconf 90' lang='lat' dir='ltr'><strong>ut</strong></span> <span class='ocrx_word' id='word_1_427' title='bbox 3114 1265 3334 1320; x_wconf 90' lang='lat' dir='ltr'><strong>omnino</strong></span> <span class='ocrx_word' id='word_1_428' title='bbox 3375 1281 3559 1321; x_wconf 84' lang='lat' dir='ltr'><strong>mense</strong></span> 
     </span>
    </p>
   </div>
   <div class='ocr_carea' id='block_1_58' title="bbox 1976 1354 3562 1424">
    <p class='ocr_par' dir='ltr' id='par_1_58' title="bbox 1976 1354 3562 1424">
     <span class='ocr_line' id='line_1_58' title="bbox 1976 1354 3562 1424; baseline 0.003 -16"><span class='ocrx_word' id='word_1_429' title='bbox 1976 1354 2224 1423; x_wconf 90' lang='lat' dir='ltr'><strong>septimo,</strong></span> <span class='ocrx_word' id='word_1_430' title='bbox 2258 1355 2350 1423; x_wconf 86' lang='lat' dir='ltr'><strong>qui</strong></span> <span class='ocrx_word' id='word_1_431' title='bbox 2383 1362 2504 1409; x_wconf 90' lang='lat' dir='ltr'><strong>erat</strong></span> <span class='ocrx_word' id='word_1_432' title='bbox 2537 1363 2683 1409; x_wconf 90' lang='lat' dir='ltr'><strong>totus</strong></span> <span class='ocrx_word' id='word_1_433' title='bbox 2724 1354 2999 1421; x_wconf 90' lang='lat' dir='ltr'><strong>solemnis,</strong></span> <span class='ocrx_word' id='word_1_434' title='bbox 3043 1356 3301 1424; x_wconf 90' lang='lat' dir='ltr'><strong>templum</strong></span> <span class='ocrx_word' id='word_1_435' title='bbox 3346 1357 3562 1412; x_wconf 87' lang='lat' dir='ltr'><strong>dedica-</strong></span> 
     </span>
    </p>
   </div>
   <div class='ocr_carea' id='block_1_59' title="bbox 1978 1444 3565 1515">
    <p class='ocr_par' dir='ltr' id='par_1_59' title="bbox 1978 1444 3565 1515">
     <span class='ocr_line' id='line_1_59' title="bbox 1978 1444 3565 1515; baseline 0.003 -18"><span class='ocrx_word' id='word_1_436' title='bbox 1978 1455 2158 1509; x_wconf 87' lang='lat' dir='ltr'><strong>retur;</strong></span> <span class='ocrx_word' id='word_1_437' title='bbox 2215 1453 2377 1512; x_wconf 88' lang='lat' dir='ltr'><strong>atque</strong></span> <span class='ocrx_word' id='word_1_438' title='bbox 2427 1444 2500 1498; x_wconf 87' lang='lat' dir='ltr'><strong>ita</strong></span> <span class='ocrx_word' id='word_1_439' title='bbox 2543 1458 2729 1497; x_wconf 86' lang='lat' dir='ltr'><strong>verum</strong></span> <span class='ocrx_word' id='word_1_440' title='bbox 2780 1444 3081 1513; x_wconf 87' lang='lat' dir='ltr'><strong>reperiatur</strong></span> <span class='ocrx_word' id='word_1_441' title='bbox 3139 1450 3456 1515; x_wconf 83' lang='lat' dir='ltr'><strong>utrumque,</strong></span> <span class='ocrx_word' id='word_1_442' title='bbox 3508 1455 3565 1501; x_wconf 90' lang='lat' dir='ltr'><strong>et</strong></span> 
     </span>
    </p>
   </div>
   <div class='ocr_carea' id='block_1_60' title="bbox 1978 1532 3564 1607">
    <p class='ocr_par' dir='ltr' id='par_1_60' title="bbox 1978 1532 3564 1607">
     <span class='ocr_line' id='line_1_60' title="bbox 1978 1532 3564 1607; baseline 0.002 -19"><span class='ocrx_word' id='word_1_443' title='bbox 1978 1532 2234 1602; x_wconf 87' lang='lat' dir='ltr'><strong>templum</strong></span> <span class='ocrx_word' id='word_1_444' title='bbox 2257 1533 2507 1589; x_wconf 83' lang='lat' dir='ltr'><strong>videlicet</strong></span> <span class='ocrx_word' id='word_1_445' title='bbox 2530 1543 2720 1589; x_wconf 91' lang='lat' dir='ltr'><strong>octavo</strong></span> <span class='ocrx_word' id='word_1_446' title='bbox 2748 1549 2935 1588; x_wconf 89' lang='lat' dir='ltr'><strong>mense</strong></span> <span class='ocrx_word' id='word_1_447' title='bbox 2964 1533 3018 1587; x_wconf 91' lang='lat' dir='ltr'><strong>in</strong></span> <span class='ocrx_word' id='word_1_448' title='bbox 3042 1535 3190 1589; x_wconf 91' lang='lat' dir='ltr'><strong>omni</strong></span> <span class='ocrx_word' id='word_1_449' title='bbox 3210 1542 3373 1605; x_wconf 84' lang='lat' dir='ltr'><strong>opere</strong></span> <span class='ocrx_word' id='word_1_450' title='bbox 3402 1545 3564 1607; x_wconf 87' lang='lat' dir='ltr'><strong>atque</strong></span> 
     </span>
    </p>
   </div>
   <div class='ocr_carea' id='block_1_61' title="bbox 1977 1620 3564 1695">
    <p class='ocr_par' dir='ltr' id='par_1_61' title="bbox 1977 1620 3564 1695">
     <span class='ocr_line' id='line_1_61' title="bbox 1977 1620 3564 1695; baseline 0.004 -20"><span class='ocrx_word' id='word_1_451' title='bbox 1977 1620 2305 1676; x_wconf 88' lang='lat' dir='ltr'><strong>utensilibus</strong></span> <span class='ocrx_word' id='word_1_452' title='bbox 2339 1620 2658 1692; x_wconf 89' lang='lat' dir='ltr'><strong>perfectum,</strong></span> <span class='ocrx_word' id='word_1_453' title='bbox 2686 1629 2742 1677; x_wconf 88' lang='lat' dir='ltr'><strong>et</strong></span> <span class='ocrx_word' id='word_1_454' title='bbox 2780 1623 2956 1693; x_wconf 90' lang='lat' dir='ltr'><strong>ipsum</strong></span> <span class='ocrx_word' id='word_1_455' title='bbox 2993 1624 3224 1695; x_wconf 88' lang='lat' dir='ltr'><strong>septimo</strong></span> <span class='ocrx_word' id='word_1_456' title='bbox 3259 1640 3443 1681; x_wconf 89' lang='lat' dir='ltr'><strong>mense</strong></span> <span class='ocrx_word' id='word_1_457' title='bbox 3471 1627 3564 1681; x_wconf 87' lang='lat' dir='ltr'><strong>de-</strong></span> 
     </span>
    </p>
   </div>
   <div class='ocr_carea' id='block_1_62' title="bbox 1981 1710 2238 1765">
    <p class='ocr_par' dir='ltr' id='par_1_62' title="bbox 1981 1710 2238 1765">
     <span class='ocr_line' id='line_1_62' title="bbox 1981 1710 2238 1765; baseline -0.004 -1"><span class='ocrx_word' id='word_1_458' title='bbox 1981 1710 2238 1765; x_wconf 88' lang='lat' dir='ltr'><strong>dicatum.</strong></span> 
     </span>
    </p>
   </div>
   <div class='ocr_carea' id='block_1_63' title="bbox 2586 1820 2961 1880">
    <p class='ocr_par' dir='ltr' id='par_1_63' title="bbox 2586 1820 2961 1880">
     <span class='ocr_line' id='line_1_63' title="bbox 2586 1820 2961 1880; baseline 0.003 -4"><span class='ocrx_word' id='word_1_459' title='bbox 2586 1820 2814 1878; x_wconf 85' lang='lat' dir='ltr'><strong>CAPUT</strong></span> <span class='ocrx_word' id='word_1_460' title='bbox 2851 1822 2961 1880; x_wconf 72' lang='lat' dir='ltr'><strong>VII.</strong></span> 
     </span>
    </p>
   </div>
   <div class='ocr_carea' id='block_1_64' title="bbox 1978 1934 3564 2012">
    <p class='ocr_par' dir='ltr' id='par_1_64' title="bbox 1978 1934 3564 2012">
     <span class='ocr_line' id='line_1_64' title="bbox 1978 1934 3564 2012; baseline 0.006 -24"><span class='ocrx_word' id='word_1_461' title='bbox 1978 1934 2352 2012; x_wconf 37' lang='lat' dir='ltr'><strong>De‘columnis</strong></span> <span class='ocrx_word' id='word_1_462' title='bbox 2395 1938 2564 2003; x_wconf 70' lang='lat' dir='ltr'><strong>cereis,</strong></span> <span class='ocrx_word' id='word_1_463' title='bbox 2593 1944 2731 2012; x_wconf 82' lang='lat' dir='ltr'><strong>etc.;</strong></span> <span class='ocrx_word' id='word_1_464' title='bbox 2764 1940 2902 2012; x_wconf 86' lang='lat' dir='ltr'><strong>quo_d</strong></span> <span class='ocrx_word' id='word_1_465' title='bbox 2949 1941 3006 2012; x_wconf 75' lang='lat' dir='ltr'><strong>in</strong></span> <span class='ocrx_word' id='word_1_466' title='bbox 3054 1942 3260 2012; x_wconf 83' lang='lat' dir='ltr'><strong>regione</strong></span> <span class='ocrx_word' id='word_1_467' title='bbox 3304 1943 3564 1999; x_wconf 76' lang='lat' dir='ltr'><strong>Jordania</strong></span> 
     </span>
    </p>
   </div>
   <div class='ocr_carea' id='block_1_65' title="bbox 2051 2006 3567 2077">
    <p class='ocr_par' dir='ltr' id='par_1_65' title="bbox 2051 2006 3567 2077">
     <span class='ocr_line' id='line_1_65' title="bbox 2051 2006 3567 2077; baseline 0.007 -19"><span class='ocrx_word' id='word_1_468' title='bbox 2051 2006 2191 2074; x_wconf 65' lang='lat' dir='ltr'><strong>facta</strong></span> <span class='ocrx_word' id='word_1_469' title='bbox 2251 2018 2368 2060; x_wconf 83' lang='lat' dir='ltr'><strong>sunt</strong></span> <span class='ocrx_word' id='word_1_470' title='bbox 2440 2025 2564 2062; x_wconf 82' lang='lat' dir='ltr'><strong>rasa</strong></span> <span class='ocrx_word' id='word_1_471' title='bbox 2613 2006 2797 2063; x_wconf 67' lang='lat' dir='ltr'><strong>domus</strong></span> <span class='ocrx_word' id='word_1_472' title='bbox 2852 2010 3059 2065; x_wconf 84' lang='lat' dir='ltr'><strong>Domini</strong></span> <span class='ocrx_word' id='word_1_473' title='bbox 3072 2006 3127 2077; x_wconf 63' lang='grc'><strong>;’</strong></span> <span class='ocrx_word' id='word_1_474' title='bbox 3162 2012 3226 2065; x_wconf 86' lang='lat' dir='ltr'><strong>de</strong></span> <span class='ocrx_word' id='word_1_475' title='bbox 3263 2014 3567 2069; x_wconf 75' lang='lat' dir='ltr'><strong>cardinibus</strong></span> 
     </span>
    </p>
   </div>
   <div class='ocr_carea' id='block_1_66' title="bbox 2052 2077 3422 2149">
    <p class='ocr_par' dir='ltr' id='par_1_66' title="bbox 2052 2077 3422 2149">
     <span class='ocr_line' id='line_1_66' title="bbox 2052 2077 3422 2149; baseline 0.007 -21"><span class='ocrx_word' id='word_1_476' title='bbox 2052 2077 2301 2129; x_wconf 81' lang='lat' dir='ltr'><strong>ostiorum</strong></span> <span class='ocrx_word' id='word_1_477' title='bbox 2334 2078 2389 2130; x_wconf 82' lang='lat' dir='ltr'><strong>in</strong></span> <span class='ocrx_word' id='word_1_478' title='bbox 2423 2079 2741 2148; x_wconf 74' lang='lat' dir='ltr'><strong>perfectione</strong></span> <span class='ocrx_word' id='word_1_479' title='bbox 2763 2081 2929 2149; x_wconf 83' lang='lat' dir='ltr'><strong>operis</strong></span> <span class='ocrx_word' id='word_1_480' title='bbox 2962 2081 3149 2135; x_wconf 78' lang='lat' dir='ltr'><strong>domus</strong></span> <span class='ocrx_word' id='word_1_481' title='bbox 3187 2082 3422 2138; x_wconf 79' lang='lat' dir='ltr'><strong>Domini.</strong></span> 
     </span>
    </p>
   </div>
   <div class='ocr_carea' id='block_1_67' title="bbox 2052 2189 3565 2263">
    <p class='ocr_par' dir='ltr' id='par_1_67' title="bbox 2052 2189 3565 2263">
     <span class='ocr_line' id='line_1_67' title="bbox 2052 2189 3565 2263; baseline 0.002 -15"><span class='ocrx_word' id='word_1_482' title='bbox 2052 2189 2204 2263; x_wconf 70' lang='lat' dir='ltr'><strong>(Car.</strong></span> <span class='ocrx_word' id='word_1_483' title='bbox 2236 2190 2357 2263; x_wconf 85' lang='lat' dir='ltr'><strong>vn.)</strong></span> <span class='ocrx_word' id='word_1_484' title='bbox 2393 2209 2412 2242; x_wconf 87' lang='grc'><strong>‹</strong></span> <span class='ocrx_word' id='word_1_485' title='bbox 2444 2191 2588 2246; x_wconf 87' lang='lat' dir='ltr'><strong>Misit</strong></span> <span class='ocrx_word' id='word_1_486' title='bbox 2634 2207 2848 2262; x_wconf 90' lang='lat' dir='ltr'><strong>quoque</strong></span> <span class='ocrx_word' id='word_1_487' title='bbox 2891 2208 2988 2247; x_wconf 83' lang='lat' dir='ltr'><strong>rex</strong></span> <span class='ocrx_word' id='word_1_488' title='bbox 3036 2194 3314 2261; x_wconf 89' lang='lat' dir='ltr'><strong>Salomon,</strong></span> <span class='ocrx_word' id='word_1_489' title='bbox 3342 2203 3398 2251; x_wconf 88' lang='lat' dir='ltr'><strong>et</strong></span> <span class='ocrx_word' id='word_1_490' title='bbox 3440 2196 3565 2251; x_wconf 87' lang='lat' dir='ltr'><strong>tulit</strong></span> 
     </span>
    </p>
   </div>
   <div class='ocr_carea' id='block_1_68' title="bbox 1988 2282 3564 2353">
    <p class='ocr_par' dir='ltr' id='par_1_68' title="bbox 1988 2282 3564 2353">
     <span class='ocr_line' id='line_1_68' title="bbox 1988 2282 3564 2353; baseline 0.005 -19"><span class='ocrx_word' id='word_1_491' title='bbox 1988 2301 2006 2334; x_wconf 73' lang='grc' dir='ltr'><strong>ι</strong></span> <span class='ocrx_word' id='word_1_492' title='bbox 2050 2282 2236 2337; x_wconf 85' lang='lat' dir='ltr'><strong>Hiram</strong></span> <span class='ocrx_word' id='word_1_493' title='bbox 2262 2283 2328 2338; x_wconf 90' lang='lat' dir='ltr'><strong>de</strong></span> <span class='ocrx_word' id='word_1_494' title='bbox 2354 2282 2516 2353; x_wconf 87' lang='lat' dir='ltr'><strong>Tyro,</strong></span> <span class='ocrx_word' id='word_1_495' title='bbox 2545 2282 2712 2337; x_wconf 83' lang='lat' dir='ltr'><strong>lilium</strong></span> <span class='ocrx_word' id='word_1_496' title='bbox 2744 2284 2988 2339; x_wconf 89' lang='lat' dir='ltr'><strong>mulieris</strong></span> <span class='ocrx_word' id='word_1_497' title='bbox 3012 2285 3209 2351; x_wconf 72' lang='lat' dir='ltr'><strong>vidum,</strong></span> <span class='ocrx_word' id='word_1_498' title='bbox 3237 2295 3292 2342; x_wconf 88' lang='lat' dir='ltr'><strong>et</strong></span> <span class='ocrx_word' id='word_1_499' title='bbox 3317 2302 3384 2342; x_wconf 83' lang='lat' dir='ltr'><strong>ex</strong></span> <span class='ocrx_word' id='word_1_500' title='bbox 3420 2288 3564 2343; x_wconf 87' lang='lat' dir='ltr'><strong>tribu</strong></span> 
     </span>
    </p>
   </div>
   <div class='ocr_carea' id='block_1_69' title="bbox 1988 2372 3567 2449">
    <p class='ocr_par' dir='ltr' id='par_1_69' title="bbox 1988 2372 3567 2449">
     <span class='ocr_line' id='line_1_69' title="bbox 1988 2372 3567 2449; baseline 0.006 -24"><span class='ocrx_word' id='word_1_501' title='bbox 1988 2392 2006 2425; x_wconf 75' lang='grc' dir='ltr'><strong>ι</strong></span> <span class='ocrx_word' id='word_1_502' title='bbox 2052 2372 2376 2443; x_wconf 86' lang='lat' dir='ltr'><strong>Nepthalim,</strong></span> <span class='ocrx_word' id='word_1_503' title='bbox 2395 2384 2548 2446; x_wconf 84' lang='lat' dir='ltr'><strong>patre</strong></span> <span class='ocrx_word' id='word_1_504' title='bbox 2569 2375 2746 2447; x_wconf 88' lang='lat' dir='ltr'><strong>Tyrio,</strong></span> <span class='ocrx_word' id='word_1_505' title='bbox 2772 2376 3034 2432; x_wconf 88' lang='lat' dir='ltr'><strong>artiﬁcem</strong></span> <span class='ocrx_word' id='word_1_506' title='bbox 3054 2379 3327 2444; x_wconf 62' lang='lat' dir='ltr'><strong>aerarium,</strong></span> <span class='ocrx_word' id='word_1_507' title='bbox 3349 2380 3567 2449; x_wconf 89' lang='lat' dir='ltr'><strong>plenum</strong></span> 
     </span>
    </p>
   </div>
   <div class='ocr_carea' id='block_1_70' title="bbox 1990 2471 3568 2544">
    <p class='ocr_par' dir='ltr' id='par_1_70' title="bbox 1990 2471 3568 2544">
     <span class='ocr_line' id='line_1_70' title="bbox 1990 2471 3568 2544; baseline 0.005 -22"><span class='ocrx_word' id='word_1_508' title='bbox 1990 2489 2009 2521; x_wconf 74' lang='grc' dir='ltr'><strong>ι</strong></span> <span class='ocrx_word' id='word_1_509' title='bbox 2051 2471 2337 2539; x_wconf 90' lang='lat' dir='ltr'><strong>sapientia,</strong></span> <span class='ocrx_word' id='word_1_510' title='bbox 2364 2480 2419 2526; x_wconf 91' lang='lat' dir='ltr'><strong>et</strong></span> <span class='ocrx_word' id='word_1_511' title='bbox 2458 2471 2808 2544; x_wconf 79' lang='lat' dir='ltr'><strong>intelligentia</strong></span> <span class='ocrx_word' id='word_1_512' title='bbox 2829 2513 2844 2539; x_wconf 94' lang='lat'><strong>,</strong></span> <span class='ocrx_word' id='word_1_513' title='bbox 2875 2481 2930 2527; x_wconf 92' lang='lat' dir='ltr'><strong>et</strong></span> <span class='ocrx_word' id='word_1_514' title='bbox 2967 2473 3232 2539; x_wconf 87' lang='lat' dir='ltr'><strong>doctrina,</strong></span> <span class='ocrx_word' id='word_1_515' title='bbox 3265 2474 3333 2528; x_wconf 90' lang='lat' dir='ltr'><strong>ad</strong></span> <span class='ocrx_word' id='word_1_516' title='bbox 3373 2472 3568 2530; x_wconf 81' lang='lat' dir='ltr'><strong>facien-</strong></span> 
     </span>
    </p>
   </div>
   <div class='ocr_carea' id='block_1_71' title="bbox 1990 2557 3568 2634">
    <p class='ocr_par' dir='ltr' id='par_1_71' title="bbox 1990 2557 3568 2634">
     <span class='ocr_line' id='line_1_71' title="bbox 1990 2557 3568 2634; baseline 0.006 -23"><span class='ocrx_word' id='word_1_517' title='bbox 1990 2578 2009 2611; x_wconf 70' lang='grc' dir='ltr'><strong>ι</strong></span> <span class='ocrx_word' id='word_1_518' title='bbox 2052 2561 2177 2617; x_wconf 90' lang='lat' dir='ltr'><strong>dum</strong></span> <span class='ocrx_word' id='word_1_519' title='bbox 2201 2576 2362 2618; x_wconf 91' lang='lat' dir='ltr'><strong>omne</strong></span> <span class='ocrx_word' id='word_1_520' title='bbox 2381 2578 2517 2634; x_wconf 90' lang='lat' dir='ltr'><strong>opus</strong></span> <span class='ocrx_word' id='word_1_521' title='bbox 2545 2557 2766 2620; x_wconf 53' lang='lat' dir='ltr'><strong>exiere.</strong></span> <span class='ocrx_word' id='word_1_522' title='bbox 2817 2563 2920 2631; x_wconf 85' lang='lat' dir='ltr'><strong>Qui</strong></span> <span class='ocrx_word' id='word_1_523' title='bbox 2955 2579 3078 2620; x_wconf 92' lang='lat' dir='ltr'><strong>cum</strong></span> <span class='ocrx_word' id='word_1_524' title='bbox 3109 2564 3347 2620; x_wconf 86' lang='lat' dir='ltr'><strong>venisset</strong></span> <span class='ocrx_word' id='word_1_525' title='bbox 3373 2565 3442 2620; x_wconf 89' lang='lat' dir='ltr'><strong>ad</strong></span> <span class='ocrx_word' id='word_1_526' title='bbox 3482 2581 3568 2620; x_wconf 91' lang='lat' dir='ltr'><strong>re-</strong></span> 
     </span>
    </p>
   </div>
   <div class='ocr_carea' id='block_1_72' title="bbox 1991 2640 3571 2728">
    <p class='ocr_par' dir='ltr' id='par_1_72' title="bbox 1991 2640 3571 2728">
     <span class='ocr_line' id='line_1_72' title="bbox 1991 2640 3571 2728; baseline 0.003 -24"><span class='ocrx_word' id='word_1_527' title='bbox 1991 2672 2009 2703; x_wconf 73' lang='grc'><strong>(</strong></span> <span class='ocrx_word' id='word_1_528' title='bbox 2055 2640 2177 2724; x_wconf 70' lang='grc' dir='ltr'><strong>έθηι</strong></span> <span class='ocrx_word' id='word_1_529' title='bbox 2213 2653 2588 2721; x_wconf 88' lang='lat' dir='ltr'><strong>Salomonem,</strong></span> <span class='ocrx_word' id='word_1_530' title='bbox 2630 2654 2760 2710; x_wconf 89' lang='lat' dir='ltr'><strong>fecit</strong></span> <span class='ocrx_word' id='word_1_531' title='bbox 2798 2671 2958 2712; x_wconf 90' lang='lat' dir='ltr'><strong>omne</strong></span> <span class='ocrx_word' id='word_1_532' title='bbox 2993 2672 3129 2726; x_wconf 90' lang='lat' dir='ltr'><strong>opus</strong></span> <span class='ocrx_word' id='word_1_533' title='bbox 3163 2655 3300 2728; x_wconf 90' lang='lat' dir='ltr'><strong>ejus,</strong></span> <span class='ocrx_word' id='word_1_534' title='bbox 3323 2665 3431 2713; x_wconf 91' lang='lat' dir='ltr'><strong>etc.</strong></span> <span class='ocrx_word' id='word_1_535' title='bbox 3453 2676 3471 2710; x_wconf 79' lang='grc' dir='ltr'><strong>ι</strong></span> <span class='ocrx_word' id='word_1_536' title='bbox 3501 2656 3571 2713; x_wconf 87' lang='lat' dir='ltr'><strong>Et</strong></span> 
     </span>
    </p>
   </div>
   <div class='ocr_carea' id='block_1_73' title="bbox 1987 2745 3569 2821">
    <p class='ocr_par' dir='ltr' id='par_1_73' title="bbox 1987 2745 3569 2821">
     <span class='ocr_line' id='line_1_73' title="bbox 1987 2745 3569 2821; baseline 0.004 -21"><span class='ocrx_word' id='word_1_537' title='bbox 1987 2745 2091 2800; x_wconf 88' lang='lat' dir='ltr'><strong>hoc</strong></span> <span class='ocrx_word' id='word_1_538' title='bbox 2119 2746 2362 2816; x_wconf 83' lang='lat' dir='ltr'><strong>mysterii</strong></span> <span class='ocrx_word' id='word_1_539' title='bbox 2399 2747 2571 2816; x_wconf 77' lang='lat' dir='ltr'><strong>gratia</strong></span> <span class='ocrx_word' id='word_1_540' title='bbox 2606 2745 2807 2802; x_wconf 85' lang='lat' dir='ltr'><strong>factum</strong></span> <span class='ocrx_word' id='word_1_541' title='bbox 2837 2757 2939 2803; x_wconf 87' lang='lat' dir='ltr'><strong>est.</strong></span> <span class='ocrx_word' id='word_1_542' title='bbox 2981 2748 3191 2805; x_wconf 79' lang='lat' dir='ltr'><strong>Artifex</strong></span> <span class='ocrx_word' id='word_1_543' title='bbox 3219 2750 3418 2820; x_wconf 88' lang='lat' dir='ltr'><strong>quippe</strong></span> <span class='ocrx_word' id='word_1_544' title='bbox 3455 2749 3569 2821; x_wconf 85' lang='lat' dir='ltr'><strong>Ty-</strong></span> 
     </span>
    </p>
   </div>
   <div class='ocr_carea' id='block_1_74' title="bbox 1986 2835 3567 2913">
    <p class='ocr_par' dir='ltr' id='par_1_74' title="bbox 1986 2835 3567 2913">
     <span class='ocr_line' id='line_1_74' title="bbox 1986 2835 3567 2913; baseline 0.003 -22"><span class='ocrx_word' id='word_1_545' title='bbox 1986 2837 2120 2903; x_wconf 90' lang='lat' dir='ltr'><strong>rius,</strong></span> <span class='ocrx_word' id='word_1_546' title='bbox 2147 2851 2304 2907; x_wconf 88' lang='lat' dir='ltr'><strong>quem</strong></span> <span class='ocrx_word' id='word_1_547' title='bbox 2326 2835 2624 2905; x_wconf 87' lang='lat' dir='ltr'><strong>adjutorcm</strong></span> <span class='ocrx_word' id='word_1_548' title='bbox 2656 2838 2909 2896; x_wconf 89' lang='lat' dir='ltr'><strong>Salomon</strong></span> <span class='ocrx_word' id='word_1_549' title='bbox 2936 2840 3020 2896; x_wconf 90' lang='lat' dir='ltr'><strong>sui</strong></span> <span class='ocrx_word' id='word_1_550' title='bbox 3050 2842 3344 2912; x_wconf 83' lang='lat' dir='ltr'><strong>assumpsit</strong></span> <span class='ocrx_word' id='word_1_551' title='bbox 3367 2842 3567 2913; x_wconf 89' lang='lat' dir='ltr'><strong>operis,</strong></span> 
     </span>
    </p>
   </div>
   <div class='ocr_carea' id='block_1_75' title="bbox 1987 2927 3572 3007">
    <p class='ocr_par' dir='ltr' id='par_1_75' title="bbox 1987 2927 3572 3007">
     <span class='ocr_line' id='line_1_75' title="bbox 1987 2927 3572 3007; baseline 0.003 -24"><span class='ocrx_word' id='word_1_552' title='bbox 1987 2927 2188 2983; x_wconf 86' lang='lat' dir='ltr'><strong>electos</strong></span> <span class='ocrx_word' id='word_1_553' title='bbox 2222 2928 2288 2984; x_wconf 91' lang='lat' dir='ltr'><strong>de</strong></span> <span class='ocrx_word' id='word_1_554' title='bbox 2331 2928 2581 2997; x_wconf 79' lang='lat' dir='ltr'><strong>gentibus</strong></span> <span class='ocrx_word' id='word_1_555' title='bbox 2622 2931 2773 2986; x_wconf 83' lang='lat' dir='ltr'><strong>verbi</strong></span> <span class='ocrx_word' id='word_1_556' title='bbox 2820 2931 3099 2987; x_wconf 90' lang='lat' dir='ltr'><strong>ministros</strong></span> <span class='ocrx_word' id='word_1_557' title='bbox 3139 2932 3429 3004; x_wconf 83' lang='lat' dir='ltr'><strong>signiﬁcat.</strong></span> <span class='ocrx_word' id='word_1_558' title='bbox 3467 2932 3572 3007; x_wconf 88' lang='lat' dir='ltr'><strong>Qui</strong></span> 
     </span>
    </p>
   </div>
   <div class='ocr_carea' id='block_1_76' title="bbox 1988 3019 3574 3094">
    <p class='ocr_par' dir='ltr' id='par_1_76' title="bbox 1988 3019 3574 3094">
     <span class='ocr_line' id='line_1_76' title="bbox 1988 3019 3574 3094; baseline 0.003 -20"><span class='ocrx_word' id='word_1_559' title='bbox 1988 3019 2240 3075; x_wconf 88' lang='lat' dir='ltr'><strong>videlicet</strong></span> <span class='ocrx_word' id='word_1_560' title='bbox 2289 3019 2484 3075; x_wconf 76' lang='lat' dir='ltr'><strong>artifex</strong></span> <span class='ocrx_word' id='word_1_561' title='bbox 2530 3021 2756 3091; x_wconf 84' lang='lat' dir='ltr'><strong>pulchre</strong></span> <span class='ocrx_word' id='word_1_562' title='bbox 2797 3023 3018 3090; x_wconf 89' lang='lat' dir='ltr'><strong>dicitur,</strong></span> <span class='ocrx_word' id='word_1_563' title='bbox 3055 3043 3075 3076; x_wconf 75' lang='grc' dir='ltr'><strong>ι</strong></span> <span class='ocrx_word' id='word_1_564' title='bbox 3105 3026 3231 3094; x_wconf 87' lang='lat' dir='ltr'><strong>quia</strong></span> <span class='ocrx_word' id='word_1_565' title='bbox 3274 3026 3418 3081; x_wconf 85' lang='lat' dir='ltr'><strong>ﬁlius</strong></span> <span class='ocrx_word' id='word_1_566' title='bbox 3453 3036 3574 3080; x_wconf 83' lang='lat' dir='ltr'><strong>erat</strong></span> 
     </span>
    </p>
   </div>
   <div class='ocr_carea' id='block_1_77' title="bbox 1992 3109 3574 3184">
    <p class='ocr_par' dir='ltr' id='par_1_77' title="bbox 1992 3109 3574 3184">
     <span class='ocr_line' id='line_1_77' title="bbox 1992 3109 3574 3184; baseline 0.002 -18"><span class='ocrx_word' id='word_1_567' title='bbox 1992 3109 2234 3166; x_wconf 90' lang='lat' dir='ltr'><strong>mulieris</strong></span> <span class='ocrx_word' id='word_1_568' title='bbox 2260 3110 2436 3171; x_wconf 64' lang='lat' dir='ltr'><strong>vidum</strong></span> <span class='ocrx_word' id='word_1_569' title='bbox 2461 3111 2527 3167; x_wconf 90' lang='lat' dir='ltr'><strong>de</strong></span> <span class='ocrx_word' id='word_1_570' title='bbox 2554 3111 2750 3179; x_wconf 90' lang='lat' dir='ltr'><strong>Israel;</strong></span> <span class='ocrx_word' id='word_1_571' title='bbox 2782 3134 2801 3165; x_wconf 78' lang='grc' dir='ltr'><strong>ι</strong></span> <span class='ocrx_word' id='word_1_572' title='bbox 2828 3114 2882 3167; x_wconf 91' lang='lat' dir='ltr'><strong>in</strong></span> <span class='ocrx_word' id='word_1_573' title='bbox 2906 3130 3011 3184; x_wconf 89' lang='lat' dir='ltr'><strong>qua</strong></span> <span class='ocrx_word' id='word_1_574' title='bbox 3032 3130 3261 3184; x_wconf 86' lang='lat' dir='ltr'><strong>persona</strong></span> <span class='ocrx_word' id='word_1_575' title='bbox 3282 3116 3417 3171; x_wconf 92' lang='lat' dir='ltr'><strong>solet</strong></span> <span class='ocrx_word' id='word_1_576' title='bbox 3442 3132 3574 3171; x_wconf 74' lang='lat' dir='ltr'><strong>non-</strong></span> 
     </span>
    </p>
   </div>
   <div class='ocr_carea' id='block_1_78' title="bbox 1988 3203 3570 3277">
    <p class='ocr_par' dir='ltr' id='par_1_78' title="bbox 1988 3203 3570 3277">
     <span class='ocr_line' id='line_1_78' title="bbox 1988 3203 3570 3277; baseline 0.005 -23"><span class='ocrx_word' id='word_1_577' title='bbox 1988 3216 2264 3271; x_wconf 86' lang='lat' dir='ltr'><strong>nunquam</strong></span> <span class='ocrx_word' id='word_1_578' title='bbox 2310 3203 2592 3271; x_wconf 71' lang='lat' dir='ltr'><strong>prmsentis</strong></span> <span class='ocrx_word' id='word_1_579' title='bbox 2623 3204 2878 3273; x_wconf 88' lang='lat' dir='ltr'><strong>temporis</strong></span> <span class='ocrx_word' id='word_1_580' title='bbox 2915 3204 3154 3260; x_wconf 89' lang='lat' dir='ltr'><strong>Ecclesia</strong></span> <span class='ocrx_word' id='word_1_581' title='bbox 3186 3205 3409 3277; x_wconf 76' lang='lat' dir='ltr'><strong>ﬁgurari</strong></span> <span class='ocrx_word' id='word_1_582' title='bbox 3432 3223 3447 3260; x_wconf 87' lang='lat'><strong>:</strong></span> <span class='ocrx_word' id='word_1_583' title='bbox 3469 3222 3570 3277; x_wconf 87' lang='lat' dir='ltr'><strong>pro</strong></span> 
     </span>
    </p>
   </div>
   <div class='ocr_carea' id='block_1_79' title="bbox 1988 3293 3573 3370">
    <p class='ocr_par' dir='ltr' id='par_1_79' title="bbox 1988 3293 3573 3370">
     <span class='ocr_line' id='line_1_79' title="bbox 1988 3293 3573 3370; baseline 0.006 -24"><span class='ocrx_word' id='word_1_584' title='bbox 1988 3309 2094 3364; x_wconf 89' lang='lat' dir='ltr'><strong>qua</strong></span> <span class='ocrx_word' id='word_1_585' title='bbox 2127 3293 2210 3347; x_wconf 91' lang='lat' dir='ltr'><strong>vir</strong></span> <span class='ocrx_word' id='word_1_586' title='bbox 2245 3308 2394 3360; x_wconf 87' lang='lat' dir='ltr'><strong>suus,</strong></span> <span class='ocrx_word' id='word_1_587' title='bbox 2424 3294 2677 3351; x_wconf 89' lang='lat' dir='ltr'><strong>videlicet</strong></span> <span class='ocrx_word' id='word_1_588' title='bbox 2704 3293 2972 3361; x_wconf 84' lang='lat' dir='ltr'><strong>Christus,</strong></span> <span class='ocrx_word' id='word_1_589' title='bbox 3005 3306 3180 3354; x_wconf 87' lang='lat' dir='ltr'><strong>morte</strong></span> <span class='ocrx_word' id='word_1_590' title='bbox 3210 3308 3445 3370; x_wconf 81' lang='lat' dir='ltr'><strong>gustata,</strong></span> <span class='ocrx_word' id='word_1_591' title='bbox 3486 3316 3573 3356; x_wconf 83' lang='lat' dir='ltr'><strong>re-</strong></span> 
     </span>
    </p>
   </div>
   <div class='ocr_carea' id='block_1_80' title="bbox 1988 3383 3569 3460">
    <p class='ocr_par' dir='ltr' id='par_1_80' title="bbox 1988 3383 3569 3460">
     <span class='ocr_line' id='line_1_80' title="bbox 1988 3383 3569 3460; baseline 0.007 -24"><span class='ocrx_word' id='word_1_592' title='bbox 1988 3383 2244 3448; x_wconf 80' lang='lat' dir='ltr'><strong>surrexit,</strong></span> <span class='ocrx_word' id='word_1_593' title='bbox 2266 3391 2428 3453; x_wconf 89' lang='lat' dir='ltr'><strong>atque</strong></span> <span class='ocrx_word' id='word_1_594' title='bbox 2451 3384 2504 3437; x_wconf 91' lang='lat' dir='ltr'><strong>in</strong></span> <span class='ocrx_word' id='word_1_595' title='bbox 2527 3384 2694 3440; x_wconf 68' lang='lat' dir='ltr'><strong>caelos</strong></span> <span class='ocrx_word' id='word_1_596' title='bbox 2720 3387 3016 3442; x_wconf 84' lang='lat' dir='ltr'><strong>ascendens</strong></span> <span class='ocrx_word' id='word_1_597' title='bbox 3034 3402 3156 3442; x_wconf 91' lang='lat' dir='ltr'><strong>eam</strong></span> <span class='ocrx_word' id='word_1_598' title='bbox 3176 3388 3393 3445; x_wconf 88' lang='lat' dir='ltr'><strong>interim</strong></span> <span class='ocrx_word' id='word_1_599' title='bbox 3418 3405 3569 3460; x_wconf 87' lang='lat' dir='ltr'><strong>pere-</strong></span> 
     </span>
    </p>
   </div>
   <div class='ocr_carea' id='block_1_81' title="bbox 1988 3471 3573 3542">
    <p class='ocr_par' dir='ltr' id='par_1_81' title="bbox 1988 3471 3573 3542">
     <span class='ocr_line' id='line_1_81' title="bbox 1988 3471 3573 3542; baseline 0.008 -18"><span class='ocrx_word' id='word_1_600' title='bbox 1988 3471 2291 3541; x_wconf 82' lang='lat' dir='ltr'><strong>grinantem</strong></span> <span class='ocrx_word' id='word_1_601' title='bbox 2322 3487 2351 3525; x_wconf 90' lang='lat' dir='ltr'><strong>a</strong></span> <span class='ocrx_word' id='word_1_602' title='bbox 2380 3487 2437 3527; x_wconf 91' lang='lat' dir='ltr'><strong>se</strong></span> <span class='ocrx_word' id='word_1_603' title='bbox 2468 3472 2686 3542; x_wconf 90' lang='lat' dir='ltr'><strong>reliquit</strong></span> <span class='ocrx_word' id='word_1_604' title='bbox 2728 3474 2781 3528; x_wconf 90' lang='lat' dir='ltr'><strong>in</strong></span> <span class='ocrx_word' id='word_1_605' title='bbox 2827 3476 3011 3531; x_wconf 88' lang='lat' dir='ltr'><strong>terris.</strong></span> <span class='ocrx_word' id='word_1_606' title='bbox 3060 3476 3179 3534; x_wconf 90' lang='lat' dir='ltr'><strong>Non</strong></span> <span class='ocrx_word' id='word_1_607' title='bbox 3207 3487 3391 3535; x_wconf 85' lang='lat' dir='ltr'><strong>autem</strong></span> <span class='ocrx_word' id='word_1_608' title='bbox 3424 3480 3573 3535; x_wconf 91' lang='lat' dir='ltr'><strong>labo-</strong></span> 
     </span>
    </p>
   </div>
   <div class='ocr_carea' id='block_1_82' title="bbox 1989 3563 3573 3643">
    <p class='ocr_par' dir='ltr' id='par_1_82' title="bbox 1989 3563 3573 3643">
     <span class='ocr_line' id='line_1_82' title="bbox 1989 3563 3573 3643; baseline 0.006 -26"><span class='ocrx_word' id='word_1_609' title='bbox 1989 3563 2219 3618; x_wconf 88' lang='lat' dir='ltr'><strong>randum</strong></span> <span class='ocrx_word' id='word_1_610' title='bbox 2258 3563 2309 3643; x_wconf 82' lang='lat' dir='ltr'><strong>in</strong></span> <span class='ocrx_word' id='word_1_611' title='bbox 2356 3564 2712 3635; x_wconf 83' lang='lat' dir='ltr'><strong>explanando,</strong></span> <span class='ocrx_word' id='word_1_612' title='bbox 2742 3570 3012 3638; x_wconf 89' lang='lat' dir='ltr'><strong>quomodo</strong></span> <span class='ocrx_word' id='word_1_613' title='bbox 3050 3571 3211 3641; x_wconf 89' lang='lat' dir='ltr'><strong>hujus</strong></span> <span class='ocrx_word' id='word_1_614' title='bbox 3255 3572 3428 3627; x_wconf 57' lang='lat' dir='ltr'><strong>vidua;</strong></span> <span class='ocrx_word' id='word_1_615' title='bbox 3477 3572 3573 3627; x_wconf 88' lang='lat' dir='ltr'><strong>ﬁlii</strong></span> 
     </span>
    </p>
   </div>
   <div class='ocr_carea' id='block_1_83' title="bbox 1990 3654 3572 3726">
    <p class='ocr_par' dir='ltr' id='par_1_83' title="bbox 1990 3654 3572 3726">
     <span class='ocr_line' id='line_1_83' title="bbox 1990 3654 3572 3726; baseline 0.006 -19"><span class='ocrx_word' id='word_1_616' title='bbox 1990 3654 2160 3709; x_wconf 88' lang='lat' dir='ltr'><strong>sancti</strong></span> <span class='ocrx_word' id='word_1_617' title='bbox 2190 3654 2299 3709; x_wconf 86' lang='lat' dir='ltr'><strong>sint</strong></span> <span class='ocrx_word' id='word_1_618' title='bbox 2321 3656 2721 3726; x_wconf 61' lang='lat' dir='ltr'><strong>praedicatores,</strong></span> <span class='ocrx_word' id='word_1_619' title='bbox 2750 3673 2870 3714; x_wconf 90' lang='lat' dir='ltr'><strong>cum</strong></span> <span class='ocrx_word' id='word_1_620' title='bbox 2897 3675 3088 3715; x_wconf 89' lang='lat' dir='ltr'><strong>omnes</strong></span> <span class='ocrx_word' id='word_1_621' title='bbox 3112 3662 3265 3717; x_wconf 88' lang='lat' dir='ltr'><strong>electi</strong></span> <span class='ocrx_word' id='word_1_622' title='bbox 3289 3663 3489 3717; x_wconf 88' lang='lat' dir='ltr'><strong>viritim</strong></span> <span class='ocrx_word' id='word_1_623' title='bbox 3513 3679 3572 3717; x_wconf 89' lang='lat' dir='ltr'><strong>se</strong></span> 
     </span>
    </p>
   </div>
   <div class='ocr_carea' id='block_1_84' title="bbox 1991 3741 3570 3811">
    <p class='ocr_par' dir='ltr' id='par_1_84' title="bbox 1991 3741 3570 3811">
     <span class='ocr_line' id='line_1_84' title="bbox 1991 3741 3570 3811; baseline 0.008 -16"><span class='ocrx_word' id='word_1_624' title='bbox 1991 3741 2129 3797; x_wconf 88' lang='lat' dir='ltr'><strong>ﬁlios</strong></span> <span class='ocrx_word' id='word_1_625' title='bbox 2153 3758 2272 3799; x_wconf 83' lang='lat' dir='ltr'><strong>esse</strong></span> <span class='ocrx_word' id='word_1_626' title='bbox 2299 3744 2570 3800; x_wconf 88' lang='lat' dir='ltr'><strong>fateantur</strong></span> <span class='ocrx_word' id='word_1_627' title='bbox 2612 3746 2900 3811; x_wconf 64' lang='lat' dir='ltr'><strong>Ecclesiae;</strong></span> <span class='ocrx_word' id='word_1_628' title='bbox 2937 3763 3059 3802; x_wconf 92' lang='lat' dir='ltr'><strong>cum</strong></span> <span class='ocrx_word' id='word_1_629' title='bbox 3084 3751 3250 3804; x_wconf 91' lang='lat' dir='ltr'><strong>etiam</strong></span> <span class='ocrx_word' id='word_1_630' title='bbox 3277 3751 3341 3805; x_wconf 87' lang='lat' dir='ltr'><strong>de</strong></span> <span class='ocrx_word' id='word_1_631' title='bbox 3364 3750 3570 3807; x_wconf 86' lang='lat' dir='ltr'><strong>eisdem</strong></span> 
     </span>
    </p>
   </div>
   <div class='ocr_carea' id='block_1_85' title="bbox 1989 3834 3565 3909">
    <p class='ocr_par' dir='ltr' id='par_1_85' title="bbox 1989 3834 3565 3909">
     <span class='ocr_line' id='line_1_85' title="bbox 1989 3834 3565 3909; baseline 0.006 -23"><span class='ocrx_word' id='word_1_632' title='bbox 1989 3834 2435 3903; x_wconf 83' lang='lat' dir='ltr'><strong>praedicatoribus</strong></span> <span class='ocrx_word' id='word_1_633' title='bbox 2472 3834 2608 3890; x_wconf 85' lang='lat' dir='ltr'><strong>Novi</strong></span> <span class='ocrx_word' id='word_1_634' title='bbox 2658 3836 2987 3893; x_wconf 86' lang='lat' dir='ltr'><strong>Testamenti</strong></span> <span class='ocrx_word' id='word_1_635' title='bbox 3027 3839 3336 3907; x_wconf 84' lang='lat' dir='ltr'><strong>specialiter</strong></span> <span class='ocrx_word' id='word_1_636' title='bbox 3364 3839 3412 3894; x_wconf 89' lang='lat' dir='ltr'><strong>ei</strong></span> <span class='ocrx_word' id='word_1_637' title='bbox 3438 3855 3565 3909; x_wconf 84' lang='lat' dir='ltr'><strong>pro-</strong></span> 
     </span>
    </p>
   </div>
   <div class='ocr_carea' id='block_1_86' title="bbox 1993 3923 3574 3995">
    <p class='ocr_par' dir='ltr' id='par_1_86' title="bbox 1993 3923 3574 3995">
     <span class='ocr_line' id='line_1_86' title="bbox 1993 3923 3574 3995; baseline 0.007 -20"><span class='ocrx_word' id='word_1_638' title='bbox 1993 3923 2255 3987; x_wconf 86' lang='lat' dir='ltr'><strong>mittatur,</strong></span> <span class='ocrx_word' id='word_1_639' title='bbox 2287 3924 2498 3979; x_wconf 88' lang='lat' dir='ltr'><strong>dicente</strong></span> <span class='ocrx_word' id='word_1_640' title='bbox 2526 3925 2796 3995; x_wconf 88' lang='lat' dir='ltr'><strong>Propheta</strong></span> <span class='ocrx_word' id='word_1_641' title='bbox 2823 3945 2835 3979; x_wconf 90' lang='lat'><strong>:</strong></span> <span class='ocrx_word' id='word_1_642' title='bbox 2866 3946 2884 3977; x_wconf 85' lang='grc'><em>‹</em></span> <span class='ocrx_word' id='word_1_643' title='bbox 2922 3925 3027 3981; x_wconf 89' lang='lat' dir='ltr'><strong>Pro</strong></span> <span class='ocrx_word' id='word_1_644' title='bbox 3050 3928 3299 3995; x_wconf 83' lang='lat' dir='ltr'><strong>patribus</strong></span> <span class='ocrx_word' id='word_1_645' title='bbox 3329 3928 3433 3983; x_wconf 89' lang='lat' dir='ltr'><strong>tuis</strong></span> <span class='ocrx_word' id='word_1_646' title='bbox 3458 3929 3574 3986; x_wconf 86' lang='lat' dir='ltr'><strong>nati</strong></span> 
     </span>
    </p>
   </div>
   <div class='ocr_carea' id='block_1_87' title="bbox 1994 4012 3571 4089">
    <p class='ocr_par' dir='ltr' id='par_1_87' title="bbox 1994 4012 3571 4089">
     <span class='ocr_line' id='line_1_87' title="bbox 1994 4012 3571 4089; baseline 0.007 -23"><span class='ocrx_word' id='word_1_647' title='bbox 1994 4020 2119 4067; x_wconf 89' lang='lat' dir='ltr'><strong>sunt</strong></span> <span class='ocrx_word' id='word_1_648' title='bbox 2147 4013 2241 4067; x_wconf 89' lang='lat' dir='ltr'><strong>tibi</strong></span> <span class='ocrx_word' id='word_1_649' title='bbox 2276 4012 2391 4073; x_wconf 88' lang='lat' dir='ltr'><strong>ﬁlii.</strong></span> <span class='ocrx_word' id='word_1_650' title='bbox 2424 4015 2721 4070; x_wconf 89' lang='lat' dir='ltr'><strong>constitues</strong></span> <span class='ocrx_word' id='word_1_651' title='bbox 2746 4031 2840 4072; x_wconf 86' lang='lat' dir='ltr'><strong>eos</strong></span> <span class='ocrx_word' id='word_1_652' title='bbox 2871 4017 3145 4087; x_wconf 89' lang='lat' dir='ltr'><strong>principes</strong></span> <span class='ocrx_word' id='word_1_653' title='bbox 3170 4034 3331 4089; x_wconf 85' lang='lat' dir='ltr'><strong>super</strong></span> <span class='ocrx_word' id='word_1_654' title='bbox 3355 4036 3571 4077; x_wconf 89' lang='lat' dir='ltr'><strong>omnem</strong></span> 
     </span>
    </p>
   </div>
   <div class='ocr_carea' id='block_1_88' title="bbox 1994 4100 3573 4182">
    <p class='ocr_par' dir='ltr' id='par_1_88' title="bbox 1994 4100 3573 4182">
     <span class='ocr_line' id='line_1_88' title="bbox 1994 4100 3573 4182; baseline 0.008 -29"><span class='ocrx_word' id='word_1_655' title='bbox 1994 4108 2192 4155; x_wconf 87' lang='lat' dir='ltr'><strong>terram</strong></span> <span class='ocrx_word' id='word_1_656' title='bbox 2222 4100 2339 4173; x_wconf 80' lang='lat' dir='ltr'><strong>(Ps.</strong></span> <span class='ocrx_word' id='word_1_657' title='bbox 2366 4102 2536 4176; x_wconf 57' lang='grc' dir='ltr'><strong>λων).</strong></span> <span class='ocrx_word' id='word_1_658' title='bbox 2563 4122 2581 4155; x_wconf 80' lang='grc' dir='ltr'><strong>ι</strong></span> <span class='ocrx_word' id='word_1_659' title='bbox 2612 4101 2760 4159; x_wconf 85' lang='lat' dir='ltr'><strong>Fecit</strong></span> <span class='ocrx_word' id='word_1_660' title='bbox 2803 4114 2976 4160; x_wconf 78' lang='lat' dir='ltr'><strong>autent</strong></span> <span class='ocrx_word' id='word_1_661' title='bbox 3017 4105 3065 4159; x_wconf 94' lang='lat' dir='ltr'><strong>Il</strong></span> <span class='ocrx_word' id='word_1_662' title='bbox 3075 4108 3208 4161; x_wconf 89' lang='lat' dir='ltr'><strong>iram</strong></span> <span class='ocrx_word' id='word_1_663' title='bbox 3255 4126 3405 4164; x_wconf 87' lang='lat' dir='ltr'><strong>omne</strong></span> <span class='ocrx_word' id='word_1_664' title='bbox 3442 4126 3573 4182; x_wconf 70' lang='lat' dir='ltr'><strong>opus</strong></span> 
     </span>
    </p>
   </div>
   <div class='ocr_carea' id='block_1_89' title="bbox 1995 4189 3573 4263">
    <p class='ocr_par' dir='ltr' id='par_1_89' title="bbox 1995 4189 3573 4263">
     <span class='ocr_line' id='line_1_89' title="bbox 1995 4189 3573 4263; baseline 0.008 -19"><span class='ocrx_word' id='word_1_665' title='bbox 1995 4189 2310 4258; x_wconf 85' lang='lat' dir='ltr'><strong>Salomonis,</strong></span> <span class='ocrx_word' id='word_1_666' title='bbox 2340 4192 2464 4263; x_wconf 89' lang='lat' dir='ltr'><strong>quia</strong></span> <span class='ocrx_word' id='word_1_667' title='bbox 2502 4193 2757 4248; x_wconf 89' lang='lat' dir='ltr'><strong>nimirum</strong></span> <span class='ocrx_word' id='word_1_668' title='bbox 2796 4195 3046 4252; x_wconf 86' lang='lat' dir='ltr'><strong>doctores</strong></span> <span class='ocrx_word' id='word_1_669' title='bbox 3085 4201 3257 4255; x_wconf 89' lang='lat' dir='ltr'><strong>sancti</strong></span> <span class='ocrx_word' id='word_1_670' title='bbox 3303 4201 3429 4256; x_wconf 91' lang='lat' dir='ltr'><strong>dum</strong></span> <span class='ocrx_word' id='word_1_671' title='bbox 3469 4202 3573 4256; x_wconf 90' lang='lat' dir='ltr'><strong>mi-</strong></span> 
     </span>
    </p>
   </div>
   <div class='ocr_carea' id='block_1_90' title="bbox 1992 4279 3575 4361">
    <p class='ocr_par' dir='ltr' id='par_1_90' title="bbox 1992 4279 3575 4361">
     <span class='ocr_line' id='line_1_90' title="bbox 1992 4279 3575 4361; baseline 0.009 -28"><span class='ocrx_word' id='word_1_672' title='bbox 1992 4279 2217 4334; x_wconf 86' lang='lat' dir='ltr'><strong>nisterio</strong></span> <span class='ocrx_word' id='word_1_673' title='bbox 2260 4282 2412 4336; x_wconf 87' lang='lat' dir='ltr'><strong>verbi</strong></span> <span class='ocrx_word' id='word_1_674' title='bbox 2465 4282 2694 4337; x_wconf 87' lang='lat' dir='ltr'><strong>ﬁdeliter</strong></span> <span class='ocrx_word' id='word_1_675' title='bbox 2744 4284 3030 4352; x_wconf 86' lang='lat' dir='ltr'><strong>insistunt,</strong></span> <span class='ocrx_word' id='word_1_676' title='bbox 3060 4302 3196 4358; x_wconf 91' lang='lat' dir='ltr'><strong>opus</strong></span> <span class='ocrx_word' id='word_1_677' title='bbox 3244 4290 3431 4361; x_wconf 87' lang='lat' dir='ltr'><strong>utique</strong></span> <span class='ocrx_word' id='word_1_678' title='bbox 3477 4292 3575 4348; x_wconf 88' lang='lat' dir='ltr'><strong>Dei</strong></span> 
     </span>
    </p>
   </div>
   <div class='ocr_carea' id='block_1_91' title="bbox 1990 4374 3576 4444">
    <p class='ocr_par' dir='ltr' id='par_1_91' title="bbox 1990 4374 3576 4444">
     <span class='ocr_line' id='line_1_91' title="bbox 1990 4374 3576 4444; baseline 0.006 -16"><span class='ocrx_word' id='word_1_679' title='bbox 1990 4378 2317 4442; x_wconf 87' lang='lat' dir='ltr'><strong>operantur,</strong></span> <span class='ocrx_word' id='word_1_680' title='bbox 2350 4374 2604 4443; x_wconf 89' lang='lat' dir='ltr'><strong>quoniam</strong></span> <span class='ocrx_word' id='word_1_681' title='bbox 2651 4374 2918 4444; x_wconf 86' lang='lat' dir='ltr'><strong>loquendo</strong></span> <span class='ocrx_word' id='word_1_682' title='bbox 2961 4375 3096 4433; x_wconf 90' lang='lat' dir='ltr'><strong>foris</strong></span> <span class='ocrx_word' id='word_1_683' title='bbox 3141 4380 3283 4434; x_wconf 89' lang='lat' dir='ltr'><strong>viam</strong></span> <span class='ocrx_word' id='word_1_684' title='bbox 3331 4381 3576 4437; x_wconf 85' lang='lat' dir='ltr'><strong>veritatis</strong></span> 
     </span>
    </p>
   </div>
   <div class='ocr_carea' id='block_1_92' title="bbox 1995 4463 3577 4543">
    <p class='ocr_par' dir='ltr' id='par_1_92' title="bbox 1995 4463 3577 4543">
     <span class='ocr_line' id='line_1_92' title="bbox 1995 4463 3577 4543; baseline 0.008 -25"><span class='ocrx_word' id='word_1_685' title='bbox 1995 4463 2267 4536; x_wconf 86' lang='lat' dir='ltr'><strong>aperiunt,</strong></span> <span class='ocrx_word' id='word_1_686' title='bbox 2282 4480 2416 4534; x_wconf 91' lang='lat' dir='ltr'><strong>quos</strong></span> <span class='ocrx_word' id='word_1_687' title='bbox 2435 4465 2580 4520; x_wconf 89' lang='lat' dir='ltr'><strong>intus</strong></span> <span class='ocrx_word' id='word_1_688' title='bbox 2600 4466 2912 4527; x_wconf 90' lang='lat' dir='ltr'><strong>illustrando</strong></span> <span class='ocrx_word' id='word_1_689' title='bbox 2930 4469 3041 4541; x_wconf 86' lang='lat' dir='ltr'><strong>ipse</strong></span> <span class='ocrx_word' id='word_1_690' title='bbox 3055 4472 3122 4528; x_wconf 90' lang='lat' dir='ltr'><strong>ad</strong></span> <span class='ocrx_word' id='word_1_691' title='bbox 3135 4473 3299 4528; x_wconf 88' lang='lat' dir='ltr'><strong>vitam</strong></span> <span class='ocrx_word' id='word_1_692' title='bbox 3316 4477 3577 4543; x_wconf 70' lang='lat' dir='ltr'><strong>pmordi-</strong></span> 
     </span>
    </p>
   </div>
   <div class='ocr_carea' id='block_1_93' title="bbox 310 4521 1886 4635">
    <p class='ocr_par' dir='ltr' id='par_1_93' title="bbox 310 4521 1886 4620">
     <span class='ocr_line' id='line_1_93' title="bbox 310 4521 1886 4620; baseline -0.003 -14"><span class='ocrx_word' id='word_1_693' title='bbox 310 4552 546 4607; x_wconf 85' lang='lat' dir='ltr'><strong>inveniri</strong></span> <span class='ocrx_word' id='word_1_694' title='bbox 590 4521 699 4605; x_wconf 81' lang='lat' dir='ltr'><strong>non</strong></span> <span class='ocrx_word' id='word_1_695' title='bbox 738 4551 927 4620; x_wconf 85' lang='lat' dir='ltr'><strong>possit.</strong></span> <span class='ocrx_word' id='word_1_696' title='bbox 978 4521 1208 4605; x_wconf 80' lang='lat' dir='ltr'><strong>Habebit</strong></span> <span class='ocrx_word' id='word_1_697' title='bbox 1248 4521 1403 4604; x_wconf 46' lang='lat' dir='ltr'><strong>enim—</strong></span> <span class='ocrx_word' id='word_1_698' title='bbox 1434 4555 1560 4603; x_wconf 90' lang='lat' dir='ltr'><strong>tunc</strong></span> <span class='ocrx_word' id='word_1_699' title='bbox 1598 4521 1742 4617; x_wconf 81' lang='lat' dir='ltr'><strong>quod</strong></span> <span class='ocrx_word' id='word_1_700' title='bbox 1775 4548 1886 4617; x_wconf 83' lang='lat' dir='ltr'><strong>pius</strong></span> 
     </span>
    </p>
   </div>
   <div class='ocr_carea' id='block_1_94' title="bbox 1991 4521 3572 4635">
    <p class='ocr_par' dir='ltr' id='par_1_94' title="bbox 1998 4521 3572 4635">
     <span class='ocr_line' id='line_1_94' title="bbox 1998 4521 3572 4635; baseline 0.007 -25"><span class='ocrx_word' id='word_1_701' title='bbox 1998 4521 2065 4625; x_wconf 63' lang='lat' dir='ltr'><strong>na</strong></span> <span class='ocrx_word' id='word_1_702' title='bbox 2074 4550 2151 4610; x_wconf 72' lang='lat' dir='ltr'><strong>vit</strong></span> <span class='ocrx_word' id='word_1_703' title='bbox 2172 4565 2451 4611; x_wconf 69' lang='lat' dir='ltr'><strong>mternam.</strong></span> <span class='ocrx_word' id='word_1_704' title='bbox 2475 4575 2493 4606; x_wconf 74' lang='grc' dir='ltr'><strong>ε</strong></span> <span class='ocrx_word' id='word_1_705' title='bbox 2515 4557 2648 4627; x_wconf 81' lang='lat' dir='ltr'><strong>Ego,</strong></span> <span class='ocrx_word' id='word_1_706' title='bbox 2665 4557 2858 4628; x_wconf 86' lang='lat' dir='ltr'><strong>inquit,</strong></span> <span class='ocrx_word' id='word_1_707' title='bbox 2870 4521 3127 4629; x_wconf 57' lang='lat' dir='ltr'><strong>plabtavi,</strong></span> <span class='ocrx_word' id='word_1_708' title='bbox 3142 4521 3540 4635; x_wconf 59' lang='lat' dir='ltr'><strong>Apollorrigavit</strong></span> <span class='ocrx_word' id='word_1_709' title='bbox 3558 4581 3572 4621; x_wconf 89' lang='lat'><strong>:</strong></span> 
     </span>
    </p>
   </div>
   <div class='ocr_carea' id='block_1_95' title="bbox 310 4639 1890 4713">
    <p class='ocr_par' dir='ltr' id='par_1_95' title="bbox 310 4639 1890 4713">
     <span class='ocr_line' id='line_1_95' title="bbox 310 4639 1890 4713; baseline -0.003 -15"><span class='ocrx_word' id='word_1_710' title='bbox 310 4645 401 4699; x_wconf 84' lang='lat' dir='ltr'><strong>ille</strong></span> <span class='ocrx_word' id='word_1_711' title='bbox 425 4642 762 4698; x_wconf 81' lang='lat' dir='ltr'><strong>desideratur</strong></span> <span class='ocrx_word' id='word_1_712' title='bbox 787 4640 1009 4713; x_wconf 79' lang='lat' dir='ltr'><strong>supplex</strong></span> <span class='ocrx_word' id='word_1_713' title='bbox 1039 4658 1069 4695; x_wconf 90' lang='lat' dir='ltr'><strong>a</strong></span> <span class='ocrx_word' id='word_1_714' title='bbox 1090 4641 1318 4695; x_wconf 89' lang='lat' dir='ltr'><strong>Domino</strong></span> <span class='ocrx_word' id='word_1_715' title='bbox 1362 4639 1654 4711; x_wconf 84' lang='lat' dir='ltr'><strong>quaerebat,</strong></span> <span class='ocrx_word' id='word_1_716' title='bbox 1682 4640 1890 4695; x_wconf 89' lang='lat' dir='ltr'><strong>dicens:</strong></span> 
     </span>
    </p>
   </div>
   <div class='ocr_carea' id='block_1_96' title="bbox 318 4729 1896 4799">
    <p class='ocr_par' dir='ltr' id='par_1_96' title="bbox 318 4729 1896 4799">
     <span class='ocr_line' id='line_1_96' title="bbox 318 4729 1896 4799; baseline 0.001 -15"><span class='ocrx_word' id='word_1_717' title='bbox 318 4753 339 4784; x_wconf 79' lang='grc' dir='ltr'><strong>ι</strong></span> <span class='ocrx_word' id='word_1_718' title='bbox 388 4732 640 4799; x_wconf 88' lang='lat' dir='ltr'><strong>Domine,</strong></span> <span class='ocrx_word' id='word_1_719' title='bbox 688 4734 914 4787; x_wconf 90' lang='lat' dir='ltr'><strong>ostende</strong></span> <span class='ocrx_word' id='word_1_720' title='bbox 961 4730 1115 4786; x_wconf 91' lang='lat' dir='ltr'><strong>nobis</strong></span> <span class='ocrx_word' id='word_1_721' title='bbox 1136 4730 1372 4797; x_wconf 90' lang='lat' dir='ltr'><strong>Patrem,</strong></span> <span class='ocrx_word' id='word_1_722' title='bbox 1412 4737 1467 4786; x_wconf 90' lang='lat' dir='ltr'><strong>et</strong></span> <span class='ocrx_word' id='word_1_723' title='bbox 1503 4729 1698 4786; x_wconf 86' lang='lat' dir='ltr'><strong>sullicit</strong></span> <span class='ocrx_word' id='word_1_724' title='bbox 1742 4729 1896 4785; x_wconf 90' lang='lat' dir='ltr'><strong>nobis</strong></span> 
     </span>
    </p>
   </div>
   <div class='ocr_carea' id='block_1_97' title="bbox 315 4821 1895 4898">
    <p class='ocr_par' dir='ltr' id='par_1_97' title="bbox 315 4821 1895 4898">
     <span class='ocr_line' id='line_1_97' title="bbox 315 4821 1895 4898; baseline -0.003 -19"><span class='ocrx_word' id='word_1_725' title='bbox 315 4825 501 4898; x_wconf 81' lang='lat' dir='ltr'><strong>(Joan.</strong></span> <span class='ocrx_word' id='word_1_726' title='bbox 527 4824 662 4898; x_wconf 79' lang='lat' dir='ltr'><strong>xw).</strong></span> <span class='ocrx_word' id='word_1_727' title='bbox 686 4844 706 4878; x_wconf 78' lang='grc' dir='ltr'><strong>ι</strong></span> <span class='ocrx_word' id='word_1_728' title='bbox 744 4823 851 4880; x_wconf 86' lang='lat' dir='ltr'><strong>Sed</strong></span> <span class='ocrx_word' id='word_1_729' title='bbox 898 4838 1001 4877; x_wconf 92' lang='lat' dir='ltr'><strong>non</strong></span> <span class='ocrx_word' id='word_1_730' title='bbox 1044 4823 1436 4878; x_wconf 88' lang='lat' dir='ltr'><strong>contemnenda</strong></span> <span class='ocrx_word' id='word_1_731' title='bbox 1478 4821 1716 4877; x_wconf 90' lang='lat' dir='ltr'><strong>nascitur</strong></span> <span class='ocrx_word' id='word_1_732' title='bbox 1751 4835 1895 4890; x_wconf 66' lang='lat' dir='ltr'><strong>qua:-</strong></span> 
     </span>
    </p>
   </div>
   <div class='ocr_carea' id='block_1_98' title="bbox 311 4912 1895 4989">
    <p class='ocr_par' dir='ltr' id='par_1_98' title="bbox 311 4912 1895 4989">
     <span class='ocr_line' id='line_1_98' title="bbox 311 4912 1895 4989; baseline -0.006 -16"><span class='ocrx_word' id='word_1_733' title='bbox 311 4921 463 4981; x_wconf 76' lang='lat' dir='ltr'><strong>stio,</strong></span> <span class='ocrx_word' id='word_1_734' title='bbox 511 4916 780 4989; x_wconf 87' lang='lat' dir='ltr'><strong>quomodo</strong></span> <span class='ocrx_word' id='word_1_735' title='bbox 834 4915 1046 4969; x_wconf 87' lang='lat' dir='ltr'><strong>dicatur</strong></span> <span class='ocrx_word' id='word_1_736' title='bbox 1100 4913 1293 4968; x_wconf 89' lang='lat' dir='ltr'><strong>domus</strong></span> <span class='ocrx_word' id='word_1_737' title='bbox 1338 4912 1546 4968; x_wconf 90' lang='lat' dir='ltr'><strong>Domini</strong></span> <span class='ocrx_word' id='word_1_738' title='bbox 1603 4912 1658 4964; x_wconf 90' lang='lat' dir='ltr'><strong>in</strong></span> <span class='ocrx_word' id='word_1_739' title='bbox 1712 4925 1895 4965; x_wconf 90' lang='lat' dir='ltr'><strong>mense</strong></span> 
     </span>
    </p>
   </div>
   <div class='ocr_carea' id='block_1_99' title="bbox 311 5000 1897 5077">
    <p class='ocr_par' dir='ltr' id='par_1_99' title="bbox 311 5000 1897 5077">
     <span class='ocr_line' id='line_1_99' title="bbox 311 5000 1897 5077; baseline -0.006 -13"><span class='ocrx_word' id='word_1_740' title='bbox 311 5016 514 5064; x_wconf 88' lang='lat' dir='ltr'><strong>octavo</strong></span> <span class='ocrx_word' id='word_1_741' title='bbox 537 5005 779 5077; x_wconf 89' lang='lat' dir='ltr'><strong>perfecta</strong></span> <span class='ocrx_word' id='word_1_742' title='bbox 821 5005 877 5059; x_wconf 88' lang='lat' dir='ltr'><strong>in</strong></span> <span class='ocrx_word' id='word_1_743' title='bbox 923 5003 1073 5058; x_wconf 91' lang='lat' dir='ltr'><strong>omni</strong></span> <span class='ocrx_word' id='word_1_744' title='bbox 1100 5017 1265 5073; x_wconf 90' lang='lat' dir='ltr'><strong>opere</strong></span> <span class='ocrx_word' id='word_1_745' title='bbox 1300 5018 1418 5068; x_wconf 92' lang='lat' dir='ltr'><strong>suo,</strong></span> <span class='ocrx_word' id='word_1_746' title='bbox 1450 5010 1504 5056; x_wconf 90' lang='lat' dir='ltr'><strong>et</strong></span> <span class='ocrx_word' id='word_1_747' title='bbox 1534 5001 1587 5054; x_wconf 91' lang='lat' dir='ltr'><strong>in</strong></span> <span class='ocrx_word' id='word_1_748' title='bbox 1631 5000 1897 5054; x_wconf 83' lang='lat' dir='ltr'><strong>universis</strong></span> 
     </span>
    </p>
   </div>
   <div class='ocr_carea' id='block_1_100' title="bbox 310 5092 1897 5163">
    <p class='ocr_par' dir='ltr' id='par_1_100' title="bbox 310 5092 1897 5163">
     <span class='ocr_line' id='line_1_100' title="bbox 310 5092 1897 5163; baseline -0.006 -11"><span class='ocrx_word' id='word_1_749' title='bbox 310 5097 666 5161; x_wconf 83' lang='lat' dir='ltr'><strong>utensilibus,</strong></span> <span class='ocrx_word' id='word_1_750' title='bbox 704 5110 827 5151; x_wconf 90' lang='lat' dir='ltr'><strong>cum</strong></span> <span class='ocrx_word' id='word_1_751' title='bbox 867 5095 921 5149; x_wconf 90' lang='lat' dir='ltr'><strong>in</strong></span> <span class='ocrx_word' id='word_1_752' title='bbox 959 5093 1309 5163; x_wconf 91' lang='lat' dir='ltr'><strong>sequentibus</strong></span> <span class='ocrx_word' id='word_1_753' title='bbox 1340 5092 1550 5163; x_wconf 77' lang='lat' dir='ltr'><strong>legatur</strong></span> <span class='ocrx_word' id='word_1_754' title='bbox 1578 5106 1760 5145; x_wconf 88' lang='lat' dir='ltr'><strong>mense</strong></span> <span class='ocrx_word' id='word_1_755' title='bbox 1813 5105 1897 5144; x_wconf 85' lang='lat' dir='ltr'><strong>se-</strong></span> 
     </span>
    </p>
   </div>
   <div class='ocr_carea' id='block_1_101' title="bbox 310 5181 1895 5260">
    <p class='ocr_par' dir='ltr' id='par_1_101' title="bbox 310 5181 1895 5260">
     <span class='ocr_line' id='line_1_101' title="bbox 310 5181 1895 5260; baseline -0.004 -18"><span class='ocrx_word' id='word_1_756' title='bbox 310 5189 490 5260; x_wconf 87' lang='lat' dir='ltr'><strong>ptimo</strong></span> <span class='ocrx_word' id='word_1_757' title='bbox 537 5188 933 5243; x_wconf 85' lang='lat' dir='ltr'><strong>dedicationem</strong></span> <span class='ocrx_word' id='word_1_758' title='bbox 982 5184 1100 5255; x_wconf 89' lang='lat' dir='ltr'><strong>ejus</strong></span> <span class='ocrx_word' id='word_1_759' title='bbox 1146 5199 1266 5240; x_wconf 89' lang='lat' dir='ltr'><strong>esse</strong></span> <span class='ocrx_word' id='word_1_760' title='bbox 1308 5182 1672 5253; x_wconf 86' lang='lat' dir='ltr'><strong>completam?</strong></span> <span class='ocrx_word' id='word_1_761' title='bbox 1712 5181 1895 5251; x_wconf 50' lang='lat' dir='ltr'><strong>Neque</strong></span> 
     </span>
    </p>
   </div>
   <div class='ocr_carea' id='block_1_102' title="bbox 312 5273 1887 5349">
    <p class='ocr_par' dir='ltr' id='par_1_102' title="bbox 312 5273 1887 5349">
     <span class='ocr_line' id='line_1_102' title="bbox 312 5273 1887 5349; baseline -0.005 -15"><span class='ocrx_word' id='word_1_762' title='bbox 312 5292 500 5334; x_wconf 73' lang='lat' dir='ltr'><strong>auLem</strong></span> <span class='ocrx_word' id='word_1_763' title='bbox 535 5279 789 5334; x_wconf 86' lang='lat' dir='ltr'><strong>credibile</strong></span> <span class='ocrx_word' id='word_1_764' title='bbox 819 5286 903 5334; x_wconf 86' lang='lat' dir='ltr'><strong>est</strong></span> <span class='ocrx_word' id='word_1_765' title='bbox 929 5277 1072 5348; x_wconf 89' lang='lat' dir='ltr'><strong>quod</strong></span> <span class='ocrx_word' id='word_1_766' title='bbox 1105 5285 1308 5349; x_wconf 86' lang='lat' dir='ltr'><strong>septem</strong></span> <span class='ocrx_word' id='word_1_767' title='bbox 1331 5276 1548 5345; x_wconf 90' lang='lat' dir='ltr'><strong>quidem</strong></span> <span class='ocrx_word' id='word_1_768' title='bbox 1575 5273 1730 5328; x_wconf 92' lang='lat' dir='ltr'><strong>annis</strong></span> <span class='ocrx_word' id='word_1_769' title='bbox 1755 5282 1887 5327; x_wconf 88' lang='lat' dir='ltr'><strong>tem-</strong></span> 
     </span>
    </p>
   </div>
   <div class='ocr_carea' id='block_1_103' title="bbox 312 5364 1893 5440">
    <p class='ocr_par' dir='ltr' id='par_1_103' title="bbox 312 5364 1893 5440">
     <span class='ocr_line' id='line_1_103' title="bbox 312 5364 1893 5440; baseline -0.001 -18"><span class='ocrx_word' id='word_1_770' title='bbox 312 5370 466 5440; x_wconf 88' lang='lat' dir='ltr'><strong>plum</strong></span> <span class='ocrx_word' id='word_1_771' title='bbox 494 5369 769 5425; x_wconf 80' lang='lat' dir='ltr'><strong>:ediﬁeans</strong></span> <span class='ocrx_word' id='word_1_772' title='bbox 796 5368 1074 5435; x_wconf 88' lang='lat' dir='ltr'><strong>Salomon,</strong></span> <span class='ocrx_word' id='word_1_773' title='bbox 1103 5377 1295 5423; x_wconf 85' lang='lat' dir='ltr'><strong>octavo</strong></span> <span class='ocrx_word' id='word_1_774' title='bbox 1335 5379 1519 5421; x_wconf 86' lang='lat' dir='ltr'><strong>mense</strong></span> <span class='ocrx_word' id='word_1_775' title='bbox 1562 5364 1737 5420; x_wconf 83' lang='lat' dir='ltr'><strong>octavi</strong></span> <span class='ocrx_word' id='word_1_776' title='bbox 1768 5365 1893 5421; x_wconf 89' lang='lat' dir='ltr'><strong>anni</strong></span> 
     </span>
    </p>
   </div>
   <div class='ocr_carea' id='block_1_104' title="bbox 308 5458 1897 5536">
    <p class='ocr_par' dir='ltr' id='par_1_104' title="bbox 308 5458 1897 5536">
     <span class='ocr_line' id='line_1_104' title="bbox 308 5458 1897 5536; baseline -0.005 -19"><span class='ocrx_word' id='word_1_777' title='bbox 308 5464 627 5536; x_wconf 78' lang='lat' dir='ltr'><strong>perfecerit,</strong></span> <span class='ocrx_word' id='word_1_778' title='bbox 658 5464 751 5519; x_wconf 86' lang='lat' dir='ltr'><strong>sed</strong></span> <span class='ocrx_word' id='word_1_779' title='bbox 775 5479 947 5534; x_wconf 90' lang='lat' dir='ltr'><strong>usque</strong></span> <span class='ocrx_word' id='word_1_780' title='bbox 990 5463 1057 5517; x_wconf 87' lang='lat' dir='ltr'><strong>ad</strong></span> <span class='ocrx_word' id='word_1_781' title='bbox 1098 5462 1384 5532; x_wconf 87' lang='lat' dir='ltr'><strong>septimum</strong></span> <span class='ocrx_word' id='word_1_782' title='bbox 1426 5459 1550 5513; x_wconf 88' lang='lat' dir='ltr'><strong>anni</strong></span> <span class='ocrx_word' id='word_1_783' title='bbox 1578 5458 1703 5511; x_wconf 91' lang='lat' dir='ltr'><strong>noni</strong></span> <span class='ocrx_word' id='word_1_784' title='bbox 1744 5473 1897 5511; x_wconf 87' lang='lat' dir='ltr'><strong>men-</strong></span> 
     </span>
    </p>
   </div>
   <div class='ocr_carea' id='block_1_105' title="bbox 310 5547 1900 5624">
    <p class='ocr_par' dir='ltr' id='par_1_105' title="bbox 310 5547 1900 5624">
     <span class='ocr_line' id='line_1_105' title="bbox 310 5547 1900 5624; baseline -0.006 -12"><span class='ocrx_word' id='word_1_785' title='bbox 310 5571 433 5612; x_wconf 83' lang='lat' dir='ltr'><strong>sem</strong></span> <span class='ocrx_word' id='word_1_786' title='bbox 476 5556 870 5613; x_wconf 83' lang='lat' dir='ltr'><strong>dedicationem</strong></span> <span class='ocrx_word' id='word_1_787' title='bbox 908 5552 1133 5624; x_wconf 84' lang='lat' dir='ltr'><strong>perfecti</strong></span> <span class='ocrx_word' id='word_1_788' title='bbox 1183 5551 1472 5608; x_wconf 89' lang='lat' dir='ltr'><strong>distulerit.</strong></span> <span class='ocrx_word' id='word_1_789' title='bbox 1524 5547 1677 5605; x_wconf 85' lang='lat' dir='ltr'><strong>Unde</strong></span> <span class='ocrx_word' id='word_1_790' title='bbox 1719 5549 1900 5620; x_wconf 91' lang='lat' dir='ltr'><strong>potius</strong></span> 
     </span>
    </p>
   </div>
   <div class='ocr_carea' id='block_1_106' title="bbox 314 5643 1897 5716">
    <p class='ocr_par' dir='ltr' id='par_1_106' title="bbox 314 5643 1897 5716">
     <span class='ocr_line' id='line_1_106' title="bbox 314 5643 1897 5716; baseline -0.006 -12"><span class='ocrx_word' id='word_1_791' title='bbox 314 5650 616 5705; x_wconf 74' lang='lat' dir='ltr'><strong>verisimile</strong></span> <span class='ocrx_word' id='word_1_792' title='bbox 644 5649 873 5716; x_wconf 88' lang='lat' dir='ltr'><strong>videtur,</strong></span> <span class='ocrx_word' id='word_1_793' title='bbox 910 5647 1129 5702; x_wconf 88' lang='lat' dir='ltr'><strong>domum</strong></span> <span class='ocrx_word' id='word_1_794' title='bbox 1159 5654 1364 5716; x_wconf 84' lang='lat' dir='ltr'><strong>septem</strong></span> <span class='ocrx_word' id='word_1_795' title='bbox 1397 5643 1554 5699; x_wconf 87' lang='lat' dir='ltr'><strong>annis</strong></span> <span class='ocrx_word' id='word_1_796' title='bbox 1592 5659 1656 5697; x_wconf 88' lang='lat' dir='ltr'><strong>ac</strong></span> <span class='ocrx_word' id='word_1_797' title='bbox 1692 5654 1897 5711; x_wconf 82' lang='lat' dir='ltr'><strong>septem</strong></span> 
     </span>
    </p>
   </div>
   <div class='ocr_carea' id='block_1_107' title="bbox 316 5734 1898 5805">
    <p class='ocr_par' dir='ltr' id='par_1_107' title="bbox 316 5734 1898 5805">
     <span class='ocr_line' id='line_1_107' title="bbox 316 5734 1898 5805; baseline -0.004 -9"><span class='ocrx_word' id='word_1_798' title='bbox 316 5742 600 5799; x_wconf 82' lang='lat' dir='ltr'><strong>mensibus</strong></span> <span class='ocrx_word' id='word_1_799' title='bbox 643 5740 987 5803; x_wconf 60' lang='lat' dir='ltr'><strong>aediﬁcatam,</strong></span> <span class='ocrx_word' id='word_1_800' title='bbox 1020 5738 1092 5792; x_wconf 88' lang='lat' dir='ltr'><strong>ita</strong></span> <span class='ocrx_word' id='word_1_801' title='bbox 1128 5745 1184 5791; x_wconf 90' lang='lat' dir='ltr'><strong>ut</strong></span> <span class='ocrx_word' id='word_1_802' title='bbox 1219 5736 1406 5790; x_wconf 83' lang='lat' dir='ltr'><strong>eodem</strong></span> <span class='ocrx_word' id='word_1_803' title='bbox 1441 5749 1625 5789; x_wconf 86' lang='lat' dir='ltr'><strong>mense</strong></span> <span class='ocrx_word' id='word_1_804' title='bbox 1670 5734 1898 5805; x_wconf 81' lang='lat' dir='ltr'><strong>septimo</strong></span> 
     </span>
    </p>
   </div>
   <div class='ocr_carea' id='block_1_108' title="bbox 1997 4644 3578 4723">
    <p class='ocr_par' dir='ltr' id='par_1_108' title="bbox 1997 4644 3578 4723">
     <span class='ocr_line' id='line_1_108' title="bbox 1997 4644 3578 4723; baseline 0.008 -24"><span class='ocrx_word' id='word_1_805' title='bbox 1997 4645 2146 4699; x_wconf 88' lang='lat' dir='ltr'><strong>Deus</strong></span> <span class='ocrx_word' id='word_1_806' title='bbox 2191 4653 2371 4699; x_wconf 89' lang='lat' dir='ltr'><strong>autem</strong></span> <span class='ocrx_word' id='word_1_807' title='bbox 2414 4644 2807 4705; x_wconf 86' lang='lat' dir='ltr'><strong>incrementum</strong></span> <span class='ocrx_word' id='word_1_808' title='bbox 2847 4648 2991 4705; x_wconf 89' lang='lat' dir='ltr'><strong>dedit</strong></span> <span class='ocrx_word' id='word_1_809' title='bbox 3011 4650 3063 4722; x_wconf 89' lang='lat' dir='ltr'><strong>(l</strong></span> <span class='ocrx_word' id='word_1_810' title='bbox 3091 4650 3214 4707; x_wconf 90' lang='lat' dir='ltr'><strong>Cor.</strong></span> <span class='ocrx_word' id='word_1_811' title='bbox 3248 4653 3351 4723; x_wconf 81' lang='lat' dir='ltr'><strong>in).</strong></span> <span class='ocrx_word' id='word_1_812' title='bbox 3374 4674 3393 4706; x_wconf 78' lang='grc' dir='ltr'><strong>ι</strong></span> <span class='ocrx_word' id='word_1_813' title='bbox 3426 4655 3578 4711; x_wconf 86' lang='lat' dir='ltr'><strong>Fecit</strong></span> 
     </span>
    </p>
   </div>
   <div class='ocr_carea' id='block_1_109' title="bbox 1996 4736 3576 4816">
    <p class='ocr_par' dir='ltr' id='par_1_109' title="bbox 1996 4736 3576 4816">
     <span class='ocr_line' id='line_1_109' title="bbox 1996 4736 3576 4816; baseline 0.009 -28"><span class='ocrx_word' id='word_1_814' title='bbox 1996 4736 2097 4790; x_wconf 75' lang='lat' dir='ltr'><strong>hoc</strong></span> <span class='ocrx_word' id='word_1_815' title='bbox 2130 4750 2263 4804; x_wconf 87' lang='lat' dir='ltr'><strong>opus</strong></span> <span class='ocrx_word' id='word_1_816' title='bbox 2287 4750 2353 4790; x_wconf 80' lang='lat' dir='ltr'><strong>ex</strong></span> <span class='ocrx_word' id='word_1_817' title='bbox 2380 4751 2506 4802; x_wconf 75' lang='lat' dir='ltr'><strong>tere,</strong></span> <span class='ocrx_word' id='word_1_818' title='bbox 2530 4736 2788 4806; x_wconf 84' lang='lat' dir='ltr'><strong>quia,illis</strong></span> <span class='ocrx_word' id='word_1_819' title='bbox 2814 4741 3150 4798; x_wconf 83' lang='lat' dir='ltr'><strong>committere</strong></span> <span class='ocrx_word' id='word_1_820' title='bbox 3172 4745 3399 4800; x_wconf 86' lang='lat' dir='ltr'><strong>verbum</strong></span> <span class='ocrx_word' id='word_1_821' title='bbox 3422 4762 3576 4816; x_wconf 70' lang='lat' dir='ltr'><strong>qure-</strong></span> 
     </span>
    </p>
   </div>
   <div class='ocr_carea' id='block_1_110' title="bbox 1994 4822 3580 4905">
    <p class='ocr_par' dir='ltr' id='par_1_110' title="bbox 1994 4822 3580 4905">
     <span class='ocr_line' id='line_1_110' title="bbox 1994 4822 3580 4905; baseline 0.009 -26"><span class='ocrx_word' id='word_1_822' title='bbox 1994 4826 2066 4880; x_wconf 92' lang='lat' dir='ltr'><strong>rit</strong></span> <span class='ocrx_word' id='word_1_823' title='bbox 2108 4822 2295 4880; x_wconf 88' lang='lat' dir='ltr'><strong>doctor</strong></span> <span class='ocrx_word' id='word_1_824' title='bbox 2323 4834 2593 4892; x_wconf 87' lang='lat' dir='ltr'><strong>strenuus,</strong></span> <span class='ocrx_word' id='word_1_825' title='bbox 2621 4827 2712 4897; x_wconf 82' lang='lat' dir='ltr'><strong>qui</strong></span> <span class='ocrx_word' id='word_1_826' title='bbox 2741 4829 2842 4885; x_wconf 92' lang='lat' dir='ltr'><strong>hoc</strong></span> <span class='ocrx_word' id='word_1_827' title='bbox 2877 4831 2964 4899; x_wconf 90' lang='lat' dir='ltr'><strong>pie</strong></span> <span class='ocrx_word' id='word_1_828' title='bbox 2998 4834 3199 4903; x_wconf 73' lang='lat' dir='ltr'><strong>suscipc</strong></span> <span class='ocrx_word' id='word_1_829' title='bbox 3212 4849 3271 4889; x_wconf 89' lang='lat' dir='ltr'><strong>re</strong></span> <span class='ocrx_word' id='word_1_830' title='bbox 3296 4851 3361 4891; x_wconf 91' lang='lat' dir='ltr'><strong>ac</strong></span> <span class='ocrx_word' id='word_1_831' title='bbox 3394 4851 3580 4905; x_wconf 85' lang='lat' dir='ltr'><strong>persc—</strong></span> 
     </span>
    </p>
   </div>
   <div class='ocr_carea' id='block_1_111' title="bbox 1995 4917 3579 4993">
    <p class='ocr_par' dir='ltr' id='par_1_111' title="bbox 1995 4917 3579 4993">
     <span class='ocr_line' id='line_1_111' title="bbox 1995 4917 3579 4993; baseline 0.01 -24"><span class='ocrx_word' id='word_1_832' title='bbox 1995 4928 2256 4971; x_wconf 87' lang='lat' dir='ltr'><strong>veranter</strong></span> <span class='ocrx_word' id='word_1_833' title='bbox 2299 4917 2572 4973; x_wconf 84' lang='lat' dir='ltr'><strong>custodire</strong></span> <span class='ocrx_word' id='word_1_834' title='bbox 2613 4918 2952 4986; x_wconf 86' lang='lat' dir='ltr'><strong>desiderent,</strong></span> <span class='ocrx_word' id='word_1_835' title='bbox 3000 4923 3199 4993; x_wconf 90' lang='lat' dir='ltr'><strong>quique</strong></span> <span class='ocrx_word' id='word_1_836' title='bbox 3248 4926 3411 4982; x_wconf 86' lang='lat' dir='ltr'><strong>etiam</strong></span> <span class='ocrx_word' id='word_1_837' title='bbox 3458 4928 3579 4985; x_wconf 68' lang='lat' dir='ltr'><strong>aliis</strong></span> 
     </span>
    </p>
   </div>
   <div class='ocr_carea' id='block_1_112' title="bbox 1998 5007 3576 5083">
    <p class='ocr_par' dir='ltr' id='par_1_112' title="bbox 1998 5007 3576 5083">
     <span class='ocr_line' id='line_1_112' title="bbox 1998 5007 3576 5083; baseline 0.01 -21"><span class='ocrx_word' id='word_1_838' title='bbox 1998 5008 2341 5079; x_wconf 61' lang='lat' dir='ltr'><strong>prtedicando</strong></span> <span class='ocrx_word' id='word_1_839' title='bbox 2367 5007 2524 5064; x_wconf 86' lang='lat' dir='ltr'><strong>latius</strong></span> <span class='ocrx_word' id='word_1_840' title='bbox 2544 5008 2820 5067; x_wconf 75' lang='lat' dir='ltr'><strong>diﬁ‘amare</strong></span> <span class='ocrx_word' id='word_1_841' title='bbox 2844 5028 2962 5081; x_wconf 67' lang='lat' dir='ltr'><strong>qua:</strong></span> <span class='ocrx_word' id='word_1_842' title='bbox 2991 5015 3092 5083; x_wconf 87' lang='lat' dir='ltr'><strong>ipsi</strong></span> <span class='ocrx_word' id='word_1_843' title='bbox 3122 5016 3406 5075; x_wconf 86' lang='lat' dir='ltr'><strong>didicerint</strong></span> <span class='ocrx_word' id='word_1_844' title='bbox 3432 5030 3576 5077; x_wconf 85' lang='lat' dir='ltr'><strong>recta</strong></span> 
     </span>
    </p>
   </div>
   <div class='ocr_carea' id='block_1_113' title="bbox 1997 5098 3579 5172">
    <p class='ocr_par' dir='ltr' id='par_1_113' title="bbox 1997 5098 3579 5172">
     <span class='ocr_line' id='line_1_113' title="bbox 1997 5098 3579 5172; baseline 0.009 -18"><span class='ocrx_word' id='word_1_845' title='bbox 1997 5107 2273 5172; x_wconf 78' lang='lat' dir='ltr'><strong>satagant.</strong></span> <span class='ocrx_word' id='word_1_846' title='bbox 2307 5098 2455 5154; x_wconf 66' lang='lat' dir='ltr'><strong>Eris</strong></span> <span class='ocrx_word' id='word_1_847' title='bbox 2494 5117 2725 5172; x_wconf 87' lang='lat' dir='ltr'><strong>namque</strong></span> <span class='ocrx_word' id='word_1_848' title='bbox 2755 5105 3028 5160; x_wconf 89' lang='lat' dir='ltr'><strong>metallum</strong></span> <span class='ocrx_word' id='word_1_849' title='bbox 3069 5108 3224 5165; x_wconf 85' lang='lat' dir='ltr'><strong>valde</strong></span> <span class='ocrx_word' id='word_1_850' title='bbox 3251 5125 3371 5168; x_wconf 84' lang='lat' dir='ltr'><strong>esse</strong></span> <span class='ocrx_word' id='word_1_851' title='bbox 3417 5113 3579 5169; x_wconf 85' lang='lat' dir='ltr'><strong>dura-</strong></span> 
     </span>
    </p>
   </div>
   <div class='ocr_carea' id='block_1_114' title="bbox 1998 5190 3195 5260">
    <p class='ocr_par' dir='ltr' id='par_1_114' title="bbox 1998 5190 3195 5260">
     <span class='ocr_line' id='line_1_114' title="bbox 1998 5190 3195 5260; baseline 0.006 -15"><span class='ocrx_word' id='word_1_852' title='bbox 1998 5190 2105 5245; x_wconf 90' lang='lat' dir='ltr'><strong>bile</strong></span> <span class='ocrx_word' id='word_1_853' title='bbox 2123 5197 2363 5255; x_wconf 63' lang='lat' dir='ltr'><strong>constat,</strong></span> <span class='ocrx_word' id='word_1_854' title='bbox 2394 5201 2555 5260; x_wconf 86' lang='lat' dir='ltr'><strong>atque</strong></span> <span class='ocrx_word' id='word_1_855' title='bbox 2585 5191 2893 5248; x_wconf 89' lang='lat' dir='ltr'><strong>omnimodo</strong></span> <span class='ocrx_word' id='word_1_856' title='bbox 2918 5209 3195 5252; x_wconf 89' lang='lat' dir='ltr'><strong>sonorum.</strong></span> 
     </span>
    </p>
   </div>
   <div class='ocr_carea' id='block_1_115' title="bbox 2075 5277 3579 5361">
    <p class='ocr_par' dir='ltr' id='par_1_115' title="bbox 2075 5277 3579 5361">
     <span class='ocr_line' id='line_1_115' title="bbox 2075 5277 3579 5361; baseline 0.009 -28"><span class='ocrx_word' id='word_1_857' title='bbox 2075 5301 2093 5333; x_wconf 74' lang='grc' dir='ltr'><strong>ι</strong></span> <span class='ocrx_word' id='word_1_858' title='bbox 2128 5280 2194 5334; x_wconf 84' lang='lat' dir='ltr'><strong>Et</strong></span> <span class='ocrx_word' id='word_1_859' title='bbox 2231 5277 2387 5334; x_wconf 80' lang='lat' dir='ltr'><strong>ﬁnxit</strong></span> <span class='ocrx_word' id='word_1_860' title='bbox 2413 5282 2542 5336; x_wconf 91' lang='lat' dir='ltr'><strong>duas</strong></span> <span class='ocrx_word' id='word_1_861' title='bbox 2569 5281 2845 5338; x_wconf 87' lang='lat' dir='ltr'><strong>columnas</strong></span> <span class='ocrx_word' id='word_1_862' title='bbox 2873 5299 3062 5352; x_wconf 63' lang='lat' dir='ltr'><strong>aereas,</strong></span> <span class='ocrx_word' id='word_1_863' title='bbox 3087 5288 3269 5344; x_wconf 90' lang='lat' dir='ltr'><strong>decem</strong></span> <span class='ocrx_word' id='word_1_864' title='bbox 3295 5299 3349 5347; x_wconf 91' lang='lat' dir='ltr'><strong>et</strong></span> <span class='ocrx_word' id='word_1_865' title='bbox 3376 5300 3579 5361; x_wconf 88' lang='lat' dir='ltr'><strong>septem</strong></span> 
     </span>
    </p>
   </div>
   <div class='ocr_carea' id='block_1_116' title="bbox 2006 5371 3580 5451">
    <p class='ocr_par' dir='ltr' id='par_1_116' title="bbox 2006 5371 3580 5451">
     <span class='ocr_line' id='line_1_116' title="bbox 2006 5371 3580 5451; baseline 0.01 -27"><span class='ocrx_word' id='word_1_866' title='bbox 2006 5391 2025 5424; x_wconf 74' lang='grc' dir='ltr'><strong>ι</strong></span> <span class='ocrx_word' id='word_1_867' title='bbox 2072 5373 2379 5427; x_wconf 90' lang='lat' dir='ltr'><strong>cubitorum</strong></span> <span class='ocrx_word' id='word_1_868' title='bbox 2423 5371 2721 5428; x_wconf 90' lang='lat' dir='ltr'><strong>altitudinis</strong></span> <span class='ocrx_word' id='word_1_869' title='bbox 2761 5374 3064 5432; x_wconf 86' lang='lat' dir='ltr'><strong>columnam</strong></span> <span class='ocrx_word' id='word_1_870' title='bbox 3105 5387 3452 5451; x_wconf 68' lang='lat' dir='ltr'><strong>utramque.»</strong></span> <span class='ocrx_word' id='word_1_871' title='bbox 3487 5382 3580 5439; x_wconf 76' lang='lat' dir='ltr'><strong>Ila:</strong></span> 
     </span>
    </p>
   </div>
   <div class='ocr_carea' id='block_1_117' title="bbox 1998 5462 3581 5538">
    <p class='ocr_par' dir='ltr' id='par_1_117' title="bbox 1998 5462 3581 5538">
     <span class='ocr_line' id='line_1_117' title="bbox 1998 5462 3581 5538; baseline 0.008 -23"><span class='ocrx_word' id='word_1_872' title='bbox 1998 5470 2123 5516; x_wconf 78' lang='lat' dir='ltr'><strong>sunt</strong></span> <span class='ocrx_word' id='word_1_873' title='bbox 2153 5464 2441 5527; x_wconf 71' lang='lat' dir='ltr'><strong>colurnum,</strong></span> <span class='ocrx_word' id='word_1_874' title='bbox 2474 5463 2538 5516; x_wconf 90' lang='lat' dir='ltr'><strong>de</strong></span> <span class='ocrx_word' id='word_1_875' title='bbox 2566 5462 2762 5531; x_wconf 91' lang='lat' dir='ltr'><strong>quibus</strong></span> <span class='ocrx_word' id='word_1_876' title='bbox 2787 5464 2984 5521; x_wconf 85' lang='lat' dir='ltr'><strong>Paulus</strong></span> <span class='ocrx_word' id='word_1_877' title='bbox 3010 5468 3122 5522; x_wconf 87' lang='lat' dir='ltr'><strong>ait:</strong></span> <span class='ocrx_word' id='word_1_878' title='bbox 3154 5488 3172 5519; x_wconf 76' lang='grc' dir='ltr'><strong>ι</strong></span> <span class='ocrx_word' id='word_1_879' title='bbox 3203 5470 3455 5538; x_wconf 83' lang='lat' dir='ltr'><strong>Jacobns,</strong></span> <span class='ocrx_word' id='word_1_880' title='bbox 3486 5471 3581 5528; x_wconf 88' lang='lat' dir='ltr'><strong>Ce-</strong></span> 
     </span>
    </p>
   </div>
   <div class='ocr_carea' id='block_1_118' title="bbox 1999 5554 3577 5625">
    <p class='ocr_par' dir='ltr' id='par_1_118' title="bbox 1999 5554 3577 5625">
     <span class='ocr_line' id='line_1_118' title="bbox 1999 5554 3577 5625; baseline 0.008 -18"><span class='ocrx_word' id='word_1_881' title='bbox 1999 5554 2152 5625; x_wconf 87' lang='lat' dir='ltr'><strong>phas,</strong></span> <span class='ocrx_word' id='word_1_882' title='bbox 2193 5563 2247 5609; x_wconf 91' lang='lat' dir='ltr'><strong>et</strong></span> <span class='ocrx_word' id='word_1_883' title='bbox 2294 5556 2569 5620; x_wconf 84' lang='lat' dir='ltr'><strong>Joannes,</strong></span> <span class='ocrx_word' id='word_1_884' title='bbox 2617 5554 2710 5623; x_wconf 90' lang='lat' dir='ltr'><strong>qui</strong></span> <span class='ocrx_word' id='word_1_885' title='bbox 2761 5556 3082 5613; x_wconf 85' lang='lat' dir='ltr'><strong>videbantur</strong></span> <span class='ocrx_word' id='word_1_886' title='bbox 3125 5561 3387 5618; x_wconf 68' lang='lat' dir='ltr'><strong>columna:</strong></span> <span class='ocrx_word' id='word_1_887' title='bbox 3426 5578 3577 5625; x_wconf 84' lang='lat' dir='ltr'><strong>esse.</strong></span> 
     </span>
    </p>
   </div>
   <div class='ocr_carea' id='block_1_119' title="bbox 2000 5645 3585 5717">
    <p class='ocr_par' dir='ltr' id='par_1_119' title="bbox 2000 5645 3585 5717">
     <span class='ocr_line' id='line_1_119' title="bbox 2000 5645 3585 5717; baseline 0.007 -18"><span class='ocrx_word' id='word_1_888' title='bbox 2000 5649 2217 5700; x_wconf 72' lang='lat' dir='ltr'><strong>dextras</strong></span> <span class='ocrx_word' id='word_1_889' title='bbox 2246 5645 2515 5699; x_wconf 77' lang='lat' dir='ltr'><strong>dederunt</strong></span> <span class='ocrx_word' id='word_1_890' title='bbox 2549 5646 2676 5701; x_wconf 90' lang='lat' dir='ltr'><strong>mihi</strong></span> <span class='ocrx_word' id='word_1_891' title='bbox 2702 5656 2757 5701; x_wconf 91' lang='lat' dir='ltr'><strong>et</strong></span> <span class='ocrx_word' id='word_1_892' title='bbox 2786 5647 3042 5704; x_wconf 69' lang='lat' dir='ltr'><strong>Barnabaa</strong></span> <span class='ocrx_word' id='word_1_893' title='bbox 3077 5652 3371 5717; x_wconf 66' lang='lat' dir='ltr'><strong>sociemtis,</strong></span> <span class='ocrx_word' id='word_1_894' title='bbox 3399 5662 3460 5708; x_wconf 91' lang='lat' dir='ltr'><strong>ut</strong></span> <span class='ocrx_word' id='word_1_895' title='bbox 3483 5670 3585 5710; x_wconf 81' lang='lat' dir='ltr'><strong>nos</strong></span> 
     </span>
    </p>
   </div>
   <div class='ocr_carea' id='block_1_120' title="bbox 2001 5735 3576 5817">
    <p class='ocr_par' dir='ltr' id='par_1_120' title="bbox 2001 5735 3576 5817">
     <span class='ocr_line' id='line_1_120' title="bbox 2001 5735 3576 5817; baseline 0.005 -25"><span class='ocrx_word' id='word_1_896' title='bbox 2001 5738 2054 5792; x_wconf 91' lang='lat' dir='ltr'><strong>in</strong></span> <span class='ocrx_word' id='word_1_897' title='bbox 2085 5739 2359 5805; x_wconf 70' lang='lat' dir='ltr'><strong>gemitus.</strong></span> <span class='ocrx_word' id='word_1_898' title='bbox 2390 5736 2462 5791; x_wconf 88' lang='lat' dir='ltr'><strong>illi</strong></span> <span class='ocrx_word' id='word_1_899' title='bbox 2491 5746 2668 5791; x_wconf 87' lang='lat' dir='ltr'><strong>autem</strong></span> <span class='ocrx_word' id='word_1_900' title='bbox 2695 5738 2749 5793; x_wconf 91' lang='lat' dir='ltr'><strong>in</strong></span> <span class='ocrx_word' id='word_1_901' title='bbox 2780 5735 3241 5799; x_wconf 86' lang='lat' dir='ltr'><strong>circumcisionem</strong></span> <span class='ocrx_word' id='word_1_902' title='bbox 3272 5744 3415 5817; x_wconf 86' lang='lat' dir='ltr'><strong>(Gal.</strong></span> <span class='ocrx_word' id='word_1_903' title='bbox 3442 5748 3528 5814; x_wconf 88' lang='grc' dir='ltr'>ιι).</span> <span class='ocrx_word' id='word_1_904' title='bbox 3555 5756 3576 5800; x_wconf 73' lang='grc' dir='ltr'><strong>ι</strong></span> 
     </span>
    </p>
   </div>
  </div>
