4026 6202
392 283 495 341 167

1026 279 1089 333 Β.
1131 277 1385 333 RABANI
1423 278 1644 334 MAURI
1680 279 1996 336 ARClIlEP.
2037 281 2345 338 MOGUNT.
2385 283 2669 339 OPERUM
2706 282 2886 338 PARS
2915 282 2957 338 ι.

3540 290 3640 351 168

384 399 592 469 Quibus
639 395 821 471 verbis
861 394 1015 465 quasi
1062 406 1330 464 exponere
1385 393 1598 447 videtur
1639 394 1957 464 mysterium
1986 399 2032 456 Α
2064 395 2172 449 Deo
2198 394 2404 449 devotis
2427 395 2870 466 cogitationibus,
2898 394 3041 450 sicut
3068 395 3247 466 capite
3272 398 3540 467 membra,
3564 401 3638 458 ita

384 489 755 545 columnarum
784 485 1162 548 materialium,
1188 493 1243 537 et
1271 483 1400 552 quid
1430 483 1678 539 videlicet
1699 484 1964 555 ligurave-

388 582 516 645 rint,
554 589 609 634 et
635 593 802 648 quare
837 577 955 632 duae
983 576 1091 644 sint
1119 574 1295 630 factm.
1336 572 1623 644 Apostolos
1653 590 1884 643 namque
1911 581 1967 628 et

385 671 635 726 doctores
667 680 888 724 cunctos
916 666 1187 736 spiritales
1229 665 1566 735 signiﬁcant,
1597 664 1766 722 fortes
1805 665 1965 720 nimi-

386 779 508 818 rum
540 763 642 818 ﬁde
674 770 835 829 atque
862 774 1046 829 opere,
1078 768 1131 812 et
1158 758 1614 828 contemplatione
1638 758 1704 813 ad
1735 771 1965 827 superna

385 861 616 907 erectos.
652 851 781 904 Duce
823 859 943 906 sunt
979 859 1184 915 autem,
1218 857 1277 904 ut
1305 859 1357 904 et
1384 859 1571 918 gentes
1595 858 1650 904 et
1684 849 1966 904 circumci-

385 943 592 997 sionem
631 940 970 1010 prmdicando
1005 940 1060 995 in
1100 940 1396 995 Ecclesium
1440 942 1799 995 introducunt.
1845 940 1965 994 Sla-

383 1031 516 1085 hant
545 1029 598 1083 in
624 1029 835 1098 porticu
865 1037 990 1084 ante
1015 1028 1160 1084 fores
1190 1030 1393 1100 templi,
1420 1038 1475 1084 et
1495 1030 1795 1100 ingressum
1827 1030 1968 1084 illius

385 1135 483 1175 suo
513 1119 706 1175 decore
734 1135 799 1175 ac
836 1119 1234 1188 pulchritudine
1257 1136 1324 1176 ex
1359 1127 1585 1189 utraque
1622 1128 1778 1191 parte
1806 1120 1970 1173 mira-

382 1211 565 1267 biliter
593 1211 878 1266 ornabant.
925 1209 1133 1265 Ostium
1160 1218 1338 1264 autem
1368 1210 1550 1280 templi
1577 1211 1834 1265 Dominus
1861 1219 1963 1275 est,

384 1304 511 1372 quia
559 1317 717 1357 nemo
752 1300 901 1355 venit
922 1301 993 1356 ad
1019 1300 1266 1366 Patrem,
1299 1300 1405 1355 nisi
1445 1316 1544 1371 per
1583 1301 1757 1370 ipsum
1783 1299 1964 1372 (Joan.

382 1392 521 1464 xiv).
560 1394 627 1447 Et
653 1392 791 1447 sicut
815 1391 941 1447 alibi
970 1392 1101 1447 dicit
1130 1406 1147 1445 :
1175 1413 1196 1442 ι
1233 1392 1349 1464 Ego
1372 1407 1492 1447 sum
1517 1391 1732 1452 ostium.
1762 1406 1859 1461 per
1881 1405 1970 1447 me

384 1483 431 1541 si
458 1485 579 1561 quis
619 1485 906 1550 introierit,
939 1484 1234 1539 salvabitur
1259 1483 1441 1558 (Joan.
1472 1483 1548 1556 x).
1572 1503 1590 1536 ι
1628 1483 1783 1552 Quod
1816 1484 1967 1541 video

386 1581 517 1636 licet
541 1579 739 1635 ostium
762 1579 1026 1635 columna:
1049 1579 1117 1633 ab
1135 1586 1365 1649 utroque
1386 1579 1554 1634 latere
1573 1593 1757 1634 coram
1779 1578 1970 1650 posita:

387 1671 763 1736 circumstant,
794 1685 917 1725 cum
959 1669 1192 1723 ministri
1219 1669 1487 1725 sermonis
1529 1669 1744 1739 utrique
1774 1668 1968 1739 populo

384 1761 667 1817 introitum
716 1762 866 1833 regni
902 1762 1152 1817 etelestis
1193 1761 1515 1828 ostendunt;
1547 1771 1608 1817 ut
1648 1763 1761 1818 sive
1789 1778 1820 1816 a
1848 1763 1969 1818 luce

389 1849 631 1905 scientia:
653 1848 840 1920 legalis
861 1850 1110 1920 quisque,
1138 1851 1251 1905 sive
1274 1866 1343 1905 ex
1367 1850 1545 1920 rigore
1564 1852 1879 1921 gentilitatis
1901 1854 1968 1907 ad

386 1938 548 1994 ﬁdem
586 1939 859 2009 Evangelii
887 1941 1115 2005 venerit,
1152 1941 1350 1997 haheat
1379 1950 1599 2010 paratos
1626 1957 1720 1997 eos
1744 1943 1837 2013 qui
1866 1943 1970 1998 sibi

386 2030 495 2086 iter
540 2031 731 2086 salutis
772 2038 828 2086 et
869 2033 1035 2087 verbo
1072 2031 1448 2087 demonstrent
1485 2040 1540 2089 et
1575 2033 1841 2103 exemplo.
1873 2033 1970 2090 Vel

386 2131 555 2188 certe,
585 2123 711 2192 quia
742 2124 807 2178 de
831 2123 1035 2178 eisdem
1066 2122 1330 2179 columnis
1353 2124 1406 2177 in
1437 2123 1575 2179 libro
1602 2123 1967 2193 Paralipome-

386 2228 495 2269 non
523 2215 598 2269 ita
628 2214 888 2284 scriptum
917 2222 1001 2269 est
1026 2232 1039 2267 :
1073 2232 1092 2265 ‹
1127 2214 1379 2284 lpsasque
1408 2214 1688 2270 columnas
1710 2214 1887 2287 posuit
1914 2215 1969 2269 in

386 2305 655 2362 vestibulo
683 2306 889 2376 templi,
920 2320 1083 2359 unam
1114 2320 1145 2360 a
1172 2306 1381 2361 dextris
1421 2313 1478 2360 et
1514 2306 1739 2361 alteram
1768 2322 1798 2360 a
1832 2306 1967 2361 sini-

386 2396 517 2452 stris
543 2395 626 2468 (II
660 2394 789 2450 Par.
823 2395 928 2468 ιιι),
960 2416 979 2448 ι
1017 2396 1136 2452 ideo
1174 2405 1301 2452 sunt
1345 2398 1464 2452 dua:
1507 2397 1663 2452 factm
1706 2398 1970 2455 columna:

388 2496 550 2557 atque
572 2487 647 2541 ita
672 2486 970 2555 dispositae,
997 2495 1057 2541 ut
1080 2486 1235 2542 nobis
1255 2493 1308 2541 et
1336 2486 1390 2540 in
1416 2488 1687 2556 prosperis
1710 2497 1764 2542 et
1794 2488 1847 2541 in
1875 2488 1971 2543 ad-

386 2576 562 2632 versis
604 2577 908 2646 ingressum
933 2576 1123 2646 patria:
1147 2575 1386 2631 caelestis
1413 2587 1538 2631 ante
1564 2576 1749 2632 oculos
1775 2577 1970 2632 mentis

387 2667 695 2724 habendum
724 2683 844 2724 esse
868 2669 1113 2724 doceant.
1146 2667 1452 2723 Notandum
1477 2683 1606 2722 sane
1630 2668 1685 2721 in
1711 2669 1813 2722 hac
1847 2682 1970 2724 sen-

385 2759 556 2814 tentia
577 2758 1025 2828 Paralipomenon
1054 2774 1217 2829 quam
1251 2759 1423 2830 posui,
1456 2759 1600 2830 quod
1632 2773 1697 2813 ea
1727 2758 1971 2828 porticus

387 2850 593 2922 templi,
626 2851 789 2906 etiam
826 2851 1115 2923 vestigium
1153 2851 1337 2920 templi
1376 2852 1692 2906 vocabatur.
1734 2851 1801 2906 Et
1829 2853 1971 2921 quod

386 2945 442 3000 in
475 2945 752 3016 prophetis
776 2944 1026 3016 legimus,
1056 2945 1182 3014 quia
1209 2944 1351 2999 inter
1370 2942 1695 2999 vestibulum
1722 2952 1775 2999 et
1801 2944 1972 3000 altare

385 3038 618 3092 orabant
645 3037 986 3102 sacerdotes,
1014 3035 1156 3090 inter
1180 3035 1447 3105 porticum
1484 3042 1538 3090 et
1566 3034 1738 3089 altare
1776 3036 1970 3091 debere

387 3129 630 3201 intelligi.
663 3129 808 3185 Bene
836 3137 1016 3184 autem
1040 3139 1273 3197 utraque
1292 3126 1543 3183 columna
1563 3129 1752 3183 decem
1771 3135 1826 3182 et
1850 3139 1974 3184 octo

387 3220 600 3276 cubitus
644 3219 944 3274 altitudinis
988 3219 1190 3275 habere
1233 3224 1585 3281 memoratur,
1638 3227 1720 3272 ter
1770 3218 1973 3273 etenim

388 3309 528 3376 seni,
556 3311 743 3366 decem
774 3317 833 3364 et
859 3318 985 3365 octo
1009 3308 1233 3364 faciunt.
1265 3309 1391 3363 Tria
1421 3322 1548 3364 vero
1573 3310 1640 3364 ad
1668 3309 1826 3365 ﬁdem
1850 3322 1974 3379 per-

388 3401 562 3457 tinere
585 3408 807 3472 propter
839 3408 1081 3456 sanctam
1111 3399 1453 3467 Trinitatem,
1482 3415 1577 3455 sex
1603 3400 1669 3456 ad
1696 3400 1969 3469 operatio-

388 3505 535 3558 nem,
563 3490 787 3561 quodin
827 3507 893 3547 eo
931 3493 1140 3548 dierum
1168 3506 1394 3548 numero
1418 3492 1649 3549 mundus
1678 3490 1749 3549 sit
1775 3494 1967 3560 factus,

388 3578 509 3635 luce
531 3579 731 3635 clarius
760 3587 862 3636 est.
905 3581 972 3635 Et
1006 3580 1108 3634 tn'a
1143 3594 1240 3649 per
1266 3596 1359 3636 sex
1387 3581 1816 3652 multiplicantur
1847 3600 1969 3640 cum

393 3689 414 3723 ι
439 3670 619 3742 justus
661 3682 728 3726 ex
773 3669 878 3725 ﬁde
924 3670 1057 3724 vivit
1101 3668 1264 3742 (Hab.
1296 3673 1417 3742 vn),
1442 3690 1460 3723 ι
1502 3656 1971 3743 cognitionemque

387 3758 491 3829 pia:
518 3759 855 3815 credulitatis
880 3760 1228 3816 exsecutione
1265 3759 1421 3816 honre
1461 3762 1689 3817 actionis
1717 3777 1974 3818 accumu-

388 3849 484 3903 lat.
515 3847 777 3905 Columna
806 3860 932 3906 ante
958 3849 1104 3907 fores
1129 3852 1314 3921 templi
1343 3851 1530 3907 decem
1553 3861 1606 3908 et
1627 3861 1751 3908 octo
1775 3854 1974 3911 cubitis

389 3939 499 3994 alta
538 3949 641 4006 est,
673 3957 796 3997 cum
845 3942 1170 4013 praedicator
1214 3943 1444 4014 quisque
1496 3945 1746 4016 egregius
1794 3946 1973 4015 palam

388 4030 601 4085 cunctis
629 4030 869 4087 insinuat
890 4047 997 4087 non
1026 4032 1131 4088 nisi
1153 4047 1252 4103 per
1286 4032 1445 4089 ﬁdem
1486 4042 1541 4089 et
1568 4050 1731 4104 opera
1750 4034 1975 4105 iustitiae

389 4135 491 4176 nos
513 4121 582 4176 ad
609 4134 856 4191 supernae
891 4124 1085 4194 gaudia
1115 4124 1239 4178 vitae
1263 4139 1423 4193 posse
1445 4127 1749 4195 pervenire.

465 4228 485 4260 ‹
523 4209 589 4262 Ει
634 4208 776 4265 linea
833 4211 1140 4266 cubitorum
1197 4202 1482 4269 duodecim
1530 4216 1838 4286 ambigebat
1886 4232 1978 4272 co-

394 4324 412 4357 ι
448 4304 687 4360 lumnam
718 4314 1025 4376 utramque,
1059 4326 1078 4358 ι
1114 4323 1237 4363 cum
1267 4309 1498 4379 quisque
1526 4310 1716 4365 doctor
1740 4311 1853 4366 sive
1878 4309 1977 4366 Ju-

388 4394 518 4450 dzeis
537 4409 631 4450 seu
656 4396 905 4466 gentibus
926 4396 1223 4465 praedicare
1244 4397 1463 4463 missus,
1477 4412 1542 4453 ea
1563 4407 1770 4454 tantum
1798 4399 1977 4457 facere

388 4492 544 4538 curat
569 4500 632 4539 ac
655 4485 873 4551 docere,
901 4500 1022 4555 quae
1048 4495 1236 4541 sancta
1258 4502 1356 4556 per
1385 4489 1657 4559 apostolos
1682 4491 1891 4559 accepit
1912 4506 1975 4546 ac

387 4574 577 4629 didicit
606 4576 869 4631 Ecclesia.
902 4575 1039 4629 Nam
1064 4577 1111 4630 si
1140 4576 1263 4646 quis
1299 4577 1457 4631 aliter
1490 4579 1672 4634 vivere
1696 4580 1810 4633 sive
1838 4597 1974 4651 pra:-

387 4666 571 4721 dieare
613 4668 864 4728 voluerit,
895 4675 949 4720 et
976 4666 1061 4721 vel
1102 4666 1397 4737 apostolica
1429 4669 1643 4723 decreta
1685 4685 1971 4740 spernere,

388 4756 470 4810 vel
505 4772 602 4825 pro
637 4771 734 4811 suo
772 4756 928 4811 libitu
972 4772 1110 4812 nova
1142 4757 1394 4829 quaelibet
1426 4767 1663 4815 statuere
1698 4762 1971 4829 maluerit,

390 4864 495 4902 non
540 4856 625 4903 est
666 4849 790 4904 talis
838 4850 1087 4904 columna
1129 4850 1327 4921 templo
1372 4851 1466 4906 Dei
1503 4862 1647 4923 apta,
1678 4854 1802 4924 quia
1847 4855 1974 4910 dum

390 4939 685 5007 apostolica
715 4946 915 4993 statuta
940 4939 1094 5009 sequi
1115 4940 1432 5008 contemnit,
1459 4942 1613 5013 quasi
1634 4942 1715 4998 vel
1737 4944 1978 4999 exilitate

392 5026 599 5081 inertia:
628 5027 857 5092 suae,vel
879 5027 1130 5084 elationis
1155 5029 1373 5084 tumida:
1399 5030 1757 5101 grossitudine
1777 5032 1979 5089 duode—

391 5115 498 5170 cim
524 5117 830 5173 cubitorum
857 5118 1011 5175 linem
1034 5133 1142 5174 non
1168 5121 1437 5175 convenit.

467 5226 486 5257 ι
525 5207 642 5261 Duo
668 5223 885 5279 quoque
915 5210 1166 5279 capitella
1196 5209 1345 5276 fecit,
1376 5227 1496 5281 quae
1525 5223 1856 5282 ponerentur
1878 5230 1971 5270 su-

398 5317 417 5351 c
460 5315 555 5369 per
599 5299 776 5369 capita
826 5299 1198 5356 columnarum
1247 5301 1425 5357 fusilia
1469 5317 1535 5359 ex
1579 5321 1706 5369 aere,
1736 5307 1975 5376 quinque

396 5408 416 5443 ι
462 5390 768 5446 cubitorum
797 5390 1096 5447 altitudinis
1115 5392 1420 5464 capitellum
1443 5403 1629 5461 unum,
1650 5404 1706 5451 et
1733 5399 1970 5468 quinque

397 5499 417 5533 ι
461 5480 768 5537 cubitorum
822 5479 1121 5536 altitudinis
1172 5483 1480 5552 capitellum
1529 5483 1777 5549 alterum,
1805 5494 1911 5541 etc.
1944 5505 1963 5538 ι

390 5570 578 5640 Capita
612 5571 812 5626 etenim
860 5569 1258 5635 columnarum,
1290 5573 1391 5629 hoc
1435 5581 1516 5629 est
1555 5590 1805 5644 suprema
1846 5592 1970 5646 pars

394 5678 601 5733 earum,
632 5667 927 5736 prmeordia
964 5675 1090 5723 sunt
1128 5665 1364 5725 ﬁdelium
1409 5668 1710 5735 doctorum,
1738 5684 1967 5741 quorum

2064 484 2302 553 ipsorum
2349 484 2529 538 omnia
2556 494 2611 539 et
2637 500 2804 553 opera
2847 485 3150 556 diriguntur
3187 495 3244 541 et
3288 489 3475 544 verba.
3523 490 3641 549 Duo

2063 581 2242 626 autem
2265 573 2534 641 capitella,
2550 589 2669 643 quae
2695 575 2782 629 his
2807 574 3075 643 capitibus
3102 585 3256 631 erant
3280 582 3639 650 superposita,

2064 661 2171 717 duo
2199 673 2324 717 sunt
2356 672 2708 732 testamenta,
2738 682 2967 736 quorum
2996 669 3330 726 meditationi
3362 682 3525 744 atque
3548 678 3645 733 ob-

2064 754 2353 808 servantia:
2397 755 2644 811 doctores
2678 758 2850 811 sancti
2883 766 2996 814 toto
3024 764 3078 812 et
3110 760 3290 829 animo
3339 765 3646 822 subduntur

2066 851 2122 896 et
2146 858 2391 914 corpore.
2424 834 2575 900 Unde
2602 846 2737 901 bene
2757 854 3047 918 utrumque
3067 851 3375 921 capitellum
3405 856 3645 928 quinque

2067 936 2278 991 cubitos
2327 937 2558 993 habebat
2597 940 2913 1007 altitudinis,
2947 944 3072 1012 quia
3115 945 3367 1001 nimirum
3404 950 3647 1022 quinque

2067 1025 2218 1080 libris
2270 1025 2548 1098 Scriptura
2607 1029 2854 1087 Mosaicae
2910 1033 3043 1103 legis
3097 1039 3489 1107 comprehensa
3539 1051 3643 1097 est.

2067 1115 2314 1188 Quinque
2339 1120 2500 1173 etiam
2526 1122 2703 1176 saeculi
2731 1132 2916 1180 :etates
2949 1133 3057 1180 tota
3082 1127 3292 1184 Veteris
3314 1130 3648 1191 Testamenli

2069 1205 2238 1260 series
2259 1207 2537 1277 complexa
2563 1220 2664 1265 est.
2705 1210 2913 1268 Novum
2945 1231 3076 1271 vero
3101 1217 3506 1278 Testamentum
3536 1241 3645 1281 non

2067 1294 2170 1387 alia
2199 1297 2353 1387 nobis
2387 1298 2567 1382 aliqua
2607 1303 2895 1371 praedicat,
2918 1320 3082 1374 quam
3110 1323 3230 1377 quae
3256 1309 3470 1382 Moyses
3510 1332 3651 1387 pne-

2067 1384 2295 1440 dicanda
2319 1402 2415 1457 per
2442 1388 2543 1444 hoc
2570 1403 2691 1445 esse
2715 1393 3035 1462 praedixerat
3054 1404 3107 1451 et
3135 1398 3431 1468 pr0phetaz.

2143 1494 2161 1528 ‹
2190 1477 2259 1532 Ει
2284 1480 2439 1548 quasi
2474 1481 2528 1535 in
2556 1481 2774 1541 modum
2805 1485 2935 1540 retis
2954 1495 3011 1540 et
3030 1495 3342 1544 catenarum
3379 1491 3483 1546 sibi
3550 1492 3600 1549 in
3624 1524 3649 1536 -

2074 1584 2094 1618 ι
2129 1568 2302 1623 vicem
2342 1570 2480 1626 miro
2525 1588 2687 1644 opere
2737 1583 3115 1632 contextamm
3155 1588 3446 1652 utrumque
3494 1586 3647 1654 capi-

2076 1676 2094 1709 (
2133 1660 2318 1715 tellum
2358 1662 2732 1721 columnarum
2780 1665 2937 1723 fusile
2985 1678 3119 1724 erat.
3150 1690 3168 1721 ι
3219 1670 3373 1739 Quod
3412 1674 3468 1728 in
3510 1675 3649 1732 libro

1995 1740 2041 1799 B
2068 1747 2517 1822 Paralipomenon
2549 1754 2621 1809 ita
2649 1754 2911 1825 scriptum
2940 1768 3023 1813 est
3049 1777 3063 1812 :
3094 1778 3112 1810 ι
3149 1759 3260 1815 Nec
3281 1778 3387 1817 non
3416 1771 3472 1818 et
3492 1754 3648 1834 quasi

2071 1838 2355 1894 catenulas
2393 1839 2448 1894 in
2486 1843 2725 1908 oraculo,
2755 1852 2810 1899 et
2851 1849 3194 1917 superposuit
3243 1866 3337 1906 eas
3385 1853 3649 1923 capitibus

2070 1927 2444 1986 columnarum
2474 1931 2561 2001 (ΙΙ
2592 1931 2718 1987 Par.
2746 1933 2854 2005 ιιι).
2876 1956 2893 1986 ι
2921 1935 3141 2008 Species
3169 1954 3403 2010 namque
3428 1951 3648 1999 eatena-

2070 2039 2190 2079 rum
2216 2031 2270 2080 et
2295 2024 2591 2081 similitudo
2619 2027 2749 2083 retis
2788 2027 2841 2083 in
2876 2030 3141 2099 eapitellis
3166 2032 3402 2088 varietas
3426 2044 3509 2090 est
3536 2035 3649 2090 vir~

2071 2122 2246 2169 tutum
2274 2116 2596 2186 spiritalium
2629 2117 2685 2173 in
2711 2120 2946 2187 sanctis,
2981 2121 3047 2175 de
3076 2137 3182 2191 qua
3211 2123 3439 2179 Domino
3466 2135 3652 2181 canta-

2072 2213 2162 2260 tur
2200 2207 2257 2261 in
2297 2205 2524 2263 Psalmis
2560 2222 2575 2261 :
2615 2226 2635 2259 c
2671 2208 2857 2264 Astitit
2901 2211 3087 2282 regina
3123 2227 3153 2266 a
3194 2212 3401 2269 dextris
3443 2215 3550 2269 tuis
3592 2216 3649 2270 in

2069 2298 2267 2355 vestitu
2287 2298 2564 2366 deaurato,
2581 2301 2986 2359 circumamicta
3000 2305 3260 2361 varietate
3278 2304 3395 2379 (Ps.
3421 2307 3598 2381 mv);
3625 2328 3645 2360 ι

2071 2388 2175 2444 hoc
2203 2397 2288 2444 est
2323 2389 2379 2444 in
2404 2392 2601 2446 vestitu
2638 2390 2852 2464 fulgidae
2892 2395 3214 2462 dilectionis,
3243 2382 3648 2456 circumamicta

2071 2478 2334 2534 varietate
2361 2479 2694 2538 diversorum
2717 2483 3119 2541 charismatum.
3154 2484 3251 2542 Vel
3285 2497 3434 2543 certe
3465 2467 3677 2547 multi:

2070 2567 2196 2638 plex
2221 2571 2498 2640 conceptio
2528 2581 2840 2628 catenarum
2869 2582 2925 2629 et
2952 2574 3084 2630 retis
3113 2576 3373 2645 expansio
3409 2575 3650 2631 multifa-

2071 2658 2182 2715 rias
2217 2658 2510 2716 electorum
2543 2677 2803 2731 personas
2842 2664 3095 2720 insinuat.
3135 2666 3266 2734 Quae
3304 2683 3430 2723 cum
3464 2668 3646 2723 verbis

2072 2756 2380 2804 sanctorum
2406 2752 2818 2820 praedicatorum
2846 2754 3073 2811 ﬁdeliter
3101 2758 3455 2814 auscultando
3487 2767 3646 2830 atque

2070 2839 2370 2896 obediendo
2419 2841 2691 2899 adhzerent
2723 2862 2737 2898 :
2773 2846 2927 2914 quasi
2966 2847 3343 2904 columnarum
3383 2852 3649 2920 capitibus

2070 2933 2423 3000 superpositae
2450 2942 2597 2988 retes
2637 2943 2692 2989 et
2725 2936 2987 2992 catenulae
3024 2937 3342 2994 miraculum
3376 2955 3487 2995 suae
3513 2956 3650 2997 con-

2071 3023 2320 3080 nexionis
2347 3026 2555 3082 cunctis
2576 3029 2975 3099 aspectantibus
2996 3030 3256 3099 praebent.

2153 3134 2172 3166 ι
2216 3112 2448 3185 Septena
2487 3131 2739 3173 versuum
2781 3119 3040 3175 retiacula
3080 3120 3134 3176 in
3166 3120 3413 3191 capitello
3441 3139 3569 3192 uno,
3596 3134 3653 3181 et

2083 3223 2102 3257 ι
2139 3215 2357 3276 septena
2399 3209 2657 3263 retiacula
2686 3210 2739 3264 in
2782 3212 3031 3281 capitello
3059 3212 3251 3269 altero.
3277 3233 3296 3266 ι
3331 3214 3653 3285 Septenario

2074 3311 2308 3366 namque
2353 3313 2578 3354 numero
2624 3299 2854 3369 Spiritus
2900 3305 3073 3359 sancti
3116 3304 3253 3360 solet
3296 3307 3469 3378 gratia
3509 3308 3656 3363 desi-

2073 3385 2245 3458 gnari,
2273 3384 2478 3444 Joanne
2510 3398 2800 3447 attestante
2829 3392 2882 3446 in
2913 3394 3252 3466 Apocalypsi.
3284 3394 3388 3463 Qui
3418 3412 3542 3452 cum
3573 3398 3655 3452 vi-

2072 3476 2217 3533 disse
2251 3493 2309 3533 se
2337 3479 2539 3536 diceret
2575 3497 2770 3553 agnum
2814 3483 3100 3541 habentem
3136 3502 3342 3543 cornua
3367 3498 3573 3559 septem
3598 3500 3657 3546 et

2068 3568 2254 3625 oculos
2275 3578 2505 3640 septem,
2537 3587 2660 3627 mox
2681 3576 2999 3644 exponendo
3022 3577 3297 3646 subjunxit
3322 3598 3334 3633 :
3364 3597 3384 3630 ί
3405 3577 3505 3648 Qui
3528 3589 3657 3637 sunt

2072 3668 2275 3730 septem
2298 3662 2520 3732 spiritus
2543 3662 2657 3727 Dei,
2676 3665 2825 3719 missi
2851 3666 2903 3720 in
2919 3668 3225 3723 universam
3247 3678 3445 3725 terram
3468 3670 3652 3742 (Apoc.

2071 3752 2148 3824 v).
2182 3771 2201 3804 ι
2233 3752 2386 3818 Quod
2416 3756 2676 3824 propheta
2701 3756 2868 3811 Isaias
2888 3757 3126 3828 apertius
3154 3759 3408 3830 explicat,
3434 3777 3559 3815 cum
3588 3763 3655 3816 de

2073 3842 2350 3899 nascituro
2372 3843 2425 3898 in
2452 3859 2617 3900 carne
2641 3846 2867 3901 Domino
2897 3847 3123 3917 loquens
3146 3867 3160 3902 :
3183 3867 3202 3900 ι
3237 3849 3305 3905 Et
3328 3852 3654 3922 requiescet,

2073 3930 2270 4002 inquit,
2298 3947 2460 4003 super
2479 3949 2604 3989 eum
2631 3935 2853 4005 spiritus
2877 3937 3113 4005 Domini,
3134 3938 3356 4009 spiritus
3378 3941 3657 4010 sapientiae

2073 4033 2131 4079 et
2159 4024 2480 4093 intellectus,
2505 4026 2726 4098 spiritus
2747 4028 2958 4083 consilii
2982 4036 3036 4083 et
3061 4029 3408 4097 fortitudinis,
3434 4034 3658 4103 spiritus

2076 4112 2319 4171 scientize
2346 4124 2400 4171 et
2427 4117 2662 4186 pietatis,
2694 4126 2749 4173 et
2777 4118 3003 4189 replebit
3028 4135 3151 4175 eum
3194 4121 3417 4192 spiritus
3447 4124 3658 4178 timoris

2076 4211 2291 4265 Domini
2318 4210 2471 4283 (Isai.
2506 4209 2604 4283 xl).
2631 4231 2651 4264 ι
2696 4211 2930 4282 Septena
2959 4227 3089 4283 ergo
3119 4228 3373 4269 versuum
3397 4213 3657 4268 retiacula

2077 4309 2237 4355 erant
2286 4300 2342 4355 in
2393 4301 2643 4371 capitello
2684 4310 2944 4372 utroque,
2978 4304 3104 4373 quia
3147 4312 3329 4375 patres
3373 4304 3658 4372 utriusque

2080 4392 2389 4447 testamenti
2430 4408 2529 4463 per
2575 4394 2803 4465 gratiam
2853 4395 3014 4451 unius
3045 4394 3393 4465 ejusdemque
3434 4396 3659 4465 spiritus

2079 4480 2431 4552 septiformis,
2456 4492 2515 4537 ut
2540 4493 2723 4541 essent
2749 4486 2928 4551 electi,
2960 4495 3304 4556 acceperunt.

2153 4592 2173 4625 ‹
2207 4573 2274 4629 Et
2298 4573 2424 4631 fecit
2446 4577 2723 4634 columnas
2771 4587 2826 4635 et
2852 4580 2988 4636 duos
3018 4582 3235 4636 ordines
3255 4597 3353 4651 per
3368 4582 3656 4637 circuitum

2082 4682 2101 4716 ι
2140 4664 2524 4722 retiaculorum
2566 4668 2919 4739 singulorum,
2953 4678 3014 4724 ut
3060 4679 3300 4742 tegerent
3337 4671 3605 4741 capitella.
3630 4690 3650 4723 ι

2077 4755 2192 4811 Duo
2218 4758 2437 4827 quidem
2464 4759 2682 4814 ordines
2725 4769 2883 4816 erant
2912 4762 3292 4818 retiaculorum
3323 4762 3375 4816 in
3406 4776 3538 4833 gyro
3563 4778 3656 4817 ca-

2077 4846 2266 4916 pitelli,
2282 4849 2377 4903 sed
2403 4857 2628 4919 uterque
2649 4850 2784 4905 ordo
2804 4852 3136 4923 septemplici
3154 4868 3405 4907 versuum
3430 4867 3654 4906 numero

2077 4935 2351 5001 currebat,
2377 4938 2568 5003 donec,
2597 4940 2930 4995 circumacto
2960 4941 3240 5012 capitello,
3272 4957 3488 4995 rursum
3515 4941 3568 4995 in
3595 4955 3655 4995 se

2079 5028 2275 5099 ipsum,
2304 5029 2459 5098 quasi
2484 5030 2688 5085 circulo
2714 5030 2879 5093 facto.
2896 5033 3114 5087 rediret.
3144 5031 3253 5087 Nec
3277 5031 3445 5102 ﬁgura
3471 5046 3657 5086 sacra-

2081 5119 2246 5174 menti
2273 5119 2326 5173 in
2368 5109 2686 5176 abscondito
2713 5129 2814 5187 est,
2846 5137 3015 5193 quare
3044 5121 3151 5178 duo
3176 5120 3397 5177 ordines
3439 5121 3544 5176 sint
3575 5136 3658 5176 re-

2082 5208 2421 5275 tiaculorum,
2451 5226 2573 5265 cum
2624 5220 2835 5267 constet
2878 5213 3106 5283 geminae
3152 5212 3493 5267 discretionis
3534 5225 3657 5266 esse

2076 5301 2332 5357 virtutem
2360 5302 2679 5367 dilectionis,
2721 5303 2935 5373 quando
2966 5302 3217 5358 videlicet
3250 5301 3417 5356 Deum
3444 5316 3510 5356 ex
3542 5309 3655 5356 toto

2078 5391 2264 5456 corde,
2291 5399 2405 5445 tota
2450 5393 2647 5454 anima,
2678 5402 2791 5448 tota
2834 5384 3056 5459 virtute,
3093 5401 3150 5447 et
3184 5391 3510 5463 proximum,
3543 5400 3658 5447 tan-

2075 5497 2239 5551 quam
2255 5497 2352 5537 nos
2368 5483 2533 5551 ipsos,
2553 5498 2738 5537 amare
2759 5483 3121 5554 pnecipimur.
3145 5482 3254 5537 Sed
3275 5491 3501 5551 uterque
3520 5480 3655 5533 ordo

2078 5574 2166 5629 ille
2195 5582 2401 5643 septem
2439 5574 2602 5629 habet
2628 5590 2881 5629 versuum
2912 5575 3165 5630 retiacula
3186 5617 3200 5640 ,
3233 5576 3357 5645 quia
3388 5590 3486 5629 nec
3513 5573 3655 5629 Deus

2078 5666 2281 5735 aisquc
2306 5663 2482 5736 gratia
2513 5663 2746 5743 Spiritus
2772 5667 2940 5722 sancti
2972 5675 3147 5737 potest
3182 5667 3374 5733 amari,
3407 5680 3505 5720 nec
3529 5679 3661 5735 pro-
