4026 6202
335 286 435 341 169

1143 275 1491 336 ΟΟΜΜΕΝΤ.
1532 274 1598 329 IN
1638 273 1879 329 LIBROS
1918 274 1980 327 IV
2022 274 2284 330 ItEGUM.
2321 305 2393 316 --
2426 274 2491 327 IN
2531 273 2655 328 LIB.
2697 275 2777 328 Ill.

3485 276 3586 329 I70

335 400 535 453 ximus.
580 395 749 451 Facta
778 399 907 448 sunt
928 398 1108 445 autem
1137 388 1397 444 retiacula
1424 389 1559 453 haec,
1582 395 1641 441 ut
1670 393 1912 456 tegerent
1940 392 1990 449 Α
2018 386 2244 441 titudine
2279 385 2500 454 intelligi
2545 385 2756 450 debeat,
2787 385 3030 440 relictum
3081 394 3182 441 est.
3220 386 3442 443 Constat
3490 404 3585 444 au-

333 488 617 560 capitella,
645 487 751 542 hoc
794 494 897 549 est,
929 482 1165 551 undique
1210 480 1264 534 in
1308 495 1443 551 gyro
1487 478 1911 540 circumdarent,

333 579 465 648 quia
491 576 673 632 omnis
711 574 1009 644 Scriptura:
1036 578 1235 626 sancta:
1260 569 1472 640 pagina,
1502 584 1625 625 cum
1656 581 1802 623 recte
1836 568 1916 621 in-

335 671 618 742 telligitur,
640 667 873 738 gratiam
895 680 993 734 per
1015 664 1196 719 omnia
1226 663 1508 717 charitatis
1534 669 1691 717 sonat
1723 678 1787 716 ac
1814 677 1911 731 pa-

334 762 435 815 cis.
465 756 725 828 Capitella
763 756 908 810 enim
954 754 1227 808 volumina
1250 752 1555 807 divinorum
1580 751 1913 820 cloquiorum

334 848 597 904 retiacula
617 854 744 902 sunt
770 844 977 900 vincula
1005 850 1205 899 mutum
1234 843 1570 907 dilectionis;
1603 852 1658 897 et
1690 843 1916 897 retiacu-

332 941 400 995 lis
426 947 683 1010 teguntur
709 936 1113 1007 capitelia,cum
1140 950 1297 990 saera
1327 934 1537 1003 eloquia
1560 935 1641 1004 (ut
1667 933 1741 986 ita
1768 933 1916 988 dixe-

333 1027 459 1098 rim)
489 1027 632 1081 dono
659 1024 939 1080 cbaritatis
960 1018 1197 1093 undique
1220 1018 1521 1091 probantur
1549 1036 1669 1075 esse
1697 1021 1911 1075 vestita.

330 1115 468 1170 Nam
499 1125 556 1171 et
590 1117 645 1169 in
686 1115 766 1169 eis
807 1130 925 1182 qum
973 1114 1028 1167 in
1077 1110 1389 1182 Scrlpluris
1419 1128 1524 1165 non
1574 1111 1917 1181 intelligimus

332 1207 576 1262 Charitas
597 1206 750 1271 latet,
768 1215 823 1259 et
853 1205 905 1259 in
931 1204 1011 1258 eis
1033 1219 1153 1274 qua:
1181 1202 1526 1273 intelligimus
1546 1201 1783 1256 Charitas
1808 1201 1915 1255 late

330 1308 503 1367 patet.
530 1298 677 1352 Bene
702 1308 883 1352 autem
902 1297 969 1351 de
988 1295 1191 1351 eisdem
1220 1294 1491 1349 retiaculis
1516 1294 1629 1349 sive
1653 1293 1916 1362 capitoliis

331 1394 647 1463 adjungitur
673 1410 686 1443 :

411 1504 430 1535 ι
467 1483 599 1549 Quze
621 1491 778 1537 erant
797 1496 959 1550 super
979 1479 1342 1535 summitatem
1368 1477 1909 1547 malogranatoruma

331 1573 706 1644 Malogranata
752 1585 987 1640 namque
1019 1569 1269 1641 (quorum
1306 1577 1496 1622 natura
1524 1577 1607 1621 est
1640 1581 1747 1621 uno
1785 1564 1916 1621 foris

332 1665 543 1720 cortice
586 1662 755 1718 multa
805 1661 1034 1716 interius
1082 1675 1248 1729 grana
1300 1658 1665 1729 circumdare)
1710 1669 1832 1727 apte
1860 1658 1913 1711 in

2016 485 2121 530 tem
2149 474 2350 545 absque
2393 475 2500 529 ulla
2544 489 2766 543 prorsus
2807 474 3081 530 dubietate
3127 476 3270 546 quod
3313 477 3586 543 columna,

2013 581 2173 637 quam
2202 566 2498 643 duodecim
2542 565 2845 619 cubitorum
2893 566 3054 620 restis
3108 566 3406 631 ambiebat,
3455 584 3589 638 qua-

2016 665 2138 709 tuor
2194 654 2404 708 cubltos
2456 653 2687 707 habebat
2742 654 3137 721 grossitudinis.
3207 654 3396 710 Omnis
3444 658 3589 712 enim

2014 745 2245 800 circulus
2289 753 2546 815 quantum
2593 744 2751 812 spatii
2806 745 2858 797 in
2911 744 3208 809 diametro,
3239 754 3444 800 tantum
3496 748 3595 802 ha-

2014 837 2104 891 bet
2133 844 2213 891 ter
2239 838 2290 890 in
2316 850 2469 907 gyro.
2518 836 2756 903 Denique
2800 850 2950 890 mare
3000 852 3205 889 aeneum
3245 837 3368 905 quia
3396 838 3594 893 diame.

2016 935 2157 980 trum
2200 927 2427 981 habebat
2472 926 2654 980 decem
2698 926 3023 990 cubitorum,
3050 935 3108 980 ut
3156 928 3206 981 in
3244 930 3593 998 sequentibus

2014 1017 2229 1085 legitur,
2266 1024 2658 1085 consequenter
2714 1015 2947 1069 habebat
2999 1017 3218 1086 triginta
3269 1018 3482 1074 cubitos
3528 1021 3583 1072 in

2015 1118 2166 1177 gyro.
2203 1105 2398 1161 Verum
2429 1106 2553 1175 quia
2588 1105 2802 1170 dicitur,
2834 1121 2968 1175 opus
3014 1106 3107 1160 lilii
3152 1119 3386 1178 quatuor
3425 1110 3592 1165 fuisse

2015 1194 2339 1260 cubitorum,
2383 1195 2497 1249 sive
2543 1193 2905 1260 latitudinem,
2952 1210 3048 1249 seu
3081 1196 3321 1266 designet
3351 1200 3593 1254 altitudi-

2016 1300 2156 1349 nem,
2183 1287 2528 1341 nihilominus
2550 1286 2687 1340 ratio
2713 1287 2897 1358 ﬁgurae
2917 1288 3196 1357 perspicua
3218 1297 3322 1353 est,
3337 1291 3461 1361 quia
3484 1307 3590 1345 non

2016 1379 2118 1433 nisi
2153 1392 2250 1448 per
2278 1375 2629 1447 Evangelium
2680 1377 3085 1446 exeptatissima
3132 1377 3218 1430 illa
3259 1379 3457 1433 mundo
3487 1396 3591 1435 vox

2017 1470 2289 1525 insonuit:
2327 1488 2342 1520 ι
2374 1468 2755 1524 Pcenitentiam
2781 1470 2944 1539 agite,
2974 1469 3423 1538 appropinquabit
3446 1471 3592 1524 enim

2017 1573 2237 1629 regnum
2262 1558 2519 1613 caelorum
2548 1558 2771 1629 (Matth.
2804 1572 2855 1611 ιν
2873 1557 2912 1619 ).
2938 1595 2948 1610 .
2983 1558 3135 1625 Quod
3164 1574 3291 1613 vero
3321 1561 3591 1631 sequitur:

2092 1668 2110 1700 ‹
2149 1646 2215 1703 Et
2240 1665 2451 1704 rursum
2483 1649 2582 1703 alia
2624 1648 2873 1718 capitelia
2901 1650 2954 1702 in
2978 1650 3288 1704 summitate
3311 1651 3593 1707 columna-

332 1754 504 1824 ﬁgura
528 1761 731 1808 saneta:
755 1759 1028 1822 ponuntur
1044 1750 1313 1813 Ecclesia),
1332 1766 1450 1818 quae
1475 1748 1737 1803 catholico
1757 1746 1917 1803 unius

2025 1758 2043 1791 c
2082 1757 2200 1795 rum
2244 1741 2476 1811 desuper
2503 1739 2658 1809 juxta
2695 1748 3002 1794 mensuram
3032 1750 3216 1795 contra
3260 1744 3540 1808 retiacula,
3572 1765 3590 1795 ι

330 1844 458 1898 ﬁdei
485 1844 781 1898 munimine
808 1844 1088 1897 innumera
1114 1841 1407 1895 electorum
1434 1839 1648 1908 agmina
1676 1838 1812 1892 solet
1833 1838 1915 1891 in-

328 1933 573 1989 cludere.
624 1932 812 1987 Potest
857 1940 1037 1987 autem
1078 1937 1133 1986 et
1170 1928 1536 2001 unusquisque
1575 1927 1706 1997 justi
1749 1928 1914 1982 vitam

326 2038 625 2091 moresque
654 2023 960 2094 designare,
988 2021 1099 2091 qui,
1129 2021 1277 2075 velut
1304 2021 1534 2090 plurima
1576 2034 1684 2073 uno
1711 2021 1915 2075 cortice

327 2128 524 2185 grana,
552 2115 1003 2183 circmnplectens
1028 2112 1193 2167 multa
1219 2111 1605 2183 cogitationum
1631 2111 1915 2165 virtutum-

327 2218 439 2271 que
483 2201 812 2272 spiritalium
863 2201 1127 2270 insignia,
1160 2214 1227 2255 ne
1268 2199 1407 2255 forte
1449 2198 1712 2263 dﬂlluant,
1759 2198 1913 2254 ﬁrma

329 2293 457 2347 ﬁdei
493 2302 552 2346 et
584 2292 903 2347 humilitatis
946 2299 1099 2345 curat
1133 2290 1336 2345 vallare
1378 2289 1640 2344 custodia.
1690 2289 1757 2343 Et
1788 2297 1914 2359 apto

326 2396 559 2451 prorsus
585 2380 843 2451 mysterio
885 2380 1064 2448 capita
1105 2379 1478 2434 columnarutn
1529 2376 1914 2447 malogranatis

329 2476 568 2529 erantin
604 2489 737 2545 gyro
766 2473 1117 2537 circumdata,
1146 2472 1271 2541 quia
1300 2469 1548 2525 doctores
1577 2478 1794 2524 sanctos
1822 2484 1914 2524 ne-

330 2580 486 2620 cesse
508 2575 593 2620 est
621 2568 858 2635 priorum
903 2564 1070 2618 vitam
1094 2563 1328 2619 ﬁdelium
1358 2561 1427 2617 ad
1471 2562 1783 2616 memoriam
1826 2576 1914 2615 re-

326 2670 552 2720 vocare,
577 2671 870 2725 eorumque
918 2669 1131 2723 semper
1174 2652 1434 2722 exemplis
1483 2660 1637 2707 actus
1689 2667 1816 2707 suos
1845 2667 1908 2706 ac

326 2761 614 2801 sermones
660 2746 808 2801 omni
856 2761 923 2800 ex
968 2753 1125 2815 parte
1168 2744 1524 2808 communire,
1555 2757 1623 2797 ne
1666 2741 1714 2797 si
1757 2741 1913 2798 aliter

326 2834 473 2889 forte
501 2850 664 2903 quam
693 2834 904 2889 illorum
931 2832 1095 2889 habet
1120 2832 1302 2904 regula
1331 2832 1570 2887 vixerint
1602 2839 1695 2887 aut
1717 2833 1914 2890 docue-

325 2923 465 2989 rint,
492 2932 695 2979 errent.
729 2923 861 2978 Cum
906 2935 1038 2977 vero
1084 2921 1285 2977 dictum
1327 2922 1399 2975 sit
1442 2920 1508 2975 de
1550 2919 1829 2977 retiaculis
1851 2927 1914 2977 ut

328 3022 583 3085 tegerent
611 3015 876 3084 capitella,
895 3029 1015 3083 qua:
1042 3019 1198 3068 erant
1226 3026 1390 3084 super
1413 3013 1777 3070 summitatem
1799 3029 1915 3069 ma-

325 3101 736 3176 logranatorum
763 3145 779 3171 ,
807 3105 1023 3160 videtur
1059 3103 1212 3173 juxta
1242 3103 1483 3158 ordinem
1522 3104 1703 3174 operis
1746 3104 1916 3176 ipsius

325 3195 463 3265 quia
490 3195 861 3266 malogranata
894 3192 1097 3249 fuerint
1122 3192 1264 3249 facta
1294 3193 1348 3247 in
1389 3193 1618 3249 circuitu
1644 3194 1917 3264 capitello-

323 3298 456 3340 rum
485 3301 516 3339 a
548 3294 697 3354 parte
722 3284 1000 3351 inferiori,
1024 3293 1188 3354 atque
1208 3298 1275 3339 ex
1300 3283 1503 3339 eisdem
1532 3283 1917 3355 malogranatis

324 3374 610 3430 orirentur
649 3376 926 3441 retiacula,
950 3376 1146 3446 quibus
1181 3374 1426 3446 eapitella
1454 3390 1523 3430 ex
1560 3385 1714 3446 parte
1734 3377 1914 3446 aliqua

328 3474 668 3535 tegerentur.
694 3465 959 3537 Patetque
987 3466 1157 3538 ﬁgura
1185 3465 1449 3536 mysterii,
1467 3480 1634 3536 quare
1654 3467 1913 3522 retiacula

326 3570 505 3623 super
532 3557 899 3611 summitatem
927 3556 1128 3611 fuerint
1162 3555 1651 3627 malogranatorum
1680 3556 1911 3622 adnexa,

325 3658 458 3713 qua:
483 3644 554 3697 ad
576 3660 735 3698 unam
762 3659 901 3715 pene
941 3644 1383 3715 signiﬁcationem
1425 3646 1539 3701 sive
1562 3661 1912 3715 personarum

326 3748 427 3787 seu
470 3734 733 3788 virtutum
779 3735 1055 3804 pertinent
1106 3734 1446 3805 spiritalium.
1506 3735 1718 3792 Scimus
1767 3738 1912 3793 enim

324 3827 569 3881 virtutes
591 3826 655 3881 de
676 3827 964 3882 virtutibus
984 3827 1153 3893 nasci,
1179 3835 1233 3882 et
1253 3836 1467 3883 sanctos
1488 3828 1763 3884 ambulare
1795 3849 1812 3881 ι
1848 3831 1914 3887 de

325 3917 542 3971 virtute
568 3917 620 3970 in
644 3918 899 3972 virtutem
916 3959 931 3983 ,
959 3919 1129 3973 donec
1153 3918 1400 3974 videatur
1426 3919 1569 3975 Deus
1607 3920 1830 3976 deorum
1856 3922 1913 3975 in

327 4006 464 4063 Sion
497 4006 616 4080 (Ps.
643 4007 903 4078 Lxxxm);
936 4028 954 4061 ι
983 4022 1088 4078 qua
1116 4009 1313 4065 virtute
1342 4009 1484 4064 nulla
1519 4020 1695 4079 potest
1740 4008 1915 4082 major

323 4098 494 4152 adiri.
549 4097 697 4153 Unde
740 4107 796 4153 et
837 4099 1155 4168 Apostolus:
1186 4118 1203 4151 ι
1238 4098 1500 4165 Scientes,
1548 4101 1758 4170 inquit,
1786 4103 1913 4173 quia

322 4185 618 4240 tribulatio
639 4188 951 4256 patientiam
980 4196 1257 4258 operatur.
1287 4189 1545 4259 patientia
1575 4201 1765 4253 autem
1783 4208 1911 4262 pro-

318 4276 634 4340 bationem,
656 4277 904 4347 probatio
933 4292 1065 4332 vero
1089 4293 1239 4346 spem
1270 4277 1438 4349 (Rom.
1466 4277 1542 4350 v).
1564 4299 1582 4332 ι

403 4390 425 4421 σ
462 4369 723 4438 Capitella
749 4379 951 4435 autem,
979 4386 1099 4440 qua:
1123 4378 1281 4425 erant
1314 4385 1477 4440 super
1497 4372 1671 4440 capita
1701 4373 1906 4428 colum-

325 4482 347 4513 ς
391 4478 614 4525 narum,
642 4463 795 4532 quasi
825 4478 985 4532 opere
1011 4462 1105 4516 lilii
1133 4462 1391 4516 fabricata
1422 4472 1595 4527 erant,
1624 4464 1677 4517 in
1699 4465 1907 4533 porticu

322 4570 345 4603 α
384 4559 631 4622 quatuor
657 4552 980 4606 cubitorum.
1004 4571 1023 4603 ι
1056 4551 1195 4618 Quid
1234 4552 1379 4605 enim
1402 4565 1499 4621 per
1526 4551 1658 4616 lilia,
1689 4553 1792 4607 nisi
1823 4569 1912 4607 su-

312 4659 517 4714 perna:
547 4643 761 4699 claritas
798 4644 989 4713 patria:
1016 4651 1178 4713 atque
1218 4641 1641 4697 immortalitatis
1688 4642 1909 4699 ﬁoribus

315 4733 603 4797 redolens,
638 4732 871 4802 paradisi
920 4733 1231 4803 designatur
1268 4731 1588 4785 amoenitas?
1628 4732 1765 4798 Quid
1812 4749 1909 4802 per

311 4833 567 4894 quatuor
604 4824 834 4888 cubitos,
871 4823 973 4875 nisi
1005 4821 1344 4892 evangelicus
1390 4835 1589 4886 sermo,
1619 4823 1710 4890 qui
1739 4822 1909 4877 intro-

309 4917 462 4971 itum
519 4915 672 4971 nobis
708 4923 926 4970 acterna:
972 4914 1115 4968 illius
1160 4913 1507 4970 beatitudinis
1544 4915 1825 4984 promittit,
1854 4924 1908 4970 et

308 5008 428 5061 iter
476 5019 589 5075 quo
628 5008 692 5060 ad
729 5007 871 5061 hanc
913 5007 1264 5076 perveniatur
1303 5006 1571 5061 ostendit?
1618 5006 1751 5061 Cum
1778 5024 1907 5079 ergo

309 5098 508 5152 sancti
542 5095 781 5153 doetorm
801 5098 1070 5168 promissa
1095 5096 1248 5151 nobis
1276 5096 1460 5150 limina
1487 5098 1638 5167 regni
1666 5097 1904 5152 caelestis

307 5188 368 5243 in
421 5194 665 5258 quatuor
688 5188 866 5244 sancti
902 5186 1180 5257 Evangelii
1224 5187 1376 5240 libris
1417 5188 1722 5249 ostendunt,
1751 5188 1902 5255 quasi

303 5278 508 5349 capita
541 5276 908 5331 columnarum
928 5319 941 5340 ,
980 5291 1114 5347 epus
1142 5278 1195 5331 in
1232 5291 1291 5331 se
1314 5276 1409 5330 lilii
1439 5283 1671 5345 quatuor
1702 5278 1906 5331 cubito~

302 5386 440 5427 rum
492 5370 771 5423 exhibent.
820 5370 920 5424 Ubi
951 5370 1270 5434 notandum,
1293 5368 1448 5438 juxta
1487 5367 1743 5431 litteram,
1778 5368 1901 5435 quia

302 5475 444 5518 cum
475 5473 617 5528 opus
642 5459 738 5514 lilii
785 5460 838 5514 in
878 5460 1143 5529 capitellis
1182 5468 1414 5529 quatuor
1457 5458 1758 5531 cubitorum
1786 5473 1906 5511 esse

302 5560 686 5615 memoratur,
706 5566 877 5620 neque
897 5551 1131 5615 additur,
1151 5550 1461 5615 latitudinis,
1478 5558 1572 5603 aut
1591 5548 1903 5615 altitudinis,

304 5642 549 5698 lectoris
573 5641 758 5708 utique
778 5640 1005 5708 judicio,
1040 5650 1222 5693 utrum
1250 5640 1302 5694 in
1336 5639 1615 5694 altitudine
1645 5654 1710 5691 an
1740 5637 1795 5692 in
1831 5638 1903 5691 la-

654 5731 902 5789 PATROL
969 5730 1130 5793 CIX.

2007 1829 2161 1898 juxta
2190 1845 2495 1885 mensuram
2520 1831 2784 1884 columna:
2812 1836 2976 1883 tanta:
3003 1831 3371 1900 amplitudinis
3393 1845 3594 1903 quanta

2014 1932 2133 1977 erat
2162 1929 2217 1977 et
2244 1910 2513 1987 columna,
2548 1923 2702 1992 cujus
2736 1931 2914 1975 tamen
2942 1922 3166 1977 altitudo
3190 1933 3389 1993 quanta
3433 1926 3597 1981 fuerit

2015 2014 2236 2069 minime
2265 2022 2536 2068 narratur.
2563 2012 2691 2068 Haec
2717 2021 2895 2068 autem
2925 2014 3171 2083 capitelia
3201 2017 3595 2088 qualiacunque

2013 2113 2069 2159 et
2102 2112 2513 2176 quantacunque
2527 2103 2867 2177 Iuerint(non
2892 2106 3037 2159 enim
3070 2121 3377 2163 mensuram
3407 2125 3596 2166 eorum

2015 2202 2200 2263 aperte
2244 2192 2524 2263 Scriptura
2572 2193 2834 2265 designat)
2868 2208 3017 2249 more
3065 2196 3295 2251 liliorum
3342 2199 3595 2255 videntur

2013 2299 2136 2340 esse
2167 2284 2428 2354 apposita.
2458 2283 2535 2339 De
2559 2300 2787 2353 quorum
2824 2285 3030 2340 factura
3073 2288 3117 2341 si
3145 2289 3273 2356 quid
3304 2292 3594 2360 mysticum

2013 2373 2288 2444 inquirere
2326 2373 2579 2439 delectat,
2608 2373 2699 2428 illa
2727 2375 2880 2445 regni
2919 2377 3172 2444 perennis
3208 2378 3596 2437 sublimitatem

2011 2472 2193 2534 potest
2215 2478 2323 2519 non
2361 2465 2657 2537 incongrue
2683 2466 2990 2537 designare,
3020 2481 3183 2536 quam
3214 2487 3233 2519 ι
3276 2485 3377 2525 nec
3405 2472 3596 2527 oculus

2013 2555 2167 2621 vidit,
2195 2568 2293 2608 nec
2321 2555 2469 2609 auris
2492 2555 2714 2622 audivit,
2746 2568 2848 2611 nec
2869 2557 2924 2611 in
2953 2572 3048 2611 cor
3072 2558 3307 2614 hominis
3328 2562 3592 2628 ascendit,

2014 2658 2133 2714 qua:
2176 2646 2499 2714 praeparavit
2548 2646 2689 2701 Deus
2743 2645 3089 2717 diligentibus
3136 2662 3196 2703 se
3238 2648 3392 2719 (Isai.
3436 2667 3590 2719 thv;

1966 2784 1974 2791 .
2013 2730 2043 2786 1
2070 2730 2195 2788 Cor.
2223 2733 2304 2807 ιι).
2333 2754 2352 2785 ι
2390 2730 2586 2791 Verum
2616 2737 2742 2806 quia
2765 2738 2955 2792 eadem
2982 2752 3337 2813 supernorum
3365 2745 3596 2800 societas

2013 2821 2214 2877 civium
2267 2824 2548 2894 utriusque
2596 2826 2776 2895 populi
2830 2826 3078 2883 fidelibus
3129 2831 3403 2897 tribuitur,
3446 2845 3596 2892 recte

2014 2914 2389 2985 subjungitur:

2094 3025 2113 3059 ‹
2150 3006 2634 3078 Malogranatorum
2664 3015 2842 3061 autem
2877 3008 3090 3064 ducenti
3118 3011 3338 3067 ordines
3356 3023 3514 3068 erant
3539 3016 3594 3069 in

1941 3074 1987 3139 α
2023 3117 2043 3151 ι
2075 3074 2314 3154 (ῆι-θυίων
2331 3098 2564 3168 capitelli
2609 3100 2854 3154 secundi.
2886 3119 2904 3151 ι
2940 3100 3187 3157 Diximus
3220 3113 3398 3159 autem
3425 3106 3595 3183 malo-

2014 3200 2239 3260 granata
2267 3190 2353 3245 vel
2384 3190 2548 3245 totius
2590 3199 2788 3245 sanctae
2817 3191 3104 3258 Ecclesia,
3133 3196 3216 3249 vel
3259 3197 3595 3268 singulorum

2013 3294 2351 3350 quorumque
2379 3279 2614 3334 ﬁdelium
2642 3288 2827 3350 typum
2855 3289 3054 3337 tenere.
3084 3283 3439 3343 Centenarius
3463 3303 3595 3344 vero

2013 3384 2290 3433 numerus,
2317 3370 2407 3438 qui
2435 3368 2502 3422 ad
2533 3370 2810 3424 dexteram
2840 3382 3057 3426 manum
3084 3373 3293 3443 primus
3328 3378 3591 3445 pervenit,

2014 3473 2397 3528 nonnunquam
2421 3460 2476 3513 in
2500 3470 2716 3514 aeternae
2738 3461 3088 3517 beatitudinis
3112 3462 3283 3534 ﬁgura
3310 3467 3436 3535 poni
3463 3482 3595 3522 con-

2014 3552 2208 3605 suevit.
2239 3551 2555 3621 Duplicatur
2582 3561 2763 3607 autem
2788 3553 2877 3608 hic
2902 3568 3161 3610 numerus
3198 3558 3591 3628 malogranato-

2015 3656 2132 3694 rum
2166 3642 2219 3694 in
2249 3641 2478 3697 circuitu
2511 3642 2743 3712 eapitelli
2773 3643 3015 3709 secundi,
3047 3652 3106 3698 ut
3148 3645 3451 3703 insinuetur
3477 3665 3592 3719 my-

2013 3733 2146 3787 stice
2171 3732 2314 3802 quod
2354 3732 2635 3803 utriusque
2665 3734 2975 3789 testamenti
3020 3736 3247 3805 populus
3273 3739 3591 3794 adunandus

2014 3828 2067 3881 in
2097 3825 2334 3891 Christo,
2365 3835 2528 3895 atque
2550 3828 2617 3882 ad
2643 3834 2900 3883 teternam
2923 3828 3048 3883 vita:
3074 3829 3139 3883 sit
3170 3829 3589 3888 introduoendus

2014 3930 2293 3972 coronam.

2089 4024 2106 4057 ι
2144 4004 2211 4059 Et
2240 4005 2427 4060 statuit
2446 4005 2581 4058 duas
2602 4005 2880 4059 columnas
2910 4005 2963 4059 in
2985 4007 3194 4076 porticu
3223 4009 3425 4079 templi.
3449 4010 3583 4066 Cum

2020 4115 2039 4146 ‹
2074 4096 2354 4151 statuisset
2366 4095 2669 4150 columnam
2695 4095 2991 4162 dexteram,
3008 4098 3355 4153 vocaviteam
3372 4102 3590 4157 nomine

2012 4207 2031 4240 ‹
2064 4189 2291 4255 lachim,
2315 4191 2646 4248 ﬁrmitatem.
2670 4189 2935 4246 Similiter
2961 4193 3134 4247 erexit
3155 4190 3463 4244 columnam
3496 4205 3582 4243 se-

2009 4298 2030 4333 t
2061 4282 2376 4348 cundam,et
2394 4283 2609 4338 vocavit
2625 4296 2824 4338 nomen
2846 4282 2965 4353 ejus
2981 4280 3122 4337 Booz
3139 4283 3192 4336 in
3214 4282 3542 4347 robore,etc.
3559 4300 3579 4332 ι

2012 4368 2213 4423 Dextra
2236 4368 2483 4422 columna
2510 4368 2590 4439 (ut
2617 4383 2778 4437 supra
2810 4368 3063 4441 diximus)
3091 4370 3304 4425 illorum
3332 4373 3588 4441 exprimit

2017 4459 2243 4530 ﬁguram
2286 4460 2567 4514 doctorum
2608 4460 2699 4529 qui
2744 4459 3073 4527 primitivam
3105 4462 3159 4515 in
3202 4461 3586 4535 Hierosolymis

2013 4550 2360 4603 instituerunt
2401 4549 2722 4614 Ecclesiam,
2758 4550 2991 4604 secunda
3027 4566 3212 4606 eorum
3241 4554 3332 4622 qui
3360 4555 3428 4609 ad
3446 4570 3586 4623 pra:-

2013 4640 2299 4694 dicandum
2343 4640 2594 4711 gentibus
2620 4640 2871 4694 destinati
2900 4651 3044 4696 sunt.
3078 4640 3171 4696 Vel
3203 4653 3349 4698 certe
3394 4645 3586 4700 dextra

2011 4729 2260 4784 columna
2289 4745 2381 4784 eos
2408 4725 2675 4800 signiﬁcat
2698 4730 2791 4799 qui
2815 4740 3095 4785 venturum
3125 4732 3177 4786 in
3212 4748 3376 4789 carne
3404 4734 3584 4791 Domi-

2010 4836 2137 4874 num
2159 4821 2530 4890 prophetando
2558 4821 2936 4890 prmdixerant,
2959 4823 3188 4877 secunda
3210 4838 3305 4878 eos
3328 4825 3417 4893 qui
3441 4827 3585 4882 hunc

2002 4914 2114 4983 jam
2146 4913 2357 4967 venisse
2395 4921 2449 4966 et
2476 4912 2733 4966 mundum
2759 4927 2856 4966 suo
2879 4912 3139 4983 sanguine
3169 4914 3461 4970 redemisse
3499 4928 3583 4973 te-

2009 5012 2241 5057 stantur.
2275 5002 2342 5055 Et
2364 5010 2488 5070 apte
2525 5001 2689 5055 simili
2726 4998 2986 5056 vocabulo
3029 5004 3199 5058 amba:
3224 5007 3581 5063 censebantur

2010 5093 2286 5155 columna},
2315 5107 2438 5147 cum
2470 5108 2600 5155 una,
2628 5091 2870 5159 ﬁrmitas,
2895 5092 3088 5156 altera,
3114 5095 3166 5147 in
3207 5096 3408 5162 robore,
3439 5098 3583 5152 dicta

2010 5194 2115 5248 est,
2144 5192 2204 5236 ut
2238 5199 2347 5237 una
2390 5183 2513 5236 ﬁdei
2545 5191 2599 5236 et
2644 5182 2822 5251 operis
2849 5181 3111 5238 fortitudo
3148 5187 3357 5241 cunctis
3405 5189 3583 5243 inesse

2012 5274 2323 5328 doctoribus
2353 5281 2771 5337 monstraretur,
2799 5275 3078 5342 nostrique
3109 5278 3365 5345 temporis
3390 5277 3587 5333 inertia

2015 5366 2175 5420 tacite
2199 5373 2497 5430 notaretur,
2519 5364 2608 5417 ubi
2631 5378 2689 5418 se
2714 5365 2958 5419 nonnulli
2980 5367 3248 5432 doctores,
3276 5370 3581 5423 sacerdotes

2011 5465 2065 5510 et
2086 5456 2363 5510 columnas
2380 5454 2571 5508 domus
2594 5455 2687 5507 Dei
2714 5454 2883 5509 videri
2904 5465 3065 5524 atque
3089 5456 3343 5525 appellari
3375 5457 3576 5519 volunt,

2011 5562 2133 5600 cum
2170 5546 2243 5600 nil
2274 5547 2326 5600 in
2360 5561 2418 5600 se
2451 5560 2672 5615 prorsus
2702 5544 2870 5600 ﬁrmae
2912 5546 3036 5601 ﬁdei
3065 5547 3130 5601 ad
3160 5548 3578 5600 contemnendas

2011 5636 2191 5692 saeculi
2236 5652 2478 5706 pompas,
2508 5652 2570 5690 ae
2605 5634 2961 5690 desideranda
2988 5635 3128 5690 bona
3159 5630 3471 5698 invisibilia,
3505 5634 3580 5686 nil

3067 5723 3106 5781 6
