4026 6202
406 201 500 254 liii

1078 198 1135 253 B.
1178 200 1432 253 ΙὶᾹΒΛΝΙ
1474 200 1693 255 MAURI
1732 197 1986 254 ARClllE

2100 195 2405 251 MOGUNT.
2448 193 2729 250 OI’ERUM
2774 192 2951 248 PARS
2992 193 3028 247 Ι.

3566 195 3669 249 172

401 315 637 372 habeant
662 312 872 367 roboris
897 312 960 365 ad
984 310 1354 381 corrigendos,
1386 312 1459 364 nil
1487 312 1765 366 industrim
1791 311 1981 365 saltem
2014 314 2059 370 Α
2088 309 2158 362 sit
2191 324 2351 378 supra
2390 308 2532 377 quod
2590 307 2842 362 resticula
2895 308 3113 378 triginta
3164 307 3470 362 cubitorum
3524 324 3676 368 mare

402 406 471 461 ad
522 403 894 476 intelligendos
937 417 1122 457 eorum
1167 403 1361 473 quibus
1409 401 1616 471 prmlati
1664 410 1792 456 sunt
1831 415 1981 456 erro-

398 513 509 552 τρε.

477 607 496 640 ι
526 587 677 643 Fecit
710 600 923 656 quoque
958 599 1106 637 mare
1156 583 1314 638 fusile
1360 583 1548 638 decem
1595 582 1923 647 cubitorum,
1949 596 1982 636 a

403 691 421 721 ι
462 678 603 733 labio
626 690 796 743 usque
821 675 889 727 ad
916 673 1139 738 labium,
1166 673 1457 728 rotundqu
1489 673 1540 726 in
1568 673 1975 737 circuitu,ctc.i

399 767 549 821 Ill-are
578 768 682 821 hoc
722 763 877 818 fusile
915 764 970 817 in
1007 762 1232 833 ﬁguram
1272 762 1473 818 lavacri
1522 761 1844 827 Salvatoris,
1875 776 1981 831 quo

400 863 454 913 iu
480 857 851 913 remissionem
876 862 1220 924 peccatorum
1246 856 1622 919 emundamur,
1653 854 1853 908 factum
1875 862 1979 908 est.

398 951 642 1018 Namque
669 948 981 1004 sacerdotes
1008 949 1060 1002 in
1095 962 1160 1003 eo
1191 948 1527 1014 lavabantur,
1557 958 1617 1003 ut
1646 949 1822 1005 Verba
1862 948 1985 1002 Die-

395 1054 518 1093 rum
551 1046 737 1108 aperte
763 1044 1029 1091 testantur
1051 1035 1137 1106 (ΙΙ
1162 1034 1291 1090 Par.
1331 1036 1427 1109 1v).
1453 1035 1782 1093 Sacerdotes
1802 1045 1985 1091 autem

399 1138 611 1185 constat
636 1144 825 1183 omnes
849 1128 1050 1183 electos
1080 1128 1253 1199 typice
1284 1129 1339 1182 in
1370 1127 1670 1199 Scripturis
1698 1129 1901 1193 vocari,
1920 1143 1986 1183 eo

399 1222 542 1292 quod
571 1222 679 1276 sint
709 1221 951 1274 membra
980 1221 1175 1275 summi
1204 1218 1537 1285 Sacerdotis,
1570 1220 1783 1276 Domini
1814 1220 1984 1275 nostri

399 1314 527 1371 Jesu
558 1313 778 1369 Christi.
812 1313 879 1366 Et
905 1321 1049 1367 recte
1075 1312 1199 1366 huic
1226 1311 1339 1366 vasi
1373 1310 1653 1382 Scriptura
1692 1312 1856 1366 maris
1886 1326 1986 1366 no-

396 1423 524 1461 men
554 1405 769 1471 indidit,
800 1405 852 1458 in
887 1404 1203 1459 memoriam
1231 1403 1481 1458 videlicet
1514 1404 1681 1459 maris
1710 1404 1904 1470 Rubri,
1932 1403 1987 1457 in

392 1516 507 1571 quo
534 1500 685 1570 prius
711 1514 809 1569 per
838 1497 1253 1553 exstinctionem
1297 1494 1677 1567 Egyptiorum
1713 1503 1769 1551 et
1804 1494 1987 1566 populi

402 1592 497 1647 Dei
521 1591 892 1645 liberationem
912 1588 1162 1658 baptismi
1179 1586 1353 1643 forma
1373 1589 1666 1658 prazcessit,
1683 1596 1988 1656 exponente

2084 399 2439 464 circumterit,
2489 406 2543 451 et
2587 414 2731 453 nunc
2778 399 3027 462 addatur,
3071 398 3215 467 quod
3259 399 3534 470 sculptura
3560 402 3679 457 lucc

2083 492 2268 546 subter
2316 490 2514 544 labium
2541 490 2715 560 posita
2743 490 2928 544 decem
2965 491 3162 545 cubitis
3209 491 3494 558 ambierit,
3529 502 3679 562 patet

2083 596 2148 633 ex
2182 590 2410 648 utraque.
2435 579 2696 633 relatione
2724 580 2848 648 quia
2877 595 2973 634 vas
3001 589 3116 635 erat
3145 580 3197 633 in
3234 581 3450 636 modum
3478 583 3677 652 phialae

2088 673 2387 742 repandum
2410 685 2473 724 ac
2493 669 2768 736 diffusum,
2799 672 2939 740 quod
2968 687 2998 725 a
3030 672 3247 742 triginta
3268 674 3464 729 cubitis
3488 675 3683 731 circui-

2085 769 2190 826 tus,
2219 776 2354 830 quos
2376 761 2611 814 habebat
2640 761 2692 814 in
2718 760 2881 826 fabio,
2908 777 3079 830 usque
3107 762 3173 815 ad
3203 761 3390 818 decem
3417 773 3501 820 est
3522 767 3679 821 cubi-

2086 860 2169 906 tos
2203 859 2557 906 coarctatum.
2602 849 2890 920 Sculptura
2931 860 3109 906 autem
3146 851 3394 907 bistriata
3424 863 3531 920 est,
3561 871 3682 926 qua:

2086 943 2343 997 historias
2396 957 2577 996 rerum
2606 942 2818 1011 aliquas
2868 943 3130 997 imitatur.
3184 942 3335 999 Unde
3392 952 3538 1001 recte
3584 963 3685 1018 per

2086 1034 2390 1103 sculpturas
2442 1034 2752 1100 bistriatas,
2802 1034 2997 1104 quibus
3026 1051 3177 1091 mare
3218 1037 3680 1107 circumdabatur,

2057 1130 2331 1215 'cxempla
2382 1139 2509 1184 sunt
2554 1130 2798 1200 priorum
2852 1139 3153 1200 temporum
3193 1132 3510 1203 designata;
3563 1151 3684 1207 qua:

2087 1238 2310 1277 necesse
2339 1230 2422 1277 est
2452 1237 2550 1277 nos
2582 1221 2810 1276 solerter
2831 1221 3048 1286 intueri,
3088 1230 3149 1276 ut
3178 1223 3456 1279 videamus
3485 1225 3683 1295 quibus

2086 1310 2342 1380 operibus
2370 1309 2544 1365 sancti
2595 1309 2900 1380 placuerint
2929 1310 3038 1365 Deo
3065 1310 3132 1365 ab
3163 1310 3350 1377 initio;
3383 1327 3487 1382 qua
3511 1313 3683 1368 obsti-

2088 1402 2306 1458 natione
2335 1402 2389 1456 in
2419 1401 2713 1457 sceleribus
2738 1402 3101 1471 perdurarint,
3135 1410 3337 1472 quanta
3365 1402 3685 1459 infelicitate

2089 1496 2158 1550 ob
2189 1494 2395 1550 scelera
2424 1495 2685 1564 perierint
2705 1494 2919 1564 reprobi

2167 1605 2185 1638 ι
2219 1587 2287 1642 Et
2315 1587 2492 1642 stabat
2521 1602 2685 1657 super
2713 1586 2998 1641 duodecim
3044 1586 3210 1643 boves
3238 1605 3252 1641 :
3290 1603 3320 1642 e
3342 1588 3539 1657 quibus
3574 1598 3684 1644 tres

402 1681 657 1754 Apostolo
682 1696 746 1735 ac
772 1680 983 1735 dicente
1011 1697 1024 1733 :
1054 1698 1072 1730 ι
1103 1678 1365 1746 Quoniam
1393 1687 1577 1748 patres
1605 1676 1777 1732 nostri
1802 1692 1990 1744 omnes
2020 1667 2065 1726 B
2099 1700 2117 1733 ι
2155 1680 2518 1750 respiciebant
2539 1680 2605 1734 ad
2630 1679 2971 1748 Aquilonem,
3006 1688 3056 1733 et
3091 1688 3201 1735 tres
3226 1680 3291 1733 ad
3317 1680 3681 1741 Occulentem.

401 1775 502 1828 sub
545 1774 686 1827 nube
735 1770 972 1833 fuerunt,
1013 1778 1068 1824 et
1107 1784 1298 1824 omnes
1343 1767 1676 1822 transierunt
1721 1782 1893 1832 mare,
1934 1773 1990 1821 et

404 1879 592 1918 omnes
629 1865 682 1918 in
711 1862 892 1933 Moyse
931 1860 1186 1930 baptizati
1224 1868 1348 1915 sunt
1391 1859 1447 1914 in
1475 1860 1615 1914 nube
1655 1867 1711 1913 et
1753 1858 1809 1912 in
1850 1856 1988 1911 mari

402 1953 453 2024 (Ι
482 1953 604 2009 Cor.
647 1953 720 2025 κ).
746 1974 764 2003 ι
801 1950 1212 2005 Sacramentum
1252 1956 1434 2004 autem
1475 1948 1748 2019 baptismi,
1786 1954 1840 2002 et
1866 1947 1990 2001 vitae

405 2044 560 2099 nobis
588 2043 909 2098 munditiam
940 2041 1135 2110 quaerit
1161 2041 1215 2094 in
1237 2041 1343 2095 hoc
1361 2040 1577 2104 saecrdo,
1606 2047 1662 2094 et
1680 2039 1805 2093 vita:
1833 2037 1990 2091 nobis

403 2144 617 2189 aeterna:
645 2133 870 2203 gloriam
897 2131 1165 2201 promittit
1191 2130 1245 2184 in
1273 2131 1475 2185 futuro.
1508 2130 1662 2198 Quod
1695 2138 1988 2199 utrumque

373 2260 377 2269 -
404 2227 459 2281 in
484 2225 623 2280 mari
644 2226 747 2279 hoc
771 2238 923 2278 amco
950 2237 1054 2277 una
1080 2222 1343 2277 sententia
1367 2222 1699 2291 designatur,
1722 2235 1845 2275 cum
1870 2235 1990 2275 esse

400 2319 580 2373 decem
607 2315 915 2372 cubitorum
947 2328 979 2368 a
1013 2313 1161 2369 labio
1182 2328 1354 2383 usque
1393 2312 1462 2367 ad
1508 2311 1709 2367 labium
1741 2311 1991 2381 perbibe-

406 2420 510 2464 tur.
541 2406 731 2462 Decem
754 2390 987 2475 namque
1007 2405 1292 2475 praceptis
1313 2405 1367 2459 in
1388 2404 1507 2474 lege
1528 2404 1788 2458 Dominus
1809 2404 1989 2458 omnia

404 2515 525 2569 qua:
554 2497 733 2553 facere
760 2497 1053 2552 debeamus
1080 2495 1379 2565 expressit;
1412 2495 1631 2548 denario
1656 2509 1811 2564 teque
1842 2508 1989 2548 mer-

406 2593 593 2649 cedem
621 2591 757 2645 bene
782 2590 1046 2645 factorum
1089 2588 1435 2660 signiﬁcavit,
1460 2603 1583 2642 cum
1614 2588 1757 2643 hunc
1782 2588 1837 2641 in
1871 2587 1991 2641 vin-

402 2684 526 2739 cula
554 2681 923 2739 laborantibus
950 2679 1184 2735 dandum
1209 2693 1329 2734 esse
1354 2675 1608 2748 praedixit
1628 2676 1845 2748 (Matth.
1872 2673 1988 2746 xx).

484 2792 503 2825 ι
540 2772 672 2828 Erat
695 2785 825 2841 ergo
849 2783 999 2825 mare
1026 2768 1212 2824 decem
1247 2767 1553 2823 cubitorum
1580 2782 1611 2821 a
1644 2766 1791 2822 labio
1818 2781 1992 2836 usque

413 2886 431 2918 ι
469 2865 537 2921 ad
578 2864 795 2918 labium.
829 2880 847 2912 ι
886 2859 1025 2928 Quia
1062 2874 1093 2913 a
1129 2858 1307 2929 primo
1351 2856 1625 2927 baptizato
1673 2857 1727 2911 in
1768 2855 1992 2912 nomine

390 2957 535 3013 ~Jesu
576 2955 781 3011 Christi
816 2967 986 3022 usque
1020 2953 1090 3008 ad
1117 2951 1387 3015 ultimum,
1423 2950 1515 3020 qui
1556 2949 1612 3003 in
1661 2949 1768 3004 fine
1810 2948 1989 3004 saaculi

403 3049 717 3105 crediturus
741 3057 797 3101 et
819 3043 1175 3115 baptizandus
1203 3049 1306 3106 est,
1325 3040 1502 3097 omnis
1529 3038 1763 3093 ﬁdelium
1790 3039 1990 3093 chorus

397 3155 573 3196 auiam
597 3138 952 3206 eamdemque
976 3134 1119 3188 viam
1148 3132 1392 3187 veritatis
1417 3130 1644 3201 ingredi,
1670 3138 1726 3184 et
1753 3144 1993 3184 commu-

394 3248 535 3289 nem
565 3230 725 3286 debet
754 3245 785 3282 a
818 3209 1043 3283 Domino
1071 3239 1329 3281 coronam
1360 3237 1581 3293 sperare
1616 3221 1860 3290 justitiee.
1888 3219 1992 3273 Ro-

400 3320 633 3376 tundum
674 3326 786 3371 erat
834 3317 891 3369 in
925 3314 1164 3376 circuitu,
1197 3322 1257 3367 ut
1286 3312 1432 3368 orbis
1465 3311 1756 3365 universus
1783 3311 1835 3364 in
1860 3326 1992 3381 gyro

395 3415 628 3469 iavacro
656 3411 778 3465 vitae
807 3424 839 3462 a
868 3406 1028 3462 sorde
1070 3414 1416 3476 peccatorum
1458 3403 1836 3472 designaretur
1874 3416 1993 3456 esse

396 3496 773 3557 mandandus.
805 3497 879 3550 De
906 3510 1014 3565 quo
1038 3494 1175 3549 bene
1206 3493 1455 3548 subditur
1478 3509 1490 3545 :

488 3613 506 3645 ι
539 3592 789 3660 Quinque
826 3588 1129 3642 cubitorum
1171 3584 1398 3644 altitudo
1439 3582 1578 3652 ejus.
1607 3601 1623 3633 δ
1656 3582 1791 3649 Quia
1837 3581 1994 3635 nimi-

393 3700 532 3741 erum
552 3680 812 3754 quidquid
832 3680 971 3744 visu,
988 3675 1250 3747 quidquid
1272 3674 1484 3738 auditu,
1500 3671 1758 3743 quidquid
1772 3670 1990 3733 olfactu,

396 3772 674 3846 quidquid
714 3779 894 3842 gustu,
921 3767 1181 3838 quidquid
1224 3773 1368 3819 tactu
1400 3762 1791 3832 delinquimus,
1822 3767 1992 3815 totum

414 3869 516 3921 hoc
549 3865 701 3919 nobis
751 3861 924 3934 gratia
969 3860 1063 3914 Dei
1103 3873 1201 3928 per
1242 3855 1573 3911 ablutionem
1602 3852 1800 3908 viviﬁci
1832 3850 1995 3908 fontis

414 3958 642 4013 relaxat.
675 3955 782 4009 Sed
804 3969 910 4007 non
944 3949 1139 4006 sufﬁcit
1164 3946 1563 4018 prmteritorum
1596 3945 1845 3999 remissio
1871 3958 1992 4013 pee-

396 4057 681 4111 calorum,
715 4045 759 4099 si
809 4060 913 4098 non
947 4041 1175 4113 quisque
1221 4039 1474 4107 deinceps
1522 4036 1680 4091 bonis
1728 4035 1996 4090 studuerit

362 4160 370 4166 ·
417 4141 672 4195 insistere
698 4136 971 4205 operibus.
1002 4132 1256 4201 Alioquin
1283 4130 1550 4195 diabolus,
1577 4128 1668 4198 qui
1694 4128 1905 4183 exierat
1931 4128 1997 4182 de

404 4234 639 4290 -homine
662 4231 709 4285 si
734 4232 875 4285 hunc
901 4244 932 4282 a
966 4228 1123 4283 bonis
1156 4241 1353 4281 vacare
1378 4225 1587 4280 actibus
1612 4224 1839 4290 viderit,
1866 4224 1998 4278 mul-

417 4325 652 4395 tiplicius
692 4321 866 4384 redit,
917 4318 1152 4387 facitque
1186 4336 1204 4368 ι
1234 4317 1527 4372 novissima
1575 4315 1809 4382 hominis
1857 4315 1996 4369 illius

398 4412 600 4486 pejora
646 4410 918 4483 prioribus
970 4406 1197 4480 (Matth.
1248 4405 1382 4478 xu
1425 4426 1443 4458 ο
1506 4406 1658 4461 Unde
1708 4414 1830 4474 apte
1871 4406 1996 4458 sul;-

414 4508 585 4563 ditur.

496 4616 514 4648 ι
547 4598 617 4652 Et
663 4591 916 4648 resticula
967 4589 1186 4658 triginta
1237 4586 1540 4641 cubitorum
1589 4587 1839 4656 cingebat
1868 4586 1997 4641 illud

408 4705 445 4737 ιι
474 4701 573 4755 per
592 4682 901 4744 circuitum,
924 4687 1028 4733 etc.
1066 4695 1085 4727 ι
1117 4676 1219 4729 Per
1249 4674 1554 4730 resticulam
1587 4690 1815 4743 namque
1839 4674 1998 4729 disci-

404 4778 563 4848 =plina
598 4780 989 4843 praeceptorum
1017 4767 1341 4831 caelestium,
1393 4781 1497 4835 qua
1529 4780 1558 4818 a
1588 4765 1788 4819 nostris
1815 4765 1999 4820 volun-

420 4867 623 4922 tatibus
661 4863 971 4933 religamur,
1011 4866 1189 4928 potest
1216 4866 1338 4926 apte
1370 4857 1592 4925 signari,
1620 4856 1899 4925 Scriptura
1922 4858 2001 4911 di-

421 4970 624 5011 cente:
683 4972 702 5005 ‹
738 4953 875 5020 Quia
927 4949 1196 5004 funiculus
1231 4948 1422 5018 triplex
1470 4947 1684 5002 difﬁcile
1735 4951 2003 5018 rumpitur

423 5044 649 5113 (Eccles.
668 5044 766 5112 tv).
785 5062 804 5093 ι
836 5041 970 5107 Quia
1008 5039 1262 5094 nimirum
1291 5038 1598 5092 observatio
1627 5039 1999 5091 mandatorum

410 5135 539 5198 Dei,
569 5148 687 5203 qua:
714 5135 766 5187 in
796 5132 1049 5187 cordibus
1067 5130 1361 5184 electorum
1387 5128 1511 5192 ﬁde,
1535 5142 1630 5197 spe
1651 5136 1705 5181 et
1719 5129 2003 5183 dilectione

428 5240 675 5294 superna:
701 5221 1073 5278 retributionis
1118 5222 1329 5275 firmata
1380 5229 1502 5285 est,
1545 5220 1692 5275 nullo
1733 5230 2001 5289 tempora-

416 5316 557 5371 lium
588 5332 764 5371 rerum
792 5321 966 5384 potest
992 5311 1268 5368 obstaculo
1294 5311 1535 5366 dissolvi.

506 5432 527 5464 ι
566 5411 631 5464 Et
650 5407 921 5476 sculptura
966 5404 1151 5459 subter
1178 5403 1377 5456 labium
1409 5404 1729 5457 circumibat
1759 5402 1888 5457 illud
1917 5404 2007 5457 de-

425 5523 454 5555 1
488 5516 606 5559 rem
643 5498 841 5556 cubitis
863 5495 1107 5549 ambiens
1132 5510 1298 5547 mare.
1336 5496 1446 5548 Duo
1466 5495 1683 5549 ordines
1707 5495 2005 5563 sculptura-

424 5613 455 5649 ς
489 5609 608 5651 runt
630 5590 1000 5650 histriatarum
1040 5595 1194 5641 erant
1233 5585 1435 5641 fusiles.
1475 5607 1493 5640 ι
1527 5585 1659 5640 Cum
1690 5587 2004 5654 pt'tudictum

2099 1790 2118 1822 ε
2152 1780 2207 1826 et
2245 1780 2358 1825 tres
2387 1770 2452 1824 ad
2487 1769 2792 1833 Meridiem,
2821 1778 2876 1824 et
2916 1778 3026 1824 tres
3054 1770 3120 1824 ad
3154 1769 3449 1824 Orientem.
3491 1791 3508 1823 ι
3548 1771 3687 1825 Duo-

2092 1863 2265 1919 decim
2296 1878 2425 1933 ergo
2452 1863 2618 1916 boves
2662 1861 2943 1915 duodecim
2985 1871 3109 1916 sunt
3139 1861 3366 1931 apostoli
3407 1869 3459 1916 et
3500 1879 3688 1916 omnes

2092 1953 2184 2021 qui
2204 1952 2321 2006 vice
2348 1966 2537 2006 eorum
2566 1950 2859 2020 regendam
2887 1950 2940 2004 in
2964 1950 3178 2005 Christo
3213 1962 3563 2020 susceperunt
3588 1952 3689 2006 Ec-

2091 2043 2311 2099 clesium
2337 2050 2599 2097 sanctam.
2626 2040 2728 2109 Qui
2759 2042 3016 2096 nimirum
3068 2042 3236 2097 boves
3271 2060 3421 2098 mare
3466 2044 3566 2098 sibi
3597 2061 3688 2097 su-

2091 2151 2191 2207 per
2219 2134 2528 2204 impositum
2562 2141 2802 2202 portant,
2832 2149 2957 2187 cum
2987 2134 3235 2204 apostoli,
3288 2135 3686 2204 apostolorum-

2093 2244 2197 2299 que
2222 2240 2580 2291 successores,
2632 2226 2932 2296 injunctum
2974 2226 3076 2279 sibi
3122 2225 3527 2295 evangelizanrii
3567 2225 3686 2279 olli-

2093 2322 2236 2377 cium
2262 2328 2512 2391 prompta
2542 2318 2768 2389 implere
2800 2318 3086 2373 devotione
3137 2326 3406 2389 satagunt.
3448 2316 3691 2387 Tresque

2093 2416 2161 2471 ad
2182 2415 2526 2486 Aquilonem,
2562 2422 2618 2468 et
2639 2420 2750 2467 tres
2776 2413 2845 2467 ad
2874 2411 3241 2475 Occidentem,
3275 2420 3329 2466 et
3351 2420 3462 2466 tres
3487 2412 3555 2466 ad
3582 2411 3691 2465 Me-

2096 2505 2306 2568 ridiem,
2339 2513 2395 2559 et
2420 2512 2532 2559 tres
2562 2503 2629 2557 ad
2658 2501 2935 2557 Orientem
2981 2503 3295 2572 respiciunt,
3329 2517 3456 2557 cum
3482 2503 3534 2556 in
3561 2504 3685 2556 uni-

2092 2594 2268 2650 versis
2297 2594 2541 2663 quadrati
2572 2593 2726 2648 orbis
2758 2592 3001 2663 partibus
3047 2591 3206 2647 ﬁdem
3234 2591 3530 2663 praedicant
3557 2608 3685 2646 san-

2095 2692 2195 2738 cta:
2224 2682 2530 2738 Trinitatis.

2170 2792 2190 2825 ι
2224 2772 2463 2841 Quorum
2513 2773 2815 2842 posteriora
2845 2773 3100 2828 universa
3146 2773 3475 2829 intrinsecus
3505 2772 3686 2827 latita-

2100 2885 2120 2918 ‹
2155 2867 2304 2922 bant.
2341 2885 2360 2918 ι
2395 2865 2727 2920 lntrinsecus
2755 2881 2988 2935 namque
3016 2865 3232 2919 latitant
3252 2865 3501 2920 universa
3526 2865 3686 2919 boum

2095 2957 2417 3029 posteriora,
2451 2958 2576 3028 quia
2615 2973 2722 3026 qua
2754 2958 3000 3014 mercede
3027 2959 3200 3014 sancti
3227 2958 3607 3027 prtedicatores
3636 2958 3688 3012 in

2094 3057 2409 3118 perpetuum
2435 3049 2723 3113 donentur,
2790 3048 2844 3101 in
2904 3048 3103 3103 interni
3158 3049 3379 3103 arbitris
3428 3048 3684 3103 examine

2086 3139 2200 3209 jam
2225 3138 2544 3207 dispositum
2581 3146 2686 3203 est,
2718 3138 2812 3193 sed
2861 3139 3038 3201 nobis,
3070 3139 3163 3208 qui
3190 3139 3365 3193 adhuc
3416 3137 3549 3193 foris
3594 3153 3688 3193 suo

2093 3242 2233 3291 mus,
2266 3235 2448 3295 mapet
2474 3228 2799 3282 omnimodis
2822 3228 3122 3283 occultum.
3146 3228 3353 3295 Quibus
3381 3240 3559 3282 tamen
3588 3229 3693 3284 hoc

2090 3334 2211 3374 esse
2238 3318 2507 3374 occultum
2531 3319 2839 3374 nullatenus
2852 3327 3046 3390 potest,
3069 3320 3211 3389 quod
3240 3318 3414 3374 omnis
3429 3320 3519 3388 qui
3546 3318 3693 3373 lava-

2092 3425 2243 3464 crum
2258 3409 2510 3478 baptismi
2526 3407 2591 3462 ad
2606 3411 2829 3463 salutem
2847 3409 3042 3479 accipit
3058 3417 3112 3464 et
3128 3409 3317 3473 vitam,
3337 3408 3514 3471 ﬁdem,
3537 3424 3690 3478 spem

2093 3508 2147 3554 et
2170 3499 2491 3553 eharitatem
2516 3498 2673 3553 debet
2702 3498 2919 3557 habere.
2946 3515 3047 3553 nec
3068 3499 3185 3553 sine
3211 3499 3295 3553 bis
3324 3497 3497 3553 tribus
3523 3498 3693 3553 virtu-

2098 3588 2240 3642 tibus
2267 3588 2498 3658 quisque
2542 3589 2741 3658 aliquid
2766 3587 2879 3657 jam
2923 3589 3138 3659 operari
3169 3605 3344 3659 neque
3369 3589 3573 3644 intrare
3618 3590 3688 3642 ad

2095 3677 2263 3730 vitam
2296 3677 2461 3731 valet.
2499 3676 2649 3732 Unde
2677 3686 2823 3731 recte
2856 3678 3101 3747 sequitur
3130 3695 3142 3730 :

2173 3786 2191 3819 ι
2221 3767 2538 3824 Crassitudo
2566 3777 2748 3823 autem
2775 3769 2966 3826 luteris
2991 3770 3153 3825 trium
3178 3772 3459 3825 unciarum
3481 3779 3618 3826 crat.
3664 3791 3686 3824 ι

2095 3859 2408 3915 Crassitudo
2436 3859 2638 3915 etenim
2675 3860 2866 3917 [uteris
2912 3862 2968 3917 in
2995 3864 3152 3928 mari,
3200 3864 3428 3918 ﬁrmitas
3469 3873 3553 3919 est
3582 3864 3691 3918 vir-

2097 3951 2307 4006 tutisin
2343 3951 2631 4023 baptismo.
2667 3953 2734 4006 Et
2761 3954 2923 4008 trium
2968 3955 3250 4010 unciarum
3286 3964 3368 4010 est
3398 3956 3512 4010 haec
3535 3971 3690 4011 cras-

2098 4043 2294 4108 situdo,
2327 4044 2452 4098 dum
2491 4046 2683 4099 robore
2712 4043 2859 4110 ﬁdei,
2897 4046 3011 4115 spei
3046 4053 3099 4100 et
3127 4045 3454 4110 dilectionis,
3481 4061 3689 4115 praece—

2098 4132 2209 4202 ptio
2238 4133 2495 4201 baptismi
2550 4134 2938 4200 communitur,
2986 4150 3161 4204 neque
3208 4136 3364 4189 aliter
3389 4136 3689 4204 proﬁcuum

2099 4236 2220 4276 esse
2251 4222 2641 4290 accipientibus
2666 4224 2984 4288 ostenditur,
3031 4224 3135 4279 nisi
3161 4226 3353 4280 barum
3392 4225 3547 4280 ﬁrma
3573 4240 3694 4280 cer—

2103 4312 2272 4365 titudo
2301 4312 2559 4366 virtutum
2586 4302 2819 4367 mentem
2857 4314 3237 4383 accipientium
3265 4315 3425 4371 simul
3445 4324 3500 4371 et
3523 4330 3690 4384 opera

2101 4420 2199 4458 con
2210 4403 2388 4457 firmet

2176 4512 2192 4543 ι
2232 4494 2566 4563 Labiumque
2593 4493 2710 4562 ejus
2750 4496 2906 4565 quasi
2942 4496 3143 4551 labium
3175 4498 3379 4563 calicis,
3412 4508 3466 4552 et
3502 4497 3688 4553 folium

2106 4604 2123 4636 ι
2166 4586 2384 4655 repandi
2430 4585 2548 4638 lilii.
2585 4606 2603 4637 ι
2667 4586 2768 4639 Per
2800 4586 2999 4641 labium
3046 4586 3242 4658 quippe
3274 4588 3459 4643 calicis
3502 4598 3698 4658 gustus

2104 4678 2395 4734 Dominica:
2427 4678 2714 4746 passionis,
2746 4694 2840 4748 per
2875 4678 3061 4733 folium
3099 4679 3320 4749 repandi
3357 4679 3452 4733 lilii
3483 4680 3689 4749 patefa-

2104 4777 2190 4822 cta
2219 4769 2441 4824 claritas
2478 4771 2893 4826 resurrectionis
2924 4772 3092 4840 ipsius
3117 4771 3460 4840 exprimitur.

2181 4877 2199 4907 ‹
2237 4859 2349 4913 Duo
2401 4859 2569 4912 millia
2602 4857 2756 4915 batos
2804 4861 3088 4929 capiebat,
3142 4871 3248 4916 etc.
3291 4882 3307 4913 ι
3360 4860 3690 4917 Millenarius

2103 4964 2338 5019 namque
2365 4965 2623 5004 numerus
2646 4967 2742 5020 pro
2771 4952 3161 5021 signiﬁcatione
3184 4952 3530 5023 perfectionis
3558 4953 3692 5007 solet

2104 5044 2227 5111 poni
2258 5044 2310 5096 in
2347 5042 2643 5112 Scripturis
2669 5084 2685 5107 ,
2733 5045 2857 5114 quia
2892 5045 3147 5099 nimirum
3180 5046 3461 5100 denarium
3506 5061 3697 5100 nume-

2107 5153 2223 5190 rum
2260 5136 2578 5205 quadratum
2611 5137 2839 5192 solidum
2872 5128 3253 5191 facit.'Decetn
3281 5138 3478 5207 quippe
3511 5137 3695 5191 decies

2107 5230 2265 5284 ducta
2291 5237 2506 5283 centum
2535 5228 2737 5283 faciunt
2763 5247 2776 5281 :
2809 5245 2928 5299 quae
2956 5229 3206 5284 videlicet
3230 5230 3395 5299 figura
3422 5227 3534 5295 jam
3561 5243 3701 5296 qua-

2109 5319 2288 5380 drata,
2336 5318 2430 5373 sed
2484 5319 2661 5373 adhuc
2692 5319 2846 5389 plena
2884 5336 2989 5372 non
3020 5332 3122 5372 est.
3160 5305 3361 5373 Verum
3392 5327 3447 5371 ut
3478 5319 3532 5371 in
3577 5318 3702 5370 alti-

2111 5408 2342 5462 tudiucm
2372 5418 2575 5477 surgat,
2629 5419 2685 5463 et
2720 5409 2887 5462 solida
2919 5408 3197 5471 efﬁciatur,
3254 5408 3546 5477 multiplica
3569 5422 3703 5461 cen~

2110 5508 2220 5552 tum
2257 5515 2353 5567 per
2380 5500 2588 5560 decem.
2618 5510 2673 5553 et
2703 5501 2831 5553 fiunt
2866 5499 3028 5552 mille.
3066 5499 3180 5565 Quo
3202 5499 3437 5568 perfecto
3468 5512 3700 5551 numero

2110 5593 2314 5648 stabilis
2351 5602 2405 5647 ct
2458 5592 2836 5663 insuperabilis
2865 5601 2917 5647 et
2948 5591 3091 5647 velut
3120 5591 3480 5659 coaquadrata
3514 5585 3699 5655 justo-
