4010 6194
338 264 449 319 173

1151 253 1502 312 COMMENT.
1548 255 1610 308 IN
1654 251 1895 307 LlBROS
1935 251 1999 305 ιγ
2043 248 2302 306 REGUM.
2342 281 2413 290 —
2448 249 2512 303 ΙΝ
2553 244 2677 302 LIB.
2720 245 2804 299 lll.

3487 241 3587 297 175

337 395 464 434 rum
508 370 839 430 conscientia
887 369 1197 440 designatur
1221 385 1235 432 ;
1284 381 1602 437 quocunque
1632 367 1774 419 enim
1802 379 1922 416 ver-
1951 371 1999 423 Α
2026 372 2139 417 toto
2168 371 2282 417 erat
2304 362 2421 416 orbi
2450 360 2807 429 priedicanda,
2859 358 2929 410 ita
2973 356 3132 411 etiam
3156 371 3254 425 per
3294 356 3425 410 duos
3446 357 3590 411 crdis

342 469 478 525 teris
507 465 857 537 quadratum,
894 461 1075 516 stabit.
1134 458 1226 513 Sic
1268 468 1322 513 et
1367 458 1579 512 animus
1627 456 1923 511 electorum

343 561 494 615 nullo
537 555 894 611 tentationum
929 566 1157 608 occursu
1193 550 1341 605 novit
1367 566 1397 604 a
1434 556 1575 604 statu
1615 563 1725 602 sua:
1766 547 1930 601 certi-

346 648 550 704 tudinis
590 643 860 699 inclinari.
890 641 1059 694 Batus
1083 648 1262 693 autem
1292 639 1637 693 Hebrtcorum
1673 651 1926 690 mensura

346 752 452 804 est,
480 751 639 808 quam
668 734 770 803 ipsi
800 732 937 785 Bath
979 730 1277 792 nominant,
1330 729 1535 782 habens
1561 726 1767 781 modios
1798 736 1922 779 tres.

346 831 467 901 Ipsa
493 836 581 882 est
604 824 748 894 epbi,
783 822 924 892 quod
955 821 1028 874 illi
1060 820 1194 889 epha
1223 826 1552 887 nuncupant.
1583 816 1686 870 Sed
1709 814 1830 884 ephi
1861 815 1927 867 ad

348 933 655 976 mensuram
680 914 915 986 pertinet
942 912 1213 966 variarum
1244 909 1475 979 frugum,
1506 907 1691 969 tritici,
1719 905 1925 968 hordei,

346 1009 702 1081 leguminum.
749 1003 916 1056 Batus
950 1016 1076 1054 vero
1122 1008 1204 1054 est
1249 999 1304 1052 in
1357 996 1640 1067 speciebus
1688 994 1927 1064 liquidis,

347 1104 497 1167 vino,
523 1100 667 1163 oleo,
718 1113 878 1166 aqua.
930 1094 1113 1163 Itaque
1158 1092 1347 1155 Batus,
1375 1090 1499 1159 quia
1552 1096 1712 1142 certae
1742 1101 1928 1141 norma

350 1204 621 1245 mensurae
660 1196 760 1249 est,
812 1200 977 1255 opera
1030 1182 1276 1252 designat
1318 1179 1589 1249 aequitatis
1616 1187 1667 1231 et
1685 1177 1927 1245 justiti-az,

350 1284 549 1354 quibus
573 1281 649 1345 bi,
676 1278 767 1349 qui
799 1279 852 1331 in
879 1275 1249 1330 remissionem
1278 1279 1621 1341 peccatorum
1646 1268 1929 1338 baptizan—

350 1383 466 1436 tur,
496 1382 722 1425 necesse
747 1367 948 1422 habent
974 1364 1201 1419 institui.
1257 1363 1418 1417 Batos
1443 1363 1639 1431 quippe
1666 1358 1811 1413 mille
1839 1374 1930 1413 ca-

346 1465 533 1534 piebat
554 1475 728 1525 mare,
773 1473 895 1513 cum
939 1471 1077 1525 aqua
1107 1454 1449 1525 baptismatis
1475 1451 1685 1522 plebem
1719 1450 1934 1506 ,ιυάωο-

348 1568 472 1608 rum
503 1550 729 1604 abluens
751 1590 764 1612 ,
812 1547 880 1601 ad
911 1560 1138 1616 regnum
1176 1543 1393 1598 caeleste
1416 1542 1733 1597 transmisit.
1775 1541 1934 1595 Reci-

351 1644 535 1712 piebat
578 1651 635 1695 et
684 1639 818 1693 alios
864 1635 1028 1698 mille,
1066 1649 1189 1688 cum
1234 1633 1396 1687 etiam
1428 1632 1614 1685 turbas
1655 1630 1934 1684 nationum

2026 470 2122 508 nes
2156 454 2382 508 luterum
2410 453 2633 521 mystice
2663 450 2963 506 ostenditur
3005 449 3129 518 quia
3166 448 3435 517 gentilitas
3472 465 3593 503 cum

2027 545 2205 599 Judzea
2236 545 2288 598 in
2310 559 2472 597 unum
2503 542 2624 597 ﬁdei
2647 541 2973 595 consortium
2997 555 3093 609 per
3118 540 3456 609 baptismatis
3478 549 3598 595 erat

2028 635 2223 687 undam
2247 632 2561 702 colligenda.
2612 630 2761 697 Quod
2792 639 2970 684 autem
3017 640 3250 698 quatuor
3290 630 3594 685 cubitorum

2027 724 2392 795 longitudinis,
2422 731 2475 776 et
2501 730 2731 791 quatuor
2759 722 3059 777 cubitorum
3092 721 3405 787 latitudinis,
3436 722 3598 777 trium
3629 726 3638 736 '

2028 817 2329 870 cubitorum
2369 813 2696 879 altitudinis,
2739 812 2893 866 bases
2945 812 3165 883 singula:
3217 812 3399 878 fuere,
3442 812 3602 869 facile

2030 906 2300 960 intellectu
2328 912 2447 959 est:
2482 902 2755 972 longitudo
2779 903 2978 956 etenim
3024 902 3088 956 ad
3129 903 3444 973 patientiam
3483 905 3601 959 lon-

2029 995 2378 1068 ganimitatis,
2403 994 2629 1047 latitudo
2658 993 2723 1046 ad
2752 991 3116 1046 dilatationem
3137 992 3455 1059 dilectionis,
3484 993 3605 1047 alti-

2031 1087 2157 1140 tudo
2182 1085 2416 1155 pertinet
2441 1084 2505 1138 ad
2548 1098 2695 1153 spem
2744 1096 2988 1152 superum
3030 1083 3418 1138 retributionis.
3456 1085 3602 1152 Qua-

2021 1165 2156 1231 I'tuor
2184 1184 2362 1230 autem
2401 1185 2526 1230 sunt
2550 1175 2876 1245 principales
2914 1175 3163 1240 virtutes,
3191 1175 3385 1244 quibus
3410 1183 3605 1231 czetera

2031 1268 2289 1322 virtutum
2317 1276 2586 1321 structura
2607 1266 2881 1320 imminet:
2920 1266 3203 1335 pmdentia
3242 1267 3465 1333 scilicet,
3499 1265 3607 1322 for-

2034 1360 2225 1425 titudo,
2269 1359 2644 1429 temperantia,
2696 1357 2942 1426 justitia;
2986 1366 3040 1413 et
3066 1357 3186 1413 ideo
3220 1367 3605 1427 quaternorum

2034 1459 2153 1508 erat
2175 1449 2480 1505 cubitorum
2519 1448 2795 1519 longitudo
2838 1456 2891 1501 et
2924 1448 3150 1503 latitudo
3194 1447 3426 1514 basium,
3483 1450 3608 1519 quia

2036 1540 2205 1595 sancti
2229 1538 2608 1607 praedicatores
2636 1539 2748 1592 sive
2796 1537 3021 1592 adversa
3050 1537 3256 1603 mundi,
3301 1547 3355 1592 et
3379 1538 3610 1609 longitu-

2038 1632 2216 1686 dinem
2242 1626 2484 1683 exercitii
2522 1643 2585 1681 ac
2624 1626 2871 1682 laborum
2915 1628 3258 1698 praesentium
3302 1628 3437 1683 foris
3474 1629 3610 1685 tole-

350 1725 541 1780 eodem
579 1724 728 1778 fonte
756 1729 972 1776 renatas
1014 1725 1070 1773 et
1095 1716 1350 1786 operibus
1396 1714 1620 1783 justitize
1647 1714 1934 1769 conﬁrma-
1960 1728 2006 1787 Β
2034 1727 2177 1784 rent,
2209 1734 2302 1772 seu
2323 1732 2419 1772 cor
2444 1717 2497 1770 in
2528 1716 2811 1772 dilectione
2832 1717 2913 1771 sui
2936 1716 3260 1784 Conditoris,
3285 1734 3612 1790 suorumque

351 1825 438 1869 tas
469 1812 714 1882 ejusdem
742 1809 891 1880 regni
914 1807 1164 1878 perennis
1187 1803 1315 1860 fecit
1343 1818 1462 1858 esse
1488 1803 1798 1873 participes.

432 1925 451 1956 ι
482 1906 553 1959 Et
590 1903 718 1958 fecit
746 1903 900 1955 bases
924 1901 1131 1962 decem,
1168 1904 1399 1965 quatuor
1426 1895 1731 1949 cubitorum
1771 1893 1937 1963 longi-

358 2013 378 2045 ι
420 1993 626 2049 tudinis
653 1994 812 2046 bases
859 1987 1125 2059 singulas,
1179 1994 1235 2041 et
1260 1994 1493 2054 quatuor
1519 1985 1824 2039 cubitorum
1855 1983 1934 2037 la—

358 2107 377 2139 c
416 2085 683 2149 titudinis,
732 2091 786 2137 et
834 2082 999 2135 trium
1044 2078 1349 2132 cubitorum
1404 2075 1721 2140 altitudinis,
1772 2082 1876 2128 etc.
1914 2093 1931 2123 ι

353 2175 648 2231 Multifarie
677 2183 733 2228 et
757 2172 941 2226 multis
962 2170 1134 2225 modis
1167 2184 1273 2224 una
1308 2168 1603 2237 eademque
1632 2174 1830 2223 nostra:
1855 2181 1939 2221 sa-

352 2269 481 2321 lutis
511 2272 849 2320 sacramenta
876 2260 1307 2333 praeﬁgurantur.
1359 2259 1601 2328 Namque
1626 2258 1787 2312 iidem
1815 2273 1940 2326 apo-

352 2361 498 2421 stoli,
531 2358 741 2425 virique
766 2354 1040 2425 apostolici
1064 2394 1079 2419 ,
1116 2353 1206 2422 qui
1231 2367 1329 2422 per
1349 2353 1516 2406 boves
1546 2366 1695 2405 mare
1723 2358 1941 2420 portan-

356 2464 436 2508 tes
454 2449 721 2519 designati
754 2454 897 2512 sunt,
925 2446 1273 2516 designantur
1297 2444 1456 2497 etiam
1478 2457 1575 2512 per
1618 2442 1795 2506 bases,
1824 2457 1942 2511 qua:

354 2541 634 2613 portandis
658 2546 812 2593 erant
856 2535 1117 2591 lateribus
1142 2541 1496 2604 praeparata):
1542 2532 1807 2601 quomodo
1832 2531 1934 2601 ipsi

354 2635 561 2688 luteres
582 2629 822 2698 ejusdem
851 2626 1049 2681 lavacri
1073 2624 1352 2695 spiritalis,
1390 2623 1544 2693 cujus
1567 2629 1622 2677 et
1654 2636 1823 2687 mare,
1855 2628 1938 2692 ty-

354 2740 481 2794 pum
513 2722 793 2794 gerebant.
835 2718 1131 2788 Siquidem,
1167 2727 1226 2770 ut
1260 2715 1438 2771 Verba
1466 2714 1682 2769 Dierum
1718 2720 1944 2767 narrant

360 2812 447 2886 (11
506 2811 636 2864 Par.
677 2809 774 2878 tv),
826 2807 1007 2863 omnia
1049 2806 1103 2859 in
1144 2806 1246 2870 eis,
1291 2819 1410 2874 qua;
1465 2804 1517 2857 in
1571 2802 1939 2858 holocaustum

354 2904 587 2959 oblaturi
612 2909 788 2964 erant,
815 2899 1086 2953 lavabant.
1115 2895 1494 2950 Holocaustum
1528 2901 1706 2947 autem
1729 2892 1940 2947 Domini

357 2993 685 3064 generaliter
712 2991 889 3047 omnis
920 2990 1215 3045 electorum
1258 2984 1542 3039 multitudo
1567 2991 1746 3054 potest
1781 2984 1938 3038 intel-

2035 1809 2425 1879 proximorurn,
2480 1807 2693 1861 interna
2724 1806 3080 1862 exsultatione
3107 1807 3352 1875 dilatent,
3403 1824 3612 1880 semper

2036 1914 2257 1969 Operam
2284 1898 2414 1952 dare
2454 1897 2743 1952 virtutibus
2767 1907 2959 1953 curant
2983 1916 2995 1951 :
3048 1899 3341 1968 prudenter
3367 1901 3613 1957 videlicet

2037 1989 2180 2043 inter
2226 1989 2366 2044 bona
2398 1996 2454 2042 et
2500 1988 2639 2042 mala
2683 1987 3088 2054 discernentes,
3140 1988 3351 2044 fortiter
3386 1991 3611 2046 adversa

2038 2081 2385 2146 sustinentes,
2408 2094 2506 2136 cor
2528 2079 2595 2134 ab
2618 2080 2853 2149 appetitu
2876 2079 3208 2149 voluptatum
3235 2089 3609 2152 temperantes,

2032 2171 2296 2241 justitiam
2333 2169 2385 2224 in
2415 2168 2728 2239 operatione
2751 2175 3017 2224 tenentes.
3050 2170 3236 2225 Trium
3259 2188 3387 2227 vero
3407 2175 3613 2230 cubito-

2038 2276 2157 2314 rum
2188 2259 2250 2313 ﬁt
2289 2258 2516 2312 altitudo
2541 2257 2773 2321 basium,
2815 2273 2936 2312 cum
2968 2272 3066 2327 per
3089 2261 3406 2316 exercitium
3443 2263 3613 2318 virtu-

2039 2357 2175 2416 tum,
2213 2364 2347 2419 quas
2375 2363 2497 2402 cum
2531 2346 2787 2417 patientia
2811 2347 3096 2413 malorum,
3120 2356 3175 2403 et
3202 2349 3486 2408 dilectione
3519 2354 3612 2407 ho-

2038 2455 2232 2495 norum
2278 2446 2567 2505 exercent,
2601 2438 2853 2492 continua
2902 2438 3203 2496 intentione
3247 2442 3314 2497 ad
3350 2443 3612 2499 visionem

2042 2541 2242 2588 sancta:
2269 2530 2553 2586 Trinitatis
2573 2529 2856 2599 pervenire
2892 2538 3162 2602 satagunt.

2119 2641 2137 2672 ‹
2171 2622 2237 2676 Ει
2262 2622 2436 2691 ipsum
2461 2635 2598 2690 opus
2623 2620 2832 2674 basium
2878 2620 3182 2677 interrasile
3225 2632 3360 2687 erat,
3388 2633 3444 2679 et
3473 2626 3613 2680 scul-

2046 2731 2066 2763 ι
2100 2720 2272 2782 ptume
2317 2712 2459 2765 inter
2473 2708 2775 2779 juncturas.
2814 2730 2831 2762 ι
2882 2708 3170 2766 Juncturas
3196 2714 3374 2769 dicere
3407 2716 3617 2771 videtur

2041 2817 2134 2858 eas
2165 2801 2362 2872 quibus
2388 2800 2503 2869 ipse
2524 2799 2754 2854 luterum
2782 2800 2978 2854 tabulae
3008 2800 3220 2857 sibimet
3235 2803 3464 2859 invicem
3492 2822 3619 2861 con-

2039 2908 2193 2948 nexa:
2221 2899 2365 2958 sunt,
2419 2900 2476 2946 ut
2506 2892 2712 2948 scilicet
2741 2900 2975 2962 quatuor
3000 2893 3117 2948 sive
3158 2896 3395 2967 quinque
3418 2899 3613 2953 tabulis
3660 2910 3667 2915 '

2039 3000 2147 3040 una
2174 2985 2328 3040 fieret
2364 2985 2529 3040 basis.
2586 2984 2781 3050 Quales
2810 2985 3109 3055 sculpturas
3145 2987 3305 3042 bases
3346 2988 3485 3043 inter
3520 2989 3618 3045 has

359 3088 447 3155 ligi
480 3105 495 3139 :
533 3101 677 3156 quae,
702 3082 857 3152 juxta
883 3096 1069 3137 vocem
1090 3076 1440 3151 praecursoris
1456 3075 1735 3145 Baptistae,
1765 3082 1848 3129 est
1872 3076 1938 3129 ab
1965 3068 2010 3130 C
2036 3077 2339 3147 juncturas,
2388 3077 2441 3131 id
2472 3086 2575 3142 est,
2628 3077 2683 3131 in
2713 3076 2842 3147 ipsis
2880 3077 2990 3132 suis
3015 3077 3271 3133 lateribus
3306 3072 3430 3135 ante
3458 3091 3510 3135 et
3535 3098 3619 3137 re-

362 3176 477 3245 ipso
509 3174 785 3245 baptizata
826 3173 879 3226 in
925 3170 1128 3241 Spiritu
1159 3174 1349 3224 sancto
1374 3173 1429 3221 et
1453 3166 1561 3237 igni
1593 3165 1809 3238 (Matth.
1837 3165 1941 3234 tu).

361 3266 513 3321 Sicut
531 3280 664 3337 ergo
692 3262 1020 3326 sacerdotes,
1049 3260 1140 3331 qui
1178 3261 1233 3313 in
1273 3274 1422 3313 mare
1474 3258 1809 3323 lavabantur,
1838 3257 1946 3313 for-

360 3372 503 3411 mam
541 3355 854 3425 exprimunt
880 3366 1066 3407 eorum
1092 3350 1183 3420 qui
1227 3363 1326 3419 per
1350 3348 1618 3418 baptisma
1645 3346 1946 3403 eﬁiciuntur

360 3448 554 3503 summi
575 3452 856 3502 consortes
890 3443 1193 3508 sacerdotii,
1222 3441 1364 3512 quod
1385 3449 1471 3496 est
1500 3441 1552 3494 in
1577 3441 1800 3495 Domino
1819 3439 1946 3494 Jesu

362 3540 613 3601 Christo,
660 3538 735 3589 ita
775 3536 938 3590 etiam
984 3532 1296 3587 holocausta
1354 3531 1667 3586 eorumdem
1719 3529 1945 3601 ﬁguram

365 3629 646 3699 aptissime
674 3625 1034 3695 praztendunt,
1052 3638 1174 3677 cum
1199 3630 1323 3693 post
1344 3621 1668 3676 ablutionem
1692 3617 1945 3689 baptismi

366 3720 539 3789 gratia
572 3716 749 3772 sancti
777 3715 1010 3785 Spiritus
1035 3715 1344 3785 implentur.
1374 3713 1609 3766 Lavatur
1636 3726 1869 3781 namque
1892 3711 1949 3765 in

369 3814 540 3868 lutere
568 3810 771 3873 hostia,
819 3824 940 3863 cum
969 3808 1088 3877 quis
1121 3806 1357 3862 fidelium
1382 3819 1517 3873 aqua
1547 3804 1798 3874 baptismi
1824 3818 1948 3874 per-

365 3899 631 3953 funditur.
662 3896 900 3952 Oﬂ'ertur
926 3909 1053 3950 vero
1077 3896 1128 3948 in
1158 3893 1548 3957 holocaustum,
1578 3907 1698 3946 cum
1722 3907 1820 3961 per
1849 3892 1949 3946 im-

364 3991 693 4060 positionem
748 4003 937 4041 manus
983 3986 1216 4055 episcopi
1253 3985 1451 4039 donum
1499 3984 1672 4038 sancti
1719 3981 1948 4052 Spiritus

366 4079 582 4148 accipit.
639 4076 794 4143 Quod
840 4090 969 4129 vero
1015 4075 1097 4128 ad-
1123 4073 1416 4142 portandos
1468 4072 1670 4128 luteres
1695 4114 1710 4138 ,
1760 4074 1948 4129 decem

367 4177 491 4219 sunt
518 4168 677 4219 bases
717 4162 894 4229 factm,
940 4170 1155 4232 poterat
1207 4163 1280 4216 ita
1324 4164 1550 4232 mystice
1577 4163 1942 4231 interpretari,

365 4259 492 4327 quia
524 4256 762 4310 ministri
790 4254 996 4309 lavacri
1024 4252 1204 4309 vitalis
1226 4292 1241 4317 ,
1271 4254 1338 4306 ad
1366 4261 1566 4307 teterna
1592 4253 1787 4322 gaudia
1814 4252 1943 4307 bea-

370 4347 620 4400 titudinis
664 4346 807 4416 (qua:
834 4344 1055 4398 denario
1084 4342 1261 4398 solent
1302 4357 1527 4397 numero
1575 4342 1815 4413 ﬁgurari)
1848 4356 1944 4396 eos

2045 3174 2151 3231 tro,
2180 3166 2368 3221 dextra
2404 3172 2459 3221 et
2505 3166 2746 3231 sinistra,
2795 3172 2848 3221 et
2875 3182 3037 3236 supra
3073 3182 3284 3237 quoque
3314 3169 3616 3237 habuerint,

2044 3255 2321 3310 subdendo
2343 3255 2602 3325 aperitur,
2640 3258 2762 3310 cum
2790 3255 3022 3310 dicitur:

2122 3368 2140 3400 ο
2181 3351 2327 3405 Inter
2380 3351 2664 3406 coronulas
2702 3360 2756 3406 et
2788 3351 2993 3422 plectas
3042 3352 3224 3410 leones
3262 3364 3317 3411 et
3357 3356 3522 3413 boves
3564 3371 3619 3416 et

2052 3456 2070 3488 ι
2108 3438 2388 3493 cherubim
2430 3447 2487 3493 et
2525 3440 2805 3510 iuncturas
2841 3441 3091 3498 similiter
3137 3444 3387 3516 desuper.
3424 3468 3441 3500 ι
3502 3448 3617 3504 Non

2045 3541 2174 3597 ergo
2196 3526 2359 3597 plana
2376 3536 2492 3582 erat
2517 3528 2623 3583 ulla
2653 3543 2717 3584 ex
2744 3539 2897 3598 parte
2918 3531 3231 3600 superﬁcies
3251 3535 3460 3590 basium
3485 3554 3499 3603 ;
3525 3540 3619 3594 sed

2044 3621 2283 3690 undique
2306 3637 2523 3677 versum
2557 3623 2798 3693 mysticis
2844 3624 3045 3694 sculpta
3091 3625 3292 3695 ﬁguris,
3337 3629 3461 3696 quia
3491 3645 3617 3683 san-

2046 3722 2256 3768 ctorum
2281 3721 2511 3778 mentes,
2537 3713 2647 3767 imo
2672 3714 2921 3769 universa
2948 3730 3131 3770 eorum
3155 3720 3491 3774 conversatio
3512 3721 3621 3774 vir-

2046 3811 2219 3858 tutum
2258 3804 2311 3858 in
2340 3805 2590 3859 omnibus
2612 3806 2841 3873 gratiam
2867 3807 3149 3874 praetendit
3173 3825 3187 3872 ;
3242 3823 3416 3879 neque
3442 3811 3619 3881 aliqua

2047 3893 2166 3948 illus
2195 3896 2327 3949 hora
2358 3895 2531 3948 inanis
2556 3901 2611 3948 et
2653 3910 2822 3949 vacua
2869 3897 3127 3963 prmterit,
3179 3897 3229 3951 in
3261 3913 3363 3967 qua
3393 3901 3495 3969 piis
3522 3918 3618 3957 va—

2046 4000 2171 4041 care
2202 3985 2454 4048 operibus
2500 3984 2583 4038 vel
2611 3985 2949 4040 sermonibus
2974 3986 3058 4041 vel
3107 3997 3252 4042 certe
3282 3992 3621 4060 cogitationi—

2046 4077 2147 4130 bus
2176 4074 2454 4128 desistant.
2500 4073 2795 4129 Coronulas
2821 4076 3019 4145 quippe
3052 4077 3105 4130 in
3153 4093 3210 4133 se
3257 4081 3488 4151 sculptas
3518 4084 3617 4137 ha-

2044 4166 2194 4230 bent,
2254 4180 2374 4218 cum
2407 4164 2473 4218 ad
2512 4164 2810 4233 ingressum
2863 4165 2985 4219 vitre
3012 4169 3261 4234 perennis
3305 4170 3616 4243 infatigabili

2047 4254 2309 4310 desiderio
2339 4253 2611 4307 anhelant.
2660 4253 2871 4309 Plectas
2912 4256 3130 4321 habent,
3182 4274 3301 4312 cum
3357 4261 3495 4316 inter
3528 4266 3619 4319 (le-

2047 4344 2241 4400 sideria
2296 4345 2418 4399 vita:
2465 4344 2720 4409 celestis,
2770 4359 2890 4415 qure
2941 4362 3151 4401 sursum
3184 4358 3305 4415 est,
3344 4368 3618 4424 nunquam

367 4450 505 4504 quos
536 4407 807 4498 imbuunt,
832 4441 1043 4488 vocent.
1088 4433 1287 4490 Verum
1327 4432 1448 4502 quia
1477 4432 1543 4486 de
1572 4407 1772 4486 eisdem
1796 4407 1940 4486 vlute-
1969 4407 2021 4468 Β
2046 4437 2299 4490 fraterna:
2329 4434 2605 4489 societatis
2630 4475 2645 4499 ,
2695 4407 2813 4504 quae
2858 4432 3010 4502 juxta
3038 4446 3158 4503 ‘est,
3190 4407 3401 4495 vincula

367 4528 522 4580 ribus
555 4525 807 4580 distincte
831 4524 885 4578 in
915 4524 1263 4593 sequentibus
1289 4523 1544 4592 scriptum
1565 4530 1671 4587 est,
1697 4523 1836 4591 quod
1860 4523 1939 4576 vi-

370 4618 568 4672 delicet
605 4618 846 4688 quinque
883 4630 951 4671 ex
976 4617 1061 4671 his
1084 4616 1245 4685 positi
1278 4625 1404 4671 sunt
1429 4617 1497 4671 ad
1519 4616 1795 4670 dexteram
1825 4631 1944 4685 par-

369 4717 479 4760 tem
511 4705 714 4776 templi,
755 4712 812 4760 et
839 4705 1074 4774 quinque
1103 4705 1169 4759 ad
1208 4704 1516 4767 sinistram,
1562 4704 1731 4774 magis
1770 4704 1823 4757 in
1863 4705 1942 4759 eis

369 4796 603 4865 quinarii
626 4797 837 4851 numeri
878 4803 1004 4850 sunt
1035 4796 1283 4850 intuenda
1326 4795 1597 4865 mysteria.
1638 4794 1695 4848 ιιι
1718 4803 1941 4865 utraque

368 4886 568 4939 etenim
594 4894 748 4955 parte
784 4885 968 4954 templi
1009 4894 1133 4939 sunt
1166 4885 1353 4954 posita:
1389 4886 1543 4939 bases
1586 4884 1839 4949 luterum,
1890 4893 1947 4938 ut

367 4973 586 5042 utrique
622 4974 719 5029 Dei
743 4973 943 5044 p0pnlo
970 4974 1110 5028 sacri
1162 4972 1323 5028 fontis
1365 4974 1533 5041 gratia
1579 4973 1948 5042 designaretur

367 5084 492 5123 esse
531 5069 833 5138 pandenda.
885 5068 953 5140 Et
987 5068 1221 5137 quinque
1269 5075 1393 5121 sunt
1438 5067 1489 5120 in
1526 5076 1753 5136 utraque
1797 5077 1945 5136 parte

368 5160 533 5225 (sicut
555 5160 609 5213 in
632 5160 969 5228 expositione
998 5159 1183 5222 maris,
1219 5158 1363 5227 quod
1389 5158 1623 5226 quinque
1658 5159 1851 5212 cubitis
1872 5159 1940 5210 al-

369 5257 485 5302 tum
513 5250 1551 5324 est,jamdiximus)utdemonstraretur
1590 5248 1782 5317 typice,
1830 5248 1947 5300 uni-

367 5354 528 5394 versa
558 5340 825 5401 ﬁdelibus,
852 5356 970 5410 qua:
995 5356 1092 5410 per
1116 5341 1353 5409 quinque
1376 5354 1568 5393 sensus
1590 5340 1831 5408 corporis
1857 5340 1949 5392 de-

369 5431 663 5499 liquerant,
688 5445 788 5500 per
813 5431 1086 5484 lavacrum
1109 5432 1445 5499 baptismatis
1466 5444 1583 5486 esse
1605 5430 1941 5484 remittenda.

370 5518 518 5573 Sicut
542 5536 676 5589 ergo
700 5521 752 5573 in
782 5536 887 5575 uno
912 5522 1042 5575 mari
1086 5522 1365 5574 duodecim
1395 5523 1565 5576 bobus
1610 5523 1944 5589 superposita

369 5611 551 5664 unitas
597 5612 923 5680 exprimitur
975 5613 1331 5681 baptismatis,
1373 5627 1490 5680 quae
1542 5627 1637 5680 per
1679 5612 1944 5680 apostolus

2044 4537 2193 4584 vunt.
2225 4528 2436 4585 Habent
2463 4529 2603 4582 inter
2626 4527 2909 4583 coronulas
2936 4536 2990 4583 et
3024 4529 3226 4599 plectas
3265 4531 3464 4601 leones,
3494 4551 3615 4592 cum

2042 4621 2114 4673 ita
2146 4620 2212 4673 ad
2233 4617 2497 4689 speranda
2524 4617 2761 4673 caelestia
2803 4627 3035 4672 mentem
3064 4620 3297 4691 erigunt,
3340 4624 3412 4679 ita
3446 4628 3512 4680 ad
3541 4626 3619 4680 di-

2044 4702 2283 4780 ligendos
2306 4710 2580 4778 proximos
2604 4708 2854 4773 dilatant,
2888 4726 2949 4763 ut
2968 4710 3021 4763 in
3046 4720 3329 4781 peccantes
3358 4730 3623 4789 quosque,

2045 4803 2134 4869 qui
2175 4802 2274 4855 sibi
2306 4801 2579 4855 commissi
2630 4809 2772 4863 sunt,
2824 4800 3087 4856 fervorem
3128 4818 3330 4873 aspera:
3356 4808 3620 4864 inventio-

2048 4891 2132 4943 nis
2157 4903 2411 4944 exercere
2458 4905 2562 4942 non
2589 4890 2818 4944 tardent.
2870 4889 3077 4946 Habent
3107 4908 3228 4948 cum
3260 4895 3502 4954 leonibus
3526 4904 3625 4955 bo-

2047 4994 2158 5044 ves,
2185 4980 2397 5049 quando
2422 4980 2593 5047 ipsam
2623 4979 2979 5035 invectioncm
3014 4984 3335 5054 corripiendi
3369 5002 3489 5042 cum
3512 4993 3621 5060 spi-

2045 5070 2152 5123 ritu
2180 5069 2605 5124 mansuctudinis
2631 5071 2904 5136 exhibent,
2946 5073 3161 5140 quando
3186 5075 3238 5128 in
3287 5074 3496 5133 fervore
3528 5099 3617 5133 ar-

2046 5160 2241 5227 guendi
2273 5175 2543 5228 nunquam
2599 5159 2778 5215 ﬁssam
2832 5163 3028 5217 habere
3079 5166 3327 5235 ungulam
3366 5171 3609 5224 discreta-

2046 5250 2275 5305 actionis
2303 5266 2365 5304 ac
2396 5251 2641 5319 loquelae,
2678 5269 2946 5322 nunquam
2987 5257 3149 5310 verba
3189 5258 3379 5313 divina:
3425 5260 3612 5315 lt'ctio-

2048 5340 2130 5394 nis
2159 5341 2302 5393 velut
2329 5342 2646 5396 ruminando
2682 5343 2733 5394 iu
2759 5358 2853 5396 ore
2876 5342 3089 5399 volvere
3112 5356 3361 5400 cessant:

2123 5448 2140 5479 ‹
2172 5429 2241 5484 Et
2270 5445 2434 5499 super
2465 5431 2650 5485 leones
2677 5440 2731 5485 et
2774 5434 2936 5486 boves
2960 5435 3111 5501 quasi
3151 5435 3265 5489 lora
3303 5451 3367 5490 ex
3394 5453 3498 5490 :ere
3522 5439 3614 5488 de-

2052 5539 2069 5569 ε
2107 5522 2413 5589 pendentia.
2450 5541 2466 5572 ι
2510 5520 2878 5589 Supcrlcones
2896 5532 2949 5576 et
2972 5526 3133 5578 boves
3162 5524 3273 5577 lora
3298 5526 3621 5593 dependent,

2046 5612 2259 5683 quando
2283 5612 2452 5666 sancti
2479 5613 2742 5676 doctores,
2770 5622 2821 5665 et
2848 5613 2899 5666 in
2929 5614 3213 5666 severitate
3243 5614 3619 5683 districtionis,
