4026 6202
370 270 483 323 ’175

1048 265 1106 318 Β.
1149 263 1401 318 R.\B.\i\'l
1442 262 1655 316 MMij
1695 260 1957 315 ARClill-Il

2057 257 2361 314 MOCUNT.
2406 260 2688 315 Ol’bllll7hl
2722 261 2901 316 PARS
2940 262 2979 316 1.

3514 266 3617 320 176

378 402 482 456 qua
506 381 1073 455 pcecantesjudicant,
1104 386 1158 429 et
1184 377 1235 430 in
1259 373 1666 429 mansuetudine
1693 372 1948 433 lenitatis,
1983 377 2026 431 Α
2061 387 2154 442 per
2182 372 2360 443 operis
2407 374 2660 428 nimirum
2703 375 3087 444 perfectionem
3128 389 3182 434 et
3229 380 3438 435 initium
3489 397 3625 437 con-

380 492 486 547 qua
536 471 920 544 pmnitcntibus
972 468 1272 530 remittunt,
1314 463 1573 532 judicium
1626 463 1707 516 sui
1759 472 1940 517 tenent

378 565 632 626 auctoris,
660 578 726 617 ne
752 561 887 616 forte
908 558 1101 627 injuste
1136 556 1348 626 ligando
1376 562 1467 608 aut
1491 554 1743 609 solvendo
1764 568 1943 622 quem-

380 660 544 728 piam,
579 654 690 724 jam
708 654 851 723 juste
890 649 1047 719 ligari
1077 647 1174 718 ipsi
1202 647 1269 703 ab
1299 660 1363 701 eo
1400 644 1553 714 cujus
1570 644 1831 714 judicium
1860 658 1944 696 er-

379 763 501 802 rare
532 744 717 813 nequit
750 747 1073 796 mereantur.
1928 804 1931 809 h

454 857 472 887 ι
510 836 575 890 Ει
597 841 825 902 quatuor
859 836 988 883 rota:
1008 842 1105 897 per
1128 827 1285 880 bases
1306 823 1539 895 singulas
1559 831 1614 876 et
1636 834 1764 876 axes
1798 818 1941 873 mrei.

384 947 400 975 ι
444 927 508 979 Et
538 939 632 994 per
662 929 893 991 quatuor
919 925 1103 988 partes
1146 916 1300 985 quasi
1350 912 1614 969 liumeruli
1642 912 1828 966 subter
1861 909 1943 962 lu-

382 1035 403 1068 ι
448 1025 617 1069 terem
660 1011 844 1065 fusiles
891 1017 1079 1064 contra
1129 1022 1187 1060 se
1227 1005 1455 1060 invicem
1501 1010 1885 1073 respectantes.
1923 1020 1941 1052 ι

374 1108 617 1173 Quatuor
646 1111 797 1166 rotae,
820 1108 1051 1169 quatuor
1088 1106 1212 1152 sunt
1247 1094 1654 1163 Evangeliorum
1678 1091 1819 1145 libri.
1847 1089 1948 1157 Qui

376 1196 652 1267 aptissime
684 1193 817 1247 rotis
859 1197 1262 1259 comparantur,
1312 1187 1437 1255 quia
1481 1185 1619 1239 sicut
1646 1182 1950 1236 volubilitas

378 1296 509 1341 rotae
529 1284 790 1341 citissitno
829 1297 1010 1343 cursu,
1061 1291 1378 1347 quocunque
1401 1268 1825 1336 ducitur'carrit,
1875 1271 1949 1325 ita

377 1377 716 1448 evangelicus
746 1389 945 1436 sermo,
984 1370 1207 1439 jabcnte
1246 1368 1491 1428 Domino,
1541 1382 1639 1436 per
1679 1362 1951 1433 apostolos

378 1470 656 1523 universas
681 1466 733 1519 in
772 1463 920 1518 brevi
946 1461 1127 1515 mundi
1153 1459 1335 1531 plagas
1364 1456 1620 1527 implevit.
1651 1454 1803 1509 Sicut
1831 1463 1949 1508 rota

377 1558 687 1629 impositam
717 1554 817 1609 sibi
847 1566 1064 1607 currum
1089 1566 1120 1604 a
1151 1559 1293 1604 terra
1329 1547 1591 1609 sublevat,
1623 1553 1678 1600 et
1702 1544 1950 1598 subleva-

382 1657 511 1710 tum,
539 1659 647 1714 quo
681 1642 867 1713 auriga
898 1640 1098 1711 dirigit,
1127 1644 1325 1708 portat,
1373 1636 1447 1690 ita
1472 1632 1778 1705 evangelica
1810 1648 1950 1702 prm-

380 1711 574 1792 dicatio
606 1711 824 1789 mentes
840 1732 1130 1787 electorum
1159 1745 1188 1783 a
1227 1727 1455 1782 terrenis
1481 1723 1864 1795 cupiditatibus
1895 1721 1947 1775 in
1978 1711 2024 1770 Β

375 1829 615 1885 caelestia
644 1826 909 1882 desideria
937 1822 1230 1894 suspendit,
1271 1836 1335 1875 ac
1370 1833 1657 1888 suspensas
1684 1816 1749 1870 ad
1776 1814 1952 1884 profe-

379 1930 524 1973 ctum
557 1919 708 1974 bona:
729 1915 954 1970 actionis
981 1914 1093 1968 sive
1122 1912 1190 1966 ad
1224 1910 1577 1966 ministerium
1606 1906 1949 1978 praedicatio-

378 2014 463 2067 nis
510 2023 830 2080 quocunque
882 2007 1139 2078 adjuvans
1186 2004 1358 2075 gratia
1407 2002 1641 2073 Spiritus
1691 2000 1947 2064 voluerit,

379 2108 545 2162 ducit.
587 2105 827 2175 Namque
856 2104 909 2158 in
938 2102 1283 2171 sequentibus
1310 2100 1506 2155 dicitur
1530 2116 1541 2151 :

453 2215 471 2247 ι
517 2196 652 2263 Quia
686 2195 821 2249 tales
847 2201 1003 2247 erant
1038 2200 1202 2255 rotm,
1254 2190 1445 2260 quales
1484 2189 1660 2245 solent
1709 2189 1762 2243 in
1789 2204 1951 2243 curru

385 2307 402 2337 ι
441 2287 575 2341 fieri.
618 2306 638 2339 ι
672 2285 925 2355 Legimus
949 2292 1130 2337 autem
1176 2283 1241 2335 de
1290 2281 1530 2336 sanctis:
1581 2299 1599 2331 ι
1628 2279 1832 2334 Curras
1859 2279 1952 2335 Dei

380 2381 565 2432 decem
624 2376 856 2430 millibus
902 2372 1178 2442 multiplex
1233 2372 1399 2426 millia
1447 2370 1742 2425 hetantium
1779 2368 1948 2439 (Psal.

380 2471 569 2539 LXVII).
605 2488 623 2521 ι
666 2468 723 2524 Si
761 2482 889 2538 ergo
924 2467 1084 2521 bases
1131 2465 1362 2519 laterum
1393 2464 1565 2517 sancti
1615 2469 1740 2516 sunt
1765 2461 1952 2516 docto-

383 2573 493 2621 res,
547 2556 638 2625 qui
683 2556 954 2608 lavacrum
1007 2552 1164 2607 nobis
1203 2552 1327 2605 vitze
1374 2551 1703 2614 ministrant,
1743 2557 1798 2602 et
1825 2556 1955 2602 rotae

386 2656 664 2716 quaterna:
693 2645 902 2698 basium
948 2650 1177 2713 quatuor
1205 2651 1329 2697 sunt
1369 2642 1489 2696 libri
1518 2640 1951 2711 Evangeliorum,

384 2736 516 2806 quid
541 2750 671 2790 axes
712 2742 970 2798 rotarum,
1011 2734 1099 2803 qui
1133 2735 1291 2788 bases
1316 2740 1546 2804 gestant,
1587 2732 1688 2786 nisi
1721 2732 1832 2800 ipsa
1864 2746 1956 2786 eo-

385 2827 629 2883 rumdem
668 2834 791 2882 sunt
810 2826 972 2882 corda
994 2826 1294 2889 doctorum,
1333 2839 1454 2893 quae
1476 2824 1599 2877 dum
1623 2861 1638 2888 ,
1674 2822 1957 2891 prmceptis

320 2957 330 2968 .
382 2916 704 2988 cvangelicis
749 2915 933 2971 sedqu
968 2914 1315 2978 intendentia,
1371 2928 1468 2968 eos
1502 2911 1570 2967 ab
1622 2911 1956 2966 infirmorum

388 3010 621 3083 appetitu
652 3007 958 3068 sustollant,
1008 3006 1148 3061 velut
1186 3006 1410 3062 immissi
1457 3005 1590 3059 rotis
1631 3019 1762 3058 axes
1795 3003 1955 3057 altius

388 3077 560 3161 basim
588 3118 618 3158 a
651 3112 794 3158 terra
826 3099 1146 3156 sablevant?
1191 3098 1360 3154 Porro
1388 3096 1678 3160 bameruli,
1704 3095 1793 3164 qui
1827 3094 1958 3148 rotis
1986 3077 2032 3141 C

386 3194 711 3267 antepositi,
760 3208 828 3247 ne
871 3193 939 3247 ab
983 3191 1176 3246 axibus
1220 3190 1394 3246 delabi
1436 3198 1683 3259 possent,
1726 3187 1957 3242 obsiste-

384 3288 554 3350 bant,
601 3284 905 3356 significant
954 3283 1221 3353 prmconia
1278 3282 1703 3351 prophetarum,
1764 3279 1960 3349 quibus

388 3376 696 3449 evangelica
722 3384 779 3431 et
824 3374 1115 3446 apostolica
1143 3374 1440 3443 Scriptura,
1466 3389 1534 3427 ne
1559 3374 1642 3427 cui
1668 3371 1957 3443 legentium

384 3469 441 3522 in
474 3466 694 3522 dubium
744 3463 884 3519 forte
932 3463 1141 3528 veniat,
1191 3462 1558 3519 confirmatur.
1602 3462 1746 3516 Bene
1777 3470 1956 3515 autem

387 3558 586 3615 dicitur
608 3556 749 3627 quod
774 3554 1062 3619 humeruli,
1103 3554 1192 3624 qui
1241 3568 1339 3623 per
1364 3564 1595 3622 quatuor
1625 3564 1809 3623 partes
1835 3554 1960 3607 sub—

389 3661 472 3704 ter
494 3649 726 3703 laterum
765 3656 923 3702 erant
944 3646 1123 3716 positi,
1163 3653 1348 3700 contra
1395 3661 1454 3700 se
1501 3646 1731 3699 invicem
1759 3644 1960 3699 fuerint

386 3746 774 3810 reSpectantes,
817 3738 944 3806 quia
996 3736 1250 3791 nimirum
1292 3736 1469 3790 omnis
1515 3734 1794 3805 Scriptura
1829 3750 1957 3805 pro-

384 3830 600 3902 phetica
620 3830 838 3885 sibimet
856 3828 1084 3883 invicem
1109 3834 1465 3883 consentanea
1487 3835 1571 3883 est
1592 3864 1608 3889 ,
1633 3833 1835 3894 utpote
1853 3839 1961 3880 uno

388 3922 481 3975 Dei
518 3920 721 3990 Spiritu
762 3919 995 3975 condita.
1045 3918 1285 3986 Quatuor
1331 3925 1512 3972 autem
1557 3916 1709 3973 fuere
1737 3929 1834 3987 per
1866 3917 1957 3972 ba-

387 4026 475 4067 ses
503 4009 740 4080 singulas
764 4008 1051 4075 humeruli,
1091 4007 1338 4064 videlicet
1370 4007 1524 4078 juxta
1554 3999 1838 4064 numerum
1874 4021 1961 4061 ro-

389 4110 598 4167 tarum;
650 4115 757 4155 non
808 4099 934 4168 quia
985 4106 1214 4168 quatuor
1252 4106 1616 4153 sunttantum
1650 4097 1775 4153 libri
1830 4113 1958 4168 pro-

389 4194 622 4263 phetici,
653 4191 746 4247 sed
768 4192 894 4261 quia
924 4191 977 4244 in
1007 4189 1256 4245 onniibus
1291 4203 1411 4259 qua:
1453 4189 1616 4244 locuti
1659 4195 1787 4243 sunt
1828 4202 1956 4257 pro—

389 4283 565 4352 pheta:
592 4289 648 4336 et
663 4279 875 4350 Moyses
898 4279 1055 4334 dictis
1082 4286 1314 4348 quatuor
1330 4277 1779 4349 evangelistamm
1806 4277 1960 4332 testi-

390 4371 627 4426 inonium
664 4370 976 4439 praebuere,
1019 4377 1080 4423 ut
1129 4382 1199 4423 ex
1252 4383 1515 4423 consensu
1553 4367 1833 4436 utriusque
1874 4376 1955 4421 te-

2045 464 2419 533 templationis.
2471 466 2682 537 lntegre
2702 468 2901 521 etenim
2957 470 3171 525 cubitus
3218 470 3272 525 in
3305 471 3477 528 latere
3503 489 3629 542 per—

2042 550 2327 606 fectionem
2357 553 2509 608 honre
2534 554 2779 626 designat
2819 557 3068 620 actionis,
3098 572 3258 626 quam
3282 559 3485 629 absque
3520 561 3625 614 ulla

2045 642 2321 696 dubietate
2348 642 2583 697 habebat
2611 643 2722 710 ille,
2769 646 2834 699 de
2857 661 2963 716 quo
2992 650 3242 702 tentatori
3272 651 3495 720 antiquo
3517 650 3628 706 Do-

2045 734 2221 791 minus
2244 736 2421 791 aiebat
2449 755 2461 789 :
2498 755 2516 788 t
2549 737 2798 807 Nunquid
2817 740 3169 796 considerasti
3203 758 3415 799 servum
3449 760 3627 799 mcum

2043 825 2161 890 Job,
2219 828 2360 897 quod
2407 844 2514 883 non
2552 830 2626 884 sit
2650 830 2700 884 ei
2748 831 2939 885 similis
2994 848 3157 903 super
3204 842 3426 900 terram,
3467 837 3629 892 homo

2046 920 2297 990 simplex,
2342 928 2396 975 et
2428 929 2611 975 rectus
2647 937 2710 976 ac
2741 923 2934 978 timens
2964 924 3131 979 Deum
3157 966 3171 989 ,
3211 936 3267 981 et
3300 930 3557 984 recedens
3588 946 3621 983 τι

2046 1012 2189 1067 malo
2219 1013 2360 1083 (Job.
2400 1014 2477 1083 1)?
2505 1035 2524 1067 ι
2550 1014 2647 1069 Est
2686 1031 2811 1071 vero
2834 1016 2969 1072 alter
3013 1020 3224 1074 cubitus
3252 1021 3446 1077 divinre
3468 1024 3630 1077 visio-

2047 1103 2149 1166 nis,
2179 1102 2270 1172 qui
2304 1119 2369 1158 ex
2394 1113 2548 1174 parte
2577 1105 2828 1159 nonnulla
2875 1107 3038 1161 etiam
3074 1108 3125 1161 in
3170 1110 3272 1165 hac
3299 1111 3475 1167 adhuc
3519 1114 3629 1168 vita

2048 1194 2273 1246 retentis
2315 1192 2563 1248 fidelibus
2613 1195 2800 1249 donari
2846 1200 3164 1262 consuevit,
3211 1209 3271 1254 ut
3322 1202 3462 1256 idcnt
3505 1204 3628 1267 Job,

2049 1281 2258 1335 devicto
2297 1283 2628 1348 adversario,
2661 1300 2785 1339 cum
2816 1286 3039 1342 Domino
3070 1287 3292 1358 loquens
3318 1292 3395 1344 ait
3422 1310 3434 1344 :
3475 1311 3491 1343 ‹
3524 1293 3631 1345 Λιι-

2049 1368 2164 1423 dita
2211 1370 2361 1424 auris
2397 1372 2578 1425 audivi
2628 1381 2698 1439 te,
2755 1390 2899 1431 nunc
2927 1385 3109 1431 autem
3143 1378 3330 1433 oculus
3362 1396 3513 1435 meus
3549 1383 3629 1435 vi-

2050 1461 2140 1516 det
2168 1469 2219 1515 te
2247 1462 2391 1532 (Job.
2414 1466 2569 1536 xui).
2601 1483 2620 1516 ι
2657 1464 2926 1535 Scriptum
2951 1477 3038 1523 cst
3065 1484 3299 1537 namque
3326 1472 3380 1524 ia
3408 1487 3633 1540 sequen-

2053 1551 2195 1606 tibus
2220 1568 2234 1604 :
2270 1570 2289 1602 ί
2320 1552 2436 1608 Una
2460 1562 2578 1609 rota
2604 1554 2836 1610 habebat
2866 1556 3164 1615 altitudinis
3196 1561 3433 1616 cubitum
3459 1574 3514 1618 et
3542 1580 3631 1619 sc-

2050 1642 2173 1697 mis.
2208 1662 2228 1694 ι
2267 1643 2335 1697 Et
2355 1644 2515 1713 paulo
2546 1654 2665 1715 post
2695 1660 2710 1699 :
2762 1664 2780 1698 ι
2817 1646 2876 1701 ln
2907 1651 3215 1705 summitate
3272 1663 3452 1708 autem
3488 1656 3632 1709 basis

2051 1735 2434 1803 eratqumdam
2481 1737 2784 1792 rotunditas
2822 1740 2981 1793 unius
3009 1748 3063 1794 et
3088 1740 3296 1801 dimidii
3329 1745 3517 1809 cubiti,
3559 1746 3630 1799 ita

2053 1823 2367 1890 fabrefacta,
2397 1834 2456 1879 ut
2483 1825 2625 1881 luter
2651 1827 2884 1897 desuper
2911 1839 3091 1897 posset
3117 1831 3349 1900 imponi.

2121 1912 2379 1969 Laterum
2404 1914 2602 1984 quippe
2635 1930 2889 1970 mensura
2918 1918 3077 1973 unius
3115 1929 3234 1975 erat
3263 1921 3428 1976 cubiti
3455 1931 3510 1977 et
3546 1925 3630 1977 iii-

2054 2003 2225 2069 midii,
2274 2004 2398 2073 quia
2449 2005 2703 2058 nimirum
2733 2020 2794 2059 ea
2824 2004 2927 2061 fide
2957 2008 3011 2061 in
3043 2007 3189 2064 fonte
3214 2011 3336 2064 vita:
3364 2012 3629 2076 lavamur,

2056 2104 2113 2150 ut
2149 2111 2244 2167 per
2288 2111 2449 2165 opera
2471 2096 2695 2166 iustitiae
2719 2097 2786 2151 ad
2828 2097 2996 2152 vitam
3045 2100 3248 2155 intrare
3278 2116 3586 2158 mereamur
3617 2122 3628 2132 ·

2055 2188 2301 2258 quamvis
2328 2190 2444 2243 sine
2478 2197 2722 2259 peccato,
2767 2191 2891 2244 dum
2941 2191 3029 2246 hic
3066 2193 3315 2259 vivimus,
3363 2208 3485 2250 esse
3535 2212 3630 2250 ne-

2056 2280 2299 2348 quimus,
2352 2278 2526 2348 ipsam
2552 2293 2681 2333 vero
2725 2280 2849 2334 vitae.
2876 2281 3112 2337 cmlestis
3151 2283 3485 2339 dulcedinem
3538 2302 3636 2355 gu-

2056 2378 2202 2423 stare
2227 2383 2293 2423 ex
2322 2375 2499 2438 parte,
2545 2383 2609 2423 ac
2636 2369 2858 2439 diligere
2890 2370 2944 2423 in
2977 2371 3079 2425 hac
3110 2372 3323 2426 interim
3361 2374 3487 2437 vita,
3515 2389 3636 2443 pcr-

2056 2459 2195 2516 fecte
2244 2468 2422 2516 autem
2463 2461 2647 2516 videre
2696 2461 2838 2516 nulla
2879 2464 3428 2520 ratione'valeamus.
3481 2467 3635 2522 Rata:

2056 2567 2270 2622 quoque
2313 2568 2421 2608 uno
2470 2568 2536 2607 ac
2564 2553 2789 2608 dimidio
2833 2554 3015 2608 cubitu
3050 2566 3454 2622 mensurantur,
3505 2558 3630 2627 quia

2059 2643 2337 2713 Scriptura
2370 2642 2615 2698 lectionis
2644 2644 2965 2715 evangeliea:
2997 2646 3227 2715 qualiter
3258 2648 3309 2702 hi
3332 2649 3423 2718 qui
3454 2649 3629 2717 perfe-

2057 2734 2130 2788 cti
2177 2749 2296 2789 esse
2346 2734 2515 2788 velint
2554 2735 2738 2790 vivere
2773 2737 3022 2800 debeant,
3074 2740 3327 2802 ostendit,
3377 2755 3636 2810 spemque

2058 2835 2275 2880 aaterna:
2302 2825 2674 2880 retributionis
2707 2828 2760 2880 in
2796 2828 3049 2896 prresenti
3082 2828 3435 2895 demonstrat,
3466 2831 3638 2901 ipsam

2058 2931 2189 2971 vero
2218 2916 2589 2971 retributionis
2617 2916 2759 2972 illius
2792 2917 3110 2987 qualitatem
3158 2920 3214 2974 in
3262 2919 3440 2975 futuro
3482 2922 3640 2975 nobis

2062 3008 2401 3077 pandenaam
2424 3008 2584 3063 simul
2611 3016 2667 3063 et
2693 3008 2994 3064 donandam
3013 3025 3133 3066 esse
3160 3013 3441 3081 promittit.
3475 3012 3642 3065 Bases

2062 3100 2227 3154 etiam
2268 3099 2396 3169 ipsa:
2430 3114 2597 3155 unum
2640 3100 2911 3156 habebant
2963 3103 3202 3158 cubitum
3257 3118 3322 3158 ac
3358 3105 3637 3159 semissem

2062 3190 2430 3259 amplitudinis
2463 3190 2518 3244 in
2568 3192 2880 3248 summitate
2906 3194 2987 3249 sul
3013 3233 3027 3256 ,
3069 3195 3158 3248 ubi
3197 3194 3398 3249 lateres
3434 3196 3639 3263 recipe-

2061 3288 2201 3347 rcnt,
2244 3280 2371 3350 quia
2403 3281 2505 3350 ipsi
2538 3281 2789 3337 doctores
2835 3284 3030 3338 summi
3074 3300 3138 3338 ac
3176 3285 3407 3339 ministri
3439 3286 3638 3339 lavacri

2061 3374 2320 3429 salutaris
2362 3387 2526 3441 opere
2549 3374 2764 3442 quidem
2813 3375 3040 3442 perfecti
3079 3375 3133 3429 in
3181 3376 3282 3431 hac
3317 3377 3427 3430 vita
3479 3377 3640 3430 fulse-

2064 3471 2213 3527 runt,
2254 3462 2350 3517 sed
2379 3461 2497 3516 luce
2522 3463 2988 3533 contemplationis
3034 3478 3097 3517 ex
3125 3473 3277 3533 parte
3308 3475 3438 3519 sunt
3465 3465 3635 3520 fruiti.

2061 3549 2212 3607 Unde
2242 3560 2297 3605 et
2320 3550 2474 3605 aiant
2501 3568 2513 3604 :
2554 3569 2573 3602 ο
2608 3550 2683 3605 Ex
2708 3561 2863 3621 parte
2895 3552 3039 3607 enim
3067 3555 3461 3624 cognoscimus,
3496 3566 3547 3609 et
3571 3572 3636 3610 ex

2059 3650 2213 3710 parte
2249 3641 2652 3711 prophetamus.
2696 3638 2828 3696 Cum
2861 3651 3040 3697 autem
3074 3644 3280 3698 venerit
3329 3644 3469 3713 quod
3510 3660 3636 3713 per-

2060 3733 2258 3787 fectum
2305 3740 2410 3797 est,
2476 3732 2827 3787 evacuabitur
2867 3735 3010 3803 quod
3054 3749 3119 3789 ex
3149 3743 3303 3804 parte
3322 3744 3405 3791 est
3433 3736 3481 3805 (I
3514 3736 3638 3790 Cor.

2059 3822 2203 3895 xui).
2239 3842 2259 3876 ι

2136 3931 2154 3965 ι
2190 3914 2249 3968 ln
2278 3913 2422 3969 banc
2454 3914 2672 3969 modum
2720 3912 2848 3969 fecit
2876 3914 3061 3970 decem
3083 3915 3241 3971 bases
3275 3915 3461 3970 fusura
3507 3931 3636 3978 ara,

2066 4022 2085 4054 ι
2120 4011 2177 4059 et
2224 3996 2478 4060 mensura
2523 3995 2904 4074 sculpturaque
2945 4006 3255 4070 consimili;
3320 4004 3447 4061 fecit
3497 4021 3635 4075 quo-

2065 4112 2083 4144 σ
2121 4108 2225 4163 que
2251 4094 2437 4149 decem
2464 4093 2665 4148 lateres
2689 4109 2880 4149 aereos.
2912 4114 2932 4147 ι
2986 4094 3164 4161 Quare
3190 4094 3375 4150 decem
3403 4096 3510 4150 sint
3538 4097 3638 4150 ba-

2062 4199 2149 4240 ses
2177 4182 2352 4248 factat,
2384 4183 2713 4252 totidemque
2738 4184 2819 4239 eis
2839 4186 3162 4255 superpositi
3208 4185 3408 4241 lateres
3427 4226 3442 4250 ,
3472 4200 3635 4255 supra

2052 4278 2166 4345 jam
2193 4278 2395 4333 dictum
2421 4285 2524 4332 est.
2558 4276 2710 4344 Quod
2731 4293 2859 4333 vero
2888 4294 2995 4334 una
3025 4288 3144 4335 erat
3166 4280 3373 4346 fusura,
3420 4298 3639 4336 mensu-

2061 4383 2227 4439 raque
2258 4378 2315 4427 et
2355 4370 2628 4439 sculptura
2662 4371 2957 4427 consimilis
2982 4372 3222 4427 omnium
3268 4374 3478 4429 basium
3522 4374 3638 4428 sive

389 4462 638 4517 stamenti
664 4420 787 4516 {una
815 4459 947 4516 fides
964 4469 1020 4515 et
1051 4459 1265 4515 dilectio
1286 4458 1486 4514 Christi
1510 4467 1693 4513 nostra
1717 4458 1956 4513 omnium
1981 4420 2036 4479 Β
2062 4420 2317 4525 laterum,
2348 4474 2455 4513 non
2473 4420 2539 4514 in
2578 4474 2643 4514 ea
2670 4461 3061 4531 signiﬁcatione
3109 4462 3309 4518 factum
3339 4472 3442 4529 est,
3494 4464 3638 4533 quod

387 4554 555 4610 corda
576 4554 838 4607 firmaret.

467 4649 598 4703 «.03
639 4656 853 4710 quoque
902 4638 1091 4693 lateris
1136 4637 1456 4692 intrinsecus
1490 4644 1606 4691 erat
1655 4652 1711 4690 ιιι
1764 4636 1961 4707 capitis

393 4751 414 4784 ι
453 4732 783 4795 Summitate,
807 4738 860 4783 et
886 4730 1027 4798 quod
1057 4727 1357 4784 forinsecus
1380 4727 1672 4798 apparebat
1693 4728 1850 4782 unius
1869 4744 1962 4782 cu-

396 4840 416 4871 ι
453 4824 550 4881 biti
602 4827 718 4877 erat
768 4830 937 4875 totum
983 4819 1268 4874 rotundum
1307 4836 1322 4885 ;
1369 4819 1681 4889 pariterque
1728 4817 1961 4873 habebat

398 4930 416 4961 ι
450 4928 610 4967 unum
666 4912 904 4967 cubitum
946 4920 1001 4966 et
1048 4910 1345 4966 dimidium.
1377 4931 1396 4963 ι
1450 4910 1523 4967 Os
1577 4910 1765 4966 lateris
1805 4909 1961 4964 unius

393 5015 509 5058 erat
551 5001 715 5057 cubili
762 5011 984 5072 propter
1035 5003 1293 5060 unitatem
1339 5001 1691 5058 confessionis
1721 5012 1774 5057 et
1816 5000 1961 5066 fidei,

393 5110 498 5164 qua
534 5110 719 5152 omnes
746 5095 799 5150 in
830 5094 1165 5150 confessione
1208 5096 1382 5151 Patris
1424 5105 1478 5151 et
1497 5096 1617 5150 Filii
1645 5106 1702 5151 et
1730 5096 1964 5167 Spiritus

392 5191 568 5240 sancti
609 5186 957 5254 bnptiaamur,
1011 5187 1221 5242 dicente
1265 5188 1550 5258 Apostolo:
1605 5206 1624 5240 ι
1671 5188 1823 5243 Unus
1862 5189 1966 5242 Do-

398 5280 595 5343 minus,
637 5296 744 5335 una
786 5280 939 5345 fides,
995 5297 1158 5335 uinnn
1207 5282 1490 5350 baptisma,
1529 5298 1669 5337 unus
1710 5283 1871 5347 Deus,
1907 5291 1962 5335 et

396 5367 544 5423 Patet
583 5371 824 5425 omnium
848 5370 1061 5440 (Ep/tes.
1087 5369 1181 5439 iv).
1217 5391 1235 5422 ι
1272 5371 1335 5424 Et
1364 5371 1535 5439 ipsum
1568 5388 1631 5426 os
1677 5373 1729 5425 in
1774 5373 1964 5442 capitis

396 5469 515 5513 crat
552 5461 883 5522 summitate,
928 5468 985 5513 ut
1014 5459 1080 5513 ad
1113 5461 1353 5515 easiestia
1383 5463 1536 5517 nobis
1563 5477 1720 5531 regna
1748 5477 1843 5531 per
1869 5461 1964 5514 ba-

396 5550 593 5618 ptisma
625 5553 728 5606 iter
752 5565 869 5605 csse
895 5549 1216 5618 patefactum
1251 5552 1486 5605 doceret.
1530 5552 1645 5620 Ipse
1672 5567 1798 5606 vero
1829 5550 1968 5603 later

401 5638 457 5695 in
482 5639 833 5713 amplitudine
865 5641 1099 5697 cubitum
1123 5641 1347 5697 habebat
1391 5659 1551 5697 unum
1585 5653 1637 5699 ct
1665 5642 1964 5707 dimidium,

2062 4552 2290 4621 aequalia
2324 4552 2535 4622 possint
2558 4567 2681 4609 esse
2707 4553 2947 4609 omnium
2974 4554 3167 4610 merita
3196 4555 3498 4621 doctorum,
3543 4555 3638 4611 sed

2067 4643 2119 4697 in
2157 4658 2219 4698 ea
2261 4643 2459 4713 potius,
2507 4644 2651 4714 quod
2681 4659 2787 4699 una
2821 4643 2955 4701 fides
2999 4644 3292 4715 Evangelii,
3330 4660 3438 4715 quo
3484 4645 3641 4700 insti-

2067 4742 2311 4800 tuuntur,
2354 4750 2520 4789 unum
2549 4745 2632 4791 est
2660 4745 3056 4792 sacramentum
3082 4737 3369 4808 baptismi,
3407 4754 3516 4808 quo
3541 4740 3638 4794 ab-

2064 4825 2305 4891 luantur,
2332 4842 2474 4880 unus
2498 4827 2746 4895 idemque
2770 4836 2854 4881 est
2883 4826 3136 4897 Spiritus,
3172 4843 3279 4898 quo
3301 4843 3490 4884 omnes
3512 4844 3640 4884 con-

2069 4924 2352 4971 secrantur
2394 4918 2573 4980 electi,
2630 4918 2839 4971 tametsi
2878 4918 3192 4973 donationes
3234 4920 3433 4974 habent
3464 4920 3642 4973 diver-

2070 5023 2159 5062 sas
2182 5008 2236 5062 in
2267 5009 2383 5078 ipso
2406 5007 2629 5077 Spiritu,
2661 5007 2753 5077 qui
2788 5025 2807 5057 ‹
2836 5007 3024 5061 dividit
3054 5007 3297 5078 singulis,
3342 5015 3503 5077 prout
3525 5007 3643 5061 mit

2071 5099 2119 5169 (l
2152 5097 2273 5152 Cor.
2302 5097 2424 5168 xu).
2456 5117 2476 5150 ›
3068 5148 3086 5164 ,

2149 5211 2166 5242 ι
2212 5191 2575 5260 Quadraginta
2608 5189 2763 5244 batos
2791 5188 3037 5255 capiebat
3074 5186 3215 5241 later
3260 5201 3418 5240 unus.
3454 5205 3473 5237 ι
3504 5184 3640 5251 Qua-

2071 5281 2418 5351 dragenarius
2437 5296 2695 5335 numerus
2716 5279 2849 5334 solet
2874 5294 3079 5349 magna:
3096 5276 3437 5348 perfectionis
3460 5284 3641 5347 typum

2071 5383 2272 5433 tenere,
2319 5372 2445 5440 quia
2492 5371 2745 5425 nimirum
2783 5378 2974 5437 quater
3009 5370 3129 5425 deni
3164 5368 3367 5422 faciunt
3410 5366 3643 5435 quadra-

2072 5466 2238 5535 ginta.
2286 5464 2480 5518 Decem
2507 5474 2684 5517 autem
2733 5472 2860 5516 sunt
2902 5470 3188 5530 prmcepta,
3222 5459 3419 5528 quibus
3463 5455 3640 5512 omnis

2075 5565 2256 5610 nostra
2298 5555 2539 5623 operatio
2586 5553 2637 5605 in
2667 5552 2779 5621 lege
2813 5552 2989 5606 divina
3016 5550 3231 5621 praefixa
3261 5560 3365 5612 cst,
3406 5559 3641 5617 quatuor

2075 5661 2201 5700 vero
2231 5644 2637 5713 Evangeliorum
2672 5642 2812 5705 libri,
2846 5642 2897 5695 in
2936 5641 3128 5711 quibus
3158 5657 3252 5709 per
3280 5638 3639 5707 dispensatio.
