3902 6146
340 312 445 368 179

1008 308 1068 360 Β.
1114 307 1365 363 llABANl
1405 308 1622 364 MAUlll
1659 307 1975 363 AllClllEP.
2021 306 2329 361 MUGUNT.
2372 306 2655 362 Oi’ERUM
2697 306 2875 359 PARS
2915 303 2955 358 l.

3489 303 3592 360 180

341 425 512 479 rando
533 424 815 484 intramus,
842 431 897 472 ut
928 420 993 473 ad
1016 418 1233 487 praemia
1256 425 1469 485 patrum
1492 418 1627 471 bene
1650 417 1914 471 currendo
1945 418 1993 474 Α
2021 414 2225 478 altaris,
2273 416 2566 485 amplitudo
2592 417 2648 470 in
2703 416 2970 470 charitate
2994 417 3087 470 Dei
3134 431 3196 469 ac
3222 415 3451 485 proximi
3496 430 3590 484 per

339 514 737 588 perveniamus.

418 629 434 658 ι
478 606 735 675 Fecitque
763 602 1014 658 Salomon
1040 601 1221 655 omnia
1249 614 1395 664 vasa,
1450 601 1622 655 altare
1663 616 1913 665 aureum,

347 719 364 748 ι
407 707 459 751 θι
492 710 732 750 mensam
763 707 926 761 super
939 706 1124 774 alia“)
1151 701 1482 760 ponerentur
1505 706 1675 759 partes
1720 705 1916 759 propo-

341 788 571 851 sitionis,
601 800 843 850 auream,
877 793 983 837 etc.
1026 803 1044 833 ι
1077 782 1262 837 Altare
1293 798 1516 836 aureum
1551 783 1713 837 corda
1751 783 1915 852 signi-

339 883 468 937 ﬁcat
514 879 876 950 perfectorum
918 877 1212 946 justorum,
1266 876 1493 929 interna:
1544 874 1827 928 eharitatis
1861 880 1917 926 et

340 972 603 1027 castitatis
639 971 757 1024 luce
805 983 1051 1033 corusca,
1102 981 1330 1035 quorum
1361 965 1689 1029 sublimitati
1708 964 1918 1034 signiﬁ-

339 1062 521 1116 caudae
551 1061 713 1115 etiam
738 1060 887 1113 locus
909 1058 1158 1112 convenit
1178 1056 1419 1125 ejusdem
1451 1056 1662 1110 altaris.
1717 1054 1911 1109 Stabat

340 1153 484 1207 enim
516 1160 640 1206 ante
669 1151 864 1205 ostium
915 1147 1087 1202 sancti
1134 1155 1466 1209 sanctorum,
1515 1154 1574 1198 ut
1602 1144 1655 1198 in
1701 1144 1910 1198 factura

339 1240 669 1295 tabernaculi
695 1238 979 1292 manifeste
1002 1236 1245 1306 legimus.
1277 1235 1334 1289 lu
1361 1250 1469 1303 quo
1492 1234 1743 1289 videlicet
1758 1233 1913 1287 altari

2017 506 2384 570 latitudinem,
2424 522 2548 576 spes
2593 508 2645 560 in
2680 505 3081 574 exspectatione
3127 504 3322 559 divinae
3368 506 3594 559 visionis

1957 588 1965 601 ’
2015 611 2112 665 per
2167 595 2505 662 altityﬁbem
2560 595 2880 663 ﬁgurantur.
2927 594 3079 661 Quod
3107 601 3287 647 autem
3313 593 3593 663 longitudo

2016 697 2071 742 et
2097 687 2322 741 latitudo
2333 687 2522 742 altaris
2535 688 2843 742 vicenorum
2859 694 2975 741 erat
2990 687 3317 750 cubitorum,
3341 702 3595 758 magnam

2015 778 2200 845 utique
2248 775 2632 846 perfectionem
2704 778 2947 845 designat
2996 776 3235 846 ejusdem
3305 776 3596 832 indefessa:

2016 867 2363 938 longitudinis
2382 884 2445 923 ac
2468 870 2693 924 sincera:
2722 869 3049 933 dilectionis,
3104 884 3223 937 qua:
3269 884 3367 938 per
3388 869 3596 923 utrius-

2014 976 2119 1028 que
2146 962 2452 1015 testamenti
2480 962 2635 1016 nobis
2658 962 3061 1016 observantiam
3083 962 3359 1016 tribuitur.
3389 960 3597 1028 Quater

2015 1052 2162 1104 enim
2205 1052 2353 1120 quini
2388 1051 2718 1105 vicenarium
2758 1067 3041 1106 numerum
3089 1054 3377 1120 complent.
3424 1052 3594 1118 Quin-

2014 1155 2119 1209 que
2145 1150 2322 1194 autem
2356 1141 2480 1194 libri
2513 1141 2758 1195 Mosaicze
2807 1140 2941 1211 legis
2991 1150 3225 1210 quatuor
3270 1150 3396 1195 sunt
3430 1156 3597 1194 evan-

2015 1232 2197 1301 gelicxe
2250 1231 2535 1287 libertatis.
2580 1233 2646 1287 Et
2692 1249 2814 1288 cum
2859 1233 2925 1287 ad
2974 1232 3382 1302 intelligentiam
3430 1240 3596 1301 atque

337 1346 444 1386 non
475 1330 770 1385 hostiarum
803 1328 1040 1396 sanguis,
1065 1340 1240 1396 neque
1270 1324 1547 1389 libamina,
1574 1324 1666 1378 sed
1689 1323 1916 1393 thymia-
1936 1334 1994 1401 β·
2019 1324 2317 1377 custodiam
2342 1324 2474 1393 legis
2503 1324 2822 1393 spiritalem,
2853 1325 3154 1379 illustrante
3179 1325 3447 1394 Evangelii
3470 1341 3596 1396 gra-

339 1429 481 1474 mata
508 1428 715 1473 tantum
746 1418 1167 1472 incendebantur
1195 1433 1207 1468 :
1239 1430 1471 1484 quorum
1517 1411 1697 1467 fumus
1717 1412 1784 1467 ad
1816 1428 1901 1467 su.

336 1511 549 1579 periora
582 1509 880 1564 ascendens
902 1507 1181 1577 operiebat
1204 1521 1406 1568 arcam,
1443 1513 1607 1574 atque
1631 1503 1912 1558 oraculum

337 1601 501 1655 odore
541 1598 823 1655 suavitatis
850 1598 1126 1667 implevit;
1160 1597 1213 1651 iu
1241 1610 1349 1664 quo
1379 1594 1547 1666 ﬁgura
1580 1593 1916 1663 exprimeba-

338 1700 426 1744 tur
453 1698 783 1751 sanctorum,
830 1687 921 1756 qui
950 1687 1098 1749 dum,
1129 1684 1389 1753 neglectis
1420 1682 1794 1753 temporalium
1827 1696 1911 1735 re-

2017 1415 2111 1478 tia,
2137 1416 2499 1485 pervenimus,
2533 1416 2864 1472 viceuarium
2889 1415 3133 1486 profecto
3162 1431 3444 1470 numerum
3478 1432 3597 1485 per-

2016 1506 2245 1562 fieimus.

2086 1596 2276 1666 Sitque
2307 1599 2448 1652 idem
2481 1614 2738 1653 numerus
2767 1600 2821 1653 in
2847 1598 3181 1669 longitudine
3211 1604 3264 1652 et
3303 1597 3591 1651 latitudine

2016 1687 2224 1749 altaris,
2257 1704 2378 1742 cum
2407 1689 2568 1743 corda
2599 1689 2914 1744 electorum.
2963 1690 3189 1743 docente
3228 1696 3455 1757 utroque
3494 1686 3598 1740 Te-

339 1779 889 1862 I‘unLcupiditatibus,
917 1786 1027 1831 tota
1053 1776 1350 1830 intentione
1371 1774 1611 1829 ctelestia
1637 1781 1908 1843 quierunt,
1942 1767 1989 1827 B
2019 1786 2308 1845 stamento,
2359 1787 2415 1833 et
2446 1780 2733 1849 adjuvante
2772 1781 2889 1849 ipso
2927 1797 3037 1834 uno
3078 1780 3360 1849 utriusque
3404 1780 3596 1834 Testa-

340 1869 484 1925 velut
510 1870 654 1923 intus
682 1868 733 1921 in
762 1861 942 1921 vicino
986 1865 1191 1920 oraculi
1220 1871 1346 1918 sunt
1393 1864 1575 1933 positi.
1614 1861 1724 1917 Nec
1755 1862 1911 1932 longe

338 1969 464 2015 sunt
511 1959 704 2014 remoti
742 1974 772 2012 a
802 1957 944 2019 velo,
977 1971 1084 2026 quo
1113 1955 1368 2024 templum
1399 1962 1454 2009 et
1481 1964 1669 2008 sancta
1708 1961 1918 2008 sancto-

339 2067 461 2104 rum
498 2049 843 2113 dirimuntur,
876 2048 998 2117 quia
1039 2060 1265 2121 eorpora
1297 2053 1506 2098 tantum
1536 2051 1735 2097 terram
1768 2042 1918 2097 inco-

338 2144 472 2207 lunt,
507 2152 761 2199 cancrum
783 2141 1077 2198 secundum
1097 2142 1411 2195 interiorem
1445 2139 1715 2204 hominem
1748 2134 1916 2194 totam

338 2235 542 2289 habent
597 2233 1065 2289 conversationem
1114 2231 1184 2292 in,
1219 2229 1394 2285 etelis.
1434 2229 1798 2298 Ascenditque
1847 2227 1917 2282 ab

340 2325 649 2396 hujztsmodi
701 2325 857 2380 altari
915 2324 1093 2379 fumus
1150 2324 1490 2378 incensorum
1538 2321 1680 2375 intra
1729 2330 1918 2376 sancta

343 2429 674 2484 sanctorum,
730 2418 820 2472 ubi
868 2433 993 2472 arca
1025 2426 1109 2471 est
1152 2414 1431 2470 recondita
1476 2428 1600 2467 cum
1643 2413 1918 2468 orationes

339 2519 652 2566 sanctorum
708 2509 922 2562 flamma
965 2506 1249 2561 charitatis
1300 2505 1551 2597 excitatae
1597 2504 1663 2559 ad
1722 2502 1917 2558 ctelum

345 2618 515 2672 usque
559 2600 900 2672 perveniunt,
947 2618 965 2649 ι
1001 2599 1091 2653 ubi
1119 2596 1368 2653 Christus
1399 2592 1481 2650 est
1505 2596 1556 2649 in
1581 2595 1803 2649 dextera
1821 2592 1918 2649 Dei

346 2694 542 2749 sedens
572 2692 706 2765 (Col.
739 2691 842 2764 ut).
879 2712 897 2743 ι
946 2691 1061 2746 Non
1099 2691 1243 2746 enim
1273 2690 1326 2744 in
1373 2690 1477 2745 hoc
1510 2688 1669 2743 altari
1699 2686 1918 2757 sanguis

339 2787 658 2852 hostiarum,
689 2788 781 2841 sed
807 2785 1099 2856 thymiama
1156 2791 1364 2837 tantum
1414 2780 1739 2844 incenditur,
1786 2778 1913 2849 quia

342 2877 476 2932 tales
512 2878 616 2930 viri
643 2892 748 2930 non
771 2875 972 2930 habent
997 2889 1159 2945 Opera
1183 2873 1363 2928 carnis
1390 2880 1446 2927 ct
1474 2870 1773 2942 sanguinis,
1793 2884 1913 2939 quae

341 2972 392 3024 in
420 2986 513 3024 ara
545 2968 627 3023 sui
655 2968 832 3023 cordis
876 2967 1213 3021 immolantes
1242 2965 1470 3019 Domino
1522 2970 1780 3027 mactent,
1819 2962 1914 3016 sed

339 3058 673 3115 solummodo
697 3057 1056 3128 lacrymarum
1089 3065 1144 3110 et
1173 3054 1440 3109 orationis
1468 3052 1515 3106 ei
1538 3060 1664 3106 vota
1691 3066 1789 3121 pro
1818 3050 1911 3105 de-

337 3152 536 3206 siderio
576 3150 726 3221 regni
754 3116 994 3203 ctelestis
1028 3145 1280 3201 oderunt.
1325 3145 1473 3200 Fecit
1498 3116 1712 3213 quoque
1741 3142 1910 3197 altare
1941 3116 1985 3179 (ἶ

336 3256 541 3296 aeneum
580 3240 765 3310 viginti
819 3239 1120 3293 cubitorum
1184 3237 1554 3307 longitudinis,
1617 3241 1672 3289 et
1721 3233 1912 3304 viginti

336 3332 637 3389 cubitorum
662 3329 981 3393 latitudinis,
1013 3336 1069 3382 ct
1105 3327 1289 3382 decem
1329 3327 1636 3380 cubitorum
1677 3321 1913 3377 altitudi-

346 3426 449 3479 nis.
494 3423 559 3476 Et
603 3421 819 3491 quidem
871 3420 1042 3474 altare
1068 3418 1437 3490 thymiamatis
1463 3417 1673 3487 Moyses
1699 3415 1828 3470 fecit
1858 3414 1910 3468 in

342 3528 546 3578 eremo,
570 3511 771 3566 habens
792 3510 1031 3565 cubitum
1056 3507 1423 3578 longitudinis,
1451 3515 1506 3560 et
1533 3506 1763 3561 alterum
1792 3504 1912 3559 lati-

344 3602 560 3666 tudinis,
590 3608 644 3655 et
670 3600 803 3653 duos
831 3599 1039 3653 cubitos
1062 3599 1116 3651 in
1140 3597 1420 3651 altitudine
1444 3596 1640 3667 (Exod.
1681 3595 1911 3667 xxxvii).

341 3694 566 3760 Quanta:
599 3700 775 3746 autem
816 3689 1199 3759 magnitudinis
1236 3690 1338 3743 hoc
1394 3688 1648 3743 Salomon
1698 3687 1909 3754 fecerit,

343 3782 621 3852 Scriptura
661 3796 764 3836 nou
792 3780 944 3847 dicit,
966 3779 1061 3835 sed
1091 3788 1298 3833 tantum
1325 3779 1467 3849 quod
1489 3780 1660 3835 altare
1686 3795 1911 3836 aureum

340 3875 551 3939 fecerit,
573 3874 721 3927 dicit.
745 3873 967 3929 Constat
1005 3879 1183 3926 autem
1218 3872 1346 3941 quia
1369 3879 1575 3926 tantum
1601 3870 1779 3927 facere
1804 3888 1912 3927 non

336 3967 527 4035 potuit,
565 3975 825 4035 quantum
880 3965 1008 4020 fecit
1045 3964 1383 4031 holocausti;
1441 3964 1568 4034 quia
1621 3966 1665 4019 si
1723 3964 1912 4034 viginti

335 4060 635 4114 cubitorum
676 4060 728 4113 iu
749 4058 1083 4130 longitudine
1115 4066 1169 4113 et
1194 4057 1481 4112 latitudine
1514 4056 1715 4111 factum
1743 4067 1910 4121 esset,

340 4158 505 4204 totam
549 4150 731 4220 templi
785 4149 1119 4205 latitudinem
1174 4148 1444 4217 impleret.
1496 4148 1709 4214 Quanto
1752 4147 1916 4217 igitur

336 4240 577 4294 exterius
599 4247 715 4294 erat
730 4240 959 4308 positum
985 4238 1156 4293 altare
1181 4238 1506 4302 holocausti,
1535 4253 1697 4307 quam
1723 4238 1913 4291 incen-

343 4332 406 4394 si,
439 4342 806 4402 quantumque
833 4344 1029 4400 genere
1054 4328 1346 4384 oblationis
1363 4344 1428 4383 ac
1451 4328 1684 4383 utilitate
1709 4327 1913 4381 metalli

2019 1871 2186 1925 menti
2217 1879 2460 1935 auctore,
2496 1880 2550 1926 et
2573 1872 3032 1941 perseverantiam
3060 1872 3187 1927 boni
3223 1872 3403 1940 operis
3426 1872 3593 1925 etiam

2017 1963 2073 2017 in
2113 1963 2574 2031 persecutiouibus
2621 1972 2862 2027 servant,
2891 1972 2947 2019 et
2987 1964 3316 2018 hilaritatem
3339 1963 3593 2018 dilectio-

2018 2054 2103 2109 uis
2132 2054 2295 2108 etiam
2323 2054 2377 2107 in
2403 2070 2498 2109 eos
2535 2055 2626 2123 qui
2658 2064 3057 2124 persequuntur
3084 2054 3360 2109 exhibent.
3417 2053 3600 2108 Dena-

2019 2145 2099 2199 rio
2132 2153 2309 2199 autem
2344 2161 2569 2201 numero
2607 2160 2730 2214 spes
2764 2145 3063 2200 cmlestium
3092 2145 3435 2214 praemiorum
3464 2143 3604 2198 solet

2019 2236 2309 2307 designari,
2340 2237 2567 2292 Domino
2595 2236 2919 2301 afﬁrmante,
2966 2252 3089 2292 cum
3120 2252 3225 2291 eos.
3242 2237 3331 2304 qui
3359 2237 3411 2290 in
3442 2236 3602 2290 vinea

2019 2326 2199 2395 magni
2232 2325 2645 2394 patrisfamilias
2678 2327 2929 2381 laborant
2975 2327 3194 2381 denario
3252 2340 3604 2379 remuneran-

2020 2413 2120 2468 dos
2144 2429 2265 2469 esse
2299 2415 2765 2487 testatur(Ma-tth.
2793 2416 2906 2487 xx).
2937 2417 3005 2471 Et
3042 2417 3182 2470 idem
3218 2416 3409 2479 altare,
3452 2414 3602 2484 quod

2020 2508 2076 2562 in
2118 2506 2288 2578 figura
2319 2507 2520 2563 factum
2539 2518 2625 2565 est
2653 2509 2969 2573 electorum,
2987 2510 3056 2563 ob
3074 2507 3481 2578 significandam
3504 2522 3604 2559 eo—

2021 2612 2139 2649 rum
2154 2607 2318 2650 Vttam
2334 2606 2670 2667 perpetuam,
2688 2601 2873 2655 decem
2897 2607 3014 2654 erat
3036 2599 3233 2653 cubitis
3256 2598 3444 2652 altum.
3460 2597 3598 2652 Cum

2022 2703 2150 2742 vero
2198 2689 2401 2744 dictum
2438 2700 2521 2747 est
2544 2693 2671 2760 quia
2715 2692 2843 2747 fecit
2871 2691 3125 2747 Salomon
3149 2690 3322 2745 altare
3348 2704 3597 2753 aureum,

2020 2778 2260 2832 additum
2286 2788 2372 2833 est
2399 2782 2676 2837 continuo.

2076 2887 2115 2928 ι
2160 2867 2227 2922 Ει
2256 2885 2522 2938 mensam,
2545 2888 2706 2943 super
2728 2889 2889 2944 quam
2918 2880 3252 2943 ponerentur
3279 2884 3447 2941 panes
3474 2884 3604 2939 pro-

2026 2979 2044 3010 ‹
2090 2960 2393 3028 positionis,
2412 2980 2654 3030 auream,
2683 2974 2788 3020 etc.
2826 2984 2843 3016 ι
2876 2965 3056 3019 Mensa
3071 2973 3250 3018 autem
3273 2978 3437 3017 aurea
3454 2963 3602 3016 Seri-

2020 3070 2178 3130 ptura
2219 3067 2303 3113 est
2355 3072 2507 3110 sacra
2545 3057 2804 3126 Spiritalis
2850 3056 3218 3127 intelligentite
3246 3054 3492 3108 claritate
3523 3052 3604 3108 fe-

2017 3150 2213 3204 cunda.
2240 3150 2317 3204 De
2339 3162 2444 3216 qua
2472 3145 2758 3201 Psalmista
2786 3146 3012 3200 Domino
3036 3163 3050 3199 :
3081 3165 3098 3196 ι
3142 3144 3372 3208 Parasti,
3399 3144 3602 3212 inquit,

2017 3240 2069 3294 in
2116 3246 2408 3310 conspectu
2452 3253 2573 3291 meo
2600 3252 2842 3292 mensam
2874 3238 3132 3291 adversus
3170 3250 3263 3290 eos
3302 3236 3395 3305 qui
3428 3235 3604 3289 tritu-

2016 3328 2127 3383 laut
2189 3344 2274 3383 me
2320 3327 2492 3398 (Psal.
2535 3326 2706 3397 xxrv).
2772 3347 2789 3378 ι
2844 3327 2920 3380 Ne
2969 3327 3113 3380 enim
3154 3341 3252 3380 nos
3294 3325 3600 3379 adversarii

2017 3420 2335 3474 tribulantes
2355 3419 2421 3472 ad
2444 3434 2685 3473 errorem
2711 3417 3003 3483 inllectaut,
3028 3432 3269 3471 mensam
3291 3417 3447 3470 nobis
3470 3432 3604 3471 con-

2015 3510 2157 3565 ditor
2181 3517 2365 3565 uoster
2410 3510 2650 3564 scientia:
2677 3509 2932 3571 caelestis,
2964 3525 3060 3579 per
3086 3525 3249 3579 quam
3279 3509 3332 3561 in
3364 3508 3468 3562 fide
3491 3523 3591 3562 ve-

2015 3600 2193 3655 ritatis
2228 3600 2614 3666 confortemur,
2657 3601 2888 3671 paravit.
2919 3600 3091 3655 Panes
3126 3615 3359 3668 namque
3399 3615 3604 3668 propo-

2016 3692 2228 3747 sitionis
2262 3694 2436 3747 sancti
2496 3702 2621 3747 sunt
2666 3694 2947 3759 doctores;
3011 3708 3239 3762 qnormu
3281 3691 3366 3746 vel
3421 3706 3595 3760 opera

2016 3783 2191 3848 nobis,
2228 3783 2307 3837 vel
2344 3783 2505 3837 verba
2542 3783 2797 3837 salutaria
2827 3783 2892 3837 ad
2921 3782 3228 3852 exemplum
3258 3783 3381 3835 vitm
3406 3797 3603 3851 propm

2016 3872 2140 3939 sita,
2192 3889 2405 3944 semper
2437 3874 2490 3928 in
2519 3874 2720 3929 divinis
2755 3874 2986 3945 paginis,
3014 3874 3259 3944 quisquis
3291 3874 3427 3928 bene
3451 3888 3601 3942 qua:-

2017 3964 2107 4029 rit,
2140 3964 2361 4019 invenit.
2394 3966 2544 4021 Unde
2567 3973 2688 4035 apte
2718 3967 2877 4021 iidem
2908 3982 3076 4035 panes
3106 3967 3160 4020 iu
3188 3966 3371 4020 Exodo
3393 3965 3603 4019 duode-

2017 4054 2122 4108 cim
2148 4056 2262 4110 fieri
2288 4057 2544 4126 praecepti
2579 4065 2708 4111 sunt
2737 4073 2751 4110 :
2785 4056 3035 4111 videlicet
3068 4066 3291 4125 propter
3318 4054 3599 4123 apostolos

2018 4146 2322 4209 duodecim,
2356 4161 2584 4213 quorum
2631 4147 2936 4202 ministerio
2977 4146 3133 4202 nobis
3169 4146 3445 4215 Scriptura
3489 4145 3601 4197 Te-

2022 4237 2218 4290 smenti
2249 4237 2463 4290 condita
2491 4246 2593 4302 est,
2636 4246 2690 4292 et
2717 4238 3060 4293 Iustrumenti
3090 4236 3317 4299 Veteris,
3358 4236 3600 4290 donante

2018 4324 2266 4391 Domino,
2311 4326 2545 4381 revelata
2578 4329 2854 4397 mysteria.
2905 4328 3022 4394 Quo
3074 4327 3329 4381 nimirum
3368 4342 3599 4381 numero

342 4418 627 4491 ignobilius
663 4421 780 4485 fuit,
831 4427 1036 4474 tantum
1065 4419 1366 4487 quantitate
1402 4432 1668 4471 mensura:
1709 4426 1764 4471 et
1790 4417 1912 4470 hos-
1940 4457 1989 4514 Β
2015 4430 2121 4467 non
2173 4423 2377 4469 tantum
2414 4416 2572 4471 iidem
2626 4417 2871 4487 apostoli,
2919 4418 3014 4472 sed
3055 4431 3242 4471 omnes
3292 4423 3419 4469 sunt
3447 4414 3597 4468 desi-

343 4514 535 4567 tiarum
580 4510 877 4581 frequentia
928 4509 1242 4578 praestabat.
1285 4507 1421 4573 Quia
1453 4507 1706 4560 nimirum
1735 4506 1913 4575 plures

342 4611 470 4655 sunt
513 4600 681 4653 mulo
726 4598 922 4665 quibus
949 4595 1196 4647 dicatur:
1233 4613 1249 4643 ι
1287 4594 1346 4647 Si
1400 4594 1483 4645 vis
1526 4594 1592 4645 ad
1620 4594 1785 4646 vitam
1833 4595 1913 4647 in-

341 4689 514 4757 gredi,
548 4702 700 4741 serva
752 4684 1004 4740 mandata
1037 4682 1255 4754 (Matth.
1292 4684 1430 4752 XIX),
1461 4696 1625 4750 quam
1652 4697 1790 4751 quos
1815 4698 1911 4736 au-

342 4779 459 4833 dire
497 4778 720 4833 delectet
767 4794 777 4828 :
813 4795 829 4825 ι
878 4774 937 4829 Si
961 4774 1044 4828 vis
1070 4773 1342 4843 perfectus
1368 4787 1512 4836 esse,
1560 4773 1714 4837 vade,
1744 4773 1914 4828 vende

343 4883 461 4936 qua:
489 4867 677 4929 habes,
713 4874 767 4918 et
816 4865 879 4919 da
908 4863 1233 4933 pauperibus
1260 4861 1468 4934 (Ibid).
1530 4880 1547 4910 ι
1594 4860 1704 4914 Nec
1733 4869 1912 4915 tamen

344 4954 501 5023 hujus
527 4971 779 5009 mensura
826 4954 1012 5008 altaris
1053 4953 1265 5025 mystici
1297 4952 1504 5006 ratione
1531 4959 1682 5005 caret
1714 4961 1768 5006 et
1817 4968 1887 5006 nu

345 5060 513 5100 mero.
556 5045 728 5098 liabet
764 5044 906 5099 enim
964 5043 1148 5111 viginti
1183 5041 1394 5095 cubitos
1438 5040 1808 5109 longitudinis,
1860 5050 1914 5093 et

348 5136 569 5190 totidem
602 5136 917 5198 latitudinis,
967 5144 1019 5189 et
1047 5134 1230 5189 decem
1263 5134 1474 5188 cubitos
1503 5133 1821 5197 altitudinis,
1848 5135 1914 5187 de

346 5241 453 5296 quo
490 5227 703 5295 quidem
736 5240 961 5279 numero
990 5239 1152 5294 supra
1184 5224 1235 5277 in
1268 5224 1602 5293 expositione
1640 5224 1822 5292 templi
1860 5232 1913 5278 et

346 5316 596 5373 vestibuli
627 5317 742 5386 ejus
785 5316 1036 5377 diximus,
1089 5316 1183 5370 sed
1210 5322 1265 5368 et
1290 5329 1433 5367 nunc
1456 5313 1737 5370 dicendum
1789 5314 1911 5368 bre-

346 5409 507 5471 viter,
543 5406 669 5477 quia
724 5407 769 5460 si
812 5406 980 5460 altare
1008 5404 1302 5459 holocausti
1333 5403 1543 5457 illorum
1571 5404 1624 5455 in
1672 5403 1914 5457 Ecclesia

349 5511 532 5568 typum
559 5505 727 5560 tenet,
755 5497 845 5566 qui
877 5511 1031 5550 suum
1073 5510 1268 5563 corpus
1298 5502 1351 5546 tt
1379 5493 1612 5546 animam
1646 5494 1755 5547 Deo
1781 5509 1911 5547 con--

348 5603 563 5644 secrarc
594 5606 690 5659 per
719 5589 895 5659 ignem
934 5586 1134 5641 amoris
1184 5584 1323 5639 illius
1369 5593 1637 5653 quu'runl,
1669 5600 1914 5655 perseve-

356 5679 524 5735 rantia
582 5681 769 5735 horum
797 5680 849 5733 in
877 5679 1014 5733 bona
1058 5676 1364 5746 operatione
1406 5691 1498 5744 per
1529 5676 1909 5745 longitudinem

2020 4505 2188 4575 gnati,
2233 4505 2343 4574 qui,
2372 4507 2593 4561 verbum
2623 4508 2984 4576 prmdicando,
3021 4506 3278 4576 pabulum
3309 4505 3434 4559 vitae
3457 4504 3598 4559 tide-

2019 4601 2157 4655 libus
2192 4602 2498 4655 ministrant
2530 4619 2543 4655 :
2578 4602 2702 4671 quia
2740 4617 2928 4656 omnes
2958 4602 3143 4671 utique
3172 4600 3342 4669 ipsam
3380 4598 3596 4651 doctri-

2017 4704 2099 4743 nte
2127 4689 2375 4753 formam,
2401 4705 2562 4758 quam
2591 4692 2644 4744 iu
2677 4690 2901 4745 Domino
2929 4690 3172 4759 Apostoli
3196 4701 3476 4756 accepere,
3508 4700 3598 4739 se-

2017 4785 2274 4846 quuntur.
2308 4777 2461 4843 Quod
2477 4792 2603 4831 vero
2633 4777 2688 4830 in
2717 4776 2906 4833 Verbis
2935 4777 3153 4832 Dierum
3182 4776 3432 4845 legimus,
3464 4773 3596 4842 quia

2023 4887 2038 4917 I
2086 4866 2214 4921 fecit
2266 4866 2520 4922 Salomon
2569 4883 2783 4922 mensas
2836 4868 3043 4932 decem,
3080 4868 3370 4937 posuitque
3410 4879 3507 4919 eas
3539 4865 3591 4917 iu

2018 4956 2233 5027 templo,
2261 4957 2498 5027 quinque
2548 4974 2577 5011 a
2603 4957 2829 5022 dextris,
2870 4967 2926 5012 et
2964 4956 3205 5027 quinque
3245 4972 3277 5010 a
3331 4955 3591 5019 sinistris,

2015 5047 2223 5116 phialas
2263 5063 2475 5117 quoque
2526 5064 2719 5103 aureas
2756 5059 2972 5104 centum
3007 5048 3088 5120 (II
3122 5048 3250 5102 Par.
3291 5045 3389 5117 tv),
3430 5064 3448 5103 ι
3484 5061 3593 5099 non

2016 5137 2115 5192 has
2142 5154 2426 5194 mensuras
2449 5147 2555 5192 tam
2598 5141 2665 5195 ad
2694 5155 2865 5209 panes
2894 5139 3300 5209 prepositiouis,
3330 5152 3493 5206 quam
3523 5136 3594 5191 ad

2017 5246 2144 5285 vasa
2196 5232 2406 5285 Domini
2457 5233 2719 5300 portanda
2768 5231 2941 5287 factas
2997 5245 3116 5285 esse
3173 5228 3430 5284 credibile
3482 5236 3591 5291 est,

2018 5319 2227 5388 phialas
2274 5320 2541 5386 videlicet,
2572 5338 2705 5390 quas
2750 5322 2954 5391 pariter
3001 5320 3172 5376 factas
3195 5319 3477 5386 Scriptura
3508 5332 3595 5373 re-

2020 5408 2142 5473 fert,
2162 5410 2609 5478 thymiamateria,
2630 5411 2916 5471 thuribula,
2941 5409 3274 5472 mortariola,
3306 5415 3594 5471 etcaztcra,

2019 5514 2139 5568 quae
2177 5500 2229 5553 in
2266 5503 2611 5569 sequentibus
2636 5502 2903 5571 leguntur.
2941 5500 3075 5555 Nam
3105 5499 3247 5570 quod
3278 5497 3439 5568 paulo
3467 5506 3598 5567 post.

2022 5588 2074 5641 in
2092 5591 2278 5644 coJem
2302 5592 2586 5646 verborum
2604 5593 2873 5648 volumine
2887 5590 3220 5646 subinfertur
3249 5604 3263 5642 :
3294 5609 3309 5640 ι
3332 5588 3597 5660 Fecitque

2025 5677 2274 5733 Salomon
2302 5680 2478 5734 omnia
2514 5695 2637 5735 vasa
2661 5680 2850 5737 domus
2882 5680 2997 5743 Dei,
3028 5687 3081 5733 et
3104 5678 3273 5737 altare
3295 5693 3507 5737 .eueutn
3540 5691 3598 5735 et
