4026 6202
317 379 450 446 ιει,

1145 378 1495 435 COMMENT.
1538 380 1604 435 IN
1640 381 1882 439 LIBROS
1921 385 1984 438 ιγ
2029 387 2288 444 ιιιςδυιι.
2325 422 2393 431 -
2431 391 2496 445 IN
2537 392 2662 446 LIB.
2707 391 2788 449 Ili.

3479 409 3596 462 I8!

314 497 804 559 mensas,etsupcr
823 503 913 543 eas
928 505 1093 560 panes
1115 493 1598 564 propositionisUI
1616 490 1744 548 Par.
1763 494 1855 566 tv),
1881 515 1898 546 ι
1933 505 1980 563 Α
2009 496 2108 562 bus
2164 499 2345 553 sedem
2390 511 2664 570 perpetua:
2697 505 2993 560 mansionis
3019 513 3336 565 accendant.
3391 511 3445 566 Si
3479 531 3575 568 an-

313 583 403 635 vel
437 581 701 652 pluralem
749 597 1032 636 numerum
1081 598 1178 652 pro
1227 583 1483 654 singulari
1525 587 1704 655 posuit
1751 601 1900 641 more

313 671 619 742 Scripturis
650 672 1024 732 usitatissimo,
1055 682 1113 726 ut
1142 673 1193 726 in
1217 672 1342 728 Jcsu
1385 674 1530 729 Nave
1565 692 1577 728 :
1613 696 1629 726 ι
1663 676 1779 730 Filii
1805 691 1899 730 au-

311 771 426 814 tem
482 761 646 815 Israel
689 762 1025 831 prmvaricati
1062 771 1189 816 sunt
1218 764 1554 825 mandatum,
1585 775 1640 820 et
1667 783 1898 836 usurpa-

311 863 512 908 verunt
533 853 601 906 de
640 853 987 907 anathemate
1013 852 1150 924 (los.
1179 855 1274 926 Iv),
1315 874 1332 904 ι
1362 871 1481 909 cum
1511 855 1696 910 Aehan
1729 857 1893 920 solus,

309 955 367 998 et
398 960 518 1000 non.
545 943 729 1013 plures
751 943 843 998 ﬁlii
874 943 1038 997 Israel
1069 945 1169 998 hoc
1193 943 1440 999 fecerint.
1471 945 1564 999 Vel
1600 954 1746 1000 certe
1769 947 1894 1016 quia

311 1049 481 1103 panes
513 1033 901 1104 propositionis
933 1033 1180 1088 solebant
1225 1043 1350 1089 ante
1398 1035 1680 1090 sabbatum
1710 1036 1891 1105 coqui,

305 1133 370 1178 ut
411 1125 467 1178 in
499 1122 722 1177 sabbato
748 1137 873 1176 mox
905 1123 1032 1192 poni
1077 1133 1299 1192 possent
1325 1126 1379 1178 in
1418 1140 1658 1180 mensam
1697 1142 1894 1197 propo-

309 1215 544 1279 sitionis,
567 1214 743 1284 potuit
766 1213 882 1268 ﬁcri
909 1223 966 1268 ut
986 1229 1153 1284 panes
1179 1215 1324 1280 novi,
1353 1217 1562 1271 noviter
1589 1218 1748 1282 cocti,
1768 1234 1888 1272 mox

307 1305 416 1360 illis
447 1306 650 1360 mensis
680 1306 1109 1376 imponerentur,
1141 1306 1447 1376 ibidemque
1478 1316 1635 1363 nocte
1658 1308 1746 1363 illa
1774 1325 1890 1365 ser-

304 1404 569 1449 varentur
593 1394 789 1464 operti,
821 1394 993 1450 donec
1032 1395 1210 1465 primo
1241 1411 1422 1462 mane,
1461 1397 1658 1453 oblatis
1686 1399 1888 1453 veteri-

303 1485 411 1539 bus
441 1499 603 1554 super
640 1500 880 1540 mensam
916 1485 1300 1555 propositionis
1322 1497 1655 1556 ponerentur
1705 1489 1878 1543 calidi.

303 1575 424 1631 Non
456 1589 632 1632 autem
665 1579 750 1632 lite
778 1593 980 1632 mensae
1008 1579 1194 1633 decem
1223 1594 1254 1632 a
1282 1578 1452 1650 ﬁgura
1498 1581 1656 1636 unius
1687 1597 1887 1637 mense

302 1669 690 1738 propositionis
726 1667 1050 1738 discrepant.
1082 1668 1217 1723 Nam
1239 1670 1379 1725 sicut
1403 1687 1508 1725 una
1540 1687 1725 1726 mensa
1749 1674 1886 1727 duo-

303 1761 482 1815 decim
523 1762 751 1830 panibus
785 1768 979 1816 onusta
1019 1761 1330 1816 unanimem
1381 1763 1544 1818 totius
1587 1763 1883 1835 Scriptura:

2003 597 2108 643 tem
2139 591 2334 660 quaeris
2369 591 2492 661 quid
2519 592 2658 646 inter
2679 595 2998 651 candelabra
3030 608 3084 654 et
3115 600 3366 658 lucernas
3393 619 3577 660 eormn

2001 683 2176 752 typice
2225 683 2422 749 distet,
2465 701 2752 754 possumus
2796 697 2940 743 recte
2989 691 3288 763 intelligere
3325 695 3578 750 lucernas

1997 789 2117 828 esse
2143 775 2287 830 viros
2315 786 2532 831 sanctos
2558 778 2670 846 qui,
2694 778 2813 832 oleo
2841 778 3078 851 Spiritus
3106 786 3278 840 sancti
3311 786 3501 854 infusi,
3524 799 3575 842 et

1998 868 2096 936 ipsi
2129 869 2236 939 igni
2265 870 2568 926 dilectionis
2611 873 2804 927 ardent
2832 875 2886 928 in
2932 875 3094 930 corde
3118 885 3171 930 ct
3199 877 3461 946 proximis
3499 877 3575 930 ln-

1995 974 2113 1013 cem
2145 960 2384 1014 scientiae
2413 961 2706 1030 praeferunt
2733 964 2786 1016 in
2815 963 3075 1034 linguam.
3102 965 3438 1021 Candelabra
3471 967 3584 1020 au-’

1997 1057 2128 1114 tem,
2172 1064 2290 1119 qua:
2345 1050 2442 1105 has
2471 1051 2718 1107 lucernas
2746 1054 2800 1107 in
2829 1055 3060 1108 sublime
3091 1055 3305 1120 tollunt,
3335 1067 3392 1110 ut
3416 1057 3574 1128 longe

1993 1137 2208 1207 lateque
2238 1139 2406 1194 videri
2437 1141 2646 1210 possint
2693 1142 2747 1195 in
2787 1143 3048 1207 Ecclesia,
3080 1142 3416 1215 Scripturam
3449 1161 3572 1201 esse

1993 1243 2223 1292 sacram,
2249 1244 2367 1298 qua:
2389 1238 2700 1284 sanctorum
2735 1231 2892 1287 nobis
2919 1233 3147 1288 virtutes
3182 1244 3236 1289 et
3266 1231 3570 1291 doctrinam

1992 1331 2090 1370 sua
2131 1316 2359 1372 lectione
2389 1317 2782 1374 demonstrant.
2833 1320 2930 1376 Cui
2957 1323 3204 1377 videlicet
3245 1325 3567 1393 interpreta-

1993 1406 2124 1460 tioni
2155 1407 2349 1461 annuit
2381 1420 2563 1463 sermo
2588 1407 2799 1463 Domini
2844 1427 2952 1480 quo
2993 1410 3192 1466 dicitur
3229 1413 3296 1467 de
3322 1412 3526 1467 Joanne
3549 1429 3574 1466 τ

1994 1517 2012 1548 ι
2059 1497 2149 1552 llle
2191 1507 2310 1552 erat
2349 1498 2568 1553 lucerna
2632 1499 2817 1556 lucens
2846 1500 3029 1574 (Joan.
3079 1503 3156 1574 v).
3210 1524 3228 1555 ι
3267 1504 3563 1559 Possumus

1987 1591 2149 1644 etiam
2172 1591 2243 1644 ita
2275 1592 2551 1660 aptissime
2575 1594 2774 1660 dicere,
2807 1595 2930 1664 quia
2963 1595 3198 1650 lucorum
3232 1597 3412 1651 divina
3435 1609 3564 1654 sunt

1985 1677 2218 1748 eloquia,
2260 1679 2414 1748 juxta
2445 1681 2573 1736 illud
2601 1682 2924 1750 Psalmistm,
2950 1686 3090 1754 quod
3119 1696 3173 1741 et
3198 1703 3356 1758 supra
3380 1690 3565 1757 posui-

1987 1781 2147 1823 mus:
2186 1789 2204 1819 ‹
2239 1769 2480 1825 Lucerna
2513 1773 2736 1842 pedibus
2791 1775 2926 1829 meis
2969 1777 3190 1831 verbum
3241 1786 3414 1841 tuum,
3460 1779 3566 1832 Do-

302 1853 651 1907 concordiam
667 1853 986 1908 auctoritate
999 1855 1295 1924 apostolica
1316 1856 1578 1911 munitam
1609 1857 1876 1928 designat,
1913 1897 1957 1954 Β
1985 1856 2150 1920 tuine,
2179 1866 2234 1912 et
2277 1860 2457 1915 lumen
2499 1861 2710 1917 semitis
2735 1864 2870 1918 meis
2908 1862 3080 1935 (Psal.
3132 1868 3344 1939 cxvm).
3375 1889 3392 1920 ι
3423 1868 3563 1923 Cau-

299 1943 388 1996 ita‘
417 1957 524 1996 non
549 1943 823 1998 immerito
860 1943 1045 1998 decem
1076 1959 1277 1999 mensae
1306 1960 1484 2002 aureae
1531 1948 1724 2004 divina:
1750 1949 1883 2022 legis

302 2034 696 2104 Prophetarum
735 2035 947 2104 eloquia
979 2033 1221 2106 ﬁguratae
1247 2037 1601 2105 denuntiant;
1651 2055 1771 2110 qua:
1799 2041 1882 2094 vel

299 2127 653 2182 refectionem
702 2128 859 2183 nobis
901 2128 1050 2184 verbi
1100 2128 1217 2194 Dei,
1241 2130 1395 2198 quasi
1426 2146 1594 2200 panes
1631 2133 1878 2202 proposi-

296 2219 485 2284 tionis,
529 2217 762 2275 offerunt
809 2219 891 2275 vel
935 2221 1089 2276 nobis
1131 2222 1376 2292 exempla
1427 2223 1684 2290 ﬁdelium,
1727 2225 1879 2295 quasi

295 2311 602 2380 positorum
628 2311 679 2364 in
712 2327 769 2365 se
819 2325 1069 2366 vasorum
1114 2313 1327 2368 Domini
1363 2314 1668 2369 claritatem
1707 2325 1760 2370 et
1788 2317 1881 2370 mi-

297 2403 482 2459 racula
548 2396 870 2474 proponunt.
933 2404 1100 2459 Recte
1155 2414 1336 2460 autem
1402 2407 1484 2462 bis
1529 2408 1708 2478 quinm
1754 2421 1880 2466 sunt

295 2509 523 2560 Incusat,
563 2510 669 2549 non
699 2495 869 2551 solum
909 2497 1034 2566 quia
1066 2497 1338 2566 legislator
1385 2502 1624 2574 quinque
1651 2504 1879 2558 volumi-

290 2599 361 2638 na
392 2585 634 2656 scripsit,
664 2601 850 2641 verum
879 2588 1040 2642 etiam
1071 2590 1194 2658 quia
1224 2599 1332 2646 tola
1366 2596 1671 2650 testamenti
1708 2597 1878 2652 series

291 2675 538 2744 quinque
565 2685 749 2732 :etates
771 2678 952 2733 saeculi
966 2681 1358 2750 complectitur.
1397 2683 1715 2742 Geminatur
1749 2704 1877 2743 vero

289 2779 558 2819 numerus
582 2781 892 2822 mensarum
917 2769 1218 2838 quinarius,
1252 2781 1307 2828 et
1328 2776 1566 2845 quinque
1593 2792 1622 2830 a
1648 2778 1872 2842 dextris,

285 2855 532 2923 quinque
559 2871 590 2908 a
617 2855 852 2911 sinistris
876 2867 1172 2926 ponuntur,
1208 2876 1330 2916 cum
1374 2873 1495 2934 post
1539 2865 1874 2922 lncarnatio—

285 2960 414 2999 nem
448 2945 790 3000 Dominicam
840 2948 1028 3002 eadem
1071 2947 1350 3022 Scriptura
1394 2954 1507 3008 sive
1542 2955 1756 3024 utrique
1780 2956 1870 3011 Dei

285 3034 489 3106 populo
527 3034 715 3090 Judmo
761 3036 968 3091 scilicet
1009 3046 1064 3093 et
1117 3041 1321 3111 gentili,
1353 3045 1731 3112 committitur,
1758 3048 1873 3104 sive

283 3127 618 3198 evangelicis
651 3128 806 3198 plena
839 3129 1032 3200 ﬁguris
1071 3134 1397 3201 ostenditur,
1449 3152 1568 3206 qua:
1601 3141 1870 3208 quondam

283 3221 514 3290 antiquo
544 3222 637 3276 Dei
665 3223 862 3294 populo
883 3222 1040 3292 juxta
1061 3225 1295 3282 litteram
1319 3228 1491 3284 solum
1523 3230 1868 3304 intelligenda
1897 3245 1940 3308 ρ

283 3324 407 3365 esse
441 3312 756 3382 putabatur.
1334 3364 1346 3373 .

363 3423 382 3451 ι
429 3401 500 3456 Et
532 3403 852 3458 candelabra
895 3420 1056 3460 aurea
1088 3407 1325 3477 quinque
1361 3408 1427 3463 ad
1458 3409 1759 3476 dexteram,
1815 3421 1870 3468 et

289 3513 308 3544 ι
352 3494 600 3563 quinque
629 3495 696 3548 ad
733 3496 1008 3552 sinistram
1044 3510 1229 3555 contra
1283 3502 1561 3556 oraculum
1622 3519 1689 3557 ex
1735 3521 1870 3562 auro

291 3604 308 3634 ι
354 3585 552 3654 primo,
585 3594 640 3640 et
661 3587 814 3656 quasi
844 3587 940 3642 lilii
965 3587 1125 3646 flores
1155 3600 1210 3646 et
1235 3592 1488 3648 lucernas
1511 3593 1742 3664 desuper
1764 3611 1862 3650 au-

290 3693 309 3724 ι
358 3691 504 3730 reas.
537 3675 905 3734 iSicuteuim
959 3697 1160 3738 mensae
1196 3685 1249 3738 in
1298 3695 1422 3756 typo
1469 3697 1668 3743 sanctae
1718 3687 1865 3744 Seri-

283 3777 460 3837 pturze
483 3777 630 3822 recte
649 3780 941 3839 ponuntur,
973 3789 1093 3844 qua:
1121 3783 1178 3828 ct
1209 3777 1576 3832 esurientibus
1595 3777 1865 3848 justitiam

283 3873 480 3927 panem
517 3859 667 3913 verbi
699 3859 791 3915 Dei
817 3861 1141 3930 ministrant,
1171 3873 1226 3920 et
1252 3881 1382 3921 vasa
1413 3865 1593 3922 ferunt
1619 3869 1867 3924 ministe-

283 3947 351 4001 rii
373 3947 636 4013 caelestis,
666 3949 719 4003 id
741 3957 846 4015 est,
868 3950 1095 4006 istorum
1123 3955 1276 4009 nobis
1305 3963 1458 4009 actus
1489 3955 1539 4009 in
1563 3957 1864 4028 exemplum

281 4047 616 4108 proponunt,
655 4039 818 4094 etiam
849 4043 1127 4111 aptissime
1165 4060 1263 4113 per
1311 4045 1632 4100 candelabra
1674 4049 1864 4103 eadem

281 4129 466 4184 divina
493 4129 710 4200 eloquia
746 4131 1066 4202 ﬁgurantur,
1093 4135 1343 4190 videlicet
1381 4136 1508 4205 quia
1543 4135 1716 4191 lucem
1773 4152 1862 4192 sa—

279 4219 503 4288 pientiae
533 4221 842 4276 errantibus
895 4221 1193 4292 proferunt.
1241 4223 1378 4280 Hinc
1399 4225 1596 4279 etenim
1633 4225 1860 4280 Psalmi-

279 4319 366 4366 sta
403 4329 415 4363 :
451 4309 758 4377 «Lucerna,
782 4313 976 4382 inquit,
997 4314 1223 4383 pedibus
1257 4315 1389 4370 meis
1434 4315 1656 4370 verbum
1693 4325 1862 4381 tuum,

279 4401 532 4466 Domine,
557 4411 614 4458 et
639 4402 818 4458 lumen
841 4405 1048 4461 semitis
1065 4406 1201 4462 meis
1227 4403 1402 4479 (Psal.
1426 4409 1638 4480 cxvm).
1677 4429 1694 4461 ι
1726 4409 1865 4465 Hinc

276 4499 333 4545 et
365 4490 623 4545 Salomon
665 4492 742 4546 ait
773 4510 786 4546 :
817 4513 836 4544 ‹
867 4493 1001 4561 Quia
1033 4496 1343 4550 mandatum
1373 4497 1591 4553 lucerna
1639 4509 1746 4566 est,
1807 4507 1860 4555 et

1983 1946 2204 2002 delabra
2233 1958 2412 2004 autem
2444 1950 2634 2006 harum
2657 1951 2999 2009 lucernarum
3029 1957 3201 2010 sancti
3230 1967 3354 2012 sunt
3373 1973 3562 2014 omnes

1981 2039 2073 2106 qui
2127 2054 2222 2093 sua
2255 2049 2308 2095 et
2337 2043 2496 2096 corda
2539 2052 2594 2098 et
2619 2059 2846 2115 corpora
2889 2046 3126 2102 ferentes
3155 2047 3366 2103 Domini
3408 2066 3560 2104 man-

1981 2127 2120 2183 datis
2152 2129 2340 2184 humili
2369 2147 2580 2203 semper
2611 2135 2911 2192 intentione
2937 2147 3266 2208 supponunt.
3302 2139 3562 2210 Quisquis

1979 2220 2124 2274 enim
2165 2220 2218 2274 in
2240 2222 2388 2276 nullo
2458 2226 2732 2294 propriam
2782 2229 2935 2297 sequi
2991 2235 3147 2284 curat
3199 2229 3554 2294 voluntatem,

1979 2324 2168 2364 verum
2222 2312 2276 2365 in
2321 2313 2572 2369 munibus
2602 2331 2718 2384 qua:
2747 2315 3026 2388 Scriptura
3058 2328 3247 2374 sancta
3303 2320 3434 2375 dicit
3477 2330 3556 2375 at-

1980 2398 2169 2460 tendit.
2216 2400 2440 2470 ejusque
2472 2415 2531 2457 se
2549 2402 2844 2472 subjiciens
2874 2408 3166 2474 mandatis,
3195 2409 3392 2480 satagit
3429 2425 3554 2463 aus-

1977 2491 2182 2548 cultare
2225 2496 2514 2564 promissa,
2563 2499 2721 2568 quasi
2778 2501 3164 2557 candelabrum
3215 2504 3408 2559 domus
3459 2506 3558 2559 Dei

1979 2598 2223 2649 aureum,
2281 2601 2476 2641 aureas
2530 2587 2646 2657 ejus
2705 2599 2880 2661 gestat
2916 2591 3186 2658 lucernas,
3245 2596 3368 2664 quia
3401 2606 3551 2651 casta

1976 2674 2218 2742 corporis
2243 2677 2326 2730 sui
2355 2678 2594 2732 membra
2613 2719 2628 2743 ,
2660 2688 2824 2734 casta:
2853 2682 3052 2736 mentis
3079 2683 3452 2753 cogitationes,
3483 2687 3554 2739 azl

1976 2760 2221 2818 facienda
2273 2780 2392 2835 quae
2423 2767 2567 2822 Deus
2589 2767 2765 2836 jubet,
2805 2785 3108 2840 supponere
3145 2775 3449 2840 contendit;
3497 2784 3552 2830 et

1976 2853 2077 2909 hoc
2097 2863 2206 2908 tam
2244 2854 2346 2910 ﬁxa
2378 2856 2690 2922 intentione,
2715 2874 2878 2928 quam
2899 2861 3282 2917 candelabrum
3317 2879 3541 2921 necesse

1974 2954 2056 3000 est
2084 2945 2332 3008 ﬁrmiter,
2361 2948 2427 3002 ad
2464 2964 2693 3018 superna
2724 2960 2990 3018 erectum,
3021 2953 3299 3024 impositas
3332 2957 3432 3012 sibi
3471 2959 3548 3011 lu-

1974 3053 2190 3103 cernas,
2219 3054 2324 3094 non
2355 3039 2526 3095 solum
2563 3042 2767 3110 absque
2797 3042 2975 3107 ruina,
3023 3045 3116 3098 serl
3157 3045 3318 3100 etiam
3343 3048 3546 3117 absque

1972 3125 2081 3181 ulla
2129 3135 2305 3183 status
2361 3129 2443 3184 sui
2493 3123 2729 3184 motione
2782 3147 3021 3187 servare.
3056 3132 3207 3201 Quod
3232 3151 3376 3198 vero,
3417 3154 3540 3193 cum

1972 3215 2199 3272 dixisset
2230 3233 2245 3271 :
2280 3238 2298 3269 ι
2347 3219 2410 3273 Et
2446 3221 2770 3275 candelabra
2805 3237 2968 3278 aurea
2996 3224 3232 3294 quinque
3266 3228 3331 3280 ad
3362 3227 3544 3302 dexte-

1971 3322 2111 3372 ram,
2141 3317 2197 3363 et
2223 3310 2460 3380 quinque
2497 3311 2563 3365 ad
2600 3312 2875 3368 sinistram
2925 3323 3112 3369 contra
3149 3317 3428 3372 oraculum
3475 3334 3540 3372 ex

1971 3412 2103 3451 auro
2147 3398 2357 3468 primo,
2410 3420 2428 3451 ι
2472 3401 2676 3456 addidit
2707 3417 2721 3456 :
2755 3421 2773 3454 ι
2808 3403 2874 3458 Et
2901 3405 3056 3473 quasi
3078 3405 3173 3460 lilii
3202 3407 3360 3462 flores
3385 3417 3439 3462 et
3464 3409 3542 3463 lu-

1968 3503 2162 3544 cernas
2189 3493 2418 3562 desuper
2441 3507 2654 3559 aureas,
2694 3515 2712 3546 ι
2747 3495 2961 3549 videtur
2980 3497 3134 3568 juxta
3158 3499 3392 3555 litteram
3417 3503 3540 3572 quia

1969 3595 2218 3650 suprema
2263 3597 2388 3651 pars
2428 3584 2876 3640 candelabrorum
2904 3587 2957 3641 in
2990 3588 3206 3642 modum
3234 3590 3304 3643 sit
3332 3591 3428 3645 lilii
3457 3608 3540 3645 re-

1965 3672 2128 3740 pandi
2160 3670 2460 3737 ell‘ormata,
2486 3675 2754 3744 quomodo
2776 3676 2829 3730 in
2851 3677 3177 3732 candelabro
3210 3681 3540 3734 tabernaculi

1967 3761 2168 3818 factum
2219 3777 2341 3820 esse
2391 3765 2635 3834 legimus.
2669 3766 2833 3838 Cujus
2864 3776 2948 3823 est
2995 3769 3163 3840 stipes
3206 3769 3434 3837 medius,
3486 3781 3542 3825 et

1967 3855 2158 3910 calami
2196 3871 2262 3910 ex
2285 3857 2400 3927 ipso
2429 3874 2588 3927 proce
2611 3861 2780 3914 'entes
2809 3875 2932 3914 cum
2968 3861 3184 3932 scyphis
3216 3871 3267 3916 et
3302 3864 3541 3932 sphaero-

1922 3982 1930 3990 -
1967 3948 2034 4003 lis
2070 3949 2178 4002 lilia
2215 3951 2530 4006 scribuntur
2557 3951 2819 4008 habuisse.
2841 3954 3195 4024 perplurima.
3229 3955 3415 4012 Florcs
3449 3973 3542 4010 au-

1967 4047 2076 4095 tem
2111 4040 2205 4094 lilii
2247 4039 2328 4112 (ut
2369 4058 2510 4113 sepe
2554 4043 2752 4098 dictum
2788 4043 2893 4116 est)
2921 4047 3292 4100 atntenitatem
3327 4063 3541 4117 semper

1965 4131 2192 4186 virentis
2237 4139 2398 4187 terra:
2441 4133 2736 4187 viventium
2787 4131 3090 4204 designant,
3139 4136 3204 4190 de
3255 4151 3360 4204 qua
3408 4136 3537 4189 dicit

1963 4217 2156 4272 beatus
2203 4218 2440 4275 Petrus:
2477 4221 2843 4290 Regeneratos
2896 4238 2996 4278 nos
3057 4240 3088 4278 a
3137 4224 3362 4278 Domino
3419 4243 3438 4274 ι
3481 4225 3536 4278 in

1965 4324 2114 4382 spem
2140 4313 2340 4378 vivam,
2364 4313 2416 4367 in
2463 4313 2830 4368 brercditatcm
2873 4315 3336 4387 incorruptibilem
3375 4325 3429 4372 et
3457 4318 3539 4370 in-

1965 4405 2403 4469 contaminatam,
2440 4413 2495 4459 et
2535 4405 3040 4463 immarcescibilem
3082 4418 3456 4464 conservatam
3483 4409 3537 4462 in

1962 4493 2136 4548 caelis.
2173 4513 2190 4545 ι
2227 4495 2293 4548 Et
2317 4495 2454 4550 bene
2479 4493 2575 4549 lilii
2607 4494 2764 4550 ﬁores
2787 4497 2936 4552 aurei
2967 4499 3019 4551 in
3057 4497 3380 4553 candelabro
3407 4507 3534 4552 sunt

276 4585 364 4637 lex
398 4585 490 4638 lux
545 4584 728 4656 (Prov.
777 4585 876 4657 γι).
915 4607 934 4639 ι
967 4587 1144 4654 Quare
1190 4597 1369 4644 autem
1402 4591 1638 4660 quinque
1667 4607 1698 4645 α
1729 4592 1858 4646 dcx-
1885 4587 1936 4647 D
1966 4584 2092 4640 facti
2127 4586 2318 4641 domus
2341 4586 2460 4650 Dei,
2487 4586 2612 4655 quia
2644 4585 2920 4658 Scriptura
2949 4588 3148 4654 divina,
3183 4590 3380 4660 spretis
3401 4598 3538 4644 tem-

278 4675 404 4740 tris,
431 4685 490 4729 et
514 4676 749 4746 quinque
771 4693 800 4731 a
832 4677 1068 4732 sinistris
1082 4679 1191 4732 sint
1213 4679 1388 4748 posita
1415 4679 1760 4746 candelabra,
1790 4698 1856 4737 ex

279 4767 366 4821 bis
394 4783 520 4837 qua:
561 4766 630 4821 de
668 4767 871 4822 mensis
915 4768 1268 4824 tractavimus
1316 4768 1471 4825 facile
1517 4778 1682 4840 patet.
1721 4771 1856 4827 Cum

277 4873 411 4912 vero
457 4859 702 4924 dixisset,
748 4861 988 4930 quinque
1032 4877 1061 4914 a
1093 4863 1297 4917 dextris
1321 4871 1378 4918 et
1402 4863 1638 4932 quinque
1667 4879 1698 4917 a
1729 4865 1860 4919 sini-

273 4947 432 5012 stris,
485 4949 871 5004 conuenienter
911 4949 1136 5016 addidit,
1173 4960 1361 5006 contra
1391 4953 1691 5007 oraculum.
1724 4953 1860 5010 Ora-

273 5037 463 5091 culum
494 5053 750 5110 namque,
777 5038 869 5092 ubi
900 5046 1019 5093 erat
1060 5055 1207 5104 arca,
1258 5049 1319 5094 ut
1355 5056 1496 5110 srepe
1524 5041 1726 5095 dictum
1756 5049 1858 5106 est,

272 5129 486 5182 aditum
517 5127 761 5199 designat
780 5130 969 5200 patrize
989 5131 1244 5196 cmlestis,
1275 5150 1293 5182 ι
1322 5132 1410 5186 ubi
1432 5131 1682 5187 Christus
1702 5139 1784 5188 est
1808 5132 1860 5186 in

271 5219 504 5272 dextera
529 5219 625 5272 Dei
675 5219 868 5274 sedens
906 5215 1048 5290 (Col.
1084 5219 1185 5290 ιιι),
1236 5239 1254 5270 ι
1295 5228 1644 5290 paternorum
1677 5221 1862 5292 utique

270 5309 538 5363 conscius
581 5324 924 5363 arcanorum.
983 5308 1048 5363 Et
1093 5310 1416 5364 candelabra
1453 5311 1638 5380 templi
1695 5325 1859 5365 aurea

267 5408 470 5454 contra
519 5399 797 5453 oraculum
846 5408 971 5454 sunt
1005 5401 1201 5470 posita,
1249 5401 1374 5470 quia
1419 5400 1599 5455 divina
1647 5399 1858 5471 eloquia

267 5503 500 5558 semper
525 5489 594 5541 ad
622 5489 1006 5544 habitationem
1029 5504 1274 5558 supernre
1298 5489 1532 5544 civitatis
1557 5497 1858 5559 aspectant,

268 5591 330 5634 ut
374 5579 545 5645 hujus
592 5579 920 5649 agnitionem
956 5595 1020 5634 ac
1065 5579 1391 5635 desiderium
1429 5581 1631 5636 nostris
1686 5581 1862 5635 cordi-

266 5671 374 5724 bus
416 5667 732 5732 infundant,
759 5676 816 5722 ut
843 5684 935 5724 eos
983 5669 1074 5738 qui
1112 5670 1371 5740 originem
1413 5671 1591 5724 carnis
1621 5683 1652 5724 e
1708 5683 1854 5724 terra

265 5759 507 5826 habent,
533 5757 597 5812 ad
624 5759 972 5828 appetendam
1003 5760 1521 5830 promerendamque
1549 5761 1602 5814 in
1629 5760 1862 5816 cmlesti-

1965 4677 2241 4748 poralibus
2262 4678 2488 4749 gaudiis,
2514 4677 2578 4732 ad
2601 4679 2898 4750 appetenda
2921 4695 3020 4735 nos
3041 4681 3179 4735 bona
3210 4681 3401 4750 patria:
3425 4695 3536 4736 cm-

1967 4769 2119 4825 lestis
2173 4785 2472 4839 provocare
2520 4755 2819 4826 consuevit.
2865 4772 2931 4827 Et
2975 4773 3245 4843 quomodo
3297 4783 3537 4829 erectum

1967 4859 2020 4912 in
2051 4859 2331 4913 altitudine
2353 4859 2734 4914 candelabrum
2759 4859 2858 4914 lilii
2897 4861 3059 4918 ﬁores
3079 4871 3133 4917 et
3161 4861 3412 4918 lucernas
3442 4864 3539 4917 ha-

1965 4948 2056 5002 bet
2099 4962 2294 5002 aureas
2340 4948 2391 5000 in
2419 4947 2616 5017 capite,
2656 4948 2727 5002 ita
2771 4949 2926 5004 electi
2968 4966 3178 5014 omnes,
3217 4954 3308 5023 qui
3353 4953 3406 5007 in
3448 4969 3537 5008 ea-

1965 5037 2086 5091 dem
2117 5035 2395 5105 Scriptura
2425 5052 2577 5092 sacra
2607 5037 2972 5105 continentur,
3001 5053 3182 5097 erecto
3207 5045 3272 5097 ad
3303 5059 3533 5115 superna

1963 5143 2146 5192 sensu,
2190 5127 2430 5182 coelestia
2461 5127 2598 5182 bona
2633 5144 2662 5183 a
2705 5127 2931 5186 Domino
2959 5133 3217 5201 qumsissc
3256 5144 3311 5188 et
3348 5150 3534 5205 perce-

1963 5219 2106 5289 pisse
2133 5219 2446 5289 probantur.

2040 5327 2058 5358 ι
2093 5308 2159 5362 Et
2192 5308 2438 5364 cardines
2484 5310 2746 5366 ostiorum
2796 5312 2987 5368 domus
3037 5315 3221 5384 templi
3263 5315 3537 5370 interioris

1968 5419 1986 5450 ι
2015 5399 2185 5454 sancti
2213 5410 2555 5466 sanctorum,
2612 5409 2667 5456 et
2710 5403 2972 5458 ostiorum
3007 5403 3200 5460 domus
3243 5405 3423 5476 templi
3468 5422 3536 5458 ex

1974 5507 1992 5539 ι
2035 5504 2166 5542 auro
2193 5496 2366 5553 erant,
2395 5497 2499 5544 etc.
2539 5509 2556 5542 ι
2594 5490 2650 5544 Si
2680 5492 2816 5546 ostia
2839 5494 3030 5548 domus
3060 5494 3335 5550 interioris
3360 5491 3534 5549 sancti

1969 5588 2275 5632 sanctorum
2319 5579 2556 5648 angelica
2599 5591 2723 5635 s'unt
2772 5582 3090 5646 ministeria,
3119 5598 3236 5652 qua:
3272 5582 3425 5635 nobis
3470 5579 3539 5630 de

1969 5683 2192 5735 corpore
2217 5669 2452 5737 egressis
2480 5671 2754 5724 introitum
2781 5673 2906 5725 vita:
2935 5672 3170 5727 caelestis
3199 5678 3460 5730 rescraut.
3483 5679 3536 5722 et

1967 5760 2104 5813 ostia
2134 5759 2322 5813 domus
2349 5759 2528 5829 templi
2566 5761 2810 5818 doctercs
2844 5772 2966 5818 sunt
2999 5760 3170 5818 sancti
3201 5778 3263 5818 ac
3291 5761 3538 5817 sacerdo-
