3912 6160
374 272 476 325 135

1013 269 1072 323 Β.
1116 271 1366 324 ΗΑΒΛΝΙ
1406 268 1621 323 MAURI
1663 266 1906 320 AllClllh

2022 267 2329 322 MOCUNT.
2372 269 2654 325 OPERUM
2697 271 2873 326 PARS
2908 272 2947 325 Ι.

3508 278 3614 337 184

372 398 470 451 tes,
503 385 595 454 qui
627 384 970 449 instruendo,
1002 385 1339 455 baptizando.
1370 384 1579 439 Domini
1621 383 1860 452 corporis
1885 389 1938 433 et
1967 378 2014 435 Α
2043 394 2168 434 num
2203 381 2371 454 (Psal.
2402 385 2552 455 xxx).
2597 405 2614 438 ι
2653 386 2717 439 Et
2746 397 2868 457 apte
2914 386 3061 439 multi
3111 397 3232 442 sunt
3274 391 3511 446 thesauri
3556 393 3610 447 in

369 477 644 548 sanguinis
689 478 942 547 mysteria
972 475 1438 537 communicando,
1471 473 1629 543 primi
1663 473 1815 527 nobis
1835 471 1936 526 Ec-

365 569 541 621 clesia‘.
565 567 845 637 przesentis
874 566 1054 618 limina
1077 565 1338 634 pandunt,
1368 565 1493 633 quid
1521 564 1770 618 cardines
1790 571 1937 616 utro-

366 672 591 725 rumque
616 657 897 719 ostiorum,
927 656 1027 708 nisi
1048 669 1237 709 sensus
1258 664 1312 707 et
1354 654 1515 708 corda
1555 661 1680 707 sunt
1724 669 1937 707 eorum-

363 750 483 802 dem
522 747 829 816 angelorum
877 748 989 801 sive
1037 747 1311 800 hominum
1355 755 1693 809 sanctorum,
1741 745 1935 814 quibus

361 836 708 893 inmobiliter
739 835 1173 904 contemplationi
1220 852 1282 889 ac
1312 835 1582 890 dilectioni
1634 835 1716 889 sui
1740 833 1935 889 Condi—

362 927 493 981 toris
518 928 814 991 adhmrent,
840 936 895 980 ut
921 941 985 979 eo
1010 928 1389 982 ,ministerium
1426 925 1683 979 divinitus
1711 924 1810 980 sibi
1844 926 1934 979 de-

357 1016 590 1085 legatum
624 1025 769 1071 recte
800 1018 1123 1085 compleant,
1148 1031 1254 1084 quo
1286 1033 1317 1071 a
1347 1016 1625 1070 voluntate
1671 1016 1814 1069 illius
1843 1016 1929 1070 cui

357 1105 667 1161 ministrant
717 1122 990 1174 nunquam
1036 1107 1218 1160 oculos
1271 1108 1554 1161 avertunt?
1602 1108 1933 1177 Aperiuntur

354 1198 497 1252 enim
521 1206 573 1252 et
602 1197 923 1253 clauduntur
952 1199 1087 1253 ostia
1119 1208 1355 1266 tempore
1381 1214 1639 1268 congruo,
1672 1199 1764 1253 sed
1787 1197 1930 1252 nullo

353 1305 508 1344 suum
539 1292 812 1345 cardinem
840 1300 1077 1360 tempore
1103 1293 1375 1357 deserunt,
1409 1292 1532 1361 quia
1577 1300 1633 1346 et
1660 1290 1837 1362 angeli
1875 1300 1929 1345 et

352 1380 600 1434 homines
622 1380 795 1435 sancti
822 1381 935 1434 sive
966 1380 1016 1432 in
1049 1381 1185 1435 hanc
1217 1381 1381 1434 vitam
1412 1381 1534 1444 ﬁde,
1570 1397 1664 1437 seu
1688 1380 1739 1435 in
1780 1380 1925 1435 illam

351 1487 444 1540 spe
472 1472 653 1526 ﬁdeles
693 1480 851 1540 atque
880 1471 1079 1525 electos
1108 1472 1421 1541 suscipiant,
1451 1487 1663 1542 semper
1688 1472 1924 1527 animum

351 1563 404 1614 in
432 1563 612 1617 radice
640 1562 863 1619 interna:
900 1562 1203 1617 dilectionis
1234 1561 1395 1618 ﬁxum
1425 1571 1624 1617 tenent.
1661 1562 1811 1617 Unde
1840 1563 1926 1618 be-

348 1668 416 1706 ne
447 1652 643 1707 ibidem
686 1653 843 1709 iidem
883 1652 1130 1707 cardines
1168 1668 1232 1706 ex
1263 1668 1394 1707 auro
1422 1668 1541 1707 esse
1571 1651 1698 1707 facti
1736 1653 1921 1723 perhi—

344 1742 563 1806 bentur,
589 1751 806 1810 propter
835 1742 1079 1796 videlicet
1112 1741 1191 1796 vel
1232 1742 1481 1796 meritum
1508 1741 1740 1812 propriae
1759 1742 1919 1797 clari-

345 1833 489 1894 tatis,
521 1833 604 1886 vel
629 1833 788 1896 illius,
813 1848 973 1902 quam
1004 1832 1201 1887 habent
1230 1832 1282 1886 in
1310 1847 1455 1897 eum,
1483 1832 1783 1887 charitatis.

418 1946 436 1976 ι
474 1926 538 1980 Et
583 1925 811 1996 perfecit
838 1941 998 1980 omne
1040 1941 1175 1995 opus
1219 1926 1359 1995 quod
1407 1925 1637 1981 faciebat
1668 1924 1923 1981 Salomon

355 2035 373 2063 ‹
415 2015 466 2068 in
512 2015 673 2070 domo
702 2016 932 2071 Domini.
970 2036 986 2066 ι
1024 2015 1244 2070 Perﬁcit
1297 2015 1547 2072 Salomon
1600 2032 1734 2086 Opus
1780 2019 1922 2088 quod

340 2104 574 2158 faciebat
602 2103 653 2158 in
683 2105 841 2161 domo
881 2106 1112 2169 Domini,
1143 2122 1265 2161 cum
1296 2108 1405 2160 Rex
1436 2107 1696 2175 paciﬁcus
1734 2117 1922 2164 noster

338 2196 392 2247 in
425 2195 510 2249 die
554 2195 847 2250 novissima
883 2212 1070 2252 omnes
1114 2197 1315 2252 electas
1356 2201 1770 2256 resurrectionis
1821 2204 1920 2256 im-

334 2286 667 2341 mortalitate
696 2287 982 2357 glorilicat.
1013 2288 1265 2359 Alioquin
1296 2289 1533 2359 quandin
1556 2299 1729 2346 status
1758 2284 1918 2362 hujus

335 2377 514 2432 szcculi
544 2379 767 2447 geritur,
795 2378 925 2435 facit
952 2379 1169 2448 quidem
1195 2395 1329 2449 opus
1354 2380 1547 2435 domus
1573 2380 1783 2435 Domini
1817 2380 1916 2435 Sa-

337 2467 544 2533 lomon,
582 2469 677 2523 sed
706 2469 941 2522 nondum
989 2468 1219 2540 perﬁcit,
1253 2485 1378 2543 quia
1419 2470 1581 2525 corda
1618 2469 1912 2527 electorum

332 2563 615 2627 Dominus,
650 2571 710 2617 ut
749 2562 887 2618 bona
917 2572 1242 2632 operentur,
1282 2563 1510 2634 inspirat
1554 2571 1609 2619 et
1662 2562 1910 2632 adjuvat.

331 2653 538 2707 nullum
576 2662 754 2708 tamen
786 2654 840 2709 in
874 2655 973 2709 hac
1025 2656 1287 2711 duntaxat
1334 2655 1444 2709 vita
1483 2664 1913 2713 commorantem

330 2745 534 2813 absque
564 2754 787 2813 peccato
820 2761 941 2801 esse
979 2746 1186 2810 tribuit,
1214 2762 1445 2816 namque
1472 2747 1573 2801 hoc
1603 2746 1801 2801 donum
1831 2745 1912 2801 fu-

332 2844 464 2890 turae
494 2835 613 2889 vita:
644 2836 963 2891 beatitudini
995 2846 1318 2894 reservatur.
1345 2836 1563 2892 Perﬁcit
1591 2852 1719 2893 vero
1745 2852 1909 2893 omne

327 2939 464 2993 opus
494 2925 672 2994 templi
703 2925 817 2989 sui,
852 2935 905 2981 et
948 2928 1049 2983 hoc
1097 2928 1422 2984 dedicationi
1476 2936 1660 2998 aptum
1709 2929 1906 2993 reddit,

328 3031 453 3070 cum
479 3017 764 3073 translatos
804 3020 869 3074 de
913 3021 1016 3075 hac
1062 3022 1168 3074 vita
1216 3021 1417 3076 electos
1460 3031 1587 3076 suos
1641 3030 1905 3077 mternum
1932 3059 1976 3121 C

323 3107 573 3175 perducit
612 3110 678 3164 ad
730 3125 972 3180 regnum.
1004 3109 1156 3179 Quod
1184 3112 1323 3165 bene
1376 3110 1711 3182 signiﬁcatur
1740 3112 1903 3166 etiam

326 3198 381 3250 in
408 3213 471 3252 eo
516 3199 657 3266 quod
690 3200 946 3269 templum
977 3211 1181 3273 septem
1239 3203 1393 3257 annis
1419 3201 1740 3257 aediﬁcatum
1784 3212 1901 3269 est,

321 3295 519 3342 octavo
549 3298 728 3344 autem
758 3292 1053 3361 perfectura
1097 3309 1161 3349 ac
1190 3294 1493 3349 dedicatum
1529 3304 1629 3350 est.
1683 3295 1901 3366 Septem

325 3393 558 3447 nutuque
584 3381 772 3435 diebus
800 3398 959 3438 omne
1010 3385 1110 3439 hoc
1158 3394 1369 3455 tempus
1394 3386 1656 3452 volvitur;
1708 3396 1901 3442 octava

322 3477 406 3522 est
436 3469 551 3524 dies
597 3470 787 3538 judicii
830 3483 885 3528 et
929 3475 1345 3531 resurrectionis
1389 3474 1582 3531 futurae
1609 3518 1623 3541 ,
1680 3478 1746 3531 de
1791 3493 1899 3548 qua

323 3559 516 3627 psalmi
546 3571 729 3617 sextus
758 3573 812 3617 et
845 3565 1160 3620 undecimus
1181 3566 1432 3622 attitulati
1459 3577 1603 3622 sunt.
1634 3567 1731 3624 Cui
1752 3569 1900 3624 vide-

319 3652 446 3707 licet
474 3655 702 3724 tempori
730 3657 979 3711 convcnit
1014 3666 1139 3725 apte
1164 3657 1306 3726 quod
1337 3657 1611 3726 sequitur:

400 3764 418 3795 ι
459 3744 526 3799 Et
564 3745 744 3800 intulit
769 3761 889 3816 quae
918 3746 1349 3804 sanctiﬁcavcrat
1373 3750 1539 3804 David
1565 3758 1719 3820 pater
1746 3765 1895 3817 suus,

325 3852 342 3884 ‹
380 3845 660 3904 argentum
693 3846 746 3892 et
777 3852 968 3891 aurum
997 3848 1052 3892 et
1082 3853 1242 3904 vasa,
1294 3841 1639 3910 reposuitque
1684 3840 1740 3894 in
1785 3842 1901 3899 the-

323 3945 340 3975 ι
379 3926 555 3979 sauris
582 3927 772 3982 domus
802 3929 1033 3983 Domini.
1074 3949 1091 3981 ι
1123 3930 1418 4002 Argentum
1457 3948 1689 4003 namque
1715 3934 1785 3989 ad
1811 3934 1897 3988 ni-

319 4026 490 4072 torem
514 4018 849 4088 eloquentia),
875 4036 1066 4075 aurum
1104 4022 1171 4076 ad
1210 4023 1548 4091 splendorem
1578 4025 1855 4097 sapientim
1881 4066 1896 4090 ,

316 4123 445 4162 vasa
492 4110 817 4179 generaliter
858 4110 927 4165 ad
971 4112 1344 4168 rationabilem
1392 4115 1661 4185 pertinent
1684 4124 1899 4170 creatu-

315 4214 452 4251 ram.
507 4186 923 4268 Sanctiﬁcatque
956 4202 1121 4258 David
1162 4213 1314 4273 pater
1346 4204 1651 4260 Salomonis
1702 4221 1895 4277 argen-

316 4298 448 4355 tum,
475 4306 598 4343 cum
626 4290 766 4345 Deus
797 4290 956 4347 Pater
981 4293 1295 4365 eloquentes
1340 4311 1584 4367 quosque
1614 4297 1786 4368 gratia
1813 4299 1895 4353 sui

2043 474 2239 540 quibus
2260 491 2384 529 vasa
2412 476 2688 530 electionis
2711 477 3072 531 recondantur
3092 518 3106 541 ,
3165 479 3257 532 sed
3286 495 3390 534 una
3421 481 3612 538 domus

2041 563 2283 628 Domini,
2340 567 2393 619 in
2437 583 2542 636 qua
2571 566 2727 621 iidem
2764 566 2890 621 facti
2922 576 3045 621 sunt
3076 569 3352 633 thesauri,
3399 572 3523 640 quia
3559 584 3615 627 et

2039 668 2143 707 una
2175 664 2259 708 est
2284 655 2542 721 Ecclesia,
2583 657 2636 709 in
2675 672 2778 725 qua
2810 671 2997 710 omnes
3027 658 3376 713 continentur
3419 661 3610 726 electi,

2037 746 2430 813 quantumlibet
2455 747 2661 801 meritis
2682 748 2970 811 distent,et
2999 765 3123 814 una,
3152 765 3216 804 ac
3243 766 3348 804 non
3373 751 3610 818 diversa,

2036 846 2119 891 est
2139 838 2309 907 patria
2336 838 2425 892 illa
2453 839 2707 903 caelestis,
2741 855 2843 909 qua
2878 840 3063 895 electis
3108 841 3443 909 promittitur
3493 860 3610 898 om-

2035 926 2223 991 nibus;
2253 927 2498 995 quamvis
2527 947 2543 977 ‹
2579 928 2717 985 sieut
2742 927 2895 982 stella
2937 943 2967 981 a
3006 927 3160 982 stella
3188 928 3367 983 dilfert
3405 929 3459 984 in
3494 930 3608 985 cla-

2037 1016 2213 1080 ritate,
2244 1015 2317 1073 ita
2355 1024 2409 1071 et
2450 1017 2779 1071 resurrectio
2822 1026 3154 1071 mortuorum
3185 1017 3239 1089 (Ι
3280 1016 3402 1073 Cor.
3430 1020 3543 1084 xv).
3586 1041 3603 1071 ι

2032 1107 2101 1160 Ει
2124 1108 2265 1176 quod
2292 1117 2641 1179 utrorumque
2662 1107 2827 1177 judes
2874 1109 2988 1179 ipse
3025 1124 3088 1164 ac
3118 1110 3437 1165 distributor
3467 1128 3605 1181 prac-

2032 1197 2259 1252 miorum
2290 1199 2568 1263 Dominus,
2598 1214 2703 1252 una
2738 1199 3003 1253 sententia
3033 1201 3439 1264 demonstravit,
3480 1217 3604 1256 cum

2030 1288 2146 1340 ait:
2190 1306 2209 1337 ι
2245 1286 2300 1340 In
2351 1287 2511 1342 domo
2544 1287 2719 1343 Patris
2760 1288 2863 1342 mei
2893 1288 3203 1344 mansiones
3253 1289 3433 1344 multm
3480 1300 3606 1344 sunt

2031 1377 2209 1449 (Joan.
2242 1378 2372 1440 stv).
2413 1399 2431 1430 ι

2614 1467 2840 1524 CAPUT
2885 1469 3009 1525 Vill.

2029 1579 2181 1646 Quod
2202 1581 2349 1637 illata
2361 1600 2486 1637 arca
2502 1582 2707 1637 Domini
2727 1584 2781 1637 in
2801 1582 3071 1638 oraculum
3093 1583 3269 1653 templi
3283 1586 3334 1637 in
3354 1583 3604 1640 Sanctum

2102 1664 2422 1718 sanctorum,
2449 1662 2610 1708 vectes
2632 1652 2745 1721 ejus
2770 1653 2909 1705 ultra
2935 1670 3036 1707 non
3062 1652 3379 1723 apparebant
3408 1657 3604 1707 extrin-

2092 1738 2240 1775 secus
2271 1724 2405 1776 sicut
2450 1723 2595 1792 prius
2626 1739 2875 1792 apparere
2916 1734 3306 1777 consueverant.
3342 1755 3410 1763 —
3436 1723 3508 1777 De
3542 1742 3601 1777 eo

2096 1792 2236 1862 quod
2268 1792 2454 1846 nebula
2489 1792 2715 1861 implerit
2739 1794 2949 1846 domum
3000 1793 3206 1846 Domini
3234 1803 3282 1846 et
3310 1810 3412 1846 non
3457 1804 3602 1862 pole-

2099 1871 2217 1916 raut
2255 1862 2545 1916 sacerdotes
2589 1872 2729 1916 stare
2761 1872 2810 1915 et
2857 1863 3154 1917 ministrare
3190 1873 3399 1931 propter
3438 1864 3603 1918 nebu-

2097 1932 2232 1995 lam;
2289 1941 2336 1984 et
2383 1932 2447 2002 tle
2497 1932 2821 2002 dedicatione
2852 1931 3027 2000 templi
3054 1949 3147 2002 per
3176 1929 3508 1989 Salomonem
3553 1944 3601 1987 et

2094 2002 2342 2071 populum
2372 1999 2562 2055 Israel.

2094 2111 2243 2184 (Car.
2267 2113 2409 2185 vni.)
2444 2133 2461 2164 ι
2496 2112 2565 2167 Ει
2615 2112 2908 2167 intulerunt
2953 2111 3262 2167 sacerdotes
3292 2126 3473 2166 arcam
3502 2110 3603 2166 fa:-

2026 2224 2044 2255 ‹
2078 2204 2221 2259 deris
2242 2204 2450 2259 Domini
2506 2205 2559 2259 in
2606 2204 2784 2259 locum
2819 2220 2997 2268 suum,
3029 2204 3081 2258 in
3108 2204 3383 2259 oraculum
3416 2203 3601 2273 templi

2025 2313 2042 2345 ς
2083 2295 2135 2349 in
2168 2294 2429 2350 Sanctum
2470 2305 2777 2351 sanctorum
2808 2296 2991 2349 subter
3029 2294 3140 2348 alas
3190 2293 3486 2348 cherubim.
3538 2293 3597 2347 Si

2023 2403 2041 2435 ι
2078 2385 2295 2454 quidem
2323 2385 2600 2440 cherubim
2643 2384 3020 2453 cxpandebant
3068 2382 3180 2437 alas
3214 2398 3375 2453 super
3414 2381 3594 2437 locum

2022 2494 2041 2526 ‹
2077 2490 2237 2540 arcae,
2252 2482 2306 2529 et
2333 2475 2685 2544 protegebant
2708 2488 2889 2527 arcam
2916 2480 2970 2527 et
2998 2480 3176 2526 vectes
3204 2470 3319 2539 eius
3340 2471 3589 2539 desuper.

2021 2583 2039 2614 ι
2072 2564 2313 2635 Cumque
2342 2565 2646 2619 eminerent
2674 2574 2855 2618 vectes
2886 2571 2940 2618 et
2961 2570 3285 2633 apparerent
3311 2561 3590 2615 summita-

2019 2682 2037 2713 ι
2070 2670 2151 2717 tes
2178 2677 2364 2717 eorum
2401 2661 2532 2716 foris
2561 2660 2927 2716 sanctuarium
2971 2666 3096 2713 ante
3141 2656 3446 2721 oraculum,
3478 2670 3585 2709 non

2017 2773 2035 2806 ‹
2069 2754 2398 2824 apparebant
2432 2753 2570 2807 ultra
2617 2752 2988 2814 extrinsecus,
3046 2741 3136 2819 qui
3164 2758 3220 2803 et
3269 2746 3487 2802 fuerunt
3515 2746 3589 2801 ibi

2016 2862 2035 2894 ι
2067 2858 2237 2912 usque
2258 2843 2309 2896 in
2330 2850 2651 2913 praesentem
2678 2841 2839 2896 diem.
2874 2840 2926 2894 In
2951 2855 3076 2894 arca
3113 2847 3293 2893 autem
3334 2852 3439 2891 non
3466 2846 3586 2889 erat

2015 2955 2032 2986 ‹
2069 2935 2233 3001 aliud,
2257 2935 2361 2989 nisi
2385 2934 2498 2989 dua:
2529 2933 2722 2989 tabulae
2748 2932 2988 3002 lapidein,
3006 2946 3139 3000 quas
3158 2937 3414 2999 posuerat
3441 2928 3495 2981 in
3520 2942 3585 2981 ea

2014 3047 2032 3077 ε
2065 3026 2272 3097 Moyses
2309 3027 2362 3079 in
2390 3024 2590 3091 Horcb,
2627 3025 2841 3093 quando
2877 3023 3077 3094 pepigit
3126 3020 3298 3076 fuadus
3327 3019 3589 3075 Dominus

2014 3136 2033 3168 ‹
2065 3131 2187 3171 cum
2219 3116 2341 3170 ﬁliis
2372 3113 2555 3179 Israel,
2583 3130 2704 3168 cum
2728 3112 3112 3183 egrederentur
3151 3111 3215 3165 de
3246 3117 3387 3165 terra
3413 3107 3584 3179 {Egy-

2011 3224 2029 3256 ‹
2061 3206 2159 3276 pti,
2190 3213 2296 3260 etc.
2328 3224 2347 3255 ι
2376 3204 2525 3271 Quod
2555 3203 2702 3257 illata
2731 3218 2855 3257 arca
2885 3202 2939 3256 in
2968 3200 3223 3256 Sanctum
3266 3208 3579 3254 sanctorum

2005 3284 2228 3360 dicitur,
2289 3310 2520 3365 cumque
2568 3294 2865 3349 eminerent
2906 3300 3084 3347 vectes
3132 3300 3187 3345 et
3231 3299 3573 3361 apparerent,

2004 3386 2341 3442 summitates
2363 3400 2548 3440 eorum
2577 3383 2703 3439 foris
2726 3383 3091 3437 sanctuarium
3112 3396 3217 3435 non
3245 3381 3580 3449 apparebant

2004 3474 2143 3530 ultra
2166 3475 2520 3537 extrinsecus,
2550 3474 2653 3528 hoc
2682 3470 3019 3527 manifestius
3044 3472 3097 3525 in
3136 3470 3581 3539 Paralipomenon

2002 3568 2273 3622 volumine
2295 3556 2548 3621 scribitur
2577 3584 2589 3619 :
2632 3585 2649 3616 ‹
2688 3566 2950 3629 Vectium,
2983 3564 3181 3634 inquit,
3213 3564 3409 3633 quibus
3458 3578 3585 3633 por-

2005 3658 2192 3713 tabant
2220 3673 2425 3722 arcam,
2449 3656 2573 3726 quia
2613 3655 2884 3726 paululum
2912 3654 3181 3725 longiores
3207 3661 3381 3718 erant,
3406 3652 3584 3722 capita

1999 3750 2267 3821 parebant
2290 3756 2416 3802 ante
2438 3746 2737 3802 oraculum.
2770 3746 2828 3800 Si
2849 3761 2977 3800 vero
3000 3746 3121 3816 quis
3150 3743 3423 3815 paululum
3449 3742 3583 3798 fuis—

2000 3847 2083 3895 set
2105 3839 2461 3904 extrinsecus,
2477 3853 2570 3892 eos
2597 3838 2780 3892 videre
2801 3854 2907 3891 non
2933 3845 3161 3907 poterat.
3198 3856 3216 3887 ι
3248 3834 3346 3890 Ubi
3388 3841 3583 3889 notan-

2000 3930 2129 3984 dum
2156 3929 2298 3999 quod
2329 3928 2429 3982 etsi
2460 3927 2635 3997 capita
2663 3928 2897 3982 vectium
2930 3925 3311 3981 accedentibus
3359 3924 3584 3999 propius

1999 4036 2064 4075 ae
2093 4020 2400 4091 diligentius
2446 4017 2774 4073 intuentibus
2801 4018 3055 4088 patebant
3111 4026 3237 4070 ante
3264 4014 3567 4079 oraculum,

1998 4125 2106 4164 non
2137 4119 2314 4163 tamen
2345 4108 2459 4162 ﬁeri
2487 4116 2727 4177 poterat,
2781 4116 2838 4160 ut
2869 4106 2980 4178 ipsa
3007 4122 3191 4160 eorum
3221 4105 3396 4176 capita
3454 4113 3582 4160 ante

1997 4200 2275 4255 oraculum
2313 4199 2633 4263 eminerent,
2664 4197 2790 4268 quia
2829 4199 3081 4251 nimirum
3112 4213 3332 4252 necesse
3357 4203 3477 4253 erat
3498 4204 3576 4261 ut,

1997 4290 2179 4345 clauso
2209 4288 2426 4343 oraculo
2462 4297 2517 4343 et
2552 4304 2787 4359 appenso
2836 4296 2961 4343 ante
2990 4288 3130 4342 ostia
3153 4287 3291 4353 velo,
3322 4287 3419 4356 ipsi
3444 4301 3579 4357 quo-

314 4379 550 4448 Spiritus
588 4382 655 4436 ad
681 4381 1002 4452 loquendum
1045 4388 1266 4441 verbum
1301 4388 1575 4458 Evangelii
1606 4387 1892 4444 οοηῑοι-ωι,
1924 4399 1975 4458 D
2001 4395 2105 4449 que
2143 4388 2323 4434 vectes
2345 4379 2441 4433 toti
2469 4396 2588 4435 cum
2616 4395 2742 4434 arca
2765 4389 2820 4434 et
2846 4379 3127 4434 cherubim
3154 4379 3478 4435 abderentur
3502 4378 3581 4432 in-

312 4470 627 4526 Sauctiﬁcat
655 4489 885 4539 aurum,
935 4492 1056 4530 cum
1098 4477 1328 4531 naturali
1374 4477 1590 4549 ingenio
1636 4479 1890 4548 przeditos

309 4578 409 4615 suo
437 4561 650 4629 replens
679 4561 883 4630 Spiritu
911 4565 976 4618 ad
1004 4566 1392 4619 consideranda
1426 4567 1478 4619 in
1507 4567 1624 4635 lege
1654 4582 1751 4621 sua
1797 4569 1887 4624 mi'

310 4650 496 4704 rabilia
541 4651 826 4704 illuminat.
874 4652 1188 4707 Sanetiﬁcat
1216 4663 1270 4709 et
1301 4670 1452 4717 vasa,
1481 4671 1603 4711 cum
1637 4660 1885 4714 omnibus

310 4742 635 4811 generaliter
662 4742 917 4798 Ecclesia:
952 4743 1076 4799 ﬁliis
1103 4744 1342 4814 ejusdem
1374 4746 1612 4816 Spiritus
1654 4750 1884 4820 gratiam

310 4831 555 4901 largitus,
588 4831 653 4887 ad
676 4834 905 4887 amanda
940 4833 1059 4889 illas
1093 4844 1148 4890 et
1177 4837 1474 4906 appetenda
1518 4837 1657 4894 dona
1685 4855 1879 4910 perpe-

309 4930 414 4974 tuze
439 4920 630 4976 salutis
657 4920 969 4978 inﬂammat.
990 4922 1104 4979 Hoc
1126 4936 1303 4981 autem
1328 4937 1628 4998 argentum,
1661 4930 1764 4985 hoc
1787 4945 1882 4985 au-

308 5028 451 5078 rum,
478 5014 593 5067 lucc
631 5014 963 5070 sanctiﬁcata
992 5032 1135 5080 vasa,
1166 5017 1418 5074 Salomon
1447 5018 1610 5074 infert
1656 5021 1707 5074 in
1745 5032 1881 5075 tem-

308 5104 474 5174 plum,
508 5121 628 5159 cum
670 5105 930 5161 Dominus
957 5117 1159 5171 noster,
1216 5118 1434 5178 peracto
1461 5110 1752 5166 universali
1792 5110 1883 5179 ju-

307 5193 470 5260 dicia,
494 5209 683 5251 omnes
730 5197 932 5252 electos
959 5207 1015 5253 et
1051 5198 1330 5253 doctorum
1358 5199 1609 5256 videlicet
1644 5209 1699 5257 et
1725 5210 1856 5257 caete

307 5298 488 5339 rerum
523 5286 754 5341 ﬁdelium
787 5299 986 5344 coetum
1014 5329 1029 5354 ,
1087 5290 1138 5343 in
1187 5290 1438 5360 gaudium
1469 5292 1617 5361 regni
1647 5292 1882 5346 ccelestis

304 5376 617 5432 introducit.
652 5379 985 5450 Repnnilque
1012 5395 1139 5435 vasa
1169 5382 1367 5436 diversi
1392 5382 1605 5452 generis
1625 5391 1880 5452 argentea

302 5467 417 5522 sive
466 5485 631 5524 aurea
671 5470 724 5524 in
763 5472 1032 5525 thesauris
1060 5473 1253 5526 domus
1284 5473 1514 5537 Domini,
1546 5474 1761 5541 quando
1789 5490 1882 5528 eos

302 5560 392 5627 qui
420 5561 757 5615 multitudine
787 5563 1081 5616 dulcedinis
1106 5562 1222 5627 eius
1248 5562 1349 5616 frui
1375 5564 1688 5626 meruerint,
1721 5584 1736 5615 ι
1760 5566 1881 5620 abs—

302 5652 483 5707 condit
521 5653 572 5707 in
620 5654 798 5706 abdito
830 5654 1004 5707 mltns
1056 5655 1135 5708 sui
1187 5672 1214 5705 η
1258 5656 1665 5711 conturbatione
1705 5657 1877 5712 homi-

2000 4472 2186 4525 terius.
2221 4469 2371 4536 Quod
2399 4470 2514 4524 ﬁeri
2552 4485 2656 4523 non
2697 4477 2931 4540 poterat,
2957 4468 3001 4524 si
3026 4467 3391 4538 prominentes
3435 4466 3577 4521 ulte-

1995 4564 2109 4617 rius
2131 4572 2311 4619 vectes
2332 4563 2690 4633 producendis
2726 4562 2792 4617 ad
2826 4561 3179 4617 claudendum
3208 4560 3362 4614 ostiis
3395 4560 3573 4615 locum

1994 4668 2101 4707 non
2131 4653 2340 4707 darent.
2369 4652 2608 4719 Quorum
2660 4652 2980 4723 positionem
3016 4651 3248 4704 vectium
3289 4648 3573 4718 Scriptura

1990 4760 2100 4799 non
2137 4744 2253 4798 sine
2282 4760 2466 4809 causa,
2488 4744 2580 4798 sed
2620 4743 2799 4812 magni
2846 4742 3041 4796 intuitu
3085 4743 3430 4805 sacramenti,
3461 4750 3573 4796 tam

1990 4835 2275 4906 diligenter
2318 4833 2570 4905 eXpedire
2612 4834 2838 4887 curavit.
2875 4832 3099 4889 Constat
3134 4832 3279 4886 enim
3304 4832 3429 4902 quia
3475 4832 3573 4887 do-

1991 4939 2112 4978 mus
2138 4924 2320 4993 templi
2351 4922 2589 4977 exterior
2637 4922 3073 4993 peregrinantem
3118 4922 3169 4975 in
3201 4922 3363 4977 terris
3387 4922 3573 4977 Eccle-

1989 5014 2147 5078 siam,
2177 5021 2364 5068 saneta
2420 5021 2600 5066 autem
2650 5019 2959 5067 sanctorum
3011 5013 3277 5067 internam
3321 5027 3570 5081 supernae

1988 5107 2175 5175 patria:
2201 5105 2514 5159 felicitatem
2542 5104 2804 5176 designat.
2823 5104 2952 5161 Item
2979 5104 3122 5158 illata
3146 5104 3195 5158 in
3225 5113 3409 5159 sancta
3438 5119 3566 5157 san-

1988 5208 2195 5253 ctorum
2217 5213 2341 5252 arca
2368 5208 2697 5269 assumptam
2722 5197 2919 5253 Christi
2942 5199 3326 5252 humanitatem
3351 5206 3405 5252 et
3426 5198 3569 5252 intra

1987 5288 2164 5342 velum
2192 5288 2353 5358 regite
2382 5287 2617 5343 caelestis
2663 5287 2953 5351 inductam,
2979 5296 3160 5342 vectes
3196 5302 3343 5350 vero,
3371 5285 3568 5354 quibus

1982 5379 2170 5434 eadem
2201 5395 2326 5435 area
2353 5380 2684 5449 portebatur,
2712 5380 3092 5447 praadicatores
3116 5378 3287 5441 verbi,
3310 5392 3406 5447 per
3427 5392 3567 5446 quos

1984 5472 2096 5540 ipse
2131 5472 2329 5526 mundo
2370 5472 2624 5533 innotuit,
2649 5471 2827 5541 typiee
2852 5470 3190 5524 denuntiant.
3223 5469 3354 5522 Erat
3379 5477 3564 5523 autem

1984 5562 2036 5616 in
2076 5579 2200 5617 arca
2231 5578 2364 5617 urna
2404 5578 2566 5616 aurea
2599 5560 2803 5616 habens
2854 5577 3068 5623 manna,
3110 5560 3235 5630 quia
3270 5579 3288 5611 ε
3324 5560 3377 5612 in
3411 5578 3429 5609 ι
3463 5558 3562 5612 ho-

1984 5658 2126 5711 mine
2154 5678 2169 5707 ι
2208 5656 2423 5711 Christo
2471 5656 2672 5710 habitat
2714 5656 2889 5709 omnis
2934 5655 3208 5725 plenitu'lo
3263 5653 3563 5707 divinitatis
