  <div class='ocr_page' id='page_1' title='image "/cluster/home/n/w/nwhite01/storage/ocr_20150623/109/hvd.32044054759741/099.png"; bbox 0 0 3912 6160; ppageno 0'>
   <div class='ocr_carea' id='block_1_1' title="bbox 304 369 403 425">
    <p class='ocr_par' dir='ltr' id='par_1_1' title="bbox 304 369 403 425">
     <span class='ocr_line' id='line_1_1' title="bbox 304 369 403 425; baseline 0 -1"><span class='ocrx_word' id='word_1_1' title='bbox 304 369 403 425; x_wconf 80' lang='grc'><strong>187</strong></span> 
     </span>
    </p>
   </div>
   <div class='ocr_carea' id='block_1_2' title="bbox 940 354 2875 418">
    <p class='ocr_par' dir='ltr' id='par_1_2' title="bbox 940 354 2875 418">
     <span class='ocr_line' id='line_1_2' title="bbox 940 354 2875 418; baseline -0.006 0"><span class='ocrx_word' id='word_1_2' title='bbox 940 365 1002 418; x_wconf 81' lang='grc' dir='ltr'><strong>Β.</strong></span> <span class='ocrx_word' id='word_1_3' title='bbox 1047 362 1295 418; x_wconf 79' lang='lat' dir='ltr'><strong>RABANl</strong></span> <span class='ocrx_word' id='word_1_4' title='bbox 1335 361 1553 417; x_wconf 78' lang='lat' dir='ltr'><strong>MAURI</strong></span> <span class='ocrx_word' id='word_1_5' title='bbox 1591 356 1907 413; x_wconf 82' lang='lat' dir='ltr'><strong>ARCHlEP.</strong></span> <span class='ocrx_word' id='word_1_6' title='bbox 1953 357 2257 413; x_wconf 83' lang='lat' dir='ltr'><strong>MOGUNT.</strong></span> <span class='ocrx_word' id='word_1_7' title='bbox 2294 356 2576 413; x_wconf 78' lang='lat' dir='ltr'><strong>OPERUM</strong></span> <span class='ocrx_word' id='word_1_8' title='bbox 2617 355 2795 411; x_wconf 81' lang='lat' dir='ltr'><strong>PARS</strong></span> <span class='ocrx_word' id='word_1_9' title='bbox 2833 354 2875 408; x_wconf 88' lang='lat' dir='ltr'><strong>l.</strong></span> 
     </span>
    </p>
   </div>
   <div class='ocr_carea' id='block_1_3' title="bbox 3434 352 3538 412">
    <p class='ocr_par' dir='ltr' id='par_1_3' title="bbox 3434 352 3538 412">
     <span class='ocr_line' id='line_1_3' title="bbox 3434 352 3538 412; baseline 0.019 -3"><span class='ocrx_word' id='word_1_10' title='bbox 3434 352 3538 412; x_wconf 80' lang='lat' dir='ltr'><strong>lSS</strong></span> 
     </span>
    </p>
   </div>
   <div class='ocr_carea' id='block_1_4' title="bbox 302 464 3536 559">
    <p class='ocr_par' dir='ltr' id='par_1_4' title="bbox 302 464 3536 559">
     <span class='ocr_line' id='line_1_4' title="bbox 302 464 3536 559; baseline -0.006 -22"><span class='ocrx_word' id='word_1_11' title='bbox 302 482 501 537; x_wconf 84' lang='lat' dir='ltr'><strong>Emath</strong></span> <span class='ocrx_word' id='word_1_12' title='bbox 525 496 698 559; x_wconf 83' lang='lat' dir='ltr'><strong>usque</strong></span> <span class='ocrx_word' id='word_1_13' title='bbox 723 482 791 534; x_wconf 89' lang='lat' dir='ltr'><strong>ad</strong></span> <span class='ocrx_word' id='word_1_14' title='bbox 821 482 992 534; x_wconf 90' lang='lat' dir='ltr'><strong>rivum</strong></span> <span class='ocrx_word' id='word_1_15' title='bbox 1012 477 1253 547; x_wconf 64' lang='lat' dir='ltr'><strong>Egypti,</strong></span> <span class='ocrx_word' id='word_1_16' title='bbox 1276 490 1456 529; x_wconf 90' lang='lat' dir='ltr'><strong>coram</strong></span> <span class='ocrx_word' id='word_1_17' title='bbox 1474 473 1699 527; x_wconf 90' lang='lat' dir='ltr'><strong>Domino</strong></span> <span class='ocrx_word' id='word_1_18' title='bbox 1725 489 1736 523; x_wconf 92' lang='lat'><strong>:</strong></span> <span class='ocrx_word' id='word_1_19' title='bbox 1770 484 1865 539; x_wconf 88' lang='lat' dir='ltr'><strong>per</strong></span> <span class='ocrx_word' id='word_1_20' title='bbox 1892 471 1941 527; x_wconf 83' lang='lat' dir='ltr'><strong>A</strong></span> <span class='ocrx_word' id='word_1_21' title='bbox 1967 469 2193 537; x_wconf 84' lang='lat' dir='ltr'><strong>phrona.</strong></span> <span class='ocrx_word' id='word_1_22' title='bbox 2232 487 2250 519; x_wconf 75' lang='grc' dir='ltr'><strong><em>ι</em></strong></span> <span class='ocrx_word' id='word_1_23' title='bbox 2283 468 2640 535; x_wconf 81' lang='lat' dir='ltr'><strong>Quamobrem</strong></span> <span class='ocrx_word' id='word_1_24' title='bbox 2682 466 2840 521; x_wconf 86' lang='lat' dir='ltr'><strong>hodie</strong></span> <span class='ocrx_word' id='word_1_25' title='bbox 2878 464 3135 559; x_wconf 78' lang='lat' dir='ltr'><strong>Zephium</strong></span> <span class='ocrx_word' id='word_1_26' title='bbox 3163 464 3536 559; x_wconf 42' lang='lat' dir='ltr'><strong>oppiduinut’JL</strong></span> 
     </span>
    </p>
   </div>
   <div class='ocr_carea' id='block_1_5' title="bbox 301 562 1870 638">
    <p class='ocr_par' dir='ltr' id='par_1_5' title="bbox 301 562 1870 638">
     <span class='ocr_line' id='line_1_5' title="bbox 301 562 1870 638; baseline -0.007 -10"><span class='ocrx_word' id='word_1_27' title='bbox 301 572 582 628; x_wconf 75' lang='lat' dir='ltr'><strong>introitum</strong></span> <span class='ocrx_word' id='word_1_28' title='bbox 602 570 796 625; x_wconf 89' lang='lat' dir='ltr'><strong>Emath</strong></span> <span class='ocrx_word' id='word_1_29' title='bbox 817 567 1297 638; x_wconf 87' lang='lat' dir='ltr'><strong>Septentrionalem</strong></span> <span class='ocrx_word' id='word_1_30' title='bbox 1319 575 1475 620; x_wconf 64' lang='lat' dir='ltr'><strong>terra:</strong></span> <span class='ocrx_word' id='word_1_31' title='bbox 1502 562 1870 633; x_wconf 86' lang='lat' dir='ltr'><strong>repromissio-</strong></span> 
     </span>
    </p>
   </div>
   <div class='ocr_carea' id='block_1_6' title="bbox 302 644 1870 730">
    <p class='ocr_par' dir='ltr' id='par_1_6' title="bbox 302 644 1870 730">
     <span class='ocr_line' id='line_1_6' title="bbox 302 644 1870 730; baseline -0.006 -15"><span class='ocrx_word' id='word_1_32' title='bbox 302 662 389 716; x_wconf 90' lang='lat' dir='ltr'><strong>nis</strong></span> <span class='ocrx_word' id='word_1_33' title='bbox 421 661 651 730; x_wconf 79' lang='lat' dir='ltr'><strong>plagam,</strong></span> <span class='ocrx_word' id='word_1_34' title='bbox 676 676 770 729; x_wconf 81' lang='lat' dir='ltr'><strong>per</strong></span> <span class='ocrx_word' id='word_1_35' title='bbox 815 644 987 712; x_wconf 86' lang='lat' dir='ltr'><strong>rivum</strong></span> <span class='ocrx_word' id='word_1_36' title='bbox 1028 658 1140 712; x_wconf 86' lang='lat' dir='ltr'><strong>sive</strong></span> <span class='ocrx_word' id='word_1_37' title='bbox 1193 666 1471 710; x_wconf 76' lang='lat' dir='ltr'><strong>torrentem</strong></span> <span class='ocrx_word' id='word_1_38' title='bbox 1525 654 1739 724; x_wconf 68' lang='lat' dir='ltr'><strong>Aigypti</strong></span> <span class='ocrx_word' id='word_1_39' title='bbox 1764 694 1778 719; x_wconf 95' lang='lat'><strong>,</strong></span> <span class='ocrx_word' id='word_1_40' title='bbox 1811 661 1870 707; x_wconf 90' lang='lat' dir='ltr'><strong>ut</strong></span> 
     </span>
    </p>
   </div>
   <div class='ocr_carea' id='block_1_7' title="bbox 301 746 1869 819">
    <p class='ocr_par' dir='ltr' id='par_1_7' title="bbox 301 746 1869 819">
     <span class='ocr_line' id='line_1_7' title="bbox 301 746 1869 819; baseline -0.007 -12"><span class='ocrx_word' id='word_1_41' title='bbox 301 749 480 807; x_wconf 77' lang='lat' dir='ltr'><strong>Verba</strong></span> <span class='ocrx_word' id='word_1_42' title='bbox 506 752 719 805; x_wconf 90' lang='lat' dir='ltr'><strong>Dierum</strong></span> <span class='ocrx_word' id='word_1_43' title='bbox 752 748 1030 802; x_wconf 90' lang='lat' dir='ltr'><strong>nominant</strong></span> <span class='ocrx_word' id='word_1_44' title='bbox 1058 746 1141 819; x_wconf 87' lang='lat' dir='ltr'><strong>(Il</strong></span> <span class='ocrx_word' id='word_1_45' title='bbox 1175 746 1303 799; x_wconf 89' lang='lat' dir='ltr'><strong>Par.</strong></span> <span class='ocrx_word' id='word_1_46' title='bbox 1337 746 1454 813; x_wconf 92' lang='lat' dir='ltr'><strong>vn),</strong></span> <span class='ocrx_word' id='word_1_47' title='bbox 1489 748 1730 813; x_wconf 79' lang='lat' dir='ltr'><strong>designat</strong></span> <span class='ocrx_word' id='word_1_48' title='bbox 1770 759 1869 797; x_wconf 90' lang='lat' dir='ltr'><strong>au-</strong></span> 
     </span>
    </p>
   </div>
   <div class='ocr_carea' id='block_1_8' title="bbox 302 835 1871 907">
    <p class='ocr_par' dir='ltr' id='par_1_8' title="bbox 302 835 1871 907">
     <span class='ocr_line' id='line_1_8' title="bbox 302 835 1871 907; baseline -0.004 -13"><span class='ocrx_word' id='word_1_49' title='bbox 302 841 539 894; x_wconf 74' lang='lat' dir='ltr'><strong>stralem.</strong></span> <span class='ocrx_word' id='word_1_50' title='bbox 582 842 658 894; x_wconf 92' lang='lat' dir='ltr'><strong>De</strong></span> <span class='ocrx_word' id='word_1_51' title='bbox 700 840 895 907; x_wconf 82' lang='lat' dir='ltr'><strong>quibus</strong></span> <span class='ocrx_word' id='word_1_52' title='bbox 952 838 1128 907; x_wconf 89' lang='lat' dir='ltr'><strong>aliqua</strong></span> <span class='ocrx_word' id='word_1_53' title='bbox 1168 837 1329 891; x_wconf 93' lang='lat' dir='ltr'><strong>latius</strong></span> <span class='ocrx_word' id='word_1_54' title='bbox 1372 851 1437 891; x_wconf 81' lang='lat' dir='ltr'><strong>ex</strong></span> <span class='ocrx_word' id='word_1_55' title='bbox 1468 836 1649 890; x_wconf 85' lang='lat' dir='ltr'><strong>verbis</strong></span> <span class='ocrx_word' id='word_1_56' title='bbox 1697 835 1871 890; x_wconf 88' lang='lat' dir='ltr'><strong>sancti</strong></span> 
     </span>
    </p>
   </div>
   <div class='ocr_carea' id='block_1_9' title="bbox 302 925 1873 999">
    <p class='ocr_par' dir='ltr' id='par_1_9' title="bbox 302 925 1873 999">
     <span class='ocr_line' id='line_1_9' title="bbox 302 925 1873 999; baseline -0.004 -16"><span class='ocrx_word' id='word_1_57' title='bbox 302 930 608 999; x_wconf 88' lang='lat' dir='ltr'><strong>llieronymi</strong></span> <span class='ocrx_word' id='word_1_58' title='bbox 648 944 849 997; x_wconf 89' lang='lat' dir='ltr'><strong>ponere</strong></span> <span class='ocrx_word' id='word_1_59' title='bbox 893 938 1104 998; x_wconf 90' lang='lat' dir='ltr'><strong>gratum</strong></span> <span class='ocrx_word' id='word_1_60' title='bbox 1150 936 1280 996; x_wconf 91' lang='lat' dir='ltr'><strong>puto</strong></span> <span class='ocrx_word' id='word_1_61' title='bbox 1324 941 1444 981; x_wconf 88' lang='lat' dir='ltr'><strong>esse</strong></span> <span class='ocrx_word' id='word_1_62' title='bbox 1504 926 1715 980; x_wconf 93' lang='lat' dir='ltr'><strong>lectori.</strong></span> <span class='ocrx_word' id='word_1_63' title='bbox 1765 925 1873 995; x_wconf 80' lang='lat' dir='ltr'><strong>(Ea:</strong></span> 
     </span>
    </p>
   </div>
   <div class='ocr_carea' id='block_1_10' title="bbox 302 1015 1873 1089">
    <p class='ocr_par' dir='ltr' id='par_1_10' title="bbox 302 1015 1873 1089">
     <span class='ocr_line' id='line_1_10' title="bbox 302 1015 1873 1089; baseline -0.003 -17"><span class='ocrx_word' id='word_1_64' title='bbox 302 1018 545 1089; x_wconf 82' lang='lat' dir='ltr'><strong>Hieron.)</strong></span> <span class='ocrx_word' id='word_1_65' title='bbox 570 1017 841 1087; x_wconf 86' lang='lat' dir='ltr'><strong>Scriptum</strong></span> <span class='ocrx_word' id='word_1_66' title='bbox 864 1027 948 1071; x_wconf 88' lang='lat' dir='ltr'><strong>est</strong></span> <span class='ocrx_word' id='word_1_67' title='bbox 976 1017 1028 1070; x_wconf 91' lang='lat' dir='ltr'><strong>in</strong></span> <span class='ocrx_word' id='word_1_68' title='bbox 1065 1016 1202 1069; x_wconf 86' lang='lat' dir='ltr'><strong>libro</strong></span> <span class='ocrx_word' id='word_1_69' title='bbox 1224 1015 1614 1079; x_wconf 79' lang='lat' dir='ltr'><strong>Numerorum,</strong></span> <span class='ocrx_word' id='word_1_70' title='bbox 1663 1015 1717 1068; x_wconf 93' lang='lat' dir='ltr'><strong>in</strong></span> <span class='ocrx_word' id='word_1_71' title='bbox 1767 1030 1873 1083; x_wconf 88' lang='lat' dir='ltr'><strong>quo</strong></span> 
     </span>
    </p>
   </div>
   <div class='ocr_carea' id='block_1_11' title="bbox 301 1103 1871 1177">
    <p class='ocr_par' dir='ltr' id='par_1_11' title="bbox 301 1103 1871 1177">
     <span class='ocr_line' id='line_1_11' title="bbox 301 1103 1871 1177; baseline -0.004 -14"><span class='ocrx_word' id='word_1_72' title='bbox 301 1110 475 1163; x_wconf 90' lang='lat' dir='ltr'><strong>omnis</strong></span> <span class='ocrx_word' id='word_1_73' title='bbox 510 1118 653 1161; x_wconf 90' lang='lat' dir='ltr'><strong>terra</strong></span> <span class='ocrx_word' id='word_1_74' title='bbox 674 1106 1105 1177; x_wconf 85' lang='lat' dir='ltr'><strong>repromissionis</strong></span> <span class='ocrx_word' id='word_1_75' title='bbox 1132 1121 1229 1174; x_wconf 89' lang='lat' dir='ltr'><strong>per</strong></span> <span class='ocrx_word' id='word_1_76' title='bbox 1258 1114 1491 1173; x_wconf 85' lang='lat' dir='ltr'><strong>quatuor</strong></span> <span class='ocrx_word' id='word_1_77' title='bbox 1519 1104 1699 1173; x_wconf 83' lang='lat' dir='ltr'><strong>plagas</strong></span> <span class='ocrx_word' id='word_1_78' title='bbox 1725 1103 1871 1157; x_wconf 88' lang='lat' dir='ltr'><strong>brevi</strong></span> 
     </span>
    </p>
   </div>
   <div class='ocr_carea' id='block_1_12' title="bbox 301 1191 1873 1261">
    <p class='ocr_par' dir='ltr' id='par_1_12' title="bbox 301 1191 1873 1261">
     <span class='ocr_line' id='line_1_12' title="bbox 301 1191 1873 1261; baseline -0.004 -10"><span class='ocrx_word' id='word_1_79' title='bbox 301 1213 548 1252; x_wconf 82' lang='lat' dir='ltr'><strong>sermone</strong></span> <span class='ocrx_word' id='word_1_80' title='bbox 577 1197 833 1251; x_wconf 82' lang='lat' dir='ltr'><strong>dividitur</strong></span> <span class='ocrx_word' id='word_1_81' title='bbox 860 1215 871 1248; x_wconf 94' lang='lat'><strong>:</strong></span> <span class='ocrx_word' id='word_1_82' title='bbox 911 1214 929 1246; x_wconf 71' lang='grc' dir='ltr'><strong><em>ι</em></strong></span> <span class='ocrx_word' id='word_1_83' title='bbox 962 1195 1095 1249; x_wconf 86' lang='lat' dir='ltr'><strong>Pars</strong></span> <span class='ocrx_word' id='word_1_84' title='bbox 1120 1195 1414 1248; x_wconf 91' lang='lat' dir='ltr'><strong>meridiana</strong></span> <span class='ocrx_word' id='word_1_85' title='bbox 1446 1194 1662 1261; x_wconf 82' lang='lat' dir='ltr'><strong>incipiet</strong></span> <span class='ocrx_word' id='word_1_86' title='bbox 1688 1208 1717 1245; x_wconf 93' lang='lat' dir='ltr'><strong>a</strong></span> <span class='ocrx_word' id='word_1_87' title='bbox 1745 1191 1873 1245; x_wconf 90' lang='lat' dir='ltr'><strong>soli-</strong></span> 
     </span>
    </p>
   </div>
   <div class='ocr_carea' id='block_1_13' title="bbox 300 1281 1875 1354">
    <p class='ocr_par' dir='ltr' id='par_1_13' title="bbox 300 1281 1875 1354">
     <span class='ocr_line' id='line_1_13' title="bbox 300 1281 1875 1354; baseline -0.004 -15"><span class='ocrx_word' id='word_1_88' title='bbox 300 1285 485 1340; x_wconf 88' lang='lat' dir='ltr'><strong>tudine</strong></span> <span class='ocrx_word' id='word_1_89' title='bbox 507 1285 622 1347; x_wconf 91' lang='lat' dir='ltr'><strong>Siu,</strong></span> <span class='ocrx_word' id='word_1_90' title='bbox 646 1300 766 1353; x_wconf 78' lang='lat' dir='ltr'><strong>qua:</strong></span> <span class='ocrx_word' id='word_1_91' title='bbox 789 1295 873 1338; x_wconf 88' lang='lat' dir='ltr'><strong>est</strong></span> <span class='ocrx_word' id='word_1_92' title='bbox 890 1285 1043 1354; x_wconf 86' lang='lat' dir='ltr'><strong>juxta</strong></span> <span class='ocrx_word' id='word_1_93' title='bbox 1077 1284 1266 1349; x_wconf 74' lang='lat' dir='ltr'><strong>Edam,</strong></span> <span class='ocrx_word' id='word_1_94' title='bbox 1294 1291 1346 1337; x_wconf 92' lang='lat' dir='ltr'><strong>et</strong></span> <span class='ocrx_word' id='word_1_95' title='bbox 1378 1283 1595 1337; x_wconf 88' lang='lat' dir='ltr'><strong>habebit</strong></span> <span class='ocrx_word' id='word_1_96' title='bbox 1616 1281 1875 1335; x_wconf 87' lang='lat' dir='ltr'><strong>terminos</strong></span> 
     </span>
    </p>
   </div>
   <div class='ocr_carea' id='block_1_14' title="bbox 299 1371 1879 1438">
    <p class='ocr_par' dir='ltr' id='par_1_14' title="bbox 299 1371 1879 1438">
     <span class='ocr_line' id='line_1_14' title="bbox 299 1371 1879 1438; baseline -0.004 -8"><span class='ocrx_word' id='word_1_97' title='bbox 299 1385 485 1430; x_wconf 89' lang='lat' dir='ltr'><strong>contra</strong></span> <span class='ocrx_word' id='word_1_98' title='bbox 530 1376 803 1430; x_wconf 87' lang='lat' dir='ltr'><strong>Orientem</strong></span> <span class='ocrx_word' id='word_1_99' title='bbox 834 1390 981 1429; x_wconf 88' lang='lat' dir='ltr'><strong>mare</strong></span> <span class='ocrx_word' id='word_1_100' title='bbox 1022 1375 1395 1429; x_wconf 83' lang='lat' dir='ltr'><strong>salsissimum.</strong></span> <span class='ocrx_word' id='word_1_101' title='bbox 1439 1374 1538 1438; x_wconf 86' lang='lat' dir='ltr'><strong>Qui</strong></span> <span class='ocrx_word' id='word_1_102' title='bbox 1574 1371 1879 1426; x_wconf 87' lang='lat' dir='ltr'><strong>circuibunt</strong></span> 
     </span>
    </p>
   </div>
   <div class='ocr_carea' id='block_1_15' title="bbox 300 1461 1877 1536">
    <p class='ocr_par' dir='ltr' id='par_1_15' title="bbox 300 1461 1877 1536">
     <span class='ocr_line' id='line_1_15' title="bbox 300 1461 1877 1536; baseline -0.004 -17"><span class='ocrx_word' id='word_1_103' title='bbox 300 1465 602 1520; x_wconf 83' lang='lat' dir='ltr'><strong>Australem</strong></span> <span class='ocrx_word' id='word_1_104' title='bbox 646 1466 855 1536; x_wconf 78' lang='lat' dir='ltr'><strong>plagam</strong></span> <span class='ocrx_word' id='word_1_105' title='bbox 903 1480 999 1534; x_wconf 91' lang='lat' dir='ltr'><strong>per</strong></span> <span class='ocrx_word' id='word_1_106' title='bbox 1031 1479 1312 1520; x_wconf 87' lang='lat' dir='ltr'><strong>ascensum</strong></span> <span class='ocrx_word' id='word_1_107' title='bbox 1354 1462 1687 1532; x_wconf 86' lang='lat' dir='ltr'><strong>Scorpionis,</strong></span> <span class='ocrx_word' id='word_1_108' title='bbox 1712 1461 1784 1514; x_wconf 90' lang='lat' dir='ltr'><strong>ita</strong></span> <span class='ocrx_word' id='word_1_109' title='bbox 1817 1468 1877 1514; x_wconf 89' lang='lat' dir='ltr'><strong>ut</strong></span> 
     </span>
    </p>
   </div>
   <div class='ocr_carea' id='block_1_16' title="bbox 300 1549 1877 1623">
    <p class='ocr_par' dir='ltr' id='par_1_16' title="bbox 300 1549 1877 1623">
     <span class='ocr_line' id='line_1_16' title="bbox 300 1549 1877 1623; baseline -0.003 -16"><span class='ocrx_word' id='word_1_110' title='bbox 300 1562 577 1608; x_wconf 87' lang='lat' dir='ltr'><strong>transeant</strong></span> <span class='ocrx_word' id='word_1_111' title='bbox 612 1553 790 1608; x_wconf 87' lang='lat' dir='ltr'><strong>Senna</strong></span> <span class='ocrx_word' id='word_1_112' title='bbox 823 1562 876 1607; x_wconf 91' lang='lat' dir='ltr'><strong>et</strong></span> <span class='ocrx_word' id='word_1_113' title='bbox 897 1554 1210 1623; x_wconf 83' lang='lat' dir='ltr'><strong>perveniant</strong></span> <span class='ocrx_word' id='word_1_114' title='bbox 1234 1554 1285 1607; x_wconf 89' lang='lat' dir='ltr'><strong>in</strong></span> <span class='ocrx_word' id='word_1_115' title='bbox 1309 1552 1583 1606; x_wconf 69' lang='lat' dir='ltr'><strong>blerizliem</strong></span> <span class='ocrx_word' id='word_1_116' title='bbox 1611 1566 1780 1621; x_wconf 86' lang='lat' dir='ltr'><strong>usque</strong></span> <span class='ocrx_word' id='word_1_117' title='bbox 1808 1549 1877 1603; x_wconf 90' lang='lat' dir='ltr'><strong>ad</strong></span> 
     </span>
    </p>
   </div>
   <div class='ocr_carea' id='block_1_17' title="bbox 300 1643 1876 1717">
    <p class='ocr_par' dir='ltr' id='par_1_17' title="bbox 300 1643 1876 1717">
     <span class='ocr_line' id='line_1_17' title="bbox 300 1643 1876 1717; baseline -0.003 -17"><span class='ocrx_word' id='word_1_118' title='bbox 300 1646 656 1701; x_wconf 84' lang='lat' dir='ltr'><strong>Cadesbarne.</strong></span> <span class='ocrx_word' id='word_1_119' title='bbox 692 1646 843 1701; x_wconf 89' lang='lat' dir='ltr'><strong>Unde</strong></span> <span class='ocrx_word' id='word_1_120' title='bbox 864 1647 1205 1717; x_wconf 76' lang='lat' dir='ltr'><strong>egrediantur</strong></span> <span class='ocrx_word' id='word_1_121' title='bbox 1227 1644 1459 1699; x_wconf 87' lang='lat' dir='ltr'><strong>conﬁnia</strong></span> <span class='ocrx_word' id='word_1_122' title='bbox 1485 1644 1552 1699; x_wconf 92' lang='lat' dir='ltr'><strong>ad</strong></span> <span class='ocrx_word' id='word_1_123' title='bbox 1588 1643 1767 1696; x_wconf 88' lang='lat' dir='ltr'><strong>villam</strong></span> <span class='ocrx_word' id='word_1_124' title='bbox 1781 1657 1876 1696; x_wconf 88' lang='lat' dir='ltr'><strong>no-</strong></span> 
     </span>
    </p>
   </div>
   <div class='ocr_carea' id='block_1_18' title="bbox 299 1734 1874 1804">
    <p class='ocr_par' dir='ltr' id='par_1_18' title="bbox 299 1734 1874 1804">
     <span class='ocr_line' id='line_1_18' title="bbox 299 1734 1874 1804; baseline -0.003 -15"><span class='ocrx_word' id='word_1_125' title='bbox 299 1736 447 1791; x_wconf 88' lang='lat' dir='ltr'><strong>mine</strong></span> <span class='ocrx_word' id='word_1_126' title='bbox 478 1735 677 1800; x_wconf 83' lang='lat' dir='ltr'><strong>Addar,</strong></span> <span class='ocrx_word' id='word_1_127' title='bbox 708 1746 759 1790; x_wconf 86' lang='lat' dir='ltr'><strong>et</strong></span> <span class='ocrx_word' id='word_1_128' title='bbox 781 1737 1006 1790; x_wconf 87' lang='lat' dir='ltr'><strong>tendunt</strong></span> <span class='ocrx_word' id='word_1_129' title='bbox 1034 1750 1200 1804; x_wconf 88' lang='lat' dir='ltr'><strong>usque</strong></span> <span class='ocrx_word' id='word_1_130' title='bbox 1223 1734 1513 1796; x_wconf 85' lang='lat' dir='ltr'><strong>Asemona,</strong></span> <span class='ocrx_word' id='word_1_131' title='bbox 1544 1734 1747 1802; x_wconf 90' lang='lat' dir='ltr'><strong>ibitque</strong></span> <span class='ocrx_word' id='word_1_132' title='bbox 1777 1746 1874 1801; x_wconf 91' lang='lat' dir='ltr'><strong>per</strong></span> 
     </span>
    </p>
   </div>
   <div class='ocr_carea' id='block_1_19' title="bbox 300 1809 1945 1894">
    <p class='ocr_par' dir='ltr' id='par_1_19' title="bbox 300 1809 1945 1894">
     <span class='ocr_line' id='line_1_19' title="bbox 300 1809 1945 1894; baseline -0.001 -18"><span class='ocrx_word' id='word_1_133' title='bbox 300 1840 488 1894; x_wconf 80' lang='lat' dir='ltr'><strong>gyrum</strong></span> <span class='ocrx_word' id='word_1_134' title='bbox 540 1826 800 1878; x_wconf 84' lang='lat' dir='ltr'><strong>terminus</strong></span> <span class='ocrx_word' id='word_1_135' title='bbox 832 1825 900 1878; x_wconf 88' lang='lat' dir='ltr'><strong>ab</strong></span> <span class='ocrx_word' id='word_1_136' title='bbox 948 1823 1215 1878; x_wconf 88' lang='lat' dir='ltr'><strong>Asemona</strong></span> <span class='ocrx_word' id='word_1_137' title='bbox 1250 1836 1421 1893; x_wconf 89' lang='lat' dir='ltr'><strong>usque</strong></span> <span class='ocrx_word' id='word_1_138' title='bbox 1466 1822 1532 1876; x_wconf 88' lang='lat' dir='ltr'><strong>ad</strong></span> <span class='ocrx_word' id='word_1_139' title='bbox 1577 1831 1870 1875; x_wconf 85' lang='lat' dir='ltr'><strong>torrentem</strong></span> <span class='ocrx_word' id='word_1_140' title='bbox 1901 1809 1945 1866; x_wconf 85' lang='grc' dir='ltr'><strong>Β</strong></span> 
     </span>
    </p>
   </div>
   <div class='ocr_carea' id='block_1_20' title="bbox 300 1911 1867 1984">
    <p class='ocr_par' dir='ltr' id='par_1_20' title="bbox 300 1911 1867 1984">
     <span class='ocr_line' id='line_1_20' title="bbox 300 1911 1867 1984; baseline -0.001 -17"><span class='ocrx_word' id='word_1_141' title='bbox 300 1913 558 1983; x_wconf 62' lang='grc' dir='ltr'><strong>λΕεγβιῖ,</strong></span> <span class='ocrx_word' id='word_1_142' title='bbox 612 1922 668 1967; x_wconf 92' lang='lat' dir='ltr'><strong>et</strong></span> <span class='ocrx_word' id='word_1_143' title='bbox 711 1914 878 1969; x_wconf 90' lang='lat' dir='ltr'><strong>maris</strong></span> <span class='ocrx_word' id='word_1_144' title='bbox 941 1914 1120 1984; x_wconf 88' lang='lat' dir='ltr'><strong>magni</strong></span> <span class='ocrx_word' id='word_1_145' title='bbox 1171 1914 1350 1968; x_wconf 88' lang='lat' dir='ltr'><strong>littore</strong></span> <span class='ocrx_word' id='word_1_146' title='bbox 1402 1913 1618 1966; x_wconf 90' lang='lat' dir='ltr'><strong>ﬁnietur</strong></span> <span class='ocrx_word' id='word_1_147' title='bbox 1668 1911 1867 1983; x_wconf 83' lang='lat' dir='ltr'><strong>(Nam.</strong></span> 
     </span>
    </p>
   </div>
   <div class='ocr_carea' id='block_1_21' title="bbox 300 2001 1872 2073">
    <p class='ocr_par' dir='ltr' id='par_1_21' title="bbox 300 2001 1872 2073">
     <span class='ocr_line' id='line_1_21' title="bbox 300 2001 1872 2073; baseline 0.001 -19"><span class='ocrx_word' id='word_1_148' title='bbox 300 2001 506 2073; x_wconf 73' lang='lat' dir='ltr'><strong>xxxiv).</strong></span> <span class='ocrx_word' id='word_1_149' title='bbox 549 2023 566 2054; x_wconf 83' lang='grc'>›</span> <span class='ocrx_word' id='word_1_150' title='bbox 601 2002 705 2056; x_wconf 89' lang='lat' dir='ltr'><strong>Pro</strong></span> <span class='ocrx_word' id='word_1_151' title='bbox 734 2020 839 2072; x_wconf 90' lang='lat' dir='ltr'><strong>quo</strong></span> <span class='ocrx_word' id='word_1_152' title='bbox 883 2003 937 2057; x_wconf 93' lang='lat' dir='ltr'><strong>in</strong></span> <span class='ocrx_word' id='word_1_153' title='bbox 981 2002 1162 2057; x_wconf 89' lang='lat' dir='ltr'><strong>ultima</strong></span> <span class='ocrx_word' id='word_1_154' title='bbox 1191 2003 1394 2057; x_wconf 86' lang='lat' dir='ltr'><strong>visione</strong></span> <span class='ocrx_word' id='word_1_155' title='bbox 1440 2004 1710 2072; x_wconf 75' lang='lat' dir='ltr'><strong>propheta:</strong></span> <span class='ocrx_word' id='word_1_156' title='bbox 1738 2002 1872 2055; x_wconf 85' lang='lat' dir='ltr'><strong>Eze-</strong></span> 
     </span>
    </p>
   </div>
   <div class='ocr_carea' id='block_1_22' title="bbox 301 2091 1871 2163">
    <p class='ocr_par' dir='ltr' id='par_1_22' title="bbox 301 2091 1871 2163">
     <span class='ocr_line' id='line_1_22' title="bbox 301 2091 1871 2163; baseline 0.001 -19"><span class='ocrx_word' id='word_1_157' title='bbox 301 2092 488 2146; x_wconf 87' lang='lat' dir='ltr'><strong>chielis</strong></span> <span class='ocrx_word' id='word_1_158' title='bbox 517 2093 591 2146; x_wconf 91' lang='lat' dir='ltr'><strong>ita</strong></span> <span class='ocrx_word' id='word_1_159' title='bbox 618 2094 855 2147; x_wconf 89' lang='lat' dir='ltr'><strong>dicitur:</strong></span> <span class='ocrx_word' id='word_1_160' title='bbox 892 2112 909 2143; x_wconf 86' lang='grc'><em>‹</em></span> <span class='ocrx_word' id='word_1_161' title='bbox 965 2093 1123 2163; x_wconf 89' lang='lat' dir='ltr'><strong>Plaga</strong></span> <span class='ocrx_word' id='word_1_162' title='bbox 1176 2102 1356 2148; x_wconf 89' lang='lat' dir='ltr'><strong>autem</strong></span> <span class='ocrx_word' id='word_1_163' title='bbox 1397 2091 1660 2147; x_wconf 80' lang='lat' dir='ltr'><strong>Australis</strong></span> <span class='ocrx_word' id='word_1_164' title='bbox 1708 2091 1871 2145; x_wconf 82' lang='lat' dir='ltr'><strong>Meri-</strong></span> 
     </span>
    </p>
   </div>
   <div class='ocr_carea' id='block_1_23' title="bbox 301 2181 1870 2252">
    <p class='ocr_par' dir='ltr' id='par_1_23' title="bbox 301 2181 1870 2252">
     <span class='ocr_line' id='line_1_23' title="bbox 301 2181 1870 2252; baseline 0.001 -18"><span class='ocrx_word' id='word_1_165' title='bbox 301 2181 460 2235; x_wconf 89' lang='lat' dir='ltr'><strong>diana</strong></span> <span class='ocrx_word' id='word_1_166' title='bbox 486 2200 517 2236; x_wconf 92' lang='lat' dir='ltr'><strong>a</strong></span> <span class='ocrx_word' id='word_1_167' title='bbox 542 2182 776 2237; x_wconf 87' lang='lat' dir='ltr'><strong>Thamar</strong></span> <span class='ocrx_word' id='word_1_168' title='bbox 807 2199 975 2252; x_wconf 89' lang='lat' dir='ltr'><strong>usque</strong></span> <span class='ocrx_word' id='word_1_169' title='bbox 1027 2183 1094 2237; x_wconf 91' lang='lat' dir='ltr'><strong>ad</strong></span> <span class='ocrx_word' id='word_1_170' title='bbox 1124 2198 1291 2252; x_wconf 85' lang='lat' dir='ltr'><strong>aquas</strong></span> <span class='ocrx_word' id='word_1_171' title='bbox 1336 2182 1598 2236; x_wconf 81' lang='lat' dir='ltr'><strong>Mariboth</strong></span> <span class='ocrx_word' id='word_1_172' title='bbox 1621 2222 1635 2248; x_wconf 93' lang='lat'><strong>,</strong></span> <span class='ocrx_word' id='word_1_173' title='bbox 1672 2184 1725 2236; x_wconf 87' lang='lat' dir='ltr'><strong>id</strong></span> <span class='ocrx_word' id='word_1_174' title='bbox 1748 2190 1831 2238; x_wconf 86' lang='lat' dir='ltr'><strong>est</strong></span> <span class='ocrx_word' id='word_1_175' title='bbox 1857 2221 1870 2247; x_wconf 92' lang='lat'><strong>,</strong></span> 
     </span>
    </p>
   </div>
   <div class='ocr_carea' id='block_1_24' title="bbox 308 2272 1873 2342">
    <p class='ocr_par' dir='ltr' id='par_1_24' title="bbox 308 2272 1873 2342">
     <span class='ocr_line' id='line_1_24' title="bbox 308 2272 1873 2342; baseline 0.001 -17"><span class='ocrx_word' id='word_1_176' title='bbox 308 2273 773 2337; x_wconf 88' lang='lat' dir='ltr'><strong>contradictionis,</strong></span> <span class='ocrx_word' id='word_1_177' title='bbox 802 2272 973 2328; x_wconf 89' lang='lat' dir='ltr'><strong>Cades</strong></span> <span class='ocrx_word' id='word_1_178' title='bbox 1009 2288 1221 2342; x_wconf 89' lang='lat' dir='ltr'><strong>quoque</strong></span> <span class='ocrx_word' id='word_1_179' title='bbox 1249 2282 1305 2327; x_wconf 88' lang='lat' dir='ltr'><strong>et</strong></span> <span class='ocrx_word' id='word_1_180' title='bbox 1346 2283 1559 2327; x_wconf 84' lang='lat' dir='ltr'><strong>torrens</strong></span> <span class='ocrx_word' id='word_1_181' title='bbox 1607 2288 1778 2342; x_wconf 88' lang='lat' dir='ltr'><strong>usque</strong></span> <span class='ocrx_word' id='word_1_182' title='bbox 1805 2273 1873 2327; x_wconf 90' lang='lat' dir='ltr'><strong>ad</strong></span> 
     </span>
    </p>
   </div>
   <div class='ocr_carea' id='block_1_25' title="bbox 301 2363 1872 2435">
    <p class='ocr_par' dir='ltr' id='par_1_25' title="bbox 301 2363 1872 2435">
     <span class='ocr_line' id='line_1_25' title="bbox 301 2363 1872 2435; baseline 0.003 -20"><span class='ocrx_word' id='word_1_183' title='bbox 301 2378 450 2416; x_wconf 88' lang='lat' dir='ltr'><strong>mare</strong></span> <span class='ocrx_word' id='word_1_184' title='bbox 479 2378 732 2433; x_wconf 88' lang='lat' dir='ltr'><strong>magnum</strong></span> <span class='ocrx_word' id='word_1_185' title='bbox 760 2363 976 2433; x_wconf 79' lang='lat' dir='ltr'><strong>(Ezech.</strong></span> <span class='ocrx_word' id='word_1_186' title='bbox 1011 2366 1199 2434; x_wconf 64' lang='lat' dir='ltr'><strong>xavn),</strong></span> <span class='ocrx_word' id='word_1_187' title='bbox 1227 2384 1244 2415; x_wconf 83' lang='grc'><strong>›</strong></span> <span class='ocrx_word' id='word_1_188' title='bbox 1265 2366 1403 2434; x_wconf 84' lang='lat' dir='ltr'><strong>quod</strong></span> <span class='ocrx_word' id='word_1_189' title='bbox 1428 2364 1691 2435; x_wconf 88' lang='lat' dir='ltr'><strong>signiﬁcat</strong></span> <span class='ocrx_word' id='word_1_190' title='bbox 1720 2365 1872 2419; x_wconf 84' lang='lat' dir='ltr'><strong>altis-</strong></span> 
     </span>
    </p>
   </div>
   <div class='ocr_carea' id='block_1_26' title="bbox 300 2454 1873 2524">
    <p class='ocr_par' dir='ltr' id='par_1_26' title="bbox 300 2454 1873 2524">
     <span class='ocr_line' id='line_1_26' title="bbox 300 2454 1873 2524; baseline 0.003 -17"><span class='ocrx_word' id='word_1_191' title='bbox 300 2456 490 2508; x_wconf 88' lang='lat' dir='ltr'><strong>simam</strong></span> <span class='ocrx_word' id='word_1_192' title='bbox 511 2455 850 2509; x_wconf 85' lang='lat' dir='ltr'><strong>solitudinem</strong></span> <span class='ocrx_word' id='word_1_193' title='bbox 878 2454 993 2520; x_wconf 87' lang='lat' dir='ltr'><strong>Sin,</strong></span> <span class='ocrx_word' id='word_1_194' title='bbox 1032 2471 1151 2524; x_wconf 71' lang='lat' dir='ltr'><strong>qua:</strong></span> <span class='ocrx_word' id='word_1_195' title='bbox 1177 2466 1259 2510; x_wconf 90' lang='lat' dir='ltr'><strong>est</strong></span> <span class='ocrx_word' id='word_1_196' title='bbox 1277 2454 1433 2523; x_wconf 88' lang='lat' dir='ltr'><strong>juxta</strong></span> <span class='ocrx_word' id='word_1_197' title='bbox 1464 2457 1631 2511; x_wconf 77' lang='lat' dir='ltr'><strong>Edam</strong></span> <span class='ocrx_word' id='word_1_198' title='bbox 1653 2467 1706 2511; x_wconf 90' lang='lat' dir='ltr'><strong>et</strong></span> <span class='ocrx_word' id='word_1_199' title='bbox 1735 2458 1873 2511; x_wconf 91' lang='lat' dir='ltr'><strong>mari</strong></span> 
     </span>
    </p>
   </div>
   <div class='ocr_carea' id='block_1_27' title="bbox 302 2545 1872 2615">
    <p class='ocr_par' dir='ltr' id='par_1_27' title="bbox 302 2545 1872 2615">
     <span class='ocr_line' id='line_1_27' title="bbox 302 2545 1872 2615; baseline 0.003 -17"><span class='ocrx_word' id='word_1_200' title='bbox 302 2545 483 2599; x_wconf 75' lang='lat' dir='ltr'><strong>Rubro</strong></span> <span class='ocrx_word' id='word_1_201' title='bbox 531 2547 817 2599; x_wconf 85' lang='lat' dir='ltr'><strong>terminum</strong></span> <span class='ocrx_word' id='word_1_202' title='bbox 864 2546 1113 2611; x_wconf 74' lang='lat' dir='ltr'><strong>circuire,</strong></span> <span class='ocrx_word' id='word_1_203' title='bbox 1149 2554 1203 2600; x_wconf 88' lang='lat' dir='ltr'><strong>et</strong></span> <span class='ocrx_word' id='word_1_204' title='bbox 1242 2562 1337 2615; x_wconf 87' lang='lat' dir='ltr'><strong>per</strong></span> <span class='ocrx_word' id='word_1_205' title='bbox 1393 2562 1677 2602; x_wconf 89' lang='lat' dir='ltr'><strong>ascensum</strong></span> <span class='ocrx_word' id='word_1_206' title='bbox 1709 2547 1872 2602; x_wconf 89' lang='lat' dir='ltr'><strong>Scor-</strong></span> 
     </span>
    </p>
   </div>
   <div class='ocr_carea' id='block_1_28' title="bbox 302 2633 1875 2704">
    <p class='ocr_par' dir='ltr' id='par_1_28' title="bbox 302 2633 1875 2704">
     <span class='ocr_line' id='line_1_28' title="bbox 302 2633 1875 2704; baseline 0.003 -17"><span class='ocrx_word' id='word_1_207' title='bbox 302 2635 497 2703; x_wconf 89' lang='lat' dir='ltr'><strong>pionis,</strong></span> <span class='ocrx_word' id='word_1_208' title='bbox 527 2643 581 2688; x_wconf 88' lang='lat' dir='ltr'><strong>et</strong></span> <span class='ocrx_word' id='word_1_209' title='bbox 617 2649 714 2704; x_wconf 87' lang='lat' dir='ltr'><strong>per</strong></span> <span class='ocrx_word' id='word_1_210' title='bbox 742 2633 920 2689; x_wconf 89' lang='lat' dir='ltr'><strong>Senna</strong></span> <span class='ocrx_word' id='word_1_211' title='bbox 950 2643 1005 2688; x_wconf 91' lang='lat' dir='ltr'><strong>et</strong></span> <span class='ocrx_word' id='word_1_212' title='bbox 1033 2634 1403 2701; x_wconf 86' lang='lat' dir='ltr'><strong>Cadesbarne,</strong></span> <span class='ocrx_word' id='word_1_213' title='bbox 1453 2644 1506 2689; x_wconf 88' lang='lat' dir='ltr'><strong>et</strong></span> <span class='ocrx_word' id='word_1_214' title='bbox 1537 2637 1732 2690; x_wconf 88' lang='lat' dir='ltr'><strong>atrium</strong></span> <span class='ocrx_word' id='word_1_215' title='bbox 1763 2637 1875 2691; x_wconf 87' lang='lat' dir='ltr'><strong>sive</strong></span> 
     </span>
    </p>
   </div>
   <div class='ocr_carea' id='block_1_29' title="bbox 302 2720 1866 2793">
    <p class='ocr_par' dir='ltr' id='par_1_29' title="bbox 302 2720 1866 2793">
     <span class='ocr_line' id='line_1_29' title="bbox 302 2720 1866 2793; baseline 0.004 -21"><span class='ocrx_word' id='word_1_216' title='bbox 302 2722 480 2775; x_wconf 86' lang='lat' dir='ltr'><strong>villam</strong></span> <span class='ocrx_word' id='word_1_217' title='bbox 508 2723 708 2787; x_wconf 83' lang='lat' dir='ltr'><strong>Addar,</strong></span> <span class='ocrx_word' id='word_1_218' title='bbox 737 2732 792 2776; x_wconf 90' lang='lat' dir='ltr'><strong>et</strong></span> <span class='ocrx_word' id='word_1_219' title='bbox 823 2720 1085 2775; x_wconf 82' lang='lat' dir='ltr'><strong>Asemona</strong></span> <span class='ocrx_word' id='word_1_220' title='bbox 1125 2724 1409 2792; x_wconf 79' lang='lat' dir='ltr'><strong>pervenire</strong></span> <span class='ocrx_word' id='word_1_221' title='bbox 1437 2739 1605 2793; x_wconf 88' lang='lat' dir='ltr'><strong>usque</strong></span> <span class='ocrx_word' id='word_1_222' title='bbox 1651 2726 1719 2779; x_wconf 89' lang='lat' dir='ltr'><strong>ad</strong></span> <span class='ocrx_word' id='word_1_223' title='bbox 1767 2734 1866 2779; x_wconf 86' lang='lat' dir='ltr'><strong>tor-</strong></span> 
     </span>
    </p>
   </div>
   <div class='ocr_carea' id='block_1_30' title="bbox 302 2812 1872 2882">
    <p class='ocr_par' dir='ltr' id='par_1_30' title="bbox 302 2812 1872 2882">
     <span class='ocr_line' id='line_1_30' title="bbox 302 2812 1872 2882; baseline 0.003 -17"><span class='ocrx_word' id='word_1_224' title='bbox 302 2821 510 2866; x_wconf 84' lang='lat' dir='ltr'><strong>reutem</strong></span> <span class='ocrx_word' id='word_1_225' title='bbox 540 2812 629 2880; x_wconf 88' lang='lat' dir='ltr'><strong>qui</strong></span> <span class='ocrx_word' id='word_1_226' title='bbox 661 2812 814 2882; x_wconf 87' lang='lat' dir='ltr'><strong>juxta</strong></span> <span class='ocrx_word' id='word_1_227' title='bbox 850 2814 1034 2867; x_wconf 59' lang='lat' dir='ltr'><strong>urbem</strong></span> <span class='ocrx_word' id='word_1_228' title='bbox 1060 2813 1448 2868; x_wconf 81' lang='lat' dir='ltr'><strong>Rinocoruram</strong></span> <span class='ocrx_word' id='word_1_229' title='bbox 1499 2815 1635 2869; x_wconf 89' lang='lat' dir='ltr'><strong>mari</strong></span> <span class='ocrx_word' id='word_1_230' title='bbox 1683 2815 1872 2871; x_wconf 84' lang='lat' dir='ltr'><strong>influit.</strong></span> 
     </span>
    </p>
   </div>
   <div class='ocr_carea' id='block_1_31' title="bbox 301 2900 1872 2974">
    <p class='ocr_par' dir='ltr' id='par_1_31' title="bbox 301 2900 1872 2974">
     <span class='ocr_line' id='line_1_31' title="bbox 301 2900 1872 2974; baseline 0.003 -20"><span class='ocrx_word' id='word_1_231' title='bbox 301 2900 401 2955; x_wconf 90' lang='lat' dir='ltr'><strong>llic</strong></span> <span class='ocrx_word' id='word_1_232' title='bbox 426 2916 552 2955; x_wconf 88' lang='lat' dir='ltr'><strong>vero</strong></span> <span class='ocrx_word' id='word_1_233' title='bbox 580 2902 838 2956; x_wconf 89' lang='lat' dir='ltr'><strong>terminus</strong></span> <span class='ocrx_word' id='word_1_234' title='bbox 862 2903 1030 2974; x_wconf 79' lang='lat' dir='ltr'><strong>plaga:</strong></span> <span class='ocrx_word' id='word_1_235' title='bbox 1053 2903 1319 2958; x_wconf 81' lang='lat' dir='ltr'><strong>Australis</strong></span> <span class='ocrx_word' id='word_1_236' title='bbox 1349 2904 1533 2973; x_wconf 87' lang='lat' dir='ltr'><strong>incipit</strong></span> <span class='ocrx_word' id='word_1_237' title='bbox 1561 2919 1590 2957; x_wconf 92' lang='lat' dir='ltr'><strong>a</strong></span> <span class='ocrx_word' id='word_1_238' title='bbox 1617 2904 1872 2971; x_wconf 87' lang='lat' dir='ltr'><strong>Thamar,</strong></span> 
     </span>
    </p>
   </div>
   <div class='ocr_carea' id='block_1_32' title="bbox 302 2992 1876 3064">
    <p class='ocr_par' dir='ltr' id='par_1_32' title="bbox 302 2992 1876 3064">
     <span class='ocr_line' id='line_1_32' title="bbox 302 2992 1876 3064; baseline 0.005 -20"><span class='ocrx_word' id='word_1_239' title='bbox 302 3006 421 3060; x_wconf 72' lang='lat' dir='ltr'><strong>qua:</strong></span> <span class='ocrx_word' id='word_1_240' title='bbox 448 2992 575 3046; x_wconf 91' lang='lat' dir='ltr'><strong>urbs</strong></span> <span class='ocrx_word' id='word_1_241' title='bbox 617 2992 670 3045; x_wconf 90' lang='lat' dir='ltr'><strong>in</strong></span> <span class='ocrx_word' id='word_1_242' title='bbox 707 2993 993 3048; x_wconf 88' lang='lat' dir='ltr'><strong>solitudine</strong></span> <span class='ocrx_word' id='word_1_243' title='bbox 1025 3002 1126 3061; x_wconf 90' lang='lat' dir='ltr'><strong>est,</strong></span> <span class='ocrx_word' id='word_1_244' title='bbox 1152 3011 1311 3064; x_wconf 89' lang='lat' dir='ltr'><strong>quam</strong></span> <span class='ocrx_word' id='word_1_245' title='bbox 1342 3003 1395 3049; x_wconf 91' lang='lat' dir='ltr'><strong>et</strong></span> <span class='ocrx_word' id='word_1_246' title='bbox 1443 2994 1696 3050; x_wconf 89' lang='lat' dir='ltr'><strong>Salomon</strong></span> <span class='ocrx_word' id='word_1_247' title='bbox 1725 2997 1876 3053; x_wconf 91' lang='lat' dir='ltr'><strong>miris</strong></span> 
     </span>
    </p>
   </div>
   <div class='ocr_carea' id='block_1_33' title="bbox 303 3080 1873 3155">
    <p class='ocr_par' dir='ltr' id='par_1_33' title="bbox 303 3080 1873 3155">
     <span class='ocr_line' id='line_1_33' title="bbox 303 3080 1873 3155; baseline 0.004 -21"><span class='ocrx_word' id='word_1_248' title='bbox 303 3080 555 3151; x_wconf 86' lang='lat' dir='ltr'><strong>operibus</strong></span> <span class='ocrx_word' id='word_1_249' title='bbox 586 3083 827 3145; x_wconf 86' lang='lat' dir='ltr'><strong>exstruit,</strong></span> <span class='ocrx_word' id='word_1_250' title='bbox 846 3092 899 3136; x_wconf 91' lang='lat' dir='ltr'><strong>et</strong></span> <span class='ocrx_word' id='word_1_251' title='bbox 922 3084 1080 3138; x_wconf 89' lang='lat' dir='ltr'><strong>hodie</strong></span> <span class='ocrx_word' id='word_1_252' title='bbox 1109 3081 1350 3138; x_wconf 85' lang='lat' dir='ltr'><strong>Palmira</strong></span> <span class='ocrx_word' id='word_1_253' title='bbox 1378 3094 1737 3155; x_wconf 89' lang='lat' dir='ltr'><strong>nuncupatur,</strong></span> <span class='ocrx_word' id='word_1_254' title='bbox 1765 3085 1873 3141; x_wconf 86' lang='lat' dir='ltr'><strong>lle-</strong></span> 
     </span>
    </p>
   </div>
   <div class='ocr_carea' id='block_1_34' title="bbox 304 3156 1946 3243">
    <p class='ocr_par' dir='ltr' id='par_1_34' title="bbox 304 3156 1946 3243">
     <span class='ocr_line' id='line_1_34' title="bbox 304 3156 1946 3243; baseline 0.004 -21"><span class='ocrx_word' id='word_1_255' title='bbox 304 3171 448 3223; x_wconf 72' lang='lat' dir='ltr'><strong>braeo</strong></span> <span class='ocrx_word' id='word_1_256' title='bbox 478 3187 689 3240; x_wconf 83' lang='lat' dir='ltr'><strong>quoque</strong></span> <span class='ocrx_word' id='word_1_257' title='bbox 721 3186 967 3227; x_wconf 89' lang='lat' dir='ltr'><strong>sermone</strong></span> <span class='ocrx_word' id='word_1_258' title='bbox 1018 3170 1246 3225; x_wconf 86' lang='lat' dir='ltr'><strong>Thamar</strong></span> <span class='ocrx_word' id='word_1_259' title='bbox 1288 3172 1506 3238; x_wconf 91' lang='lat' dir='ltr'><strong>dicitur,</strong></span> <span class='ocrx_word' id='word_1_260' title='bbox 1538 3189 1658 3243; x_wconf 73' lang='lat' dir='ltr'><strong>qua:</strong></span> <span class='ocrx_word' id='word_1_261' title='bbox 1693 3174 1747 3227; x_wconf 92' lang='lat' dir='ltr'><strong>in</strong></span> <span class='ocrx_word' id='word_1_262' title='bbox 1774 3173 1874 3229; x_wconf 90' lang='lat' dir='ltr'><strong>lin-</strong></span> <span class='ocrx_word' id='word_1_263' title='bbox 1900 3156 1946 3219; x_wconf 83' lang='lat' dir='ltr'>C</span> 
     </span>
    </p>
   </div>
   <div class='ocr_carea' id='block_1_35' title="bbox 307 3259 1874 3333">
    <p class='ocr_par' dir='ltr' id='par_1_35' title="bbox 307 3259 1874 3333">
     <span class='ocr_line' id='line_1_35' title="bbox 307 3259 1874 3333; baseline 0.005 -22"><span class='ocrx_word' id='word_1_264' title='bbox 307 3277 408 3330; x_wconf 78' lang='lat' dir='ltr'><strong>gua</strong></span> <span class='ocrx_word' id='word_1_265' title='bbox 439 3270 621 3314; x_wconf 86' lang='lat' dir='ltr'><strong>nostra</strong></span> <span class='ocrx_word' id='word_1_266' title='bbox 653 3259 895 3314; x_wconf 78' lang='lat' dir='ltr'><strong>Palmam</strong></span> <span class='ocrx_word' id='word_1_267' title='bbox 939 3271 1115 3327; x_wconf 91' lang='lat' dir='ltr'><strong>sonat,</strong></span> <span class='ocrx_word' id='word_1_268' title='bbox 1145 3278 1314 3332; x_wconf 91' lang='lat' dir='ltr'><strong>usque</strong></span> <span class='ocrx_word' id='word_1_269' title='bbox 1352 3263 1420 3317; x_wconf 91' lang='lat' dir='ltr'><strong>ad</strong></span> <span class='ocrx_word' id='word_1_270' title='bbox 1466 3279 1633 3333; x_wconf 89' lang='lat' dir='ltr'><strong>aquas</strong></span> <span class='ocrx_word' id='word_1_271' title='bbox 1659 3274 1874 3319; x_wconf 88' lang='lat' dir='ltr'><strong>contra-</strong></span> 
     </span>
    </p>
   </div>
   <div class='ocr_carea' id='block_1_36' title="bbox 306 3350 1871 3421">
    <p class='ocr_par' dir='ltr' id='par_1_36' title="bbox 306 3350 1871 3421">
     <span class='ocr_line' id='line_1_36' title="bbox 306 3350 1871 3421; baseline 0.003 -18"><span class='ocrx_word' id='word_1_272' title='bbox 306 3352 557 3405; x_wconf 75' lang='lat' dir='ltr'><strong>dictionis</strong></span> <span class='ocrx_word' id='word_1_273' title='bbox 584 3350 775 3415; x_wconf 89' lang='lat' dir='ltr'><strong>Cades,</strong></span> <span class='ocrx_word' id='word_1_274' title='bbox 813 3367 975 3421; x_wconf 89' lang='lat' dir='ltr'><strong>quam</strong></span> <span class='ocrx_word' id='word_1_275' title='bbox 1024 3352 1075 3405; x_wconf 92' lang='lat' dir='ltr'><strong>in</strong></span> <span class='ocrx_word' id='word_1_276' title='bbox 1117 3352 1332 3407; x_wconf 88' lang='lat' dir='ltr'><strong>deserto</strong></span> <span class='ocrx_word' id='word_1_277' title='bbox 1356 3368 1476 3408; x_wconf 90' lang='lat' dir='ltr'><strong>esse</strong></span> <span class='ocrx_word' id='word_1_278' title='bbox 1519 3370 1625 3407; x_wconf 93' lang='lat' dir='ltr'><strong>non</strong></span> <span class='ocrx_word' id='word_1_279' title='bbox 1654 3354 1871 3408; x_wconf 89' lang='lat' dir='ltr'><strong>dubium</strong></span> 
     </span>
    </p>
   </div>
   <div class='ocr_carea' id='block_1_37' title="bbox 306 3446 1873 3520">
    <p class='ocr_par' dir='ltr' id='par_1_37' title="bbox 306 3446 1873 3520">
     <span class='ocr_line' id='line_1_37' title="bbox 306 3446 1873 3520; baseline 0.006 -22"><span class='ocrx_word' id='word_1_280' title='bbox 306 3455 409 3508; x_wconf 87' lang='lat' dir='ltr'><strong>est,</strong></span> <span class='ocrx_word' id='word_1_281' title='bbox 439 3454 492 3498; x_wconf 89' lang='lat' dir='ltr'><strong>et</strong></span> <span class='ocrx_word' id='word_1_282' title='bbox 540 3455 751 3499; x_wconf 89' lang='lat' dir='ltr'><strong>torrens</strong></span> <span class='ocrx_word' id='word_1_283' title='bbox 782 3446 1085 3515; x_wconf 89' lang='lat' dir='ltr'><strong>ingrediens</strong></span> <span class='ocrx_word' id='word_1_284' title='bbox 1115 3463 1263 3502; x_wconf 90' lang='lat' dir='ltr'><strong>mare</strong></span> <span class='ocrx_word' id='word_1_285' title='bbox 1311 3466 1563 3520; x_wconf 86' lang='lat' dir='ltr'><strong>magnum</strong></span> <span class='ocrx_word' id='word_1_286' title='bbox 1599 3451 1703 3506; x_wconf 86' lang='lat' dir='ltr'><strong>hoc</strong></span> <span class='ocrx_word' id='word_1_287' title='bbox 1731 3452 1873 3520; x_wconf 89' lang='lat' dir='ltr'><strong>quod</strong></span> 
     </span>
    </p>
   </div>
   <div class='ocr_carea' id='block_1_38' title="bbox 305 3536 1873 3612">
    <p class='ocr_par' dir='ltr' id='par_1_38' title="bbox 305 3536 1873 3612">
     <span class='ocr_line' id='line_1_38' title="bbox 305 3536 1873 3612; baseline 0.005 -23"><span class='ocrx_word' id='word_1_288' title='bbox 305 3536 522 3606; x_wconf 61' lang='lat' dir='ltr'><strong>Atlgypti</strong></span> <span class='ocrx_word' id='word_1_289' title='bbox 553 3536 949 3605; x_wconf 56' lang='lat' dir='ltr'><strong>Palaestinzeque</strong></span> <span class='ocrx_word' id='word_1_290' title='bbox 977 3540 1260 3606; x_wconf 63' lang='lat' dir='ltr'><strong>praetendit</strong></span> <span class='ocrx_word' id='word_1_291' title='bbox 1284 3540 1572 3596; x_wconf 91' lang='lat' dir='ltr'><strong>littoribus.</strong></span> <span class='ocrx_word' id='word_1_292' title='bbox 1619 3542 1873 3612; x_wconf 88' lang='lat' dir='ltr'><strong>Sequitur</strong></span> 
     </span>
    </p>
   </div>
   <div class='ocr_carea' id='block_1_39' title="bbox 250 3626 1869 3701">
    <p class='ocr_par' dir='ltr' id='par_1_39' title="bbox 250 3626 1869 3701">
     <span class='ocr_line' id='line_1_39' title="bbox 250 3626 1869 3701; baseline 0.007 -22"><span class='ocrx_word' id='word_1_293' title='bbox 250 3676 267 3693; x_wconf 77' lang='grc'><em>,</em></span> <span class='ocrx_word' id='word_1_294' title='bbox 306 3627 358 3680; x_wconf 91' lang='lat' dir='ltr'><strong>in</strong></span> <span class='ocrx_word' id='word_1_295' title='bbox 403 3626 538 3682; x_wconf 90' lang='lat' dir='ltr'><strong>libro</strong></span> <span class='ocrx_word' id='word_1_296' title='bbox 580 3628 971 3682; x_wconf 88' lang='lat' dir='ltr'><strong>Numerorum:</strong></span> <span class='ocrx_word' id='word_1_297' title='bbox 1007 3648 1025 3680; x_wconf 72' lang='grc' dir='ltr'>ι</span> <span class='ocrx_word' id='word_1_298' title='bbox 1076 3630 1236 3701; x_wconf 83' lang='lat' dir='ltr'><strong>Plaga</strong></span> <span class='ocrx_word' id='word_1_299' title='bbox 1282 3644 1461 3687; x_wconf 89' lang='lat' dir='ltr'><strong>autem</strong></span> <span class='ocrx_word' id='word_1_300' title='bbox 1511 3633 1869 3691; x_wconf 87' lang='lat' dir='ltr'><strong>Occidentalis</strong></span> 
     </span>
    </p>
   </div>
   <div class='ocr_carea' id='block_1_40' title="bbox 307 3716 1870 3797">
    <p class='ocr_par' dir='ltr' id='par_1_40' title="bbox 307 3716 1870 3797">
     <span class='ocr_line' id='line_1_40' title="bbox 307 3716 1870 3797; baseline 0.008 -28"><span class='ocrx_word' id='word_1_301' title='bbox 307 3716 360 3769; x_wconf 93' lang='lat' dir='ltr'><strong>in</strong></span> <span class='ocrx_word' id='word_1_302' title='bbox 393 3718 528 3771; x_wconf 88' lang='lat' dir='ltr'><strong>mari</strong></span> <span class='ocrx_word' id='word_1_303' title='bbox 562 3734 753 3788; x_wconf 89' lang='lat' dir='ltr'><strong>magno</strong></span> <span class='ocrx_word' id='word_1_304' title='bbox 773 3719 992 3787; x_wconf 86' lang='lat' dir='ltr'><strong>incipiet</strong></span> <span class='ocrx_word' id='word_1_305' title='bbox 1018 3732 1071 3775; x_wconf 92' lang='lat' dir='ltr'><strong>et</strong></span> <span class='ocrx_word' id='word_1_306' title='bbox 1101 3723 1216 3791; x_wconf 76' lang='lat' dir='ltr'><strong>ipso</strong></span> <span class='ocrx_word' id='word_1_307' title='bbox 1249 3722 1353 3779; x_wconf 89' lang='lat' dir='ltr'><strong>ﬁne</strong></span> <span class='ocrx_word' id='word_1_308' title='bbox 1374 3724 1651 3780; x_wconf 88' lang='lat' dir='ltr'><strong>claudetur</strong></span> <span class='ocrx_word' id='word_1_309' title='bbox 1681 3725 1870 3797; x_wconf 82' lang='lat' dir='ltr'><strong>(Nam.</strong></span> 
     </span>
    </p>
   </div>
   <div class='ocr_carea' id='block_1_41' title="bbox 303 3809 1875 3882">
    <p class='ocr_par' dir='ltr' id='par_1_41' title="bbox 303 3809 1875 3882">
     <span class='ocr_line' id='line_1_41' title="bbox 303 3809 1875 3882; baseline 0.005 -18"><span class='ocrx_word' id='word_1_310' title='bbox 303 3809 510 3878; x_wconf 81' lang='lat' dir='ltr'><strong>xxxiv),</strong></span> <span class='ocrx_word' id='word_1_311' title='bbox 551 3831 569 3862; x_wconf 69' lang='grc' dir='ltr'><strong><em>ι</em></strong></span> <span class='ocrx_word' id='word_1_312' title='bbox 616 3811 717 3866; x_wconf 91' lang='lat' dir='ltr'><strong>hoc</strong></span> <span class='ocrx_word' id='word_1_313' title='bbox 738 3820 841 3875; x_wconf 92' lang='lat' dir='ltr'><strong>est,</strong></span> <span class='ocrx_word' id='word_1_314' title='bbox 869 3826 899 3864; x_wconf 88' lang='lat' dir='ltr'><strong>a</strong></span> <span class='ocrx_word' id='word_1_315' title='bbox 928 3812 1062 3865; x_wconf 88' lang='lat' dir='ltr'><strong>mari</strong></span> <span class='ocrx_word' id='word_1_316' title='bbox 1094 3829 1262 3882; x_wconf 90' lang='lat' dir='ltr'><strong>usque</strong></span> <span class='ocrx_word' id='word_1_317' title='bbox 1291 3815 1358 3869; x_wconf 90' lang='lat' dir='ltr'><strong>ad</strong></span> <span class='ocrx_word' id='word_1_318' title='bbox 1379 3831 1550 3881; x_wconf 91' lang='lat' dir='ltr'><strong>mare,</strong></span> <span class='ocrx_word' id='word_1_319' title='bbox 1572 3832 1603 3871; x_wconf 92' lang='lat' dir='ltr'><strong>a</strong></span> <span class='ocrx_word' id='word_1_320' title='bbox 1632 3826 1875 3874; x_wconf 89' lang='lat' dir='ltr'><strong>torrente</strong></span> 
     </span>
    </p>
   </div>
   <div class='ocr_carea' id='block_1_42' title="bbox 302 3898 1873 3976">
    <p class='ocr_par' dir='ltr' id='par_1_42' title="bbox 302 3898 1873 3976">
     <span class='ocr_line' id='line_1_42' title="bbox 302 3898 1873 3976; baseline 0.008 -25"><span class='ocrx_word' id='word_1_321' title='bbox 302 3900 549 3953; x_wconf 76' lang='lat' dir='ltr'><strong>videlicet</strong></span> <span class='ocrx_word' id='word_1_322' title='bbox 575 3898 940 3964; x_wconf 63' lang='lat' dir='ltr'><strong>Rinocorurie,</strong></span> <span class='ocrx_word' id='word_1_323' title='bbox 974 3902 1064 3970; x_wconf 88' lang='lat' dir='ltr'><strong>qui</strong></span> <span class='ocrx_word' id='word_1_324' title='bbox 1112 3903 1166 3956; x_wconf 91' lang='lat' dir='ltr'><strong>in</strong></span> <span class='ocrx_word' id='word_1_325' title='bbox 1193 3919 1340 3958; x_wconf 90' lang='lat' dir='ltr'><strong>mare</strong></span> <span class='ocrx_word' id='word_1_326' title='bbox 1368 3904 1559 3969; x_wconf 86' lang='lat' dir='ltr'><strong>inﬂuit,</strong></span> <span class='ocrx_word' id='word_1_327' title='bbox 1585 3922 1757 3976; x_wconf 90' lang='lat' dir='ltr'><strong>usque</strong></span> <span class='ocrx_word' id='word_1_328' title='bbox 1805 3908 1873 3964; x_wconf 91' lang='lat' dir='ltr'><strong>ad</strong></span> 
     </span>
    </p>
   </div>
   <div class='ocr_carea' id='block_1_43' title="bbox 303 3989 1872 4065">
    <p class='ocr_par' dir='ltr' id='par_1_43' title="bbox 303 3989 1872 4065">
     <span class='ocr_line' id='line_1_43' title="bbox 303 3989 1872 4065; baseline 0.008 -24"><span class='ocrx_word' id='word_1_329' title='bbox 303 4002 427 4041; x_wconf 88' lang='lat' dir='ltr'><strong>cum</strong></span> <span class='ocrx_word' id='word_1_330' title='bbox 448 3989 621 4042; x_wconf 90' lang='lat' dir='ltr'><strong>locum</strong></span> <span class='ocrx_word' id='word_1_331' title='bbox 649 3990 739 4043; x_wconf 89' lang='lat' dir='ltr'><strong>ubi</strong></span> <span class='ocrx_word' id='word_1_332' title='bbox 762 3999 843 4044; x_wconf 90' lang='lat' dir='ltr'><strong>est</strong></span> <span class='ocrx_word' id='word_1_333' title='bbox 886 3990 1103 4056; x_wconf 88' lang='lat' dir='ltr'><strong>Emath,</strong></span> <span class='ocrx_word' id='word_1_334' title='bbox 1136 3994 1264 4048; x_wconf 84' lang='lat' dir='ltr'><strong>urbs</strong></span> <span class='ocrx_word' id='word_1_335' title='bbox 1293 3993 1485 4065; x_wconf 66' lang='lat' dir='ltr'><strong>Syriae,</strong></span> <span class='ocrx_word' id='word_1_336' title='bbox 1513 3995 1666 4064; x_wconf 90' lang='lat' dir='ltr'><strong>cujus</strong></span> <span class='ocrx_word' id='word_1_337' title='bbox 1689 3997 1742 4051; x_wconf 90' lang='lat' dir='ltr'><strong>in</strong></span> <span class='ocrx_word' id='word_1_338' title='bbox 1771 3999 1872 4054; x_wconf 88' lang='lat' dir='ltr'><strong>hac</strong></span> 
     </span>
    </p>
   </div>
   <div class='ocr_carea' id='block_1_44' title="bbox 300 4075 1868 4155">
    <p class='ocr_par' dir='ltr' id='par_1_44' title="bbox 300 4075 1868 4155">
     <span class='ocr_line' id='line_1_44' title="bbox 300 4075 1868 4155; baseline 0.01 -28"><span class='ocrx_word' id='word_1_339' title='bbox 300 4075 454 4145; x_wconf 84' lang='lat' dir='ltr'><strong>plaga</strong></span> <span class='ocrx_word' id='word_1_340' title='bbox 469 4087 521 4131; x_wconf 88' lang='lat' dir='ltr'><strong>et</strong></span> <span class='ocrx_word' id='word_1_341' title='bbox 543 4093 737 4132; x_wconf 90' lang='lat' dir='ltr'><strong>nomen</strong></span> <span class='ocrx_word' id='word_1_342' title='bbox 763 4078 914 4146; x_wconf 89' lang='lat' dir='ltr'><strong>ponit</strong></span> <span class='ocrx_word' id='word_1_343' title='bbox 936 4079 1212 4136; x_wconf 85' lang='lat' dir='ltr'><strong>Ezechiel:</strong></span> <span class='ocrx_word' id='word_1_344' title='bbox 1252 4102 1269 4132; x_wconf 73' lang='grc' dir='ltr'>ι</span> <span class='ocrx_word' id='word_1_345' title='bbox 1305 4083 1372 4137; x_wconf 89' lang='grc' dir='ltr'><strong>Ει</strong></span> <span class='ocrx_word' id='word_1_346' title='bbox 1396 4084 1569 4155; x_wconf 80' lang='lat' dir='ltr'><strong>plaga,</strong></span> <span class='ocrx_word' id='word_1_347' title='bbox 1597 4086 1868 4155; x_wconf 88' lang='lat' dir='ltr'><strong>inquiens,</strong></span> 
     </span>
    </p>
   </div>
   <div class='ocr_carea' id='block_1_45' title="bbox 302 4168 1874 4242">
    <p class='ocr_par' dir='ltr' id='par_1_45' title="bbox 302 4168 1874 4242">
     <span class='ocr_line' id='line_1_45' title="bbox 302 4168 1874 4242; baseline 0.01 -24"><span class='ocrx_word' id='word_1_348' title='bbox 302 4168 469 4222; x_wconf 87' lang='lat' dir='ltr'><strong>maris</strong></span> <span class='ocrx_word' id='word_1_349' title='bbox 496 4183 645 4222; x_wconf 89' lang='lat' dir='ltr'><strong>mare</strong></span> <span class='ocrx_word' id='word_1_350' title='bbox 672 4184 923 4238; x_wconf 86' lang='lat' dir='ltr'><strong>magnum</strong></span> <span class='ocrx_word' id='word_1_351' title='bbox 948 4186 977 4223; x_wconf 91' lang='lat' dir='ltr'><strong>a</strong></span> <span class='ocrx_word' id='word_1_352' title='bbox 1008 4171 1241 4227; x_wconf 90' lang='lat' dir='ltr'><strong>conﬁnio</strong></span> <span class='ocrx_word' id='word_1_353' title='bbox 1266 4190 1364 4242; x_wconf 90' lang='lat' dir='ltr'><strong>per</strong></span> <span class='ocrx_word' id='word_1_354' title='bbox 1391 4176 1675 4242; x_wconf 89' lang='lat' dir='ltr'><strong>directum,</strong></span> <span class='ocrx_word' id='word_1_355' title='bbox 1702 4180 1874 4234; x_wconf 87' lang='lat' dir='ltr'><strong>donec</strong></span> 
     </span>
    </p>
   </div>
   <div class='ocr_carea' id='block_1_46' title="bbox 303 4256 1871 4337">
    <p class='ocr_par' dir='ltr' id='par_1_46' title="bbox 303 4256 1871 4337">
     <span class='ocr_line' id='line_1_46' title="bbox 303 4256 1871 4337; baseline 0.008 -28"><span class='ocrx_word' id='word_1_356' title='bbox 303 4256 489 4310; x_wconf 85' lang='lat' dir='ltr'><strong>venias</strong></span> <span class='ocrx_word' id='word_1_357' title='bbox 513 4257 706 4310; x_wconf 86' lang='lat' dir='ltr'><strong>Ematli</strong></span> <span class='ocrx_word' id='word_1_358' title='bbox 745 4257 957 4328; x_wconf 69' lang='lat' dir='ltr'><strong>(Ezech.</strong></span> <span class='ocrx_word' id='word_1_359' title='bbox 983 4267 1169 4331; x_wconf 70' lang='lat' dir='ltr'><strong>XLVII},</strong></span> <span class='ocrx_word' id='word_1_360' title='bbox 1201 4282 1218 4312; x_wconf 84' lang='grc'>›</span> <span class='ocrx_word' id='word_1_361' title='bbox 1247 4278 1366 4332; x_wconf 69' lang='lat' dir='ltr'><strong>quae</strong></span> <span class='ocrx_word' id='word_1_362' title='bbox 1405 4280 1546 4319; x_wconf 91' lang='lat' dir='ltr'><strong>nunc</strong></span> <span class='ocrx_word' id='word_1_363' title='bbox 1579 4265 1871 4337; x_wconf 77' lang='lat' dir='ltr'><strong>Epiphania</strong></span> 
     </span>
    </p>
   </div>
   <div class='ocr_carea' id='block_1_47' title="bbox 302 4345 1872 4426">
    <p class='ocr_par' dir='ltr' id='par_1_47' title="bbox 302 4345 1872 4426">
     <span class='ocr_line' id='line_1_47' title="bbox 302 4345 1872 4426; baseline 0.01 -28"><span class='ocrx_word' id='word_1_364' title='bbox 302 4345 639 4412; x_wconf 91' lang='lat' dir='ltr'><strong>nominatur,</strong></span> <span class='ocrx_word' id='word_1_365' title='bbox 672 4348 740 4402; x_wconf 86' lang='lat' dir='ltr'><strong>ab</strong></span> <span class='ocrx_word' id='word_1_366' title='bbox 790 4347 1053 4405; x_wconf 87' lang='lat' dir='ltr'><strong>Antiocho</strong></span> <span class='ocrx_word' id='word_1_367' title='bbox 1099 4353 1470 4410; x_wconf 90' lang='lat' dir='ltr'><strong>crudelissimo</strong></span> <span class='ocrx_word' id='word_1_368' title='bbox 1520 4364 1872 4426; x_wconf 74' lang='lat' dir='ltr'><strong>tyrannorum</strong></span> 
     </span>
    </p>
   </div>
   <div class='ocr_carea' id='block_1_48' title="bbox 303 4438 1869 4521">
    <p class='ocr_par' dir='ltr' id='par_1_48' title="bbox 303 4438 1869 4521">
     <span class='ocr_line' id='line_1_48' title="bbox 303 4438 1869 4521; baseline 0.01 -31"><span class='ocrx_word' id='word_1_369' title='bbox 303 4438 517 4493; x_wconf 89' lang='lat' dir='ltr'><strong>nomine</strong></span> <span class='ocrx_word' id='word_1_370' title='bbox 549 4448 906 4507; x_wconf 87' lang='lat' dir='ltr'><strong>commutato;</strong></span> <span class='ocrx_word' id='word_1_371' title='bbox 944 4458 1068 4497; x_wconf 84' lang='lat' dir='ltr'><strong>nam</strong></span> <span class='ocrx_word' id='word_1_372' title='bbox 1096 4456 1506 4514; x_wconf 86' lang='lat' dir='ltr'><strong>cognomentum</strong></span> <span class='ocrx_word' id='word_1_373' title='bbox 1530 4449 1717 4505; x_wconf 90' lang='lat' dir='ltr'><strong>habuit</strong></span> <span class='ocrx_word' id='word_1_374' title='bbox 1740 4451 1869 4521; x_wconf 81' lang='lat' dir='ltr'><strong>Epi-</strong></span> 
     </span>
    </p>
   </div>
   <div class='ocr_carea' id='block_1_49' title="bbox 301 4516 1951 4596">
    <p class='ocr_par' dir='ltr' id='par_1_49' title="bbox 301 4516 1951 4596">
     <span class='ocr_line' id='line_1_49' title="bbox 301 4516 1951 4596; baseline 0.012 -19"><span class='ocrx_word' id='word_1_375' title='bbox 301 4525 516 4593; x_wconf 81' lang='lat' dir='ltr'><strong>phanes.</strong></span> <span class='ocrx_word' id='word_1_376' title='bbox 549 4524 802 4596; x_wconf 89' lang='lat' dir='ltr'><strong>Sequitur</strong></span> <span class='ocrx_word' id='word_1_377' title='bbox 845 4529 898 4583; x_wconf 92' lang='lat' dir='ltr'><strong>in</strong></span> <span class='ocrx_word' id='word_1_378' title='bbox 928 4530 1066 4584; x_wconf 89' lang='lat' dir='ltr'><strong>libro</strong></span> <span class='ocrx_word' id='word_1_379' title='bbox 1113 4530 1509 4589; x_wconf 85' lang='lat' dir='ltr'><strong>Numerorum:</strong></span> <span class='ocrx_word' id='word_1_380' title='bbox 1548 4555 1566 4587; x_wconf 71' lang='grc' dir='ltr'>ι</span> <span class='ocrx_word' id='word_1_381' title='bbox 1596 4535 1765 4593; x_wconf 86' lang='lat' dir='ltr'><strong>Porro</strong></span> <span class='ocrx_word' id='word_1_382' title='bbox 1787 4516 1873 4595; x_wconf 25' lang='lat' dir='ltr'><strong>iad</strong></span> <span class='ocrx_word' id='word_1_383' title='bbox 1897 4516 1951 4575; x_wconf 80' lang='lat' dir='ltr'><strong><em>D</em></strong></span> 
     </span>
    </p>
   </div>
   <div class='ocr_carea' id='block_1_50' title="bbox 306 4612 1869 4695">
    <p class='ocr_par' dir='ltr' id='par_1_50' title="bbox 306 4612 1869 4695">
     <span class='ocr_line' id='line_1_50' title="bbox 306 4612 1869 4695; baseline 0.01 -28"><span class='ocrx_word' id='word_1_384' title='bbox 306 4612 809 4683; x_wconf 81' lang='lat' dir='ltr'><strong>Septentrionalem,</strong></span> <span class='ocrx_word' id='word_1_385' title='bbox 839 4617 1031 4684; x_wconf 89' lang='lat' dir='ltr'><strong>inquit,</strong></span> <span class='ocrx_word' id='word_1_386' title='bbox 1072 4626 1279 4686; x_wconf 84' lang='lat' dir='ltr'><strong>partem</strong></span> <span class='ocrx_word' id='word_1_387' title='bbox 1306 4637 1336 4674; x_wconf 91' lang='lat' dir='ltr'><strong>a</strong></span> <span class='ocrx_word' id='word_1_388' title='bbox 1366 4624 1501 4677; x_wconf 91' lang='lat' dir='ltr'><strong>mari</strong></span> <span class='ocrx_word' id='word_1_389' title='bbox 1537 4640 1730 4695; x_wconf 82' lang='lat' dir='ltr'><strong>magno</strong></span> <span class='ocrx_word' id='word_1_390' title='bbox 1759 4636 1869 4682; x_wconf 89' lang='lat' dir='ltr'><strong>ter-</strong></span> 
     </span>
    </p>
   </div>
   <div class='ocr_carea' id='block_1_51' title="bbox 302 4701 1870 4777">
    <p class='ocr_par' dir='ltr' id='par_1_51' title="bbox 302 4701 1870 4777">
     <span class='ocr_line' id='line_1_51' title="bbox 302 4701 1870 4777; baseline 0.012 -24"><span class='ocrx_word' id='word_1_391' title='bbox 302 4701 433 4754; x_wconf 87' lang='lat' dir='ltr'><strong>mini</strong></span> <span class='ocrx_word' id='word_1_392' title='bbox 464 4703 720 4770; x_wconf 76' lang='lat' dir='ltr'><strong>incipient</strong></span> <span class='ocrx_word' id='word_1_393' title='bbox 756 4705 1131 4772; x_wconf 87' lang='lat' dir='ltr'><strong>pervenientes</strong></span> <span class='ocrx_word' id='word_1_394' title='bbox 1160 4723 1330 4777; x_wconf 91' lang='lat' dir='ltr'><strong>usque</strong></span> <span class='ocrx_word' id='word_1_395' title='bbox 1356 4712 1424 4764; x_wconf 92' lang='lat' dir='ltr'><strong>ad</strong></span> <span class='ocrx_word' id='word_1_396' title='bbox 1453 4722 1688 4767; x_wconf 86' lang='lat' dir='ltr'><strong>montem</strong></span> <span class='ocrx_word' id='word_1_397' title='bbox 1722 4717 1870 4772; x_wconf 88' lang='lat' dir='ltr'><strong>altis-</strong></span> 
     </span>
    </p>
   </div>
   <div class='ocr_carea' id='block_1_52' title="bbox 302 4793 1871 4873">
    <p class='ocr_par' dir='ltr' id='par_1_52' title="bbox 302 4793 1871 4873">
     <span class='ocr_line' id='line_1_52' title="bbox 302 4793 1871 4873; baseline 0.014 -29"><span class='ocrx_word' id='word_1_398' title='bbox 302 4793 518 4858; x_wconf 83' lang='lat' dir='ltr'><strong>simum,</strong></span> <span class='ocrx_word' id='word_1_399' title='bbox 550 4810 579 4848; x_wconf 88' lang='lat' dir='ltr'><strong>a</strong></span> <span class='ocrx_word' id='word_1_400' title='bbox 603 4810 708 4864; x_wconf 88' lang='lat' dir='ltr'><strong>quo</strong></span> <span class='ocrx_word' id='word_1_401' title='bbox 736 4796 919 4851; x_wconf 87' lang='lat' dir='ltr'><strong>venies</strong></span> <span class='ocrx_word' id='word_1_402' title='bbox 957 4798 1009 4851; x_wconf 93' lang='lat' dir='ltr'><strong>in</strong></span> <span class='ocrx_word' id='word_1_403' title='bbox 1027 4798 1216 4854; x_wconf 86' lang='lat' dir='ltr'><strong>Emath</strong></span> <span class='ocrx_word' id='word_1_404' title='bbox 1246 4817 1413 4873; x_wconf 90' lang='lat' dir='ltr'><strong>usque</strong></span> <span class='ocrx_word' id='word_1_405' title='bbox 1436 4805 1694 4861; x_wconf 86' lang='lat' dir='ltr'><strong>terminos</strong></span> <span class='ocrx_word' id='word_1_406' title='bbox 1706 4807 1871 4865; x_wconf 84' lang='lat' dir='ltr'><strong>Seda-</strong></span> 
     </span>
    </p>
   </div>
   <div class='ocr_carea' id='block_1_53' title="bbox 302 4882 1868 4962">
    <p class='ocr_par' dir='ltr' id='par_1_53' title="bbox 302 4882 1868 4962">
     <span class='ocr_line' id='line_1_53' title="bbox 302 4882 1868 4962; baseline 0.013 -27"><span class='ocrx_word' id='word_1_407' title='bbox 302 4882 372 4936; x_wconf 89' lang='lat' dir='ltr'><strong>la.</strong></span> <span class='ocrx_word' id='word_1_408' title='bbox 392 4884 651 4955; x_wconf 84' lang='lat' dir='ltr'><strong>lbuntqne</strong></span> <span class='ocrx_word' id='word_1_409' title='bbox 671 4889 901 4943; x_wconf 90' lang='lat' dir='ltr'><strong>conﬁnia</strong></span> <span class='ocrx_word' id='word_1_410' title='bbox 926 4907 1093 4960; x_wconf 90' lang='lat' dir='ltr'><strong>usque</strong></span> <span class='ocrx_word' id='word_1_411' title='bbox 1119 4893 1398 4962; x_wconf 88' lang='lat' dir='ltr'><strong>Sephrona</strong></span> <span class='ocrx_word' id='word_1_412' title='bbox 1424 4904 1479 4951; x_wconf 90' lang='lat' dir='ltr'><strong>et</strong></span> <span class='ocrx_word' id='word_1_413' title='bbox 1504 4896 1681 4951; x_wconf 90' lang='lat' dir='ltr'><strong>villam</strong></span> <span class='ocrx_word' id='word_1_414' title='bbox 1699 4899 1868 4957; x_wconf 86' lang='lat' dir='ltr'><strong>Enan.</strong></span> 
     </span>
    </p>
   </div>
   <div class='ocr_carea' id='block_1_54' title="bbox 302 4973 1865 5062">
    <p class='ocr_par' dir='ltr' id='par_1_54' title="bbox 302 4973 1865 5062">
     <span class='ocr_line' id='line_1_54' title="bbox 302 4973 1865 5062; baseline 0.012 -36"><span class='ocrx_word' id='word_1_415' title='bbox 302 4973 366 5062; x_wconf 82' lang='lat' dir='ltr'><strong>lli</strong></span> <span class='ocrx_word' id='word_1_416' title='bbox 392 4985 553 5030; x_wconf 90' lang='lat' dir='ltr'><strong>erunt</strong></span> <span class='ocrx_word' id='word_1_417' title='bbox 578 4979 787 5033; x_wconf 88' lang='lat' dir='ltr'><strong>termini</strong></span> <span class='ocrx_word' id='word_1_418' title='bbox 811 4981 864 5034; x_wconf 91' lang='lat' dir='ltr'><strong>in</strong></span> <span class='ocrx_word' id='word_1_419' title='bbox 888 4992 1040 5052; x_wconf 89' lang='lat' dir='ltr'><strong>parte</strong></span> <span class='ocrx_word' id='word_1_420' title='bbox 1078 4983 1358 5053; x_wconf 90' lang='lat' dir='ltr'><strong>Aquilonis</strong></span> <span class='ocrx_word' id='word_1_421' title='bbox 1386 4987 1573 5058; x_wconf 86' lang='lat' dir='ltr'><strong>(Num.</strong></span> <span class='ocrx_word' id='word_1_422' title='bbox 1604 4991 1811 5062; x_wconf 74' lang='lat' dir='ltr'><strong>xxxrv).</strong></span> <span class='ocrx_word' id='word_1_423' title='bbox 1846 5012 1865 5045; x_wconf 83' lang='grc'><strong>›</strong></span> 
     </span>
    </p>
   </div>
   <div class='ocr_carea' id='block_1_55' title="bbox 303 5061 1868 5149">
    <p class='ocr_par' dir='ltr' id='par_1_55' title="bbox 303 5061 1868 5149">
     <span class='ocr_line' id='line_1_55' title="bbox 303 5061 1868 5149; baseline 0.015 -36"><span class='ocrx_word' id='word_1_424' title='bbox 303 5061 498 5117; x_wconf 89' lang='lat' dir='ltr'><strong>Dicunt</strong></span> <span class='ocrx_word' id='word_1_425' title='bbox 551 5064 761 5121; x_wconf 74' lang='lat' dir='ltr'><strong>Hebraei</strong></span> <span class='ocrx_word' id='word_1_426' title='bbox 789 5067 1267 5139; x_wconf 80' lang='lat' dir='ltr'><strong>Septentrionalem</strong></span> <span class='ocrx_word' id='word_1_427' title='bbox 1301 5075 1510 5146; x_wconf 86' lang='lat' dir='ltr'><strong>plagam</strong></span> <span class='ocrx_word' id='word_1_428' title='bbox 1554 5078 1789 5149; x_wconf 86' lang='lat' dir='ltr'><strong>incipere</strong></span> <span class='ocrx_word' id='word_1_429' title='bbox 1838 5098 1868 5136; x_wconf 87' lang='lat' dir='ltr'><strong>a</strong></span> 
     </span>
    </p>
   </div>
   <div class='ocr_carea' id='block_1_56' title="bbox 304 5152 1865 5240">
    <p class='ocr_par' dir='ltr' id='par_1_56' title="bbox 304 5152 1865 5240">
     <span class='ocr_line' id='line_1_56' title="bbox 304 5152 1865 5240; baseline 0.013 -34"><span class='ocrx_word' id='word_1_430' title='bbox 304 5152 439 5206; x_wconf 86' lang='lat' dir='ltr'><strong>mari</strong></span> <span class='ocrx_word' id='word_1_431' title='bbox 482 5168 696 5224; x_wconf 87' lang='lat' dir='ltr'><strong>magno,</strong></span> <span class='ocrx_word' id='word_1_432' title='bbox 744 5158 1195 5227; x_wconf 65' lang='lat' dir='ltr'><strong>quodPalazstina:</strong></span> <span class='ocrx_word' id='word_1_433' title='bbox 1239 5163 1509 5221; x_wconf 74' lang='lat' dir='ltr'><strong>thnicis</strong></span> <span class='ocrx_word' id='word_1_434' title='bbox 1560 5177 1616 5222; x_wconf 89' lang='lat' dir='ltr'><strong>et</strong></span> <span class='ocrx_word' id='word_1_435' title='bbox 1664 5169 1865 5240; x_wconf 67' lang='lat' dir='ltr'><strong>Syriae,</strong></span> 
     </span>
    </p>
   </div>
   <div class='ocr_carea' id='block_1_57' title="bbox 303 5244 1870 5324">
    <p class='ocr_par' dir='ltr' id='par_1_57' title="bbox 303 5244 1870 5324">
     <span class='ocr_line' id='line_1_57' title="bbox 303 5244 1870 5324; baseline 0.014 -30"><span class='ocrx_word' id='word_1_436' title='bbox 303 5258 421 5311; x_wconf 66' lang='lat' dir='ltr'><strong>qua}</strong></span> <span class='ocrx_word' id='word_1_437' title='bbox 443 5244 738 5313; x_wconf 86' lang='lat' dir='ltr'><strong>appellatur</strong></span> <span class='ocrx_word' id='word_1_438' title='bbox 760 5248 928 5314; x_wconf 67' lang='lat' dir='ltr'><strong>Caele,</strong></span> <span class='ocrx_word' id='word_1_439' title='bbox 951 5251 1255 5322; x_wconf 72' lang='lat' dir='ltr'><strong>Ciliciaeque</strong></span> <span class='ocrx_word' id='word_1_440' title='bbox 1294 5258 1577 5324; x_wconf 65' lang='lat' dir='ltr'><strong>praetendit</strong></span> <span class='ocrx_word' id='word_1_441' title='bbox 1601 5258 1870 5316; x_wconf 88' lang='lat' dir='ltr'><strong>littoribus</strong></span> 
     </span>
    </p>
   </div>
   <div class='ocr_carea' id='block_1_58' title="bbox 303 5333 1871 5414">
    <p class='ocr_par' dir='ltr' id='par_1_58' title="bbox 303 5333 1871 5414">
     <span class='ocr_line' id='line_1_58' title="bbox 303 5333 1871 5414; baseline 0.012 -29"><span class='ocrx_word' id='word_1_442' title='bbox 303 5345 357 5386; x_wconf 87' lang='lat' dir='ltr'><strong>et</strong></span> <span class='ocrx_word' id='word_1_443' title='bbox 388 5348 484 5402; x_wconf 89' lang='lat' dir='ltr'><strong>per</strong></span> <span class='ocrx_word' id='word_1_444' title='bbox 506 5333 793 5406; x_wconf 63' lang='lat' dir='ltr'><strong>:la&#39;gyptum</strong></span> <span class='ocrx_word' id='word_1_445' title='bbox 826 5340 996 5393; x_wconf 91' lang='lat' dir='ltr'><strong>tendit</strong></span> <span class='ocrx_word' id='word_1_446' title='bbox 1024 5340 1090 5394; x_wconf 87' lang='lat' dir='ltr'><strong>ad</strong></span> <span class='ocrx_word' id='word_1_447' title='bbox 1132 5337 1372 5414; x_wconf 77' lang='lat' dir='ltr'><strong>Libyam.</strong></span> <span class='ocrx_word' id='word_1_448' title='bbox 1408 5346 1561 5412; x_wconf 87' lang='lat' dir='ltr'><strong>Quod</strong></span> <span class='ocrx_word' id='word_1_449' title='bbox 1587 5357 1767 5403; x_wconf 86' lang='lat' dir='ltr'><strong>autem</strong></span> <span class='ocrx_word' id='word_1_450' title='bbox 1797 5351 1871 5405; x_wconf 86' lang='lat' dir='ltr'><strong>di-</strong></span> 
     </span>
    </p>
   </div>
   <div class='ocr_carea' id='block_1_59' title="bbox 303 5423 1869 5501">
    <p class='ocr_par' dir='ltr' id='par_1_59' title="bbox 303 5423 1869 5501">
     <span class='ocr_line' id='line_1_59' title="bbox 303 5423 1869 5501; baseline 0.011 -25"><span class='ocrx_word' id='word_1_451' title='bbox 303 5423 413 5477; x_wconf 90' lang='lat' dir='ltr'><strong>cit:</strong></span> <span class='ocrx_word' id='word_1_452' title='bbox 452 5441 471 5475; x_wconf 72' lang='lat' dir='ltr'><strong>c</strong></span> <span class='ocrx_word' id='word_1_453' title='bbox 504 5427 879 5493; x_wconf 83' lang='lat' dir='ltr'><strong>pervenientes</strong></span> <span class='ocrx_word' id='word_1_454' title='bbox 908 5431 1164 5486; x_wconf 88' lang='lat' dir='ltr'><strong>terminos</strong></span> <span class='ocrx_word' id='word_1_455' title='bbox 1216 5448 1384 5501; x_wconf 87' lang='lat' dir='ltr'><strong>usque</strong></span> <span class='ocrx_word' id='word_1_456' title='bbox 1425 5435 1491 5489; x_wconf 89' lang='lat' dir='ltr'><strong>ad</strong></span> <span class='ocrx_word' id='word_1_457' title='bbox 1521 5445 1754 5493; x_wconf 91' lang='lat' dir='ltr'><strong>montem</strong></span> <span class='ocrx_word' id='word_1_458' title='bbox 1790 5439 1869 5493; x_wconf 90' lang='lat' dir='ltr'><strong>al-</strong></span> 
     </span>
    </p>
   </div>
   <div class='ocr_carea' id='block_1_60' title="bbox 304 5511 1872 5582">
    <p class='ocr_par' dir='ltr' id='par_1_60' title="bbox 304 5511 1872 5582">
     <span class='ocr_line' id='line_1_60' title="bbox 304 5511 1872 5582; baseline 0.011 -19"><span class='ocrx_word' id='word_1_459' title='bbox 304 5511 590 5577; x_wconf 91' lang='lat' dir='ltr'><strong>tissimum,</strong></span> <span class='ocrx_word' id='word_1_460' title='bbox 626 5532 645 5567; x_wconf 77' lang='grc' dir='ltr'><strong><em>ι</em></strong></span> <span class='ocrx_word' id='word_1_461' title='bbox 703 5515 864 5570; x_wconf 89' lang='lat' dir='ltr'><strong>iidem</strong></span> <span class='ocrx_word' id='word_1_462' title='bbox 896 5516 1102 5574; x_wconf 71' lang='grc' dir='ltr'>Ηειπευί</span> <span class='ocrx_word' id='word_1_463' title='bbox 1143 5531 1425 5576; x_wconf 89' lang='lat' dir='ltr'><strong>autumant</strong></span> <span class='ocrx_word' id='word_1_464' title='bbox 1474 5524 1556 5578; x_wconf 91' lang='lat' dir='ltr'><strong>vel</strong></span> <span class='ocrx_word' id='word_1_465' title='bbox 1607 5525 1872 5582; x_wconf 82' lang='lat' dir='ltr'><strong>Amanum</strong></span> 
     </span>
    </p>
   </div>
   <div class='ocr_carea' id='block_1_61' title="bbox 304 5608 1874 5683">
    <p class='ocr_par' dir='ltr' id='par_1_61' title="bbox 304 5608 1874 5683">
     <span class='ocr_line' id='line_1_61' title="bbox 304 5608 1874 5683; baseline 0.013 -30"><span class='ocrx_word' id='word_1_466' title='bbox 304 5614 538 5660; x_wconf 90' lang='lat' dir='ltr'><strong>montem</strong></span> <span class='ocrx_word' id='word_1_467' title='bbox 580 5608 905 5678; x_wconf 87' lang='lat' dir='ltr'><strong>signiﬁcare,</strong></span> <span class='ocrx_word' id='word_1_468' title='bbox 927 5611 1010 5665; x_wconf 88' lang='lat' dir='ltr'><strong>vel</strong></span> <span class='ocrx_word' id='word_1_469' title='bbox 1039 5610 1296 5678; x_wconf 90' lang='lat' dir='ltr'><strong>Taurum,</strong></span> <span class='ocrx_word' id='word_1_470' title='bbox 1318 5615 1459 5683; x_wconf 89' lang='lat' dir='ltr'><strong>quod</strong></span> <span class='ocrx_word' id='word_1_471' title='bbox 1483 5616 1637 5672; x_wconf 90' lang='lat' dir='ltr'><strong>nobis</strong></span> <span class='ocrx_word' id='word_1_472' title='bbox 1664 5619 1874 5674; x_wconf 88' lang='lat' dir='ltr'><strong>videtur</strong></span> 
     </span>
    </p>
   </div>
   <div class='ocr_carea' id='block_1_62' title="bbox 303 5693 1873 5777">
    <p class='ocr_par' dir='ltr' id='par_1_62' title="bbox 303 5693 1873 5777">
     <span class='ocr_line' id='line_1_62' title="bbox 303 5693 1873 5777; baseline 0.016 -35"><span class='ocrx_word' id='word_1_473' title='bbox 303 5693 501 5749; x_wconf 85' lang='lat' dir='ltr'><strong>verius.</strong></span> <span class='ocrx_word' id='word_1_474' title='bbox 538 5716 552 5748; x_wconf 73' lang='grc' dir='ltr'>ι</span> <span class='ocrx_word' id='word_1_475' title='bbox 585 5699 882 5771; x_wconf 85' lang='lat' dir='ltr'><strong>lbuntque,</strong></span> <span class='ocrx_word' id='word_1_476' title='bbox 935 5701 1140 5772; x_wconf 88' lang='lat' dir='ltr'><strong>inquit,</strong></span> <span class='ocrx_word' id='word_1_477' title='bbox 1182 5704 1409 5760; x_wconf 83' lang='lat' dir='ltr'><strong>confinia</strong></span> <span class='ocrx_word' id='word_1_478' title='bbox 1450 5723 1619 5777; x_wconf 86' lang='lat' dir='ltr'><strong>usque</strong></span> <span class='ocrx_word' id='word_1_479' title='bbox 1664 5711 1729 5765; x_wconf 89' lang='lat' dir='ltr'><strong>ad</strong></span> <span class='ocrx_word' id='word_1_480' title='bbox 1778 5709 1873 5766; x_wconf 89' lang='lat' dir='ltr'><strong>Se-</strong></span> 
     </span>
    </p>
   </div>
   <div class='ocr_carea' id='block_1_63' title="bbox 1973 554 3539 624">
    <p class='ocr_par' dir='ltr' id='par_1_63' title="bbox 1973 554 3539 624">
     <span class='ocr_line' id='line_1_63' title="bbox 1973 554 3539 624; baseline -0.001 -14"><span class='ocrx_word' id='word_1_481' title='bbox 1973 559 2109 613; x_wconf 68' lang='lat' dir='ltr'><strong>licirc</strong></span> <span class='ocrx_word' id='word_1_482' title='bbox 2157 567 2371 612; x_wconf 91' lang='lat' dir='ltr'><strong>vocant.</strong></span> <span class='ocrx_word' id='word_1_483' title='bbox 2434 556 2585 623; x_wconf 86' lang='lat' dir='ltr'><strong>Quod</strong></span> <span class='ocrx_word' id='word_1_484' title='bbox 2631 564 2807 611; x_wconf 89' lang='lat' dir='ltr'><strong>autem</strong></span> <span class='ocrx_word' id='word_1_485' title='bbox 2857 555 3143 624; x_wconf 83' lang='lat' dir='ltr'><strong>sequitur:</strong></span> <span class='ocrx_word' id='word_1_486' title='bbox 3200 572 3219 604; x_wconf 71' lang='grc' dir='ltr'><strong><em>ο</em></strong></span> <span class='ocrx_word' id='word_1_487' title='bbox 3258 554 3324 609; x_wconf 83' lang='lat' dir='ltr'><strong>Et</strong></span> <span class='ocrx_word' id='word_1_488' title='bbox 3359 554 3539 609; x_wconf 86' lang='lat' dir='ltr'><strong>villam</strong></span> 
     </span>
    </p>
   </div>
   <div class='ocr_carea' id='block_1_64' title="bbox 1972 644 3581 719">
    <p class='ocr_par' dir='ltr' id='par_1_64' title="bbox 1972 644 3581 719">
     <span class='ocr_line' id='line_1_64' title="bbox 1972 644 3581 719; baseline -0.001 -16"><span class='ocrx_word' id='word_1_489' title='bbox 1972 650 2142 713; x_wconf 91' lang='lat' dir='ltr'><strong>Enan,</strong></span> <span class='ocrx_word' id='word_1_490' title='bbox 2183 668 2201 701; x_wconf 73' lang='grc' dir='ltr'><strong><em>ι</em></strong></span> <span class='ocrx_word' id='word_1_491' title='bbox 2236 664 2334 719; x_wconf 91' lang='lat' dir='ltr'><strong>pro</strong></span> <span class='ocrx_word' id='word_1_492' title='bbox 2356 663 2461 717; x_wconf 91' lang='lat' dir='ltr'><strong>quo</strong></span> <span class='ocrx_word' id='word_1_493' title='bbox 2488 648 2542 703; x_wconf 94' lang='lat' dir='ltr'><strong>in</strong></span> <span class='ocrx_word' id='word_1_494' title='bbox 2572 645 2797 701; x_wconf 71' lang='lat' dir='ltr'><strong>llebrzeo</strong></span> <span class='ocrx_word' id='word_1_495' title='bbox 2835 645 3092 714; x_wconf 88' lang='lat' dir='ltr'><strong>scriptum</strong></span> <span class='ocrx_word' id='word_1_496' title='bbox 3139 653 3221 698; x_wconf 90' lang='lat' dir='ltr'><strong>est</strong></span> <span class='ocrx_word' id='word_1_497' title='bbox 3245 644 3541 709; x_wconf 78' lang='lat' dir='ltr'><strong>Ascrenau,</strong></span> <span class='ocrx_word' id='word_1_498' title='bbox 3572 696 3581 701; x_wconf 32' lang='grc' dir='ltr'><strong>ί</strong></span> 
     </span>
    </p>
   </div>
   <div class='ocr_carea' id='block_1_65' title="bbox 1972 735 3543 808">
    <p class='ocr_par' dir='ltr' id='par_1_65' title="bbox 1972 735 3543 808">
     <span class='ocr_line' id='line_1_65' title="bbox 1972 735 3543 808; baseline -0.001 -17"><span class='ocrx_word' id='word_1_499' title='bbox 1972 739 2115 808; x_wconf 88' lang='lat' dir='ltr'><strong>quod</strong></span> <span class='ocrx_word' id='word_1_500' title='bbox 2144 739 2527 807; x_wconf 84' lang='lat' dir='ltr'><strong>interpretatur</strong></span> <span class='ocrx_word' id='word_1_501' title='bbox 2567 738 2759 790; x_wconf 80' lang='lat' dir='ltr'><strong>atrium</strong></span> <span class='ocrx_word' id='word_1_502' title='bbox 2806 736 2996 805; x_wconf 74' lang='lat' dir='ltr'><strong>fontis,</strong></span> <span class='ocrx_word' id='word_1_503' title='bbox 3030 735 3291 790; x_wconf 91' lang='lat' dir='ltr'><strong>terminus</strong></span> <span class='ocrx_word' id='word_1_504' title='bbox 3326 746 3411 790; x_wconf 89' lang='lat' dir='ltr'><strong>est</strong></span> <span class='ocrx_word' id='word_1_505' title='bbox 3440 736 3543 791; x_wconf 83' lang='lat' dir='ltr'><strong>Da—</strong></span> 
     </span>
    </p>
   </div>
   <div class='ocr_carea' id='block_1_66' title="bbox 1972 824 3543 883">
    <p class='ocr_par' dir='ltr' id='par_1_66' title="bbox 1972 824 3543 883">
     <span class='ocr_line' id='line_1_66' title="bbox 1972 824 3543 883; baseline -0.001 -2"><span class='ocrx_word' id='word_1_506' title='bbox 1972 828 2159 883; x_wconf 86' lang='lat' dir='ltr'><strong>masci.</strong></span> <span class='ocrx_word' id='word_1_507' title='bbox 2204 827 2355 883; x_wconf 91' lang='lat' dir='ltr'><strong>Unde</strong></span> <span class='ocrx_word' id='word_1_508' title='bbox 2383 827 2579 882; x_wconf 91' lang='lat' dir='ltr'><strong>dicitur</strong></span> <span class='ocrx_word' id='word_1_509' title='bbox 2609 828 2661 881; x_wconf 91' lang='lat' dir='ltr'><strong>in</strong></span> <span class='ocrx_word' id='word_1_510' title='bbox 2692 825 2939 881; x_wconf 87' lang='lat' dir='ltr'><strong>Ezechiel</strong></span> <span class='ocrx_word' id='word_1_511' title='bbox 2965 839 2979 878; x_wconf 91' lang='lat'><strong>:</strong></span> <span class='ocrx_word' id='word_1_512' title='bbox 3016 844 3032 875; x_wconf 85' lang='grc'><strong><em>‹</em></strong></span> <span class='ocrx_word' id='word_1_513' title='bbox 3062 824 3129 878; x_wconf 89' lang='lat' dir='ltr'><strong>Et</strong></span> <span class='ocrx_word' id='word_1_514' title='bbox 3154 825 3258 879; x_wconf 89' lang='lat' dir='ltr'><strong>erit</strong></span> <span class='ocrx_word' id='word_1_515' title='bbox 3281 826 3543 881; x_wconf 88' lang='lat' dir='ltr'><strong>terminus</strong></span> 
     </span>
    </p>
   </div>
   <div class='ocr_carea' id='block_1_67' title="bbox 1973 913 3543 985">
    <p class='ocr_par' dir='ltr' id='par_1_67' title="bbox 1973 913 3543 985">
     <span class='ocr_line' id='line_1_67' title="bbox 1973 913 3543 985; baseline -0.001 -14"><span class='ocrx_word' id='word_1_516' title='bbox 1973 934 2002 972; x_wconf 89' lang='lat' dir='ltr'><strong>a</strong></span> <span class='ocrx_word' id='word_1_517' title='bbox 2035 919 2166 971; x_wconf 87' lang='lat' dir='ltr'><strong>mari</strong></span> <span class='ocrx_word' id='word_1_518' title='bbox 2194 931 2361 985; x_wconf 89' lang='lat' dir='ltr'><strong>usque</strong></span> <span class='ocrx_word' id='word_1_519' title='bbox 2389 918 2457 971; x_wconf 92' lang='lat' dir='ltr'><strong>ad</strong></span> <span class='ocrx_word' id='word_1_520' title='bbox 2482 918 2677 970; x_wconf 91' lang='lat' dir='ltr'><strong>atrium</strong></span> <span class='ocrx_word' id='word_1_521' title='bbox 2713 916 2862 969; x_wconf 88' lang='lat' dir='ltr'><strong>Enon</strong></span> <span class='ocrx_word' id='word_1_522' title='bbox 2888 915 3001 969; x_wconf 87' lang='lat' dir='ltr'><strong>sive</strong></span> <span class='ocrx_word' id='word_1_523' title='bbox 3028 913 3322 980; x_wconf 83' lang='lat' dir='ltr'><strong>Aserenan,</strong></span> <span class='ocrx_word' id='word_1_524' title='bbox 3352 917 3543 970; x_wconf 87' lang='lat' dir='ltr'><strong>termi—</strong></span> 
     </span>
    </p>
   </div>
   <div class='ocr_carea' id='block_1_68' title="bbox 1974 1003 3583 1077">
    <p class='ocr_par' dir='ltr' id='par_1_68' title="bbox 1974 1003 3583 1077">
     <span class='ocr_line' id='line_1_68' title="bbox 1974 1003 3583 1077; baseline -0.001 -16"><span class='ocrx_word' id='word_1_525' title='bbox 1974 1022 2075 1061; x_wconf 92' lang='lat' dir='ltr'><strong>nus</strong></span> <span class='ocrx_word' id='word_1_526' title='bbox 2114 1006 2358 1060; x_wconf 88' lang='lat' dir='ltr'><strong>Damasci</strong></span> <span class='ocrx_word' id='word_1_527' title='bbox 2389 1004 2602 1076; x_wconf 79' lang='lat' dir='ltr'><strong>(Ezech.</strong></span> <span class='ocrx_word' id='word_1_528' title='bbox 2649 1003 2836 1077; x_wconf 80' lang='lat' dir='ltr'><strong>xr.vn).</strong></span> <span class='ocrx_word' id='word_1_529' title='bbox 2874 1023 2893 1056; x_wconf 71' lang='grc' dir='ltr'><strong><em>ι</em></strong></span> <span class='ocrx_word' id='word_1_530' title='bbox 2946 1003 3013 1057; x_wconf 86' lang='grc' dir='ltr'><strong>Ει</strong></span> <span class='ocrx_word' id='word_1_531' title='bbox 3054 1004 3121 1058; x_wconf 92' lang='lat' dir='ltr'><strong>ab</strong></span> <span class='ocrx_word' id='word_1_532' title='bbox 3170 1005 3432 1073; x_wconf 84' lang='lat' dir='ltr'><strong>Aquilone</strong></span> <span class='ocrx_word' id='word_1_533' title='bbox 3474 1006 3542 1059; x_wconf 85' lang='lat' dir='ltr'><strong>ad</strong></span> <span class='ocrx_word' id='word_1_534' title='bbox 3578 1003 3583 1008; x_wconf 81' lang='grc'><em>’</em></span> 
     </span>
    </p>
   </div>
   <div class='ocr_carea' id='block_1_69' title="bbox 1972 1095 3545 1167">
    <p class='ocr_par' dir='ltr' id='par_1_69' title="bbox 1972 1095 3545 1167">
     <span class='ocr_line' id='line_1_69' title="bbox 1972 1095 3545 1167; baseline -0.001 -17"><span class='ocrx_word' id='word_1_535' title='bbox 1972 1097 2289 1165; x_wconf 85' lang='lat' dir='ltr'><strong>Aquilonem</strong></span> <span class='ocrx_word' id='word_1_536' title='bbox 2329 1098 2484 1167; x_wconf 88' lang='lat' dir='ltr'><strong>plaga</strong></span> <span class='ocrx_word' id='word_1_537' title='bbox 2536 1095 2999 1165; x_wconf 88' lang='lat' dir='ltr'><strong>Septentrionalis.</strong></span> <span class='ocrx_word' id='word_1_538' title='bbox 3044 1114 3061 1145; x_wconf 75' lang='grc' dir='ltr'><strong><em>ι</em></strong></span> <span class='ocrx_word' id='word_1_539' title='bbox 3096 1095 3221 1150; x_wconf 83' lang='lat' dir='ltr'><strong>inde</strong></span> <span class='ocrx_word' id='word_1_540' title='bbox 3266 1098 3545 1150; x_wconf 90' lang='lat' dir='ltr'><strong>metabun-</strong></span> 
     </span>
    </p>
   </div>
   <div class='ocr_carea' id='block_1_70' title="bbox 1976 1184 3543 1256">
    <p class='ocr_par' dir='ltr' id='par_1_70' title="bbox 1976 1184 3543 1256">
     <span class='ocr_line' id='line_1_70' title="bbox 1976 1184 3543 1256; baseline 0 -17"><span class='ocrx_word' id='word_1_541' title='bbox 1976 1197 2083 1251; x_wconf 90' lang='lat' dir='ltr'><strong>tur,</strong></span> <span class='ocrx_word' id='word_1_542' title='bbox 2110 1186 2305 1256; x_wconf 90' lang='lat' dir='ltr'><strong>inquit,</strong></span> <span class='ocrx_word' id='word_1_543' title='bbox 2331 1186 2466 1241; x_wconf 86' lang='lat' dir='ltr'><strong>ﬁnes</strong></span> <span class='ocrx_word' id='word_1_544' title='bbox 2497 1195 2684 1241; x_wconf 90' lang='lat' dir='ltr'><strong>contra</strong></span> <span class='ocrx_word' id='word_1_545' title='bbox 2719 1184 3045 1241; x_wconf 90' lang='lat' dir='ltr'><strong>Orientalem</strong></span> <span class='ocrx_word' id='word_1_546' title='bbox 3074 1185 3304 1255; x_wconf 82' lang='lat' dir='ltr'><strong>plagam,</strong></span> <span class='ocrx_word' id='word_1_547' title='bbox 3332 1186 3397 1240; x_wconf 89' lang='lat' dir='ltr'><strong>de</strong></span> <span class='ocrx_word' id='word_1_548' title='bbox 3420 1186 3543 1240; x_wconf 91' lang='lat' dir='ltr'><strong>villa</strong></span> 
     </span>
    </p>
   </div>
   <div class='ocr_carea' id='block_1_71' title="bbox 1976 1277 3545 1350">
    <p class='ocr_par' dir='ltr' id='par_1_71' title="bbox 1976 1277 3545 1350">
     <span class='ocr_line' id='line_1_71' title="bbox 1976 1277 3545 1350; baseline 0.001 -18"><span class='ocrx_word' id='word_1_549' title='bbox 1976 1280 2124 1333; x_wconf 84' lang='lat' dir='ltr'><strong>Euan</strong></span> <span class='ocrx_word' id='word_1_550' title='bbox 2167 1295 2335 1349; x_wconf 87' lang='lat' dir='ltr'><strong>usque</strong></span> <span class='ocrx_word' id='word_1_551' title='bbox 2375 1280 2677 1350; x_wconf 86' lang='lat' dir='ltr'><strong>Sephania,</strong></span> <span class='ocrx_word' id='word_1_552' title='bbox 2722 1287 2777 1333; x_wconf 88' lang='lat' dir='ltr'><strong>et</strong></span> <span class='ocrx_word' id='word_1_553' title='bbox 2825 1279 2890 1333; x_wconf 90' lang='lat' dir='ltr'><strong>de</strong></span> <span class='ocrx_word' id='word_1_554' title='bbox 2923 1277 3193 1347; x_wconf 89' lang='lat' dir='ltr'><strong>Sephania</strong></span> <span class='ocrx_word' id='word_1_555' title='bbox 3219 1279 3545 1334; x_wconf 86' lang='lat' dir='ltr'><strong>descendent</strong></span> 
     </span>
    </p>
   </div>
   <div class='ocr_carea' id='block_1_72' title="bbox 1975 1369 3544 1437">
    <p class='ocr_par' dir='ltr' id='par_1_72' title="bbox 1975 1369 3544 1437">
     <span class='ocr_line' id='line_1_72' title="bbox 1975 1369 3544 1437; baseline 0.001 -15"><span class='ocrx_word' id='word_1_556' title='bbox 1975 1370 2191 1423; x_wconf 89' lang='lat' dir='ltr'><strong>termini</strong></span> <span class='ocrx_word' id='word_1_557' title='bbox 2215 1370 2265 1422; x_wconf 92' lang='lat' dir='ltr'><strong>in</strong></span> <span class='ocrx_word' id='word_1_558' title='bbox 2288 1370 2453 1425; x_wconf 83' lang='lat' dir='ltr'><strong>Rebla</strong></span> <span class='ocrx_word' id='word_1_559' title='bbox 2482 1379 2666 1424; x_wconf 92' lang='lat' dir='ltr'><strong>contra</strong></span> <span class='ocrx_word' id='word_1_560' title='bbox 2694 1369 2911 1423; x_wconf 88' lang='lat' dir='ltr'><strong>fontem.</strong></span> <span class='ocrx_word' id='word_1_561' title='bbox 2940 1369 3066 1423; x_wconf 86' lang='lat' dir='ltr'><strong>inde</strong></span> <span class='ocrx_word' id='word_1_562' title='bbox 3087 1370 3400 1437; x_wconf 79' lang='lat' dir='ltr'><strong>pervenient</strong></span> <span class='ocrx_word' id='word_1_563' title='bbox 3421 1386 3544 1424; x_wconf 87' lang='lat' dir='ltr'><strong>con-</strong></span> 
     </span>
    </p>
   </div>
   <div class='ocr_carea' id='block_1_73' title="bbox 1976 1457 3545 1529">
    <p class='ocr_par' dir='ltr' id='par_1_73' title="bbox 1976 1457 3545 1529">
     <span class='ocr_line' id='line_1_73' title="bbox 1976 1457 3545 1529; baseline 0.002 -18"><span class='ocrx_word' id='word_1_564' title='bbox 1976 1467 2058 1511; x_wconf 89' lang='lat' dir='ltr'><strong>tra</strong></span> <span class='ocrx_word' id='word_1_565' title='bbox 2084 1457 2356 1514; x_wconf 90' lang='lat' dir='ltr'><strong>Orientem</strong></span> <span class='ocrx_word' id='word_1_566' title='bbox 2402 1460 2468 1513; x_wconf 91' lang='lat' dir='ltr'><strong>ad</strong></span> <span class='ocrx_word' id='word_1_567' title='bbox 2498 1475 2646 1513; x_wconf 92' lang='lat' dir='ltr'><strong>mare</strong></span> <span class='ocrx_word' id='word_1_568' title='bbox 2685 1458 2981 1524; x_wconf 90' lang='lat' dir='ltr'><strong>Cenereth,</strong></span> <span class='ocrx_word' id='word_1_569' title='bbox 3027 1468 3081 1513; x_wconf 89' lang='lat' dir='ltr'><strong>et</strong></span> <span class='ocrx_word' id='word_1_570' title='bbox 3110 1459 3328 1513; x_wconf 84' lang='lat' dir='ltr'><strong>tendent</strong></span> <span class='ocrx_word' id='word_1_571' title='bbox 3374 1476 3545 1529; x_wconf 88' lang='lat' dir='ltr'><strong>usque</strong></span> 
     </span>
    </p>
   </div>
   <div class='ocr_carea' id='block_1_74' title="bbox 1973 1547 3543 1615">
    <p class='ocr_par' dir='ltr' id='par_1_74' title="bbox 1973 1547 3543 1615">
     <span class='ocr_line' id='line_1_74' title="bbox 1973 1547 3543 1615; baseline 0.001 -14"><span class='ocrx_word' id='word_1_572' title='bbox 1973 1547 2281 1615; x_wconf 87' lang='lat' dir='ltr'><strong>Jordanem,</strong></span> <span class='ocrx_word' id='word_1_573' title='bbox 2311 1558 2366 1604; x_wconf 90' lang='lat' dir='ltr'><strong>et</strong></span> <span class='ocrx_word' id='word_1_574' title='bbox 2390 1550 2455 1605; x_wconf 90' lang='lat' dir='ltr'><strong>ad</strong></span> <span class='ocrx_word' id='word_1_575' title='bbox 2483 1549 2727 1604; x_wconf 91' lang='lat' dir='ltr'><strong>ultimum</strong></span> <span class='ocrx_word' id='word_1_576' title='bbox 2750 1549 3043 1603; x_wconf 85' lang='lat' dir='ltr'><strong>salsissimo</strong></span> <span class='ocrx_word' id='word_1_577' title='bbox 3068 1548 3382 1603; x_wconf 86' lang='lat' dir='ltr'><strong>claudentur</strong></span> <span class='ocrx_word' id='word_1_578' title='bbox 3408 1551 3543 1603; x_wconf 91' lang='lat' dir='ltr'><strong>mari</strong></span> 
     </span>
    </p>
   </div>
   <div class='ocr_carea' id='block_1_75' title="bbox 1975 1637 3543 1710">
    <p class='ocr_par' dir='ltr' id='par_1_75' title="bbox 1975 1637 3543 1710">
     <span class='ocr_line' id='line_1_75' title="bbox 1975 1637 3543 1710; baseline -0.001 -18"><span class='ocrx_word' id='word_1_579' title='bbox 1975 1638 2162 1709; x_wconf 86' lang='lat' dir='ltr'><strong>(Num.</strong></span> <span class='ocrx_word' id='word_1_580' title='bbox 2192 1638 2397 1707; x_wconf 75' lang='lat' dir='ltr'><strong>xxxrv).</strong></span> <span class='ocrx_word' id='word_1_581' title='bbox 2437 1659 2455 1692; x_wconf 77' lang='grc' dir='ltr'><strong><em>ι</em></strong></span> <span class='ocrx_word' id='word_1_582' title='bbox 2481 1638 2524 1692; x_wconf 79' lang='grc' dir='ltr'>Α</span> <span class='ocrx_word' id='word_1_583' title='bbox 2556 1639 2660 1694; x_wconf 90' lang='lat' dir='ltr'><strong>ﬁne</strong></span> <span class='ocrx_word' id='word_1_584' title='bbox 2682 1639 2844 1710; x_wconf 88' lang='lat' dir='ltr'><strong>igitur</strong></span> <span class='ocrx_word' id='word_1_585' title='bbox 2881 1637 3325 1707; x_wconf 85' lang='lat' dir='ltr'><strong>Septentrionalis</strong></span> <span class='ocrx_word' id='word_1_586' title='bbox 3353 1639 3543 1710; x_wconf 76' lang='lat' dir='ltr'><strong>plagm,</strong></span> 
     </span>
    </p>
   </div>
   <div class='ocr_carea' id='block_1_76' title="bbox 1974 1729 3545 1800">
    <p class='ocr_par' dir='ltr' id='par_1_76' title="bbox 1974 1729 3545 1800">
     <span class='ocr_line' id='line_1_76' title="bbox 1974 1729 3545 1800; baseline -0.001 -14"><span class='ocrx_word' id='word_1_587' title='bbox 1974 1731 2077 1786; x_wconf 86' lang='lat' dir='ltr'><strong>hoc</strong></span> <span class='ocrx_word' id='word_1_588' title='bbox 2101 1740 2202 1797; x_wconf 88' lang='lat' dir='ltr'><strong>est,</strong></span> <span class='ocrx_word' id='word_1_589' title='bbox 2228 1732 2366 1787; x_wconf 92' lang='lat' dir='ltr'><strong>atrio</strong></span> <span class='ocrx_word' id='word_1_590' title='bbox 2404 1732 2552 1786; x_wconf 88' lang='lat' dir='ltr'><strong>Enan</strong></span> <span class='ocrx_word' id='word_1_591' title='bbox 2573 1772 2588 1797; x_wconf 95' lang='lat'><strong>,</strong></span> <span class='ocrx_word' id='word_1_592' title='bbox 2635 1732 2858 1786; x_wconf 88' lang='lat' dir='ltr'><strong>tendunt</strong></span> <span class='ocrx_word' id='word_1_593' title='bbox 2888 1730 3021 1785; x_wconf 85' lang='lat' dir='ltr'><strong>lines</strong></span> <span class='ocrx_word' id='word_1_594' title='bbox 3053 1745 3218 1800; x_wconf 85' lang='lat' dir='ltr'><strong>usque</strong></span> <span class='ocrx_word' id='word_1_595' title='bbox 3247 1730 3313 1783; x_wconf 88' lang='lat' dir='ltr'><strong>ad</strong></span> <span class='ocrx_word' id='word_1_596' title='bbox 3346 1729 3545 1798; x_wconf 85' lang='lat' dir='ltr'><strong>Sepha-</strong></span> 
     </span>
    </p>
   </div>
   <div class='ocr_carea' id='block_1_77' title="bbox 1973 1821 3547 1895">
    <p class='ocr_par' dir='ltr' id='par_1_77' title="bbox 1973 1821 3547 1895">
     <span class='ocr_line' id='line_1_77' title="bbox 1973 1821 3547 1895; baseline -0.003 -17"><span class='ocrx_word' id='word_1_597' title='bbox 1973 1825 2084 1890; x_wconf 91' lang='lat' dir='ltr'><strong>nia,</strong></span> <span class='ocrx_word' id='word_1_598' title='bbox 2112 1841 2274 1895; x_wconf 88' lang='lat' dir='ltr'><strong>quam</strong></span> <span class='ocrx_word' id='word_1_599' title='bbox 2308 1824 2518 1880; x_wconf 64' lang='lat' dir='ltr'><strong>Hebraii</strong></span> <span class='ocrx_word' id='word_1_600' title='bbox 2548 1824 2857 1893; x_wconf 77' lang='lat' dir='ltr'><strong>Aphamiam</strong></span> <span class='ocrx_word' id='word_1_601' title='bbox 2882 1822 3174 1876; x_wconf 87' lang='lat' dir='ltr'><strong>nominant.</strong></span> <span class='ocrx_word' id='word_1_602' title='bbox 3201 1821 3267 1875; x_wconf 88' lang='lat' dir='ltr'><strong>Et</strong></span> <span class='ocrx_word' id='word_1_603' title='bbox 3290 1821 3354 1877; x_wconf 88' lang='lat' dir='ltr'><strong>de</strong></span> <span class='ocrx_word' id='word_1_604' title='bbox 3367 1822 3547 1890; x_wconf 86' lang='lat' dir='ltr'><strong>Apha-</strong></span> 
     </span>
    </p>
   </div>
   <div class='ocr_carea' id='block_1_78' title="bbox 1972 1912 3545 1983">
    <p class='ocr_par' dir='ltr' id='par_1_78' title="bbox 1972 1912 3545 1983">
     <span class='ocr_line' id='line_1_78' title="bbox 1972 1912 3545 1983; baseline -0.003 -11"><span class='ocrx_word' id='word_1_605' title='bbox 1972 1918 2079 1972; x_wconf 86' lang='lat' dir='ltr'><strong>mia</strong></span> <span class='ocrx_word' id='word_1_606' title='bbox 2108 1918 2440 1972; x_wconf 88' lang='lat' dir='ltr'><strong>descendunt</strong></span> <span class='ocrx_word' id='word_1_607' title='bbox 2484 1916 2700 1971; x_wconf 89' lang='lat' dir='ltr'><strong>termini</strong></span> <span class='ocrx_word' id='word_1_608' title='bbox 2746 1916 2797 1969; x_wconf 90' lang='lat' dir='ltr'><strong>in</strong></span> <span class='ocrx_word' id='word_1_609' title='bbox 2822 1914 3014 1979; x_wconf 87' lang='lat' dir='ltr'><strong>Rebla,</strong></span> <span class='ocrx_word' id='word_1_610' title='bbox 3039 1930 3158 1983; x_wconf 71' lang='lat' dir='ltr'><strong>quae</strong></span> <span class='ocrx_word' id='word_1_611' title='bbox 3203 1929 3344 1967; x_wconf 91' lang='lat' dir='ltr'><strong>nunc</strong></span> <span class='ocrx_word' id='word_1_612' title='bbox 3374 1912 3545 1983; x_wconf 77' lang='lat' dir='ltr'><strong>Syria:</strong></span> 
     </span>
    </p>
   </div>
   <div class='ocr_carea' id='block_1_79' title="bbox 1971 2000 3545 2071">
    <p class='ocr_par' dir='ltr' id='par_1_79' title="bbox 1971 2000 3545 2071">
     <span class='ocr_line' id='line_1_79' title="bbox 1971 2000 3545 2071; baseline -0.005 -10"><span class='ocrx_word' id='word_1_613' title='bbox 1971 2016 2195 2063; x_wconf 90' lang='lat' dir='ltr'><strong>vocatur</strong></span> <span class='ocrx_word' id='word_1_614' title='bbox 2216 2006 2513 2060; x_wconf 80' lang='lat' dir='ltr'><strong>Antiochia.</strong></span> <span class='ocrx_word' id='word_1_615' title='bbox 2540 2005 2606 2059; x_wconf 84' lang='lat' dir='ltr'><strong>Et</strong></span> <span class='ocrx_word' id='word_1_616' title='bbox 2645 2013 2705 2058; x_wconf 92' lang='lat' dir='ltr'><strong>ut</strong></span> <span class='ocrx_word' id='word_1_617' title='bbox 2747 2004 2888 2059; x_wconf 91' lang='lat' dir='ltr'><strong>scias</strong></span> <span class='ocrx_word' id='word_1_618' title='bbox 2926 2002 3148 2057; x_wconf 79' lang='lat' dir='ltr'><strong>Reblam</strong></span> <span class='ocrx_word' id='word_1_619' title='bbox 3177 2002 3317 2056; x_wconf 87' lang='lat' dir='ltr'><strong>hanc</strong></span> <span class='ocrx_word' id='word_1_620' title='bbox 3342 2000 3545 2071; x_wconf 76' lang='lat' dir='ltr'><strong>signiﬁ~</strong></span> 
     </span>
    </p>
   </div>
   <div class='ocr_carea' id='block_1_80' title="bbox 1971 2091 3542 2165">
    <p class='ocr_par' dir='ltr' id='par_1_80' title="bbox 1971 2091 3542 2165">
     <span class='ocr_line' id='line_1_80' title="bbox 1971 2091 3542 2165; baseline -0.004 -13"><span class='ocrx_word' id='word_1_621' title='bbox 1971 2112 2097 2152; x_wconf 91' lang='lat' dir='ltr'><strong>care</strong></span> <span class='ocrx_word' id='word_1_622' title='bbox 2133 2097 2319 2151; x_wconf 88' lang='lat' dir='ltr'><strong>urbem</strong></span> <span class='ocrx_word' id='word_1_623' title='bbox 2367 2110 2486 2165; x_wconf 78' lang='lat' dir='ltr'><strong>qua:</strong></span> <span class='ocrx_word' id='word_1_624' title='bbox 2534 2110 2675 2149; x_wconf 88' lang='lat' dir='ltr'><strong>nunc</strong></span> <span class='ocrx_word' id='word_1_625' title='bbox 2716 2093 2769 2149; x_wconf 91' lang='lat' dir='ltr'><strong>in</strong></span> <span class='ocrx_word' id='word_1_626' title='bbox 2815 2092 2971 2164; x_wconf 85' lang='lat' dir='ltr'><strong>Syria</strong></span> <span class='ocrx_word' id='word_1_627' title='bbox 3014 2091 3160 2147; x_wconf 76' lang='lat' dir='ltr'><strong>lee</strong></span> <span class='ocrx_word' id='word_1_628' title='bbox 3209 2091 3542 2146; x_wconf 88' lang='lat' dir='ltr'><strong>nobilissima</strong></span> 
     </span>
    </p>
   </div>
   <div class='ocr_carea' id='block_1_81' title="bbox 1972 2184 3544 2257">
    <p class='ocr_par' dir='ltr' id='par_1_81' title="bbox 1972 2184 3544 2257">
     <span class='ocr_line' id='line_1_81' title="bbox 1972 2184 3544 2257; baseline -0.006 -13"><span class='ocrx_word' id='word_1_629' title='bbox 1972 2196 2092 2254; x_wconf 90' lang='lat' dir='ltr'><strong>est,</strong></span> <span class='ocrx_word' id='word_1_630' title='bbox 2149 2189 2390 2257; x_wconf 89' lang='lat' dir='ltr'><strong>sequitur</strong></span> <span class='ocrx_word' id='word_1_631' title='bbox 2419 2206 2430 2241; x_wconf 93' lang='lat'><strong>:</strong></span> <span class='ocrx_word' id='word_1_632' title='bbox 2465 2208 2482 2239; x_wconf 75' lang='grc' dir='ltr'>ι</span> <span class='ocrx_word' id='word_1_633' title='bbox 2516 2186 2714 2241; x_wconf 89' lang='lat' dir='ltr'><strong>Contra</strong></span> <span class='ocrx_word' id='word_1_634' title='bbox 2750 2185 2951 2241; x_wconf 88' lang='lat' dir='ltr'><strong>fontem</strong></span> <span class='ocrx_word' id='word_1_635' title='bbox 2978 2225 2992 2250; x_wconf 94' lang='lat'><strong>,</strong></span> <span class='ocrx_word' id='word_1_636' title='bbox 3031 2203 3049 2236; x_wconf 73' lang='grc' dir='ltr'>ι</span> <span class='ocrx_word' id='word_1_637' title='bbox 3118 2200 3276 2253; x_wconf 90' lang='lat' dir='ltr'><strong>quem</strong></span> <span class='ocrx_word' id='word_1_638' title='bbox 3332 2184 3544 2253; x_wconf 88' lang='lat' dir='ltr'><strong>perspi-</strong></span> 
     </span>
    </p>
   </div>
   <div class='ocr_carea' id='block_1_82' title="bbox 1972 2274 3543 2351">
    <p class='ocr_par' dir='ltr' id='par_1_82' title="bbox 1972 2274 3543 2351">
     <span class='ocr_line' id='line_1_82' title="bbox 1972 2274 3543 2351; baseline -0.006 -16"><span class='ocrx_word' id='word_1_639' title='bbox 1972 2297 2131 2336; x_wconf 91' lang='lat' dir='ltr'><strong>cuum</strong></span> <span class='ocrx_word' id='word_1_640' title='bbox 2172 2289 2253 2335; x_wconf 89' lang='lat' dir='ltr'><strong>est</strong></span> <span class='ocrx_word' id='word_1_641' title='bbox 2284 2278 2587 2351; x_wconf 86' lang='lat' dir='ltr'><strong>signiﬁcare</strong></span> <span class='ocrx_word' id='word_1_642' title='bbox 2617 2277 2892 2347; x_wconf 81' lang='lat' dir='ltr'><strong>Daphnen,</strong></span> <span class='ocrx_word' id='word_1_643' title='bbox 2923 2291 3030 2344; x_wconf 88' lang='lat' dir='ltr'><strong>quo</strong></span> <span class='ocrx_word' id='word_1_644' title='bbox 3064 2274 3211 2329; x_wconf 82' lang='lat' dir='ltr'><strong>fonte</strong></span> <span class='ocrx_word' id='word_1_645' title='bbox 3238 2274 3543 2344; x_wconf 86' lang='lat' dir='ltr'><strong>supradicta</strong></span> 
     </span>
    </p>
   </div>
   <div class='ocr_carea' id='block_1_83' title="bbox 1971 2363 3541 2441">
    <p class='ocr_par' dir='ltr' id='par_1_83' title="bbox 1971 2363 3541 2441">
     <span class='ocr_line' id='line_1_83' title="bbox 1971 2363 3541 2441; baseline -0.007 -15"><span class='ocrx_word' id='word_1_646' title='bbox 1971 2371 2101 2426; x_wconf 91' lang='lat' dir='ltr'><strong>urbs</strong></span> <span class='ocrx_word' id='word_1_647' title='bbox 2129 2370 2282 2441; x_wconf 84' lang='lat' dir='ltr'><strong>aquis</strong></span> <span class='ocrx_word' id='word_1_648' title='bbox 2328 2367 2804 2424; x_wconf 88' lang='lat' dir='ltr'><strong>abundantissimis</strong></span> <span class='ocrx_word' id='word_1_649' title='bbox 2851 2364 3066 2420; x_wconf 77' lang='lat' dir='ltr'><strong>fruitur.</strong></span> <span class='ocrx_word' id='word_1_650' title='bbox 3104 2384 3123 2415; x_wconf 84' lang='grc'><em>‹</em></span> <span class='ocrx_word' id='word_1_651' title='bbox 3155 2364 3305 2430; x_wconf 86' lang='lat' dir='ltr'><strong>Inde,</strong></span> <span class='ocrx_word' id='word_1_652' title='bbox 3338 2363 3541 2432; x_wconf 89' lang='lat' dir='ltr'><strong>inquit,</strong></span> 
     </span>
    </p>
   </div>
   <div class='ocr_carea' id='block_1_84' title="bbox 1970 2454 3544 2535">
    <p class='ocr_par' dir='ltr' id='par_1_84' title="bbox 1970 2454 3544 2535">
     <span class='ocr_line' id='line_1_84' title="bbox 1970 2454 3544 2535; baseline -0.005 -18"><span class='ocrx_word' id='word_1_653' title='bbox 1970 2464 2285 2535; x_wconf 84' lang='lat' dir='ltr'><strong>pervenient</strong></span> <span class='ocrx_word' id='word_1_654' title='bbox 2319 2459 2531 2516; x_wconf 90' lang='lat' dir='ltr'><strong>termini</strong></span> <span class='ocrx_word' id='word_1_655' title='bbox 2559 2467 2746 2515; x_wconf 89' lang='lat' dir='ltr'><strong>contra</strong></span> <span class='ocrx_word' id='word_1_656' title='bbox 2793 2458 3065 2514; x_wconf 88' lang='lat' dir='ltr'><strong>Orientem</strong></span> <span class='ocrx_word' id='word_1_657' title='bbox 3107 2457 3174 2512; x_wconf 88' lang='lat' dir='ltr'><strong>ad</strong></span> <span class='ocrx_word' id='word_1_658' title='bbox 3202 2472 3349 2511; x_wconf 91' lang='lat' dir='ltr'><strong>mare</strong></span> <span class='ocrx_word' id='word_1_659' title='bbox 3375 2454 3544 2510; x_wconf 80' lang='lat' dir='ltr'><strong>Cene-</strong></span> 
     </span>
    </p>
   </div>
   <div class='ocr_carea' id='block_1_85' title="bbox 1973 2547 3541 2620">
    <p class='ocr_par' dir='ltr' id='par_1_85' title="bbox 1973 2547 3541 2620">
     <span class='ocr_line' id='line_1_85' title="bbox 1973 2547 3541 2620; baseline -0.006 -11"><span class='ocrx_word' id='word_1_660' title='bbox 1973 2555 2116 2617; x_wconf 87' lang='lat' dir='ltr'><strong>reth,</strong></span> <span class='ocrx_word' id='word_1_661' title='bbox 2145 2572 2162 2603; x_wconf 76' lang='grc' dir='ltr'><strong><em>ι</em></strong></span> <span class='ocrx_word' id='word_1_662' title='bbox 2201 2551 2251 2606; x_wconf 87' lang='lat' dir='ltr'><strong>id</strong></span> <span class='ocrx_word' id='word_1_663' title='bbox 2273 2560 2373 2616; x_wconf 90' lang='lat' dir='ltr'><strong>est,</strong></span> <span class='ocrx_word' id='word_1_664' title='bbox 2400 2551 2468 2605; x_wconf 87' lang='lat' dir='ltr'><strong>ad</strong></span> <span class='ocrx_word' id='word_1_665' title='bbox 2489 2560 2730 2620; x_wconf 79' lang='lat' dir='ltr'><strong>stagnum</strong></span> <span class='ocrx_word' id='word_1_666' title='bbox 2758 2548 3065 2603; x_wconf 75' lang='lat' dir='ltr'><strong>Tiberiadis.</strong></span> <span class='ocrx_word' id='word_1_667' title='bbox 3094 2547 3238 2602; x_wconf 84' lang='lat' dir='ltr'><strong>Mare</strong></span> <span class='ocrx_word' id='word_1_668' title='bbox 3260 2556 3436 2602; x_wconf 88' lang='lat' dir='ltr'><strong>autem</strong></span> <span class='ocrx_word' id='word_1_669' title='bbox 3458 2547 3541 2603; x_wconf 84' lang='lat' dir='ltr'><strong>di-</strong></span> 
     </span>
    </p>
   </div>
   <div class='ocr_carea' id='block_1_86' title="bbox 1973 2626 3532 2711">
    <p class='ocr_par' dir='ltr' id='par_1_86' title="bbox 1973 2626 3532 2711">
     <span class='ocr_line' id='line_1_86' title="bbox 1973 2626 3532 2711; baseline -0.006 -10"><span class='ocrx_word' id='word_1_670' title='bbox 1973 2646 2132 2709; x_wconf 91' lang='lat' dir='ltr'><strong>citur,</strong></span> <span class='ocrx_word' id='word_1_671' title='bbox 2173 2660 2294 2699; x_wconf 89' lang='lat' dir='ltr'><strong>cum</strong></span> <span class='ocrx_word' id='word_1_672' title='bbox 2323 2645 2517 2698; x_wconf 89' lang='lat' dir='ltr'><strong>habeat</strong></span> <span class='ocrx_word' id='word_1_673' title='bbox 2546 2641 2726 2697; x_wconf 87' lang='lat' dir='ltr'><strong>dulces</strong></span> <span class='ocrx_word' id='word_1_674' title='bbox 2755 2656 2942 2711; x_wconf 92' lang='lat' dir='ltr'><strong>aquas,</strong></span> <span class='ocrx_word' id='word_1_675' title='bbox 2968 2639 3122 2711; x_wconf 87' lang='lat' dir='ltr'><strong>juxta</strong></span> <span class='ocrx_word' id='word_1_676' title='bbox 3165 2626 3362 2694; x_wconf 84' lang='lat' dir='ltr'><strong>idioma</strong></span> <span class='ocrx_word' id='word_1_677' title='bbox 3393 2637 3532 2693; x_wconf 61' lang='lat' dir='ltr'><strong>Scri.</strong></span> 
     </span>
    </p>
   </div>
   <div class='ocr_carea' id='block_1_87' title="bbox 1972 2728 3544 2806">
    <p class='ocr_par' dir='ltr' id='par_1_87' title="bbox 1972 2728 3544 2806">
     <span class='ocr_line' id='line_1_87' title="bbox 1972 2728 3544 2806; baseline -0.004 -17"><span class='ocrx_word' id='word_1_678' title='bbox 1972 2746 2281 2806; x_wconf 89' lang='lat' dir='ltr'><strong>pturarum,</strong></span> <span class='ocrx_word' id='word_1_679' title='bbox 2333 2750 2452 2805; x_wconf 78' lang='lat' dir='ltr'><strong>qua:</strong></span> <span class='ocrx_word' id='word_1_680' title='bbox 2481 2733 2924 2805; x_wconf 87' lang='lat' dir='ltr'><strong>congregationes</strong></span> <span class='ocrx_word' id='word_1_681' title='bbox 2972 2746 3234 2801; x_wconf 91' lang='lat' dir='ltr'><strong>aquarum</strong></span> <span class='ocrx_word' id='word_1_682' title='bbox 3277 2728 3544 2801; x_wconf 87' lang='lat' dir='ltr'><strong>appellant</strong></span> 
     </span>
    </p>
   </div>
   <div class='ocr_carea' id='block_1_88' title="bbox 1973 2808 3544 2897">
    <p class='ocr_par' dir='ltr' id='par_1_88' title="bbox 1973 2808 3544 2897">
     <span class='ocr_line' id='line_1_88' title="bbox 1973 2808 3544 2897; baseline -0.004 -15"><span class='ocrx_word' id='word_1_683' title='bbox 1973 2828 2164 2882; x_wconf 88' lang='lat' dir='ltr'><strong>maria.</strong></span> <span class='ocrx_word' id='word_1_684' title='bbox 2201 2846 2219 2879; x_wconf 76' lang='grc' dir='ltr'>ι</span> <span class='ocrx_word' id='word_1_685' title='bbox 2255 2827 2321 2881; x_wconf 88' lang='lat' dir='ltr'><strong>Et</strong></span> <span class='ocrx_word' id='word_1_686' title='bbox 2348 2828 2589 2893; x_wconf 89' lang='lat' dir='ltr'><strong>tendent,</strong></span> <span class='ocrx_word' id='word_1_687' title='bbox 2628 2808 3013 2897; x_wconf 41' lang='lat' dir='ltr'><strong>inquit,&#39;usque</strong></span> <span class='ocrx_word' id='word_1_688' title='bbox 3035 2823 3344 2888; x_wconf 70' lang='lat' dir='ltr'><strong>Iordanem,</strong></span> <span class='ocrx_word' id='word_1_689' title='bbox 3376 2829 3431 2878; x_wconf 91' lang='lat' dir='ltr'><strong>et</strong></span> <span class='ocrx_word' id='word_1_690' title='bbox 3476 2821 3544 2876; x_wconf 88' lang='lat' dir='ltr'><strong>ad</strong></span> 
     </span>
    </p>
   </div>
   <div class='ocr_carea' id='block_1_89' title="bbox 1973 2911 3547 2981">
    <p class='ocr_par' dir='ltr' id='par_1_89' title="bbox 1973 2911 3547 2981">
     <span class='ocr_line' id='line_1_89' title="bbox 1973 2911 3547 2981; baseline -0.004 -9"><span class='ocrx_word' id='word_1_691' title='bbox 1973 2917 2220 2972; x_wconf 89' lang='lat' dir='ltr'><strong>ultimum</strong></span> <span class='ocrx_word' id='word_1_692' title='bbox 2243 2917 2561 2971; x_wconf 88' lang='lat' dir='ltr'><strong>claudentur</strong></span> <span class='ocrx_word' id='word_1_693' title='bbox 2603 2916 2764 2981; x_wconf 90' lang='lat' dir='ltr'><strong>mari,</strong></span> <span class='ocrx_word' id='word_1_694' title='bbox 2792 2935 2811 2968; x_wconf 72' lang='grc' dir='ltr'><strong><em>ι</em></strong></span> <span class='ocrx_word' id='word_1_695' title='bbox 2846 2915 2933 2970; x_wconf 90' lang='lat' dir='ltr'><strong>vel</strong></span> <span class='ocrx_word' id='word_1_696' title='bbox 2959 2914 3174 2980; x_wconf 82' lang='lat' dir='ltr'><strong>Mortui,</strong></span> <span class='ocrx_word' id='word_1_697' title='bbox 3221 2912 3325 2978; x_wconf 86' lang='lat' dir='ltr'><strong>vel,</strong></span> <span class='ocrx_word' id='word_1_698' title='bbox 3355 2920 3415 2966; x_wconf 92' lang='lat' dir='ltr'><strong>ut</strong></span> <span class='ocrx_word' id='word_1_699' title='bbox 3453 2911 3547 2967; x_wconf 88' lang='lat' dir='ltr'><strong>alii</strong></span> 
     </span>
    </p>
   </div>
   <div class='ocr_carea' id='block_1_90' title="bbox 1973 3002 3544 3081">
    <p class='ocr_par' dir='ltr' id='par_1_90' title="bbox 1973 3002 3544 3081">
     <span class='ocr_line' id='line_1_90' title="bbox 1973 3002 3544 3081; baseline -0.004 -19"><span class='ocrx_word' id='word_1_700' title='bbox 1973 3018 2183 3081; x_wconf 88' lang='lat' dir='ltr'><strong>putant,</strong></span> <span class='ocrx_word' id='word_1_701' title='bbox 2213 3008 2396 3079; x_wconf 88' lang='lat' dir='ltr'><strong>lingua</strong></span> <span class='ocrx_word' id='word_1_702' title='bbox 2449 3008 2619 3063; x_wconf 88' lang='lat' dir='ltr'><strong>maris</strong></span> <span class='ocrx_word' id='word_1_703' title='bbox 2656 3007 2849 3075; x_wconf 83' lang='lat' dir='ltr'><strong>Rubri,</strong></span> <span class='ocrx_word' id='word_1_704' title='bbox 2883 3008 2938 3062; x_wconf 91' lang='lat' dir='ltr'><strong>in</strong></span> <span class='ocrx_word' id='word_1_705' title='bbox 2967 3005 3119 3063; x_wconf 69' lang='lat' dir='ltr'><strong>cuius</strong></span> <span class='ocrx_word' id='word_1_706' title='bbox 3164 3005 3345 3061; x_wconf 88' lang='lat' dir='ltr'><strong>littore</strong></span> <span class='ocrx_word' id='word_1_707' title='bbox 3390 3002 3544 3058; x_wconf 83' lang='lat' dir='ltr'><strong>Ahila</strong></span> 
     </span>
    </p>
   </div>
   <div class='ocr_carea' id='block_1_91' title="bbox 1974 3101 2271 3171">
    <p class='ocr_par' dir='ltr' id='par_1_91' title="bbox 1974 3101 2271 3171">
     <span class='ocr_line' id='line_1_91' title="bbox 1974 3101 2271 3171; baseline -0.007 -16"><span class='ocrx_word' id='word_1_708' title='bbox 1974 3101 2147 3171; x_wconf 89' lang='lat' dir='ltr'><strong>posita</strong></span> <span class='ocrx_word' id='word_1_709' title='bbox 2172 3108 2271 3154; x_wconf 91' lang='lat' dir='ltr'><strong>est.</strong></span> 
     </span>
    </p>
   </div>
   <div class='ocr_carea' id='block_1_92' title="bbox 2045 3185 3544 3259">
    <p class='ocr_par' dir='ltr' id='par_1_92' title="bbox 2045 3185 3544 3259">
     <span class='ocr_line' id='line_1_92' title="bbox 2045 3185 3544 3259; baseline -0.001 -18"><span class='ocrx_word' id='word_1_710' title='bbox 2045 3189 2195 3256; x_wconf 83' lang='lat' dir='ltr'><strong>Quod</strong></span> <span class='ocrx_word' id='word_1_711' title='bbox 2217 3197 2393 3243; x_wconf 89' lang='lat' dir='ltr'><strong>autem</strong></span> <span class='ocrx_word' id='word_1_712' title='bbox 2420 3189 2661 3259; x_wconf 87' lang='lat' dir='ltr'><strong>sequitur</strong></span> <span class='ocrx_word' id='word_1_713' title='bbox 2682 3188 2737 3243; x_wconf 91' lang='lat' dir='ltr'><strong>in</strong></span> <span class='ocrx_word' id='word_1_714' title='bbox 2758 3188 2896 3243; x_wconf 91' lang='lat' dir='ltr'><strong>libro</strong></span> <span class='ocrx_word' id='word_1_715' title='bbox 2923 3188 3155 3259; x_wconf 82' lang='lat' dir='ltr'><strong>Regum,</strong></span> <span class='ocrx_word' id='word_1_716' title='bbox 3174 3185 3318 3257; x_wconf 89' lang='lat' dir='ltr'><strong>quod</strong></span> <span class='ocrx_word' id='word_1_717' title='bbox 3338 3194 3544 3257; x_wconf 91' lang='lat' dir='ltr'><strong>septem</strong></span> 
     </span>
    </p>
   </div>
   <div class='ocr_carea' id='block_1_93' title="bbox 1975 3278 3546 3351">
    <p class='ocr_par' dir='ltr' id='par_1_93' title="bbox 1975 3278 3546 3351">
     <span class='ocr_line' id='line_1_93' title="bbox 1975 3278 3546 3351; baseline -0.003 -14"><span class='ocrx_word' id='word_1_718' title='bbox 1975 3281 2163 3337; x_wconf 88' lang='lat' dir='ltr'><strong>diebus</strong></span> <span class='ocrx_word' id='word_1_719' title='bbox 2190 3290 2245 3336; x_wconf 89' lang='lat' dir='ltr'><strong>et</strong></span> <span class='ocrx_word' id='word_1_720' title='bbox 2271 3288 2477 3351; x_wconf 89' lang='lat' dir='ltr'><strong>septem</strong></span> <span class='ocrx_word' id='word_1_721' title='bbox 2502 3280 2711 3345; x_wconf 87' lang='lat' dir='ltr'><strong>diebus,</strong></span> <span class='ocrx_word' id='word_1_722' title='bbox 2736 3281 2788 3336; x_wconf 90' lang='lat' dir='ltr'><strong>id</strong></span> <span class='ocrx_word' id='word_1_723' title='bbox 2803 3289 2904 3347; x_wconf 89' lang='lat' dir='ltr'><strong>est,</strong></span> <span class='ocrx_word' id='word_1_724' title='bbox 2923 3279 3329 3351; x_wconf 88' lang='lat' dir='ltr'><strong>quatuordecim</strong></span> <span class='ocrx_word' id='word_1_725' title='bbox 3359 3278 3546 3334; x_wconf 88' lang='lat' dir='ltr'><strong>diebus</strong></span> 
     </span>
    </p>
   </div>
   <div class='ocr_carea' id='block_1_94' title="bbox 1973 3369 3542 3439">
    <p class='ocr_par' dir='ltr' id='par_1_94' title="bbox 1973 3369 3542 3439">
     <span class='ocr_line' id='line_1_94' title="bbox 1973 3369 3542 3439; baseline -0.001 -15"><span class='ocrx_word' id='word_1_726' title='bbox 1973 3370 2226 3439; x_wconf 72' lang='lat' dir='ltr'><strong>prmdicta</strong></span> <span class='ocrx_word' id='word_1_727' title='bbox 2256 3369 2523 3425; x_wconf 87' lang='lat' dir='ltr'><strong>festivitas</strong></span> <span class='ocrx_word' id='word_1_728' title='bbox 2544 3386 2572 3423; x_wconf 94' lang='lat' dir='ltr'><strong>a</strong></span> <span class='ocrx_word' id='word_1_729' title='bbox 2589 3369 2873 3426; x_wconf 89' lang='lat' dir='ltr'><strong>Salomone</strong></span> <span class='ocrx_word' id='word_1_730' title='bbox 2893 3381 2947 3426; x_wconf 91' lang='lat' dir='ltr'><strong>et</strong></span> <span class='ocrx_word' id='word_1_731' title='bbox 2969 3371 3092 3425; x_wconf 89' lang='lat' dir='ltr'><strong>ﬁliis</strong></span> <span class='ocrx_word' id='word_1_732' title='bbox 3115 3370 3277 3425; x_wconf 87' lang='lat' dir='ltr'><strong>Israel</strong></span> <span class='ocrx_word' id='word_1_733' title='bbox 3299 3370 3542 3424; x_wconf 85' lang='lat' dir='ltr'><strong>celebra-</strong></span> 
     </span>
    </p>
   </div>
   <div class='ocr_carea' id='block_1_95' title="bbox 1974 3461 3547 3532">
    <p class='ocr_par' dir='ltr' id='par_1_95' title="bbox 1974 3461 3547 3532">
     <span class='ocr_line' id='line_1_95' title="bbox 1974 3461 3547 3532; baseline 0 -18"><span class='ocrx_word' id='word_1_734' title='bbox 1974 3469 2153 3526; x_wconf 87' lang='lat' dir='ltr'><strong>retur,</strong></span> <span class='ocrx_word' id='word_1_735' title='bbox 2200 3461 2336 3529; x_wconf 78' lang='lat' dir='ltr'><strong>etin</strong></span> <span class='ocrx_word' id='word_1_736' title='bbox 2362 3462 2451 3517; x_wconf 88' lang='lat' dir='ltr'><strong>die</strong></span> <span class='ocrx_word' id='word_1_737' title='bbox 2472 3471 2659 3516; x_wconf 90' lang='lat' dir='ltr'><strong>octava</strong></span> <span class='ocrx_word' id='word_1_738' title='bbox 2682 3463 2934 3517; x_wconf 92' lang='lat' dir='ltr'><strong>dimissus</strong></span> <span class='ocrx_word' id='word_1_739' title='bbox 2972 3463 3040 3517; x_wconf 91' lang='lat' dir='ltr'><strong>sit</strong></span> <span class='ocrx_word' id='word_1_740' title='bbox 3063 3462 3311 3532; x_wconf 88' lang='lat' dir='ltr'><strong>populus,</strong></span> <span class='ocrx_word' id='word_1_741' title='bbox 3335 3462 3547 3516; x_wconf 82' lang='lat' dir='ltr'><strong>intuen-</strong></span> 
     </span>
    </p>
   </div>
   <div class='ocr_carea' id='block_1_96' title="bbox 1975 3548 3548 3622">
    <p class='ocr_par' dir='ltr' id='par_1_96' title="bbox 1975 3548 3548 3622">
     <span class='ocr_line' id='line_1_96' title="bbox 1975 3548 3548 3622; baseline 0 -15"><span class='ocrx_word' id='word_1_742' title='bbox 1975 3553 2099 3607; x_wconf 89' lang='lat' dir='ltr'><strong>dum</strong></span> <span class='ocrx_word' id='word_1_743' title='bbox 2134 3560 2219 3606; x_wconf 91' lang='lat' dir='ltr'><strong>est</strong></span> <span class='ocrx_word' id='word_1_744' title='bbox 2242 3553 2509 3622; x_wconf 92' lang='lat' dir='ltr'><strong>quomodo</strong></span> <span class='ocrx_word' id='word_1_745' title='bbox 2555 3552 2609 3606; x_wconf 90' lang='lat' dir='ltr'><strong>in</strong></span> <span class='ocrx_word' id='word_1_746' title='bbox 2643 3548 2835 3608; x_wconf 81' lang='lat' dir='ltr'><strong>Verbis</strong></span> <span class='ocrx_word' id='word_1_747' title='bbox 2877 3553 3094 3608; x_wconf 91' lang='lat' dir='ltr'><strong>Dierum</strong></span> <span class='ocrx_word' id='word_1_748' title='bbox 3140 3553 3205 3608; x_wconf 88' lang='lat' dir='ltr'><strong>de</strong></span> <span class='ocrx_word' id='word_1_749' title='bbox 3248 3552 3435 3606; x_wconf 84' lang='lat' dir='ltr'><strong>eadem</strong></span> <span class='ocrx_word' id='word_1_750' title='bbox 3490 3568 3548 3607; x_wconf 90' lang='lat' dir='ltr'><strong>re</strong></span> 
     </span>
    </p>
   </div>
   <div class='ocr_carea' id='block_1_97' title="bbox 1977 3642 3546 3713">
    <p class='ocr_par' dir='ltr' id='par_1_97' title="bbox 1977 3642 3546 3713">
     <span class='ocr_line' id='line_1_97' title="bbox 1977 3642 3546 3713; baseline 0.001 -17"><span class='ocrx_word' id='word_1_751' title='bbox 1977 3642 2239 3711; x_wconf 90' lang='lat' dir='ltr'><strong>scriptum</strong></span> <span class='ocrx_word' id='word_1_752' title='bbox 2283 3643 2394 3697; x_wconf 92' lang='lat' dir='ltr'><strong>sit:</strong></span> <span class='ocrx_word' id='word_1_753' title='bbox 2433 3661 2452 3694; x_wconf 76' lang='grc' dir='ltr'><strong><em>ι</em></strong></span> <span class='ocrx_word' id='word_1_754' title='bbox 2495 3643 2645 3698; x_wconf 87' lang='lat' dir='ltr'><strong>Fecit</strong></span> <span class='ocrx_word' id='word_1_755' title='bbox 2682 3658 2810 3713; x_wconf 89' lang='lat' dir='ltr'><strong>ergo</strong></span> <span class='ocrx_word' id='word_1_756' title='bbox 2855 3643 3105 3698; x_wconf 87' lang='lat' dir='ltr'><strong>Salomon</strong></span> <span class='ocrx_word' id='word_1_757' title='bbox 3153 3644 3546 3699; x_wconf 88' lang='lat' dir='ltr'><strong>solemnitatem</strong></span> 
     </span>
    </p>
   </div>
   <div class='ocr_carea' id='block_1_98' title="bbox 1976 3730 3544 3802">
    <p class='ocr_par' dir='ltr' id='par_1_98' title="bbox 1976 3730 3544 3802">
     <span class='ocr_line' id='line_1_98' title="bbox 1976 3730 3544 3802; baseline 0.001 -17"><span class='ocrx_word' id='word_1_758' title='bbox 1976 3730 2029 3785; x_wconf 94' lang='lat' dir='ltr'><strong>in</strong></span> <span class='ocrx_word' id='word_1_759' title='bbox 2065 3739 2302 3801; x_wconf 89' lang='lat' dir='ltr'><strong>tempore</strong></span> <span class='ocrx_word' id='word_1_760' title='bbox 2339 3732 2428 3787; x_wconf 94' lang='lat' dir='ltr'><strong>illo</strong></span> <span class='ocrx_word' id='word_1_761' title='bbox 2451 3740 2653 3802; x_wconf 87' lang='lat' dir='ltr'><strong>septem</strong></span> <span class='ocrx_word' id='word_1_762' title='bbox 2694 3733 2879 3788; x_wconf 89' lang='lat' dir='ltr'><strong>diebus</strong></span> <span class='ocrx_word' id='word_1_763' title='bbox 2928 3743 2983 3788; x_wconf 92' lang='lat' dir='ltr'><strong>et</strong></span> <span class='ocrx_word' id='word_1_764' title='bbox 3017 3734 3195 3788; x_wconf 90' lang='lat' dir='ltr'><strong>omnis</strong></span> <span class='ocrx_word' id='word_1_765' title='bbox 3238 3732 3544 3788; x_wconf 88' lang='lat' dir='ltr'><strong>lsraelcum</strong></span> 
     </span>
    </p>
   </div>
   <div class='ocr_carea' id='block_1_99' title="bbox 1974 3821 3549 3895">
    <p class='ocr_par' dir='ltr' id='par_1_99' title="bbox 1974 3821 3549 3895">
     <span class='ocr_line' id='line_1_99' title="bbox 1974 3821 3549 3895; baseline 0.003 -20"><span class='ocrx_word' id='word_1_766' title='bbox 1974 3836 2058 3887; x_wconf 92' lang='lat' dir='ltr'><strong>eo,</strong></span> <span class='ocrx_word' id='word_1_767' title='bbox 2090 3821 2325 3876; x_wconf 86' lang='lat' dir='ltr'><strong>Ecclesia</strong></span> <span class='ocrx_word' id='word_1_768' title='bbox 2351 3838 2541 3894; x_wconf 85' lang='lat' dir='ltr'><strong>magna</strong></span> <span class='ocrx_word' id='word_1_769' title='bbox 2576 3822 2749 3889; x_wconf 86' lang='lat' dir='ltr'><strong>valde,</strong></span> <span class='ocrx_word' id='word_1_770' title='bbox 2776 3825 2843 3878; x_wconf 88' lang='lat' dir='ltr'><strong>ab</strong></span> <span class='ocrx_word' id='word_1_771' title='bbox 2872 3824 3094 3878; x_wconf 90' lang='lat' dir='ltr'><strong>introitu</strong></span> <span class='ocrx_word' id='word_1_772' title='bbox 3128 3824 3343 3890; x_wconf 85' lang='lat' dir='ltr'><strong>Emath,</strong></span> <span class='ocrx_word' id='word_1_773' title='bbox 3377 3840 3549 3895; x_wconf 81' lang='lat' dir='ltr'><strong>usque</strong></span> 
     </span>
    </p>
   </div>
   <div class='ocr_carea' id='block_1_100' title="bbox 1974 3913 3548 3985">
    <p class='ocr_par' dir='ltr' id='par_1_100' title="bbox 1974 3913 3548 3985">
     <span class='ocr_line' id='line_1_100' title="bbox 1974 3913 3548 3985; baseline 0.002 -18"><span class='ocrx_word' id='word_1_774' title='bbox 1974 3913 2044 3968; x_wconf 91' lang='lat' dir='ltr'><strong>ad</strong></span> <span class='ocrx_word' id='word_1_775' title='bbox 2083 3921 2376 3969; x_wconf 90' lang='lat' dir='ltr'><strong>torrentem</strong></span> <span class='ocrx_word' id='word_1_776' title='bbox 2402 3914 2641 3985; x_wconf 65' lang='lat' dir='ltr'><strong>Egypti.</strong></span> <span class='ocrx_word' id='word_1_777' title='bbox 2672 3914 2929 3984; x_wconf 90' lang='lat' dir='ltr'><strong>Fecitque</strong></span> <span class='ocrx_word' id='word_1_778' title='bbox 2969 3916 3092 3970; x_wconf 90' lang='lat' dir='ltr'><strong>inde</strong></span> <span class='ocrx_word' id='word_1_779' title='bbox 3142 3925 3334 3970; x_wconf 89' lang='lat' dir='ltr'><strong>octava</strong></span> <span class='ocrx_word' id='word_1_780' title='bbox 3385 3916 3548 3971; x_wconf 91' lang='lat' dir='ltr'><strong>colle-</strong></span> 
     </span>
    </p>
   </div>
   <div class='ocr_carea' id='block_1_101' title="bbox 1974 4004 3548 4075">
    <p class='ocr_par' dir='ltr' id='par_1_101' title="bbox 1974 4004 3548 4075">
     <span class='ocr_line' id='line_1_101' title="bbox 1974 4004 3548 4075; baseline 0 -16"><span class='ocrx_word' id='word_1_781' title='bbox 1974 4012 2136 4070; x_wconf 88' lang='lat' dir='ltr'><strong>ctam,</strong></span> <span class='ocrx_word' id='word_1_782' title='bbox 2164 4019 2229 4059; x_wconf 89' lang='lat' dir='ltr'><strong>eo</strong></span> <span class='ocrx_word' id='word_1_783' title='bbox 2254 4005 2394 4074; x_wconf 88' lang='lat' dir='ltr'><strong>quod</strong></span> <span class='ocrx_word' id='word_1_784' title='bbox 2423 4005 2722 4060; x_wconf 87' lang='lat' dir='ltr'><strong>dedicasset</strong></span> <span class='ocrx_word' id='word_1_785' title='bbox 2743 4004 2912 4061; x_wconf 87' lang='lat' dir='ltr'><strong>altare</strong></span> <span class='ocrx_word' id='word_1_786' title='bbox 2945 4014 3149 4075; x_wconf 88' lang='lat' dir='ltr'><strong>septem</strong></span> <span class='ocrx_word' id='word_1_787' title='bbox 3172 4006 3359 4061; x_wconf 89' lang='lat' dir='ltr'><strong>diebus</strong></span> <span class='ocrx_word' id='word_1_788' title='bbox 3384 4015 3439 4060; x_wconf 91' lang='lat' dir='ltr'><strong>et</strong></span> <span class='ocrx_word' id='word_1_789' title='bbox 3460 4021 3548 4060; x_wconf 80' lang='lat' dir='ltr'><strong>so-</strong></span> 
     </span>
    </p>
   </div>
   <div class='ocr_carea' id='block_1_102' title="bbox 1974 4092 3547 4167">
    <p class='ocr_par' dir='ltr' id='par_1_102' title="bbox 1974 4092 3547 4167">
     <span class='ocr_line' id='line_1_102' title="bbox 1974 4092 3547 4167; baseline 0.003 -21"><span class='ocrx_word' id='word_1_790' title='bbox 1974 4092 2304 4148; x_wconf 88' lang='lat' dir='ltr'><strong>lemnitatem</strong></span> <span class='ocrx_word' id='word_1_791' title='bbox 2347 4093 2673 4150; x_wconf 88' lang='lat' dir='ltr'><strong>celebrasset</strong></span> <span class='ocrx_word' id='word_1_792' title='bbox 2711 4102 2913 4165; x_wconf 88' lang='lat' dir='ltr'><strong>septem</strong></span> <span class='ocrx_word' id='word_1_793' title='bbox 2953 4096 3159 4151; x_wconf 89' lang='lat' dir='ltr'><strong>diebus.</strong></span> <span class='ocrx_word' id='word_1_794' title='bbox 3215 4096 3379 4167; x_wconf 85' lang='lat' dir='ltr'><strong>igitur</strong></span> <span class='ocrx_word' id='word_1_795' title='bbox 3404 4097 3547 4151; x_wconf 87' lang='lat' dir='ltr'><strong>vice-</strong></span> 
     </span>
    </p>
   </div>
   <div class='ocr_carea' id='block_1_103' title="bbox 1974 4182 3541 4254">
    <p class='ocr_par' dir='ltr' id='par_1_103' title="bbox 1974 4182 3541 4254">
     <span class='ocr_line' id='line_1_103' title="bbox 1974 4182 3541 4254; baseline 0.001 -18"><span class='ocrx_word' id='word_1_796' title='bbox 1974 4182 2110 4236; x_wconf 81' lang='lat' dir='ltr'><strong>simo</strong></span> <span class='ocrx_word' id='word_1_797' title='bbox 2146 4183 2304 4237; x_wconf 91' lang='lat' dir='ltr'><strong>tertio</strong></span> <span class='ocrx_word' id='word_1_798' title='bbox 2345 4183 2547 4237; x_wconf 91' lang='lat' dir='ltr'><strong>mensis</strong></span> <span class='ocrx_word' id='word_1_799' title='bbox 2579 4184 2787 4253; x_wconf 88' lang='lat' dir='ltr'><strong>septimi</strong></span> <span class='ocrx_word' id='word_1_800' title='bbox 2825 4184 3029 4239; x_wconf 87' lang='lat' dir='ltr'><strong>dimisit</strong></span> <span class='ocrx_word' id='word_1_801' title='bbox 3075 4184 3298 4254; x_wconf 91' lang='lat' dir='ltr'><strong>populos</strong></span> <span class='ocrx_word' id='word_1_802' title='bbox 3341 4185 3406 4238; x_wconf 91' lang='lat' dir='ltr'><strong>ad</strong></span> <span class='ocrx_word' id='word_1_803' title='bbox 3458 4195 3541 4238; x_wconf 85' lang='lat' dir='ltr'><strong>ta-</strong></span> 
     </span>
    </p>
   </div>
   <div class='ocr_carea' id='block_1_104' title="bbox 1975 4262 3545 4347">
    <p class='ocr_par' dir='ltr' id='par_1_104' title="bbox 1975 4262 3545 4347">
     <span class='ocr_line' id='line_1_104' title="bbox 1975 4262 3545 4347; baseline 0.002 -21"><span class='ocrx_word' id='word_1_804' title='bbox 1975 4272 2266 4327; x_wconf 91' lang='lat' dir='ltr'><strong>bernacula</strong></span> <span class='ocrx_word' id='word_1_805' title='bbox 2300 4289 2393 4327; x_wconf 88' lang='lat' dir='ltr'><strong>sua</strong></span> <span class='ocrx_word' id='word_1_806' title='bbox 2420 4271 2505 4343; x_wconf 86' lang='lat' dir='ltr'><strong>(II</strong></span> <span class='ocrx_word' id='word_1_807' title='bbox 2546 4271 2676 4327; x_wconf 87' lang='lat' dir='ltr'><strong>Par.</strong></span> <span class='ocrx_word' id='word_1_808' title='bbox 2716 4272 2829 4344; x_wconf 87' lang='lat' dir='ltr'><strong>vn).</strong></span> <span class='ocrx_word' id='word_1_809' title='bbox 2871 4293 2888 4326; x_wconf 78' lang='grc' dir='ltr'><strong><em>ι</em></strong></span> <span class='ocrx_word' id='word_1_810' title='bbox 2919 4262 3027 4329; x_wconf 84' lang='lat' dir='ltr'><strong>Sed</strong></span> <span class='ocrx_word' id='word_1_811' title='bbox 3079 4283 3210 4347; x_wconf 90' lang='lat' dir='ltr'><strong>puto</strong></span> <span class='ocrx_word' id='word_1_812' title='bbox 3255 4290 3365 4329; x_wconf 91' lang='lat' dir='ltr'><strong>non</strong></span> <span class='ocrx_word' id='word_1_813' title='bbox 3401 4276 3545 4329; x_wconf 86' lang='lat' dir='ltr'><strong>aliud</strong></span> 
     </span>
    </p>
   </div>
   <div class='ocr_carea' id='block_1_105' title="bbox 1974 4360 3548 4437">
    <p class='ocr_par' dir='ltr' id='par_1_105' title="bbox 1974 4360 3548 4437">
     <span class='ocr_line' id='line_1_105' title="bbox 1974 4360 3548 4437; baseline 0.005 -22"><span class='ocrx_word' id='word_1_814' title='bbox 1974 4360 2064 4415; x_wconf 92' lang='lat' dir='ltr'><strong>hic</strong></span> <span class='ocrx_word' id='word_1_815' title='bbox 2094 4360 2230 4415; x_wconf 89' lang='lat' dir='ltr'><strong>velle</strong></span> <span class='ocrx_word' id='word_1_816' title='bbox 2268 4362 2513 4433; x_wconf 87' lang='lat' dir='ltr'><strong>intelligi,</strong></span> <span class='ocrx_word' id='word_1_817' title='bbox 2552 4364 2653 4418; x_wconf 93' lang='lat' dir='ltr'><strong>nisi</strong></span> <span class='ocrx_word' id='word_1_818' title='bbox 2680 4364 2844 4434; x_wconf 87' lang='lat' dir='ltr'><strong>quod,</strong></span> <span class='ocrx_word' id='word_1_819' title='bbox 2864 4365 3091 4435; x_wconf 77' lang='lat' dir='ltr'><strong>expletis</strong></span> <span class='ocrx_word' id='word_1_820' title='bbox 3120 4375 3326 4437; x_wconf 90' lang='lat' dir='ltr'><strong>septem</strong></span> <span class='ocrx_word' id='word_1_821' title='bbox 3358 4367 3548 4423; x_wconf 91' lang='lat' dir='ltr'><strong>diebus</strong></span> 
     </span>
    </p>
   </div>
   <div class='ocr_carea' id='block_1_106' title="bbox 1976 4449 3544 4528">
    <p class='ocr_par' dir='ltr' id='par_1_106' title="bbox 1976 4449 3544 4528">
     <span class='ocr_line' id='line_1_106' title="bbox 1976 4449 3544 4528; baseline 0.005 -25"><span class='ocrx_word' id='word_1_822' title='bbox 1976 4449 2326 4527; x_wconf 85' lang='lat' dir='ltr'><strong>dedicationis</strong></span> <span class='ocrx_word' id='word_1_823' title='bbox 2356 4450 2556 4522; x_wconf 85' lang='lat' dir='ltr'><strong>templi,</strong></span> <span class='ocrx_word' id='word_1_824' title='bbox 2584 4452 2853 4509; x_wconf 87' lang='lat' dir='ltr'><strong>subsecuti</strong></span> <span class='ocrx_word' id='word_1_825' title='bbox 2881 4465 3007 4509; x_wconf 89' lang='lat' dir='ltr'><strong>sunt</strong></span> <span class='ocrx_word' id='word_1_826' title='bbox 3036 4454 3154 4511; x_wconf 90' lang='lat' dir='ltr'><strong>dies</strong></span> <span class='ocrx_word' id='word_1_827' title='bbox 3176 4453 3544 4528; x_wconf 68' lang='lat' dir='ltr'><strong>Scenopegire,</strong></span> 
     </span>
    </p>
   </div>
   <div class='ocr_carea' id='block_1_107' title="bbox 1974 4541 3545 4618">
    <p class='ocr_par' dir='ltr' id='par_1_107' title="bbox 1974 4541 3545 4618">
     <span class='ocr_line' id='line_1_107' title="bbox 1974 4541 3545 4618; baseline 0.005 -23"><span class='ocrx_word' id='word_1_828' title='bbox 1974 4556 2093 4611; x_wconf 67' lang='lat' dir='ltr'><strong>quae</strong></span> <span class='ocrx_word' id='word_1_829' title='bbox 2116 4556 2145 4595; x_wconf 89' lang='lat' dir='ltr'><strong>a</strong></span> <span class='ocrx_word' id='word_1_830' title='bbox 2183 4541 2370 4611; x_wconf 90' lang='lat' dir='ltr'><strong>quinto</strong></span> <span class='ocrx_word' id='word_1_831' title='bbox 2398 4544 2605 4601; x_wconf 90' lang='lat' dir='ltr'><strong>decimo</strong></span> <span class='ocrx_word' id='word_1_832' title='bbox 2644 4545 2731 4600; x_wconf 90' lang='lat' dir='ltr'><strong>die</strong></span> <span class='ocrx_word' id='word_1_833' title='bbox 2763 4547 2962 4602; x_wconf 88' lang='lat' dir='ltr'><strong>mensis</strong></span> <span class='ocrx_word' id='word_1_834' title='bbox 2995 4548 3208 4618; x_wconf 89' lang='lat' dir='ltr'><strong>septimi</strong></span> <span class='ocrx_word' id='word_1_835' title='bbox 3252 4550 3545 4604; x_wconf 90' lang='lat' dir='ltr'><strong>secundum</strong></span> 
     </span>
    </p>
   </div>
   <div class='ocr_carea' id='block_1_108' title="bbox 1974 4634 3545 4711">
    <p class='ocr_par' dir='ltr' id='par_1_108' title="bbox 1974 4634 3545 4711">
     <span class='ocr_line' id='line_1_108' title="bbox 1974 4634 3545 4711; baseline 0.006 -24"><span class='ocrx_word' id='word_1_836' title='bbox 1974 4634 2145 4703; x_wconf 90' lang='lat' dir='ltr'><strong>legem</strong></span> <span class='ocrx_word' id='word_1_837' title='bbox 2179 4635 2504 4690; x_wconf 88' lang='lat' dir='ltr'><strong>inchoabant</strong></span> <span class='ocrx_word' id='word_1_838' title='bbox 2529 4635 2715 4708; x_wconf 76' lang='lat' dir='ltr'><strong>(Leuit.</strong></span> <span class='ocrx_word' id='word_1_839' title='bbox 2772 4638 2951 4711; x_wconf 82' lang='lat' dir='ltr'><strong>xxiii),</strong></span> <span class='ocrx_word' id='word_1_840' title='bbox 2984 4648 3041 4695; x_wconf 92' lang='lat' dir='ltr'><strong>et</strong></span> <span class='ocrx_word' id='word_1_841' title='bbox 3072 4641 3126 4694; x_wconf 91' lang='lat' dir='ltr'><strong>in</strong></span> <span class='ocrx_word' id='word_1_842' title='bbox 3159 4642 3244 4696; x_wconf 89' lang='lat' dir='ltr'><strong>die</strong></span> <span class='ocrx_word' id='word_1_843' title='bbox 3288 4642 3545 4697; x_wconf 85' lang='lat' dir='ltr'><strong>vicesima</strong></span> 
     </span>
    </p>
   </div>
   <div class='ocr_carea' id='block_1_109' title="bbox 1975 4727 3549 4802">
    <p class='ocr_par' dir='ltr' id='par_1_109' title="bbox 1975 4727 3549 4802">
     <span class='ocr_line' id='line_1_109' title="bbox 1975 4727 3549 4802; baseline 0.004 -21"><span class='ocrx_word' id='word_1_844' title='bbox 1975 4727 2208 4782; x_wconf 88' lang='lat' dir='ltr'><strong>secunda</strong></span> <span class='ocrx_word' id='word_1_845' title='bbox 2271 4727 2616 4783; x_wconf 88' lang='lat' dir='ltr'><strong>ﬁniebantur.</strong></span> <span class='ocrx_word' id='word_1_846' title='bbox 2673 4730 2923 4800; x_wconf 90' lang='lat' dir='ltr'><strong>Utrisque</strong></span> <span class='ocrx_word' id='word_1_847' title='bbox 2980 4746 3109 4802; x_wconf 89' lang='lat' dir='ltr'><strong>ergo</strong></span> <span class='ocrx_word' id='word_1_848' title='bbox 3169 4731 3549 4789; x_wconf 80' lang='lat' dir='ltr'><strong>festivitatibus</strong></span> 
     </span>
    </p>
   </div>
   <div class='ocr_carea' id='block_1_110' title="bbox 1975 4817 3544 4891">
    <p class='ocr_par' dir='ltr' id='par_1_110' title="bbox 1975 4817 3544 4891">
     <span class='ocr_line' id='line_1_110' title="bbox 1975 4817 3544 4891; baseline 0.004 -20"><span class='ocrx_word' id='word_1_849' title='bbox 1975 4819 2079 4872; x_wconf 90' lang='lat' dir='ltr'><strong>rite</strong></span> <span class='ocrx_word' id='word_1_850' title='bbox 2102 4818 2338 4887; x_wconf 91' lang='lat' dir='ltr'><strong>peractis</strong></span> <span class='ocrx_word' id='word_1_851' title='bbox 2358 4859 2372 4882; x_wconf 93' lang='lat'><strong>,</strong></span> <span class='ocrx_word' id='word_1_852' title='bbox 2424 4826 2477 4872; x_wconf 89' lang='lat' dir='ltr'><strong>et</strong></span> <span class='ocrx_word' id='word_1_853' title='bbox 2507 4817 2961 4891; x_wconf 83' lang='lat' dir='ltr'><strong>Sccnopegiarum</strong></span> <span class='ocrx_word' id='word_1_854' title='bbox 3019 4830 3209 4876; x_wconf 83' lang='lat' dir='ltr'><strong>octava</strong></span> <span class='ocrx_word' id='word_1_855' title='bbox 3238 4822 3325 4877; x_wconf 89' lang='lat' dir='ltr'><strong>die</strong></span> <span class='ocrx_word' id='word_1_856' title='bbox 3357 4821 3510 4877; x_wconf 85' lang='lat' dir='ltr'><strong>ﬁnita</strong></span> <span class='ocrx_word' id='word_1_857' title='bbox 3529 4863 3544 4886; x_wconf 90' lang='lat'><strong>,</strong></span> 
     </span>
    </p>
   </div>
   <div class='ocr_carea' id='block_1_111' title="bbox 1977 4907 3548 4982">
    <p class='ocr_par' dir='ltr' id='par_1_111' title="bbox 1977 4907 3548 4982">
     <span class='ocr_line' id='line_1_111' title="bbox 1977 4907 3548 4982; baseline 0.001 -18"><span class='ocrx_word' id='word_1_858' title='bbox 1977 4908 2180 4964; x_wconf 87' lang='lat' dir='ltr'><strong>dimisit</strong></span> <span class='ocrx_word' id='word_1_859' title='bbox 2201 4923 2294 4962; x_wconf 87' lang='lat' dir='ltr'><strong>rex</strong></span> <span class='ocrx_word' id='word_1_860' title='bbox 2322 4907 2572 4963; x_wconf 90' lang='lat' dir='ltr'><strong>Salomon</strong></span> <span class='ocrx_word' id='word_1_861' title='bbox 2603 4908 2825 4978; x_wconf 92' lang='lat' dir='ltr'><strong>populos</strong></span> <span class='ocrx_word' id='word_1_862' title='bbox 2847 4909 2914 4963; x_wconf 92' lang='lat' dir='ltr'><strong>ad</strong></span> <span class='ocrx_word' id='word_1_863' title='bbox 2954 4926 3049 4965; x_wconf 88' lang='lat' dir='ltr'><strong>sua</strong></span> <span class='ocrx_word' id='word_1_864' title='bbox 3095 4910 3338 4966; x_wconf 67' lang='lat' dir='ltr'><strong>laztantes</strong></span> <span class='ocrx_word' id='word_1_865' title='bbox 3383 4920 3548 4982; x_wconf 89' lang='lat' dir='ltr'><strong>atque</strong></span> 
     </span>
    </p>
   </div>
   <div class='ocr_carea' id='block_1_112' title="bbox 1976 4998 3546 5069">
    <p class='ocr_par' dir='ltr' id='par_1_112' title="bbox 1976 4998 3546 5069">
     <span class='ocr_line' id='line_1_112' title="bbox 1976 4998 3546 5069; baseline 0.004 -19"><span class='ocrx_word' id='word_1_866' title='bbox 1976 4998 2267 5069; x_wconf 87' lang='lat' dir='ltr'><strong>gaudentes</strong></span> <span class='ocrx_word' id='word_1_867' title='bbox 2292 5012 2454 5067; x_wconf 91' lang='lat' dir='ltr'><strong>super</strong></span> <span class='ocrx_word' id='word_1_868' title='bbox 2480 4998 2621 5052; x_wconf 91' lang='lat' dir='ltr'><strong>bono</strong></span> <span class='ocrx_word' id='word_1_869' title='bbox 2643 4999 2783 5067; x_wconf 92' lang='lat' dir='ltr'><strong>quod</strong></span> <span class='ocrx_word' id='word_1_870' title='bbox 2829 4998 3031 5054; x_wconf 80' lang='lat' dir='ltr'><strong>fecerat</strong></span> <span class='ocrx_word' id='word_1_871' title='bbox 3083 5000 3341 5056; x_wconf 90' lang='lat' dir='ltr'><strong>Dominus</strong></span> <span class='ocrx_word' id='word_1_872' title='bbox 3376 5002 3546 5058; x_wconf 89' lang='lat' dir='ltr'><strong>David</strong></span> 
     </span>
    </p>
   </div>
   <div class='ocr_carea' id='block_1_113' title="bbox 1972 5087 3545 5163">
    <p class='ocr_par' dir='ltr' id='par_1_113' title="bbox 1972 5087 3545 5163">
     <span class='ocr_line' id='line_1_113' title="bbox 1972 5087 3545 5163; baseline 0.003 -20"><span class='ocrx_word' id='word_1_873' title='bbox 1972 5097 2030 5143; x_wconf 90' lang='lat' dir='ltr'><strong>et</strong></span> <span class='ocrx_word' id='word_1_874' title='bbox 2056 5087 2328 5143; x_wconf 89' lang='lat' dir='ltr'><strong>Salomoni</strong></span> <span class='ocrx_word' id='word_1_875' title='bbox 2351 5097 2404 5142; x_wconf 91' lang='lat' dir='ltr'><strong>et</strong></span> <span class='ocrx_word' id='word_1_876' title='bbox 2446 5087 2608 5142; x_wconf 87' lang='lat' dir='ltr'><strong>Israel</strong></span> <span class='ocrx_word' id='word_1_877' title='bbox 2643 5088 2833 5158; x_wconf 91' lang='lat' dir='ltr'><strong>populo</strong></span> <span class='ocrx_word' id='word_1_878' title='bbox 2860 5106 2977 5144; x_wconf 90' lang='lat' dir='ltr'><strong>suo.</strong></span> <span class='ocrx_word' id='word_1_879' title='bbox 3017 5090 3125 5162; x_wconf 68' lang='lat' dir='ltr'><strong>(Ex</strong></span> <span class='ocrx_word' id='word_1_880' title='bbox 3152 5091 3377 5161; x_wconf 75' lang='lat' dir='ltr'><strong>Joseplw</strong></span> <span class='ocrx_word' id='word_1_881' title='bbox 3404 5092 3422 5163; x_wconf 98' lang='lat'>)</span> <span class='ocrx_word' id='word_1_882' title='bbox 3449 5092 3545 5148; x_wconf 90' lang='lat' dir='ltr'><strong>Cui</strong></span> 
     </span>
    </p>
   </div>
   <div class='ocr_carea' id='block_1_114' title="bbox 1974 5174 3549 5247">
    <p class='ocr_par' dir='ltr' id='par_1_114' title="bbox 1974 5174 3549 5247">
     <span class='ocr_line' id='line_1_114' title="bbox 1974 5174 3549 5247; baseline 0.001 -15"><span class='ocrx_word' id='word_1_883' title='bbox 1974 5176 2154 5232; x_wconf 86' lang='lat' dir='ltr'><strong>sensui</strong></span> <span class='ocrx_word' id='word_1_884' title='bbox 2175 5176 2387 5230; x_wconf 89' lang='lat' dir='ltr'><strong>videtur</strong></span> <span class='ocrx_word' id='word_1_885' title='bbox 2405 5174 2667 5246; x_wconf 83' lang='lat' dir='ltr'><strong>Josephus</strong></span> <span class='ocrx_word' id='word_1_886' title='bbox 2683 5176 2978 5247; x_wconf 81' lang='lat' dir='ltr'><strong>suffragari,</strong></span> <span class='ocrx_word' id='word_1_887' title='bbox 3000 5178 3073 5232; x_wconf 88' lang='lat' dir='ltr'><strong>ita</strong></span> <span class='ocrx_word' id='word_1_888' title='bbox 3088 5178 3297 5232; x_wconf 87' lang='lat' dir='ltr'><strong>dicens:</strong></span> <span class='ocrx_word' id='word_1_889' title='bbox 3323 5198 3340 5228; x_wconf 76' lang='grc' dir='ltr'>ι</span> <span class='ocrx_word' id='word_1_890' title='bbox 3383 5179 3549 5234; x_wconf 87' lang='lat' dir='ltr'><strong>Dimi-</strong></span> 
     </span>
    </p>
   </div>
   <div class='ocr_carea' id='block_1_115' title="bbox 1973 5264 3547 5337">
    <p class='ocr_par' dir='ltr' id='par_1_115' title="bbox 1973 5264 3547 5337">
     <span class='ocr_line' id='line_1_115' title="bbox 1973 5264 3547 5337; baseline 0.003 -18"><span class='ocrx_word' id='word_1_891' title='bbox 1973 5266 2043 5320; x_wconf 88' lang='lat' dir='ltr'><strong>sit</strong></span> <span class='ocrx_word' id='word_1_892' title='bbox 2066 5281 2195 5337; x_wconf 89' lang='lat' dir='ltr'><strong>ergo</strong></span> <span class='ocrx_word' id='word_1_893' title='bbox 2224 5264 2475 5319; x_wconf 89' lang='lat' dir='ltr'><strong>Salomon</strong></span> <span class='ocrx_word' id='word_1_894' title='bbox 2500 5265 2952 5332; x_wconf 87' lang='lat' dir='ltr'><strong>Ecclesiam,cum</strong></span> <span class='ocrx_word' id='word_1_895' title='bbox 2981 5268 3245 5323; x_wconf 87' lang='lat' dir='ltr'><strong>sacriﬁcia</strong></span> <span class='ocrx_word' id='word_1_896' title='bbox 3279 5268 3547 5324; x_wconf 85' lang='lat' dir='ltr'><strong>celebras-</strong></span> 
     </span>
    </p>
   </div>
   <div class='ocr_carea' id='block_1_116' title="bbox 1975 5357 3543 5427">
    <p class='ocr_par' dir='ltr' id='par_1_116' title="bbox 1975 5357 3543 5427">
     <span class='ocr_line' id='line_1_116' title="bbox 1975 5357 3543 5427; baseline 0.001 -16"><span class='ocrx_word' id='word_1_897' title='bbox 1975 5365 2057 5411; x_wconf 90' lang='lat' dir='ltr'><strong>set</strong></span> <span class='ocrx_word' id='word_1_898' title='bbox 2084 5371 2257 5426; x_wconf 90' lang='lat' dir='ltr'><strong>prose</strong></span> <span class='ocrx_word' id='word_1_899' title='bbox 2291 5364 2346 5411; x_wconf 89' lang='lat' dir='ltr'><strong>et</strong></span> <span class='ocrx_word' id='word_1_900' title='bbox 2371 5357 2633 5412; x_wconf 90' lang='lat' dir='ltr'><strong>universis</strong></span> <span class='ocrx_word' id='word_1_901' title='bbox 2674 5357 2928 5421; x_wconf 66' lang='lat' dir='ltr'><strong>Hebraeis,</strong></span> <span class='ocrx_word' id='word_1_902' title='bbox 2970 5357 3022 5412; x_wconf 88' lang='lat' dir='ltr'><strong>id</strong></span> <span class='ocrx_word' id='word_1_903' title='bbox 3067 5367 3167 5420; x_wconf 85' lang='lat' dir='ltr'><strong>est,</strong></span> <span class='ocrx_word' id='word_1_904' title='bbox 3206 5358 3402 5413; x_wconf 89' lang='lat' dir='ltr'><strong>vitulos</strong></span> <span class='ocrx_word' id='word_1_905' title='bbox 3424 5360 3543 5427; x_wconf 79' lang='lat' dir='ltr'><strong>qui-</strong></span> 
     </span>
    </p>
   </div>
   <div class='ocr_carea' id='block_1_117' title="bbox 1976 5438 3543 5518">
    <p class='ocr_par' dir='ltr' id='par_1_117' title="bbox 1976 5438 3543 5518">
     <span class='ocr_line' id='line_1_117' title="bbox 1976 5438 3543 5518; baseline 0.004 -19"><span class='ocrx_word' id='word_1_906' title='bbox 1976 5438 2099 5499; x_wconf 87' lang='lat' dir='ltr'><strong>dem</strong></span> <span class='ocrx_word' id='word_1_907' title='bbox 2128 5445 2315 5515; x_wconf 82' lang='lat' dir='ltr'><strong>viginti</strong></span> <span class='ocrx_word' id='word_1_908' title='bbox 2343 5446 2446 5500; x_wconf 92' lang='lat' dir='ltr'><strong>duo</strong></span> <span class='ocrx_word' id='word_1_909' title='bbox 2488 5446 2680 5510; x_wconf 91' lang='lat' dir='ltr'><strong>millia,</strong></span> <span class='ocrx_word' id='word_1_910' title='bbox 2729 5462 2857 5501; x_wconf 89' lang='lat' dir='ltr'><strong>oves</strong></span> <span class='ocrx_word' id='word_1_911' title='bbox 2894 5454 3073 5513; x_wconf 89' lang='lat' dir='ltr'><strong>autem</strong></span> <span class='ocrx_word' id='word_1_912' title='bbox 3110 5454 3327 5501; x_wconf 87' lang='lat' dir='ltr'><strong>centum</strong></span> <span class='ocrx_word' id='word_1_913' title='bbox 3357 5448 3543 5518; x_wconf 84' lang='lat' dir='ltr'><strong>viginti</strong></span> 
     </span>
    </p>
   </div>
   <div class='ocr_carea' id='block_1_118' title="bbox 1974 5534 3550 5606">
    <p class='ocr_par' dir='ltr' id='par_1_118' title="bbox 1974 5534 3550 5606">
     <span class='ocr_line' id='line_1_118' title="bbox 1974 5534 3550 5606; baseline 0.002 -16"><span class='ocrx_word' id='word_1_914' title='bbox 1974 5534 2162 5590; x_wconf 89' lang='lat' dir='ltr'><strong>millia.</strong></span> <span class='ocrx_word' id='word_1_915' title='bbox 2189 5534 2339 5590; x_wconf 88' lang='lat' dir='ltr'><strong>Tunc</strong></span> <span class='ocrx_word' id='word_1_916' title='bbox 2360 5535 2503 5589; x_wconf 90' lang='lat' dir='ltr'><strong>enim</strong></span> <span class='ocrx_word' id='word_1_917' title='bbox 2532 5536 2681 5605; x_wconf 88' lang='lat' dir='ltr'><strong>prius</strong></span> <span class='ocrx_word' id='word_1_918' title='bbox 2703 5537 2757 5591; x_wconf 92' lang='lat' dir='ltr'><strong>in</strong></span> <span class='ocrx_word' id='word_1_919' title='bbox 2783 5536 2979 5606; x_wconf 90' lang='lat' dir='ltr'><strong>templo</strong></span> <span class='ocrx_word' id='word_1_920' title='bbox 3000 5537 3261 5591; x_wconf 87' lang='lat' dir='ltr'><strong>sacriﬁcia</strong></span> <span class='ocrx_word' id='word_1_921' title='bbox 3279 5539 3550 5593; x_wconf 83' lang='lat' dir='ltr'><strong>celebrata</strong></span> 
     </span>
    </p>
   </div>
   <div class='ocr_carea' id='block_1_119' title="bbox 1975 5627 3546 5698">
    <p class='ocr_par' dir='ltr' id='par_1_119' title="bbox 1975 5627 3546 5698">
     <span class='ocr_line' id='line_1_119' title="bbox 1975 5627 3546 5698; baseline 0.003 -17"><span class='ocrx_word' id='word_1_922' title='bbox 1975 5634 2120 5690; x_wconf 90' lang='lat' dir='ltr'><strong>sunt,</strong></span> <span class='ocrx_word' id='word_1_923' title='bbox 2152 5635 2203 5680; x_wconf 87' lang='lat' dir='ltr'><strong>et</strong></span> <span class='ocrx_word' id='word_1_924' title='bbox 2234 5627 2287 5682; x_wconf 91' lang='lat' dir='ltr'><strong>in</strong></span> <span class='ocrx_word' id='word_1_925' title='bbox 2319 5636 2429 5683; x_wconf 94' lang='lat' dir='ltr'><strong>toto</strong></span> <span class='ocrx_word' id='word_1_926' title='bbox 2456 5629 2656 5698; x_wconf 89' lang='lat' dir='ltr'><strong>epulati</strong></span> <span class='ocrx_word' id='word_1_927' title='bbox 2675 5638 2799 5683; x_wconf 89' lang='lat' dir='ltr'><strong>sunt</strong></span> <span class='ocrx_word' id='word_1_928' title='bbox 2824 5645 3011 5685; x_wconf 91' lang='lat' dir='ltr'><strong>omnes</strong></span> <span class='ocrx_word' id='word_1_929' title='bbox 3029 5628 3240 5685; x_wconf 68' lang='lat' dir='ltr'><strong>Hebraei</strong></span> <span class='ocrx_word' id='word_1_930' title='bbox 3275 5646 3394 5686; x_wconf 91' lang='lat' dir='ltr'><strong>cum</strong></span> <span class='ocrx_word' id='word_1_931' title='bbox 3417 5649 3546 5686; x_wconf 81' lang='lat' dir='ltr'><strong>uxo-</strong></span> 
     </span>
    </p>
   </div>
   <div class='ocr_carea' id='block_1_120' title="bbox 1976 5720 3545 5796">
    <p class='ocr_par' dir='ltr' id='par_1_120' title="bbox 1976 5720 3545 5796">
     <span class='ocr_line' id='line_1_120' title="bbox 1976 5720 3545 5796; baseline 0.004 -23"><span class='ocrx_word' id='word_1_932' title='bbox 1976 5721 2123 5774; x_wconf 86' lang='lat' dir='ltr'><strong>ribus</strong></span> <span class='ocrx_word' id='word_1_933' title='bbox 2149 5720 2260 5775; x_wconf 89' lang='lat' dir='ltr'><strong>suis</strong></span> <span class='ocrx_word' id='word_1_934' title='bbox 2288 5728 2341 5775; x_wconf 90' lang='lat' dir='ltr'><strong>et</strong></span> <span class='ocrx_word' id='word_1_935' title='bbox 2370 5721 2525 5787; x_wconf 88' lang='lat' dir='ltr'><strong>ﬁliis;</strong></span> <span class='ocrx_word' id='word_1_936' title='bbox 2552 5721 2768 5791; x_wconf 85' lang='lat' dir='ltr'><strong>insuper</strong></span> <span class='ocrx_word' id='word_1_937' title='bbox 2790 5723 2951 5778; x_wconf 87' lang='lat' dir='ltr'><strong>etiam</strong></span> <span class='ocrx_word' id='word_1_938' title='bbox 2981 5732 3029 5777; x_wconf 89' lang='lat' dir='ltr'><strong>et</strong></span> <span class='ocrx_word' id='word_1_939' title='bbox 3059 5722 3407 5781; x_wconf 85' lang='lat' dir='ltr'><strong>festivitatem</strong></span> <span class='ocrx_word' id='word_1_940' title='bbox 3428 5742 3545 5796; x_wconf 78' lang='lat' dir='ltr'><strong>qua:</strong></span> 
     </span>
    </p>
   </div>
  </div>
