3902 6146
218 332 325 388 189

1050 330 1406 388 COMMENT.
1446 333 1511 388 IN
1551 331 1797 388 LIBROS
1832 332 1897 388 IV
1940 329 2201 386 RECUM.
2244 361 2312 371 —
2349 330 2414 384 IN
2456 330 2581 385 LIB.
2624 329 2705 384 IlI.

3402 329 3499 387 I90

219 453 444 500 vocatur
473 442 822 513 Scenopegia
860 441 1066 497 faciens
1089 450 1216 496 ante
1245 442 1521 511 templum,
1546 442 1691 496 clare
1740 441 1821 504 nj-
1849 450 1896 506 Α
1924 440 2219 510 gaudentes
2262 448 2317 492 et
2342 437 2625 492 laudantes
2650 438 2820 491 Deum
2856 450 3020 507 super
3047 437 3297 494 omnibus
3342 438 3501 494 bonis

218 537 326 590 mis
345 542 399 589 et
418 533 713 603 magnifice
745 533 934 586 diebus
955 531 1367 601 quatuordecim
1397 547 1489 587 rex
1520 547 1641 586 cum
1667 530 1815 586 omni

217 628 418 698 populo
434 641 536 680 suo
566 625 776 694 pariter
794 622 1043 692 epulatus
1064 632 1167 676 est.
1186 621 1428 690 Cumque
1450 623 1564 676 haec
1590 620 1819 675 fuissent

219 716 556 772 sufﬁcienter
606 712 872 775 exhibita,
903 710 1140 779 nihilque
1167 710 1376 765 deesset
1406 711 1550 764 circa
1599 708 1820 778 pietatis

222 811 419 866 divina:
448 807 745 871 culturam,
773 804 984 859 dimissi
1033 820 1063 857 a
1094 819 1220 874 rege
1248 802 1440 873 singuli
1489 803 1554 855 ad
1603 802 1818 870 propria

225 908 557 964 remearunt,
583 906 809 967 agentes
841 895 1042 965 gratias
1060 895 1170 964 regi
1197 903 1416 962 propter
1426 891 1817 962 providentiam

225 1007 385 1061 quam
414 991 716 1051 habuisset,
742 996 799 1042 et
835 1002 1000 1055 opera
1052 1000 1171 1054 qua:
1212 984 1442 1047 fecisset,
1492 995 1547 1038 et
1593 992 1815 1038 orantes

227 1083 395 1136 Deum
427 1089 487 1134 ut
508 1080 590 1134 eis
622 1093 803 1148 regem
841 1076 1102 1147 praeberet
1153 1075 1393 1145 longzevo
1436 1084 1678 1145 tempore
1715 1072 1821 1127 Sa-

228 1171 530 1233 lomonem;
570 1168 805 1240 agebant
828 1175 1158 1221 revertentes
1181 1182 1303 1220 cum
1342 1166 1536 1235 gaudio
1581 1164 1821 1219 sublimi—

227 1272 332 1325 ter,
354 1270 409 1315 et
436 1276 560 1314 cum
588 1257 949 1313 delectatione
977 1255 1225 1310 homines
1254 1256 1625 1317 decantantes,
1668 1255 1738 1307 ita
1765 1261 1824 1306 ut

228 1367 291 1406 ea
324 1349 668 1418 iucunditate
701 1349 822 1403 sine
854 1347 1037 1401 labore
1065 1347 1133 1400 ad
1184 1347 1402 1417 propria
1432 1354 1757 1400 remearent.
1798 1364 1817 1395 ι

301 1440 527 1511 Mystice
551 1447 732 1492 autem
755 1438 882 1501 hoc,
904 1438 1046 1506 quod
1062 1435 1337 1499 Salomon,
1367 1434 1633 1504 completo
1661 1448 1824 1504 opere

232 1531 439 1601 templi,
488 1531 849 1586 festivitatem
885 1528 1153 1584 celebrem
1187 1529 1317 1584 fecit
1366 1538 1420 1583 et
1448 1530 1627 1583 omnis
1660 1528 1823 1583 Israel

232 1640 355 1678 cum
383 1640 473 1688 eo,
525 1622 814 1677 multitudo
841 1636 1034 1692 magna
1061 1621 1130 1675 ab
1164 1621 1392 1675 introitu
1424 1621 1621 1675 Emath
1651 1635 1823 1689 usque

1921 546 2040 599 qum
2080 530 2133 582 in
2160 530 2387 582 Domino
2430 528 2652 584 Christo
2689 528 2852 583 Pater
2903 528 3245 599 omnipotens
3275 531 3503 585 contulit

1919 619 2115 690 pepnlo
2140 619 2472 673 Christiano.

2537 707 2762 763 CAPUT
2801 707 2891 761 IX.

1923 801 2073 866 Quod
2124 799 2371 854 Salomon
2418 806 2530 867 post
2567 796 2965 867 u'di/icationem
3017 796 3193 865 templi
3238 805 3286 849 et
3319 797 3505 850 domus

1992 873 2124 940 regis
2154 864 2431 940 wdiﬁcavit
2454 867 2604 940 urbes
2640 864 2915 940 plurimas,
2954 875 3001 917 et
3022 864 3248 940 vicasqu
3268 884 3322 919 se
3347 869 3508 940 perti-

1992 936 2166 994 nentes
2204 939 2418 992 munivit
2445 939 2608 990 muris
2635 953 2652 1000 ;
2686 948 2732 988 et
2777 936 2841 988 de
2869 952 2928 988 eo
2953 936 3089 1005 quod
3111 936 3278 989 tribus
3310 936 3505 990 vicibus

1904 1065 1907 1068 _
1990 1027 2082 1079 per
2104 1026 2268 1062 annos
2285 1005 3126 1079 singulos‘o/ferebatholocausta,
3150 1015 3197 1079 et
3220 1006 3357 1079 quod
3371 1006 3507 1060 clas-

1990 1074 2095 1132 sem
2128 1077 2351 1131 instituit
2372 1074 2467 1129 ’σά
2496 1074 2793 1128 ducendum
2821 1091 3011 1127 aurum
3050 1075 3112 1127 de
3137 1074 3322 1144 Ophir.

1993 1169 2198 1238 (Carur
2231 1166 2330 1237 lx.)
2395 1184 2413 1217 ι
2460 1166 2619 1220 Dedit
2655 1181 2747 1219 rex
2782 1164 3036 1220 Salomon
3083 1166 3266 1220 lliram
3316 1168 3504 1238 viginti

1928 1278 1946 1309 ι
1991 1259 2186 1329 oppida
2236 1259 2289 1312 in
2318 1266 2462 1311 terra
2490 1255 2741 1310 Galilaea).
2790 1256 3163 1326 Egressusque
3193 1268 3275 1311 est
3318 1258 3506 1321 Hiram

1930 1370 1948 1402 ι
1995 1352 2060 1405 de
2090 1351 2248 1421 Tyro,
2304 1357 2364 1402 ut
2384 1349 2592 1403 videret
2617 1347 2813 1418 oppida
2858 1363 2977 1416 quae
3014 1349 3235 1403 dederat
3269 1352 3318 1404 ei
3352 1350 3505 1405 Salo—

1931 1464 1949 1496 ι
1996 1459 2155 1508 mou;
2184 1451 2233 1497 et
2281 1457 2388 1496 non
2423 1442 2741 1509 placuerunt
2764 1442 2834 1506 ei,
2870 1450 2924 1493 et
2947 1442 3023 1494 ait
3048 1454 3063 1494 :
3090 1440 3337 1497 llieccine
3382 1452 3511 1496 sunt

1931 1554 1950 1587 ι
1996 1535 2262 1596 civitates,
2315 1548 2450 1602 quas
2476 1532 2669 1587 dedisti
2701 1532 2855 1596 mihi,
2894 1530 3100 1585 frater?
3131 1532 3194 1585 Et
3223 1532 3512 1602 appellavit

1931 1650 1950 1682 ι
1995 1645 2111 1693 eas,
2135 1637 2277 1683 terra
2299 1626 2506 1682 Chabul
2534 1641 2704 1695 usque
2731 1626 2786 1678 in
2817 1626 2959 1681 diem
2988 1626 3150 1690 hanc,
3173 1614 3278 1679 etc.
3321 1644 3338 1675 ι
3403 1624 3511 1695 (Ea:

233 1715 298 1769 ad
330 1714 505 1769 rivum
536 1713 756 1784 Egypti
787 1728 970 1767 coram
1000 1712 1225 1767 Domino
1251 1712 1383 1777 Deo,
1426 1711 1692 1784 signiﬁcat
1741 1712 1821 1764 in-

1933 1720 2197 1792 Ioseplio.)
2229 1720 2303 1773 De
2326 1720 2427 1773 hoc
2452 1718 2716 1787 Josephus
2748 1718 2821 1770 ita
2860 1724 3084 1771 narrat:
3117 1736 3133 1767 ι
3158 1716 3378 1769 Multum
3415 1730 3512 1769 au-

237 1816 445 1860 ternum
498 1805 756 1876 gaudium
813 1812 1147 1870 sanctorum,
1208 1803 1350 1873 quod
1381 1819 1503 1858 cum
1550 1818 1676 1873 rege
1723 1817 1821 1857 suo

1933 1789 2060 1866 runt
2099 1818 2154 1866 et
2193 1817 2475 1879 argentum
2506 1807 2632 1878 Tyri
2672 1822 2764 1861 rex
2821 1808 2887 1861 ad
2928 1806 3213 1861 aediﬁcium
3262 1804 3510 1871 contulit,

232 1897 468 1959 Christo,
523 1910 652 1950 vero
681 1894 933 1950 videlicet
970 1894 1222 1960 Paciﬁco,
1278 1894 1669 1965 perpetualiter
1726 1894 1821 1947 ba-

230 1987 388 2052 beut;
418 2001 521 2041 nec.
546 2001 651 2039 non
679 1992 735 2039 et
765 1984 881 2039 loca
903 1984 1041 2055 ipsa,
1092 1985 1287 2054 quibus
1315 1985 1532 2041 termini
1565 1994 1721 2039 terra:
1744 1983 1821 2039 Is-

233 2079 341 2133 rael
363 2077 628 2148 descripti
657 2085 806 2143 sunt,
862 2077 1058 2132 Emath
1085 2077 1338 2132 videlicet
1390 2086 1445 2131 et
1475 2077 1624 2131 rivus
1654 2075 1822 2146 IEgy-

229 2171 326 2239 pti,
403 2169 536 2223 huic
586 2166 967 2238 s'gnificationi
1013 2182 1121 2222 non
1166 2167 1562 2223 contradicunt.
1624 2167 1819 2222 Emath

232 2260 373 2313 enim
423 2258 820 2327 interpretatur
864 2256 1077 2309 Domini
1120 2256 1334 2309 ueritas.
1391 2256 1459 2309 Et
1491 2257 1663 2310 rivum
1708 2256 1821 2310 sive

233 2356 533 2403 torrentem
581 2346 804 2417 Egypti
850 2360 1010 2416 quem
1062 2346 1256 2401 melius
1287 2345 1587 2416 intelligere
1631 2360 1821 2414 possu-

235 2456 367 2504 mus,
398 2454 570 2510 quam
592 2448 823 2492 mortem
850 2437 1234 2508 tempdralem?
1259 2437 1394 2503 Quia
1424 2437 1564 2491 hanc
1588 2436 1642 2490 in
1655 2434 1822 2506 Egy-

234 2539 342 2600 pto,
372 2529 429 2582 id
465 2536 572 2592 est,
601 2528 657 2581 in
692 2527 930 2582 tenebris
964 2528 1121 2582 istius
1148 2527 1334 2581 mundi
1371 2527 1672 2581 consistens
1704 2524 1820 2578 nul-

235 2619 312 2673 lus
358 2619 602 2672 evadere
647 2625 844 2687 potest,
901 2616 1169 2686 Propheta
1210 2624 1523 2680 attestante,
1574 2617 1666 2684 qui
1695 2615 1815 2669 ait:

238 2731 255 2761 ι
311 2709 447 2777 Quis
474 2718 559 2762 est
595 2708 759 2761 homo
787 2707 878 2776 qui
906 2706 1062 2771 vivit,
1113 2716 1167 2760 et
1212 2721 1317 2760 non
1349 2706 1549 2760 videbit
1589 2714 1818 2759 mortem

234 2798 402 2871 (Ρεαι.
444 2797 645 2869 xviii)?
684 2819 702 2849 ι
738 2795 887 2852 Unde
913 2800 976 2852 de
1021 2798 1138 2866 ipso
1171 2796 1463 2852 Mediatore
1509 2797 1601 2851 Dei
1647 2806 1700 2851 et
1727 2799 1822 2851 ho-

232 2889 435 2944 minum
473 2889 529 2942 in
555 2886 774 2941 Psalmo
820 2885 1083 2956 scriptum
1122 2893 1204 2941 est
1236 2904 1248 2941 :
1286 2903 1304 2936 ι
1354 2887 1430 2940 De
1480 2894 1718 2941 torrente
1767 2886 1819 2939 in

232 2981 314 3035 via
358 2981 537 3045 bibet,
582 2986 871 3048 propterea
918 2976 1177 3031 exaltabit
1215 2987 1376 3046 caput
1415 2975 1586 3047 (Psal.
1615 2976 1747 3047 cxx).
1797 2995 1815 3028 ι

235 3072 471 3128 Torrens
510 3069 617 3125 fuit
674 3069 981 3124 turbulenta
1033 3070 1339 3139 persecutio
1384 3067 1710 3133 Iudaeorum,
1758 3067 1824 3121 de

1920 1900 2142 1971 insuper
2194 1907 2249 1954 et
2273 1898 2417 1968 ligna
2440 1898 2661 1953 cedi-ina
2703 1905 2757 1951 et
2780 1897 3116 1969 cypressina,
3165 1912 3323 1966 quem
3359 1894 3512 1950 Salo-

1921 2002 2048 2042 mon
2095 2000 2310 2056 quoque
2368 1984 2579 2054 magnis
2629 1982 3161 2052 compensationibus
3209 1980 3510 2046 redonavit,

1919 2080 2142 2136 mittens
2178 2078 2229 2131 ci
2288 2091 2383 2147 per
2426 2090 2596 2129 annos
2627 2073 2865 2142 singulos
2922 2072 3182 2135 triticum,
3219 2070 3406 2123 vinum
3455 2078 3512 2123 et

1920 2171 2119 2233 oleum,
2164 2168 2359 2237 quibus
2381 2166 2617 2220 maxime
2646 2165 2831 2230 rebus,
2874 2179 2939 2219 eo
2974 2164 3117 2231 quod
3144 2161 3415 2216 habitaret
3456 2160 3512 2214 iu

1921 2261 2118 2326 insula,
2159 2261 2300 2315 sicut
2322 2257 2692 2328 prazdiximus,
2723 2256 3019 2326 indigebat.
3069 2255 3148 2308 Ad
3177 2255 3291 2309 lucc
3326 2262 3507 2307 autem

1921 2361 1977 2406 et
2027 2352 2277 2407 civitates
2306 2348 2537 2404 Galiireae
2565 2347 2821 2418 regionis,
2867 2346 3056 2416 viginti
3103 2360 3350 2410 numero,
3402 2360 3511 2399 non

1920 2444 2161 2513 procula
2189 2441 2333 2512 Tyro
2361 2440 2563 2509 positas
2591 2439 2932 2494 condonavit.
2964 2436 3107 2503 Quas
3130 2437 3256 2491 dum
3286 2436 3512 2491 circuis-

1924 2539 2006 2586 set
2056 2540 2218 2601 atque
2243 2528 2665 2593 considerasset,
2716 2527 3187 2597 displicuissetque
3210 2525 3259 2581 ei
3288 2526 3507 2587 donum,

1921 2622 2146 2676 mittens
2193 2620 2259 2673 ad
2311 2618 2675 2682 Salomonem,
2753 2617 2891 2670 dixit
2937 2629 2996 2670 se
3048 2615 3360 2671 civitatibus
3404 2629 3509 2668 non

1924 2728 2112 2784 egere;
2150 2719 2204 2766 et
2225 2726 2292 2765 ex
2324 2719 2448 2764 tunc
2492 2709 2574 2763 hae
2596 2708 2874 2779 appellatae
2904 2714 3029 2761 sunt
3065 2716 3209 2761 terra
3232 2704 3508 2770 Gabalon;

1923 2806 2125 2861 etenim
2185 2805 2594 2872 interpretatum
2651 2802 2833 2871 lingua
2868 2800 3162 2870 phmnicia,
3214 2800 3509 2869 displicere,

1925 2896 2211 2968 signiﬁcat.
2253 2916 2272 2947 ι
2318 2895 2423 2948 Sed
2450 2893 2666 2955 chabul,
2734 2893 2885 2962 quasi
2905 2908 3134 2962 germen,
3184 2891 3509 2960 interpreta-

1925 2987 2117 3041 tumin
2146 2985 2284 3039 libro
2310 2984 2658 3039 Hebrteorum
2685 2983 2962 3037 nominum
2993 2982 3317 3037 invenimus.
3366 2980 3510 3047 Quo-

1926 3078 2087 3133 modo
2142 3085 2325 3131 autem
2372 3075 2475 3129 hoc
2510 3088 2706 3127 nomen
2759 3071 3033 3141 displicere
3061 3069 3346 3141 signiﬁcet,
3406 3083 3511 3122 non

235 3179 331 3234 qua
352 3163 624 3218 Dominus
646 3160 895 3216 Christus
916 3159 1053 3214 bibit
1078 3160 1132 3214 in
1155 3159 1260 3225 via,
1282 3159 1334 3213 id
1355 3166 1457 3223 est,
1488 3159 1540 3212 in
1566 3159 1668 3213 hac
1688 3157 1819 3224 vita,

1933 3170 2255 3231 invenimus,
2301 3166 2404 3220 nisi
2426 3164 2567 3218 forte
2606 3179 2702 3233 per
2734 3162 2962 3216 ironiam
2987 3161 3190 3215 dictum
3216 3159 3307 3223 sit,
3356 3158 3510 3228 quasi

236 3258 356 3311 dum
389 3269 625 3325 corpore
660 3254 901 3323 pertulit.
931 3251 1038 3307 Sed
1065 3252 1213 3317 dum,
1271 3252 1327 3304 in
1353 3253 1458 3316 via,
1502 3251 1721 3316 dicitur,
1770 3250 1825 3304 in

236 3348 442 3403 Latinis
476 3347 809 3412 ostenditur,
836 3355 893 3402 et
921 3346 1293 3401 velocissimus
1324 3345 1585 3399 transitus
1614 3345 1824 3398 iudica-

240 3449 339 3505 tur,
381 3454 485 3509 per
505 3451 674 3506 quam
702 3436 1023 3490 itinerantes
1045 3435 1169 3491 vehi
1193 3434 1370 3490 solent
1397 3435 1464 3488 ad
1487 3433 1650 3487 aliam
1677 3448 1826 3486 nian-

241 3529 463 3584 siouem.
502 3527 756 3582 «Christo
788 3526 932 3579 enim
970 3545 988 3575 ι
1040 3536 1264 3596 propter
1295 3524 1542 3596 gloriosae
1570 3524 1825 3578 meritum

238 3617 504 3688 passionis
559 3634 578 3667 ι
622 3616 810 3671 datum
836 3623 920 3670 est
953 3630 1168 3679 nomen,
1219 3614 1363 3684 quod
1392 3621 1476 3668 est
1510 3628 1673 3683 supra
1710 3628 1827 3668 om-

239 3722 301 3763 ne
325 3722 554 3772 nomen,
606 3713 669 3759 ut
696 3704 750 3758 in
782 3704 999 3758 nomine
1026 3703 1143 3774 ejus
1195 3715 1354 3758 omne
1388 3716 1529 3773 genu
1577 3700 1827 3756 ﬂectatur

242 3797 563 3860 ctelestium,
617 3794 959 3849 terrestrium
1010 3803 1064 3847 et
1092 3792 1429 3848 infernorum
1465 3790 1818 3865 (Philip.u).i

241 3889 423 3944 Omnis
447 3904 581 3958 ergo
607 3886 776 3941 Israel
827 3902 857 3939 a
885 3888 1002 3941 rivo
1041 3884 1256 3956 [Egypti
1302 3900 1471 3955 usque
1494 3885 1694 3940 Emath
1742 3883 1824 3938 fe-

242 3989 379 4035 stum
426 3979 648 4035 celebre
692 3994 818 4034 cum
846 3978 1133 4033 Salomone
1168 3977 1317 4042 facit,
1378 3976 1595 4046 quando
1650 3974 1826 4029 sancti

239 4080 355 4141 post
383 4070 549 4126 ﬁnem
576 4070 868 4140 przesentis
891 4070 1014 4125 vitae
1058 4069 1325 4124 veraciter
1363 4067 1582 4123 aeternis
1616 4065 1825 4137 gaudiis

240 4180 356 4218 cum
387 4162 624 4218 Domino
651 4160 866 4216 Christo
918 4160 1288 4231 perfruuntur.
1334 4159 1487 4227 Quod
1526 4166 1705 4213 autem
1740 4172 1825 4212 se-

236 4266 379 4325 ptem
425 4264 482 4310 et
510 4261 718 4324 septem
748 4252 941 4308 diebus
978 4253 1223 4307 eamdem
1267 4251 1615 4306 festivitatem
1676 4248 1822 4303 cele-

238 4347 492 4411 brabant,
549 4342 859 4415 signiﬁcare
885 4350 1064 4414 potest
1095 4343 1237 4412 quod
1262 4343 1419 4398 electi
1447 4358 1547 4413 per
1575 4341 1826 4411 septifor-

237 4454 377 4491 mem
432 4436 673 4505 Spiritus
704 4436 878 4491 sancti
923 4436 1155 4505 gratiam
1205 4434 1514 4498 illuminati,
1563 4434 1723 4488 modo
1768 4434 1822 4488 in

1926 3277 2155 3332 germen,
2206 3273 2328 3313 cum
2361 3254 2747 3326 plenitudinem
2775 3253 3045 3306 fructuum
3077 3267 3182 3305 non
3215 3245 3455 3304 afferret.

2005 3369 2022 3401 ι
2079 3347 2395 3403 Ᾰὲᾱίῦειιγὶι
2425 3359 2555 3414 ergo
2601 3342 2859 3398 Salomon
2907 3342 3101 3407 Gaser,
3153 3349 3206 3394 et
3238 3339 3510 3392 Bethoron

1933 3463 1950 3493 ι
2015 3439 2348 3502 inferiorem,
2394 3445 2449 3492 et
2474 3435 2699 3490 Baalath
2728 3442 2783 3490 et
2810 3434 3099 3488 Palmiram
3129 3434 3181 3486 in
3215 3441 3359 3487 terra
3389 3432 3518 3487 soli-

1935 3552 1953 3585 ι
2001 3533 2222 3597 tudinis,
2263 3538 2319 3583 et
2354 3543 2545 3583 omnes
2578 3528 2726 3582 vicos
2753 3528 2842 3596 qui
2872 3526 2941 3581 ad
2967 3541 3025 3579 se
3052 3525 3413 3595 pertinebant,
3455 3532 3511 3578 et

1933 3642 1951 3675 ι
1994 3639 2114 3693 qua:
2135 3629 2292 3676 erant
2338 3621 2542 3689 absque
2566 3634 2741 3682 muro,
2800 3616 3047 3679 munivit,
3104 3624 3209 3670 etc.
3271 3634 3289 3666 ι
3337 3613 3511 3669 Urbes

1927 3729 2079 3780 vero,
2131 3728 2267 3782 quas
2317 3709 2614 3766 aediﬁcasse
2665 3707 2918 3762 Salomon
2975 3707 3191 3772 dicitur,
3254 3706 3357 3760 hoc
3405 3713 3511 3769 est,

1926 3805 2083 3860 Melle
2111 3812 2166 3858 et
2180 3817 2392 3858 murum
2408 3799 2732 3863 Jerusalem,
2764 3799 2921 3863 Ezer,
2940 3796 3216 3866 Mageddo,
3244 3803 3300 3849 et
3319 3792 3514 3859 Gazer,

1930 3896 2228 3960 Bcthoron,
2273 3893 2520 3957 Baalath,
2569 3900 2624 3947 et
2644 3891 2955 3954 Palmiram,
3011 3897 3212 3942 sancta:
3256 3886 3512 3942 Ecclesiae

1926 3988 2178 4045 decorem
2208 3986 2535 4057 significant,
2582 3999 2743 4053 quam
2766 3997 2927 4037 verus
2955 3981 3211 4036 Salomon
3238 3981 3292 4035 in
3312 3979 3512 4048 jucun-

1928 4079 2096 4133 ditate
2122 4076 2272 4147 regni
2301 4075 2384 4129 sui
2423 4074 2489 4128 ad
2516 4072 2729 4127 Iaudem
2773 4080 2829 4126 et
2858 4072 3241 4142 sempiternam
3270 4069 3514 4125 laetitiam

1927 4169 2027 4224 sibi
2057 4166 2399 4237 praeparavit.
2427 4165 2818 4233 Interpretatur
2846 4172 3028 4217 autem
3072 4162 3227 4217 Melle
3254 4160 3513 4231 adimple—

1925 4260 1998 4312 tio
2012 4275 2031 4323 ;
2063 4257 2531 4326 Ezer,separatus,
2564 4253 2648 4307 vel
2668 4252 3063 4321 sanctiﬁcatus;
3095 4251 3374 4323 Mageddo,
3412 4266 3514 4304 coa-

1929 4348 2177 4403 naculum
2208 4347 2358 4417 ejus;
2381 4345 2576 4410 Gazer,
2631 4345 2893 4414 prwcisio,
2942 4344 3027 4398 vel
3056 4344 3276 4406 divisio;
3308 4341 3509 4397 Bethe-

1930 4456 2049 4504 rou,
2083 4439 2271 4492 domus
2299 4437 2588 4500 montium;
2616 4446 2671 4489 et
2698 4433 2922 4487 Baalath
2948 4432 3230 4487 ascendens
3252 4432 3517 4500 interpre-

239 4527 336 4581 hac
364 4527 499 4590 vita,
543 4540 665 4595 quae
696 4526 1005 4595 septenario
1038 4540 1264 4580 numero
1297 4525 1503 4580 dierum
1544 4524 1822 4588 discurrit.
1850 4526 1903 4586 D
1931 4538 2094 4586 tatur.
2129 4528 2327 4583 Sancta
2354 4541 2482 4597 ergo
2507 4525 2748 4580 Ecclesia
2775 4524 2891 4592 ipsa
2923 4542 2940 4573 ι
2993 4522 3185 4577 civitas
3211 4520 3308 4574 Dei
3331 4520 3438 4574 vivi
3488 4538 3508 4572 ι

238 4618 473 4689 gaudent
502 4618 555 4671 in
587 4631 705 4687 spe,
737 4624 794 4671 et
824 4624 936 4670 tum
970 4617 1025 4670 in
1047 4615 1274 4671 sabbato
1303 4630 1452 4679 vero,
1490 4619 1596 4669 hoc
1624 4622 1729 4678 est,
1765 4613 1819 4667 in

239 4713 417 4764 futura
454 4708 761 4762 animarum
794 4707 978 4776 requie
1007 4706 1316 4776 gaudebunt
1345 4706 1401 4760 in
1431 4705 1600 4775 ipsius
1627 4704 1824 4758 verita-

240 4801 307 4855 tis
334 4799 706 4869 perceptione.
737 4796 890 4864 Quod
919 4805 1096 4851 autem
1128 4797 1395 4865 sequitur,
1427 4794 1480 4848 in
1511 4795 1598 4849 die
1628 4802 1823 4849 octavo

238 4889 496 4944 Salomon
524 4886 799 4943 dimisisse
832 4885 1109 4954 p0pulum,
1154 4885 1247 4955 qui
1287 4885 1668 4939 benedicentes
1708 4884 1820 4953 regi

236 4979 465 5050 profecti
488 4986 615 5032 sunt
637 4976 834 5046 singuli
858 4976 911 5029 in
938 4975 1280 5031 tabernacula
1316 4990 1410 5029 sua
1440 4975 1684 5029 laetantes
1713 4975 1826 5028 ala-

239 5072 316 5126 cri
342 5070 509 5125 corde
537 5083 700 5137 super
719 5067 973 5143 omnibus
1002 5066 1159 5121 bouis
1186 5082 1309 5136 quae
1336 5066 1539 5121 fecerat
1562 5066 1824 5122 Dominus

238 5165 412 5220 David
438 5178 598 5219 servo
623 5178 742 5225 suo,
777 5170 832 5216 et
860 5161 1023 5215 Israel
1046 5160 1244 5231 populo
1264 5174 1387 5224 suo,
1416 5159 1684 5228 signiﬁcat
1707 5168 1831 5229 post

237 5260 403 5313 finem
432 5258 589 5312 istius
611 5257 755 5322 vitae,
806 5264 1035 5327 postque
1077 5257 1469 5310 sabbatismum
1521 5257 1824 5309 animarum

236 5357 577 5414 sanctarum,
630 5362 751 5417 quae
792 5361 937 5400 nunc
975 5345 1262 5413 quiescunt
1294 5357 1420 5399 ante
1449 5345 1592 5399 diem
1616 5344 1825 5415 judicii,

237 5445 290 5499 in
313 5454 504 5497 octava
532 5451 716 5507 rotate,
772 5442 873 5495 hoc
899 5449 1003 5504 est,
1051 5441 1102 5494 in
1134 5441 1219 5495 die
1242 5440 1654 5494 resurrectionis
1691 5456 1821 5493 san-

237 5549 357 5591 ctos
383 5544 697 5605 recepturos
724 5548 953 5602 corpora
977 5532 1322 5595 immortalia,
1373 5540 1427 5587 et
1453 5532 1507 5585 in
1532 5532 1824 5586 mansioni—

238 5630 342 5683 bus
364 5627 680 5683 caelestibus
706 5629 951 5694 quosque
972 5625 1265 5678 secundum
1288 5626 1565 5678 beatorum
1593 5623 1823 5692 qualita-

241 5729 321 5779 tcs
350 5720 713 5779 collocandos.
768 5715 859 5770 ubi
892 5729 1104 5783 semper
1154 5714 1317 5768 alacri
1345 5713 1508 5768 corde
1550 5714 1817 5780 laetentur,

1935 4633 2020 4678 est
2047 4620 2233 4694 (Hebr.
2262 4620 2386 4692 xu),
2413 4619 2504 4674 ubi
2536 4617 2792 4686 impletur
2821 4615 3060 4685 quotidie
3108 4613 3202 4666 Dei
3242 4611 3509 4666 voluntas.

1935 4714 2063 4769 Ilaec
2095 4720 2345 4782 separata
2369 4710 2594 4764 abomni
2621 4723 2809 4763 errore
2836 4705 3150 4767 inﬁdelium.
3182 4704 3514 4760 sanctificata

1932 4815 2017 4860 est
2047 4806 2100 4859 in
2130 4804 2234 4858 ﬁde
2284 4812 2340 4856 et
2370 4803 2524 4857 bonis
2547 4800 2818 4869 Oper-ibus.
2882 4797 2958 4851 Ibi
3000 4796 3220 4851 refectio
3256 4796 3515 4849 virtutum

1933 4905 2045 4960 est;
2076 4895 2192 4948 ilth
2222 4891 2483 4947 discernit
2518 4890 2778 4944 mundum
2805 4889 2872 4943 ab
2899 4887 3196 4949 immundo,
3231 4885 3457 4939 virtutes
3482 4899 3514 4937 a

1928 4989 2106 5050 vitiis;
2137 4995 2192 5040 et
2219 4986 2410 5039 domus
2439 4991 2523 5037 est
2540 4983 2825 5044 montium,
2874 4981 2926 5035 id
2957 4991 3060 5044 est,
3095 4979 3354 5033 habitatio
3389 4993 3515 5032 san-

1929 5088 2162 5140 ctorum,
2194 5088 2250 5130 et
2275 5074 2485 5130 fructus
2504 5073 2749 5142 iustitiae,
2767 5073 2907 5127 sicut
2929 5070 3125 5141 palma,
3154 5070 3350 5124 florens
3386 5088 3403 5120 ι
3433 5085 3515 5124 as-

1927 5169 2109 5225 cendit
2139 5168 2205 5221 de
2232 5167 2433 5219 virtute
2462 5165 2515 5218 in
2557 5165 2830 5227 virtutem,
2861 5170 2920 5215 ut
2948 5162 3192 5216 videatur
3221 5161 3363 5216 Deus
3388 5161 3514 5215 deo-

1931 5277 2049 5314 rum
2080 5260 2133 5312 in
2158 5258 2290 5313 Sion
2321 5256 2493 5329 (Psal.
2522 5263 2772 5326 cxxxiii).
2822 5273 2841 5306 ι
2903 5253 3101 5308 Omnes
3126 5253 3293 5316 vicos,
3321 5252 3412 5321 qui
3444 5252 3512 5305 ad

1927 5367 1984 5405 se
2016 5351 2378 5419 pertinebant,
2416 5360 2470 5402 et
2501 5362 2622 5416 qua:
2655 5354 2810 5400 erant
2838 5345 3040 5414 absque
3071 5360 3248 5407 muro,
3282 5341 3511 5396 munivit

1932 5439 2209 5503 Salomon,
2256 5438 2381 5509 quia
2407 5437 2657 5493 Christus
2684 5444 2858 5490 ccetus
2882 5434 3114 5489 ﬁdelium
3142 5448 3358 5487 suorum
3387 5445 3512 5499 gra-

1932 5534 2018 5586 ti:e
2044 5548 2155 5586 sua:
2188 5531 2520 5601 protectione
2552 5530 2627 5583 ita
2656 5527 2903 5592 munivit,
2939 5535 2996 5580 ut
3027 5526 3269 5580 hostibus
3292 5523 3509 5581 snirita-

1930 5621 2069 5675 libus
2101 5620 2493 5688 iusupcrabiles
2521 5634 2733 5687 semper
2757 5617 3054 5671 existerent

2005 5733 2021 5766 ι
2072 5714 2388 5769 Universum
2418 5712 2691 5780 pupulum,
2723 5710 2813 5778 qui
2844 5712 3177 5762 remanserat
3220 5704 3282 5760 de
3311 5702 3502 5758 Amor-
