3912 6160
369 360 464 416 191

1005 356 1064 409 Β.
1110 350 1362 406 RABANI
1401 346 1618 402 MAURI
1652 342 1966 399 ARCIIlEP.
2010 343 2316 400 MOGUNT.
2357 342 2642 400 OPERUM
2678 338 2858 396 PARS
2898 336 2938 391 I.

3152 101 3179 113 ν

3186 190 3291 231 ιἰί

3128 256 3139 283 ὅ

3496 337 3603 395 199

368 494 386 525 ι
435 474 615 538 rhmis,
647 481 703 527 et
726 472 791 527 de
812 468 1064 530 Cethaais,
1096 474 1150 519 et
1184 462 1503 525 Phoroneis,
1534 467 1589 512 et
1621 456 1847 520 llevmis,
1872 464 1926 508 ct
1955 463 2001 520 Α
2028 458 2289 527 quidquid
2315 459 2367 511 in
2398 457 2536 537 bona
2560 454 2891 524 operatione,
2931 450 3190 521 quidquid
3215 410 3604 522 in‘gratiarum

366 583 385 614 ι
429 560 707 627 Jebusmis,
750 560 841 630 qui
871 573 977 612 non
1009 563 1134 609 sunt
1169 552 1236 606 de
1266 551 1392 604 ﬁliis
1419 547 1602 611 Israel,
1642 547 1830 600 horum
1869 542 1932 595 ﬁ-

365 675 388 707 ί
435 655 553 719 lios,
610 655 698 723 qui
728 655 1098 706 remanserant
1124 646 1179 698 in
1208 652 1377 706 terra,
1417 654 1551 709 quos
1580 637 1786 691 scilicet
1822 649 1932 689 non

370 765 388 795 ‹
430 751 681 813 poterant
728 740 823 794 ﬁlii
877 734 1042 791 Israel
1070 731 1453 792 exterminare,
1508 723 1634 780 fecit
1681 723 1933 777 Salomon

366 853 384 883 ι
431 832 746 887 tributarios
783 844 950 896 usque
998 829 1050 882 in
1098 828 1240 882 diem
1284 825 1440 878 hanc.
1491 821 1565 874 De
1595 818 1718 872 ﬁliis
1756 826 1936 871 autem

366 940 388 976 ι
433 923 596 977 Israel
620 938 725 976 non
754 919 1033 975 constituit
1068 917 1321 971 Salomon
1350 912 1553 968 servire
1582 922 1931 979 quemquam,

368 1035 387 1065 ι
430 1016 524 1070 scd
550 1021 707 1068 erant
732 1014 832 1067 viri
862 1011 1143 1065 bellatores
1181 1016 1237 1060 et
1272 1004 1499 1060 ministri
1521 999 1658 1068 ejus,
1709 1007 1762 1053 et
1788 996 1937 1067 prin-

368 1126 385 1156 ι
432 1106 597 1174 cipes,
648 1116 703 1157 et
725 1104 908 1158 duces.
967 1122 985 1152 ι
1038 1099 1357 1154 Universum
1386 1093 1659 1163 populum,
1713 1089 1803 1158 qui
1830 1103 1935 1141 non

362 1197 579 1250 fuerunt
604 1197 669 1249 de
696 1194 820 1248 ﬁliis
839 1192 1023 1257 Israel,
1057 1190 1188 1245 fecit
1213 1189 1476 1243 I’aciticus
1503 1194 1687 1240 noster
1705 1182 1981 1267 tributam,

361 1291 491 1357 rios,
528 1305 649 1343 cum
675 1304 789 1351 eos,
818 1287 910 1356 qui
943 1302 1046 1340 non
1072 1291 1195 1339 sunt
1222 1283 1277 1336 in
1307 1280 1536 1335 ﬁliorum
1567 1290 1814 1338 numero,
1845 1271 2005 1326 sedx

362 1382 417 1435 in
443 1380 622 1435 servili
645 1379 948 1441 conditione
972 1375 1151 1445 positi,
1199 1374 1252 1426 in
1274 1378 1539 1442 potestate
1553 1383 1649 1422 sua
1676 1365 1935 1425 continet,

361 1482 415 1525 et
446 1470 671 1540 singulis
692 1470 859 1523 utitur
883 1468 949 1522 ad
976 1464 1253 1536 proprium
1282 1460 1582 1516 servitium.
1638 1456 1764 1511 Sive
1794 1453 1937 1508 enim

360 1559 554 1624 Judtni,
587 1559 700 1614 sive
727 1557 973 1628 gentiles,
1003 1556 1116 1609 sive
1143 1553 1405 1615 haeretici,
1427 1548 1542 1618 ejus
1577 1544 1939 1602 dominatione

369 1650 697 1714 consistunt,
724 1649 850 1717 quia
873 1647 988 1716 ipse
1013 1645 1386 1699 universorum
1412 1640 1718 1695 dominator
1745 1644 1848 1701 est,
1883 1643 1939 1689 et

364 1762 447 1817 eis
485 1761 661 1815 utitur
700 1762 765 1814 ad
802 1774 959 1815 suam
1002 1758 1331 1813 voluntatem
1368 1756 1511 1829 (Act.
1540 1753 1656 1826 xx).
1685 1754 1745 1809 In
1776 1754 1936 1824 cujus

366 1852 647 1905 voluntate
707 1850 958 1904 universa
1013 1860 1143 1904 sunt
1207 1848 1405 1914 posita,
1460 1857 1513 1902 et
1562 1863 1667 1900 non
1718 1856 1803 1900 est
1846 1846 1942 1915 qui

370 1937 544 2004 possit
570 1935 829 1989 resistere
853 1932 1121 1986 voluntati
1155 1934 1296 2002 eius.
1326 1931 1487 1985 Tales
1514 1931 1642 1985 licet
1665 1931 1720 1985 in
1753 1930 1943 1984 multis

370 2020 934 2084 adversantur,tamen
956 2016 1268 2087 frequenter
1282 2016 1476 2069 usibus
1490 2014 1735 2069 serviunt
1757 2013 1943 2069 Eccle-

298 2096 309 2101 ’
369 2101 486 2166 site,
511 2116 634 2154 cum
674 2102 725 2153 in
759 2101 1010 2169 praesenti
1045 2108 1291 2166 tempore
1323 2098 1634 2152 necessaria
1671 2098 1942 2162 tribuunt,

370 2193 425 2237 et
465 2184 532 2237 de
567 2183 728 2238 rebus
776 2184 893 2238 suis
934 2183 1126 2237 solatia
1178 2183 1445 2252 pra-bent.
1477 2181 1551 2234 De
1588 2180 1713 2234 liliis
1761 2191 1944 2236 autem

370 2274 556 2340 Israel,
580 2274 683 2327 hoc
712 2282 814 2337 est,
843 2273 937 2342 qui
974 2288 1081 2327 non
1110 2271 1320 2325 ancilla:
1345 2270 1436 2323 lilii
1461 2279 1611 2334 sunt,
1644 2272 1739 2325 sed
1763 2269 1944 2336 liberi,

371 2378 510 2432 quos
547 2363 664 2433 ipse
697 2362 865 2416 Filius
899 2363 993 2415 Dei
1033 2364 1302 2431 sanguine
1327 2374 1432 2414 suo
1462 2360 1712 2415 liberavit
1740 2357 1946 2429 (σκιαί.

367 2460 423 2503 Iv
460 2458 474 2515 )
502 2487 517 2511 ,
545 2462 651 2500 non
683 2445 971 2499 constituit
1002 2444 1264 2497 Salomon
1294 2434 1483 2497 noster
1515 2443 1725 2498 servire
1752 2458 1945 2512 quent-

369 2546 571 2599 quam,
602 2528 729 2596 quia
764 2527 1034 2579 neminem
1068 2526 1211 2595 cogit
1247 2526 1353 2580 ritu
1380 2526 1569 2597 gentili
1604 2526 1810 2589 vivere,
1848 2542 1944 2581 ne-

372 2614 573 2666 minem
589 2609 948 2666 caeremonias
966 2610 1166 2665 veteris
1187 2610 1318 2679 legis
1334 2611 1671 2678 temporibus
1695 2609 1823 2665 novi
1839 2620 1948 2665 tes-

372 2703 599 2757 tamenti
616 2714 837 2756 scrvare
856 2699 981 2767 ;sed
1009 2699 1154 2755 viros
1172 2700 1464 2755 bellatores
1487 2715 1631 2765 esse,
1651 2701 1743 2770 qui
1758 2710 1951 2756 contra

371 2794 647 2864 spiritales
672 2792 943 2862 nequitias
974 2802 1129 2847 scuto
1163 2790 1287 2849 ﬁdei
1324 2802 1378 2846 et
1405 2792 1585 2861 gladio
1613 2792 1845 2860 spiritus
1869 2793 1949 2849 di-

372 2887 575 2939 micent
604 2884 820 2956 (Eplm.
847 2888 923 2955 vt)
951 2900 966 2953 ;
1001 2893 1055 2941 et
1083 2884 1369 2940 ministros
1392 2898 1525 2940 suos
1553 2882 1691 2949 ﬁeri,
1715 2883 1820 2939 hoc
1841 2893 1948 2950 est,

372 2976 619 3045 spiritale
642 2977 965 3046 obsequium
997 2976 1051 3033 in
1084 2976 1242 3033 bonis
1263 2976 1531 3046 operibus
1560 2974 1665 3031 sibi
1707 2977 1951 3045 praebere

372 3068 673 3139 (Itam.x.t);
698 3077 750 3124 et
767 3069 1041 3140 principes
1061 3077 1114 3124 et
1128 3066 1585 3138 judices,scilicet
1610 3066 1824 3122 utbene
1841 3067 1947 3123 sibi

2035 548 2247 600 actione
2274 546 2533 609 elaborat,
2584 545 2787 614 justum
2816 550 2902 597 est
2947 548 3006 595 ut
3031 547 3201 595 totum
3260 541 3315 595 in
3338 543 3606 598 suavitate

2035 632 2269 702 Spiritus
2282 632 2455 687 sancti
2478 630 2668 686 oﬂ‘erat
2683 630 2811 685 Deo.
2843 628 3042 697 Sicque
3067 628 3299 685 adolebit
3315 630 3607 700 thymiama

2034 736 2219 775 coram
2264 721 2513 784 Domino,
2561 719 2777 788 quando
2799 718 3100 773 orationem
3120 731 3310 785 puram
3328 717 3396 773 ,in
3428 718 3609 774 cordis

2034 819 2243 864 secreto
2280 816 2547 879 praeparat
2577 810 2708 873 Deo,
2759 816 2813 862 et
2835 822 2900 862 ea
2927 822 3047 876 qum
3069 808 3371 879 suntdigna
3416 818 3472 863 et
3499 808 3610 863 Deo

2035 899 2229 968 placita
2253 899 2505 970 postulat.
2551 898 2816 953 Caeterum
2853 898 2944 967 qui
2974 898 3285 952 transitoria
3312 899 3506 968 poscit,
3554 908 3611 954 et

2036 1004 2154 1057 qua:
2187 989 2255 1043 ad
2284 989 2465 1043 ιωωω
2494 988 2671 1043 seculi
2699 987 2988 1058 pertinent,
3034 1003 3140 1042 non
3171 1004 3353 1043 coram
3380 990 3610 1044 Domino

2036 1084 2252 1138 adolere
2305 1083 2599 1153 thymiama
2642 1082 2856 1147 dicitur,
2907 1081 3033 1150 quia
3064 1096 3172 1136 non
3210 1082 3262 1137 in
3291 1097 3423 1152 pura
3474 1097 3608 1138 con-

1984 1173 2260 1248 “scicntia
2288 1188 2446 1226 orare
2470 1170 2864 1239 comprobatur.

2113 1282 2130 1312 ‹
2175 1261 2414 1317 Classem
2449 1274 2663 1329 quoqne
2712 1258 2841 1313 fecit
2870 1258 3122 1314 Salomon
3170 1259 3223 1313 in
3254 1259 3607 1330 Asiongaher,

2044 1370 2061 1400 ι
2107 1366 2226 1418 qum
2244 1358 2325 1403 est
2347 1348 2501 1418 juxta
2521 1348 2700 1402 Ailath
2729 1348 2781 1402 in
2808 1348 2986 1402 littore
3010 1349 3175 1403 maris
3200 1349 3368 1403 llubri
3393 1349 3444 1402 in
3464 1357 3611 1403 terra

2046 1462 2063 1493 ι
2110 1443 2359 1496 ldumaza.
2414 1439 2662 1508 Misitque
2684 1439 2868 1494 Hiram
2898 1439 2951 1493 in
2977 1439 3148 1494 classe
3168 1439 3255 1493 illa
3276 1455 3460 1494 servos
3483 1456 3612 1494 suos

2046 1552 2063 1584 ι
2109 1533 2254 1587 viros
2301 1531 2546 1587 nauticos
2589 1541 2642 1587 et
2667 1545 2863 1600 gnaros
2890 1529 3055 1584 maris
3113 1545 3236 1583 cum
3267 1530 3438 1584 servis
3460 1527 3614 1583 Salo-

2046 1640 2065 1673 (
2108 1622 2301 1677 monis.
2333 1621 2581 1688 Quicum
2608 1621 2880 1674 venissent
2910 1619 2963 1673 in
2980 1617 3167 1688 Ophir,
3191 1628 3461 1687 sumptum
3487 1618 3614 1674 inde

2047 1731 2064 1762 ι
2109 1726 2299 1765 aurum
2342 1711 2856 1781 quadringentorum
2878 1708 3067 1778 viginti
3093 1707 3410 1763 talentorum
3455 1707 3610 1762 detu-

1965 1805 2012 1863 B
2046 1822 2062 1853 ι
2108 1801 2286 1855 lerunt
2338 1800 2407 1856 ad
2453 1814 2634 1870 regem
2701 1797 3060 1853 Salomonem.
3120 1817 3138 1850 ι
3212 1796 3321 1865 (Ex
3366 1795 3612 1868 Hieron.)

2035 1892 2366 1962 Asiongaber
2400 1889 2572 1945 fertur
2596 1905 2716 1964 esse
2760 1888 2958 1953 insula,
2994 1888 3137 1943 haud
3159 1886 3347 1958 procul
3397 1888 3465 1940 ab
3493 1887 3613 1941 Aila

2037 1985 2089 2039 in
2116 1983 2296 2038 Rubro
2318 1983 2474 2048 mari,
2495 1982 2588 2037 ubi
2610 1980 2796 2036 classis
2817 1979 3073 2053 Josaphat
3097 1980 3255 2048 hujus
3281 1978 3617 2049 tempestatis

2037 2076 2218 2131 attrita
2243 2081 2346 2130 est.
2402 2073 2570 2142 Opltir
2619 2080 2797 2135 autem
2846 2085 3043 2126 nomen
3074 2079 3159 2125 est
3193 2070 3504 2140 provincim,
3546 2086 3617 2125 ex

2038 2164 2227 2233 Ophir,
2266 2180 2374 2218 uno
2404 2164 2471 2217 de
2515 2162 2749 2232 posteris
2782 2160 2941 2223 Eher,
3011 2160 3309 2225 nominata,
3350 2165 3417 2215 dc
3459 2160 3615 2230 cujus

2037 2258 2204 2325 stirpe
2224 2257 2525 2318 venientes,
2557 2269 2588 2307 a
2618 2251 2779 2307 ﬂuvio
2801 2252 3019 2317 Rasum,
3049 2268 3217 2322 usque
3239 2252 3308 2307 ad
3337 2254 3614 2324 regionem

2036 2346 2203 2410 Iudas,
2237 2360 2357 2415 quae
2382 2352 2601 2399 vocatur
2628 2342 2833 2407 Hieria,
2869 2343 3140 2398 habitasse
3173 2342 3501 2404 referuntur,
3557 2350 3618 2396 ut

2037 2436 2299 2507 Iosephus
2313 2444 2513 2489 narrat.
2530 2433 2769 2489 Classem
2794 2434 2997 2504 itaque,
3017 2448 3179 2503 quam
3205 2431 3335 2486 fecit
3354 2430 3610 2486 Salomon

2040 2529 2094 2582 in
2122 2528 2456 2597 Asiongaher
2485 2527 2645 2599 (quae,
2675 2527 2998 2596 festinantes,
3048 2531 3140 2579 aut
3168 2524 3346 2595 fortes,
3397 2523 3511 2578 sive
3539 2523 3617 2577 ei-

2041 2617 2207 2673 rili‘ter
2233 2617 2640 2689 interpretatur)
2688 2634 2795 2671 non
2819 2617 2981 2672 aliam
3003 2631 3123 2672 esse
3145 2623 3294 2686 puto,
3332 2629 3490 2683 quam
3514 2613 3619 2668 Ec-

2039 2709 2261 2764 clesium
2311 2708 2572 2773 ﬁdelium,
2617 2724 2737 2777 quae
2766 2709 2818 2763 in
2846 2708 2983 2762 mari
3010 2708 3167 2763 istius
3192 2706 3375 2761 mundi
3413 2705 3613 2776 posita,

2041 2799 2280 2855 studium
2315 2799 2573 2867 impendit
2626 2798 2910 2855 thesauros
2949 2796 3224 2867 sapientiae
3263 2803 3318 2850 et
3356 2794 3615 2859 scientiae,

2040 2904 2276 2960 opesque
2305 2890 2567 2945 virtutum
2604 2891 2902 2959 acquirere.
2954 2885 3031 2947 Ibi
3052 2897 3180 2943 sunt
3218 2887 3358 2944 servi
3406 2885 3616 2952 Hiram,

2040 2980 2142 3033 viri
2184 2979 2385 3034 nautici
2425 2987 2481 3034 et
2511 2979 2660 3050 gnari
2694 2979 2860 3035 maris
2894 2993 3018 3033 cum
3067 2977 3242 3032 servis
3276 2973 3616 3038 Salomonis;

2042 3070 2171 3124 dum
2204 3070 2430 3141 gentiles
2451 3071 2695 3127 saeculari
2717 3071 2983 3140 sapientia
3016 3069 3210 3125 eruditi
3244 3083 3367 3123 cum
3397 3067 3483 3121 his
3523 3065 3615 3136 qui
3706 3118 3721 3129 κ

362 3185 756 3257 principentur,
797 3194 852 3238 ct
881 3182 1061 3237 carnis
1090 3181 1369 3235 lasciviam
1406 3180 1627 3234 dement
1670 3178 1815 3250 (Gal.
1848 3176 1938 3249 v);

2048 3160 2099 3214 in
2126 3161 2242 3233 lege
2279 3160 2477 3233 Moysis
2515 3161 2675 3232 periti
2695 3167 2821 3217 sunt
2855 3161 2911 3214 in
2935 3160 3144 3214 unitate
3168 3158 3291 3212 ﬁdei
3316 3156 3616 3211 sociantur.

365 3277 481 3330 sive
513 3282 572 3327 ut
601 3275 846 3329 subditos
867 3273 968 3327 sibi
1012 3272 1147 3326 bene
1170 3278 1361 3340 regant
1399 3277 1453 3324 et
1482 3268 1537 3323 in
1560 3268 1750 3323 semita
1782 3266 1942 3336 justi-

363 3368 453 3420 tite
474 3366 696 3441 ducant.
722 3363 873 3429 Quod
891 3371 1068 3416 autem
1090 3362 1335 3430 sequitur
1361 3378 1375 3412 :
1406 3378 1425 3412 ι
1472 3360 1639 3413 Erant
1666 3357 1942 3427 principes

370 3476 390 3507 ι
437 3471 600 3524 super
622 3455 800 3509 omnia
820 3468 983 3522 opera
1022 3451 1326 3505 Salomonis
1362 3449 1636 3520 praepositi
1665 3448 1942 3518 quingenti

369 3569 386 3599 ι
433 3545 844 3617 quinquaginta,
894 3543 985 3614 qui
1012 3543 1281 3597 habebant
1325 3541 1622 3610 subjectum
1667 3540 1942 3611 populum,

368 3661 387 3693 ι
428 3648 482 3695 ct
511 3639 726 3693 statutis
754 3637 1007 3706 operibus
1034 3634 1393 3705 imperabant,
1435 3654 1454 3684 ι
1502 3632 1631 3701 quid
1652 3631 1940 3702 signiﬁcat,

362 3731 466 3786 nisi
503 3729 649 3799 quod
683 3729 735 3782 hi
765 3726 853 3797 qui
894 3726 1129 3795 Spiritus
1156 3725 1331 3779 sancti
1362 3724 1535 3792 gratia
1569 3722 1702 3791 legis
1732 3720 1944 3775 Domini

363 3821 647 3877 scientiam
693 3818 892 3873 habere
941 3825 1234 3877 merentur,
1263 3818 1340 3868 ‘et
1371 3813 1691 3881 semetipsos
1733 3820 1789 3866 et
1807 3811 1945 3865 alios

362 3914 500 3968 bene
533 3925 723 3981 regere
763 3907 1026 3980 possunt?
1051 3905 1507 3976 Quinquagesimo
1530 3918 1660 3974 ergo
1686 3904 1773 3958 die
1824 3911 1947 3974 post

362 4004 564 4072 pascha
589 4010 642 4055 et
664 4001 717 4054 in
739 3999 908 4054 veteri
938 4003 1261 4052 testamento
1284 3995 1368 4049 lex
1396 3994 1451 4047 in
1479 3992 1610 4047 Sina
1640 3993 1843 4048 tributa
1863 4002 1947 4047 est

365 4093 564 4165 (Exod.
592 4091 706 4165 xx),
753 4100 807 4144 et
836 4091 892 4144 in
922 4104 1061 4143 novo
1101 4101 1265 4156 super
1322 4084 1597 4154 apostolos
1653 4091 1709 4137 et
1734 4097 1830 4138 eos
1854 4084 1943 4152 qui

363 4200 486 4239 cum
511 4182 641 4254 ipsis
668 4191 845 4247 erant,
876 4180 1112 4249 Spiritus
1133 4177 1430 4249 paraclitus
1453 4175 1601 4228 venit
1626 4173 1764 4246 (Act.
1790 4173 1872 4245 ιι).

443 4296 462 4328 ‹
516 4274 790 4330 Oll‘erebat
834 4286 1048 4343 quoque
1101 4286 1199 4325 rex
1240 4268 1496 4323 Salomon
1545 4266 1720 4320 tribus
1739 4265 1947 4320 vicibus

370 4386 388 4417 ι
422 4381 529 4436 per
544 4379 714 4419 annos
736 4362 974 4434 singulos
998 4360 1313 4416 holocausta
1341 4366 1396 4414 et
1418 4356 1674 4428 paciﬁcas
1698 4355 1948 4410 victimas

370 4477 389 4508 ι
438 4474 599 4528 super
623 4457 812 4522 altare,
853 4454 996 4525 quod
1021 4454 1379 4509 tedilicaverat
1415 4450 1643 4505 Domino
1671 4466 1685 4501 :
1713 4455 1767 4502 et
1819 4447 1948 4501 ado-

370 4569 389 4603 ι
434 4549 578 4604 lebat
626 4546 925 4618 thymiama
980 4557 1164 4598 coram
1219 4540 1470 4604 Domino,
1524 4545 1632 4593 etc.
1680 4555 1698 4588 ι
1769 4534 1942 4591 Oﬂ'ert

365 4656 580 4711 quoque
596 4638 861 4692 Paciﬁcus
885 4643 1069 4688 noster
1092 4633 1264 4688 tribus
1290 4632 1497 4686 vicibus
1523 4645 1621 4701 per
1647 4643 1818 4683 annos
1839 4627 1944 4682 sin-

367 4730 521 4801 gulos
561 4727 874 4781 holocausta
905 4723 1159 4788 Domino,
1200 4737 1322 4778 cum
1347 4721 1401 4775 in
1432 4720 1691 4775 membris
1712 4718 1825 4774 suis
1847 4733 1945 4787 per

367 4826 569 4874 sancta:
605 4816 887 4871 Trinitatis
925 4814 1084 4869 ﬁdem
1139 4830 1158 4863 ι
1204 4812 1442 4867 hostiam
1469 4808 1854 4880 acceptabilem
1918 4827 1937 4860 ι

365 4912 586 4967 exhibet
608 4910 719 4964 Deo
750 4904 927 4979 (Rom.
962 4907 1082 4974 xu).
1116 4903 1287 4960 Offert
1314 4903 1460 4957 enim
1488 4901 1858 4971 unusquisque
1884 4898 1945 4953 ﬁ-

368 5002 503 5057 delis
547 5000 859 5055 holocausta
914 4997 1157 5062 Domino,
1217 5012 1340 5051 cum
1384 5009 1583 5064 corpus
1628 4992 1945 5063 castigando

370 5098 627 5155 macerat,
675 5099 729 5144 et
755 5098 865 5144 tota
887 5087 1151 5143 desideria
1176 5086 1358 5140 carnis
1404 5084 1526 5153 igne
1551 5081 1787 5151 Spiritus
1816 5095 1941 5134 san-

370 5183 443 5237 cti
476 5194 795 5236 consumere
820 5178 1058 5233 festinat.
1086 5175 1258 5231 Oll‘ert
1284 5174 1542 5245 paciﬁcas
1563 5172 1791 5233 hostias,
1821 5184 1944 5225 cum

370 5275 632 5329 bonorum
678 5284 903 5341 cperum
940 5283 1134 5323 munus
1165 5267 1401 5320 exhibet.
1458 5262 1628 5318 Olfert
1669 5261 1945 5325 victimas,

370 5378 494 5416 cum
534 5369 659 5415 vota
694 5360 956 5413 la'biorum
986 5370 1207 5410 suorum
1236 5356 1288 5408 in
1319 5353 1476 5408 laude
1505 5351 1716 5406 Domini
1745 5364 1947 5420 expen-

371 5454 470 5508 dit.
520 5453 589 5506 Et
626 5453 741 5506 haec
763 5450 942 5505 omnia
998 5462 1162 5519 super
1188 5447 1359 5500 altare
1410 5444 1553 5513 quod
1581 5444 1948 5498 aediﬁcaverat

370 5544 601 5600 Domino
628 5542 822 5598 oll‘crre
851 5542 1029 5604 debet,
1077 5538 1201 5607 quia
1233 5537 1285 5590 in
1313 5550 1408 5589 ara
1438 5532 1643 5598 cordis,
1666 5532 1757 5586 ubi
1794 5530 1951 5586 decet

373 5636 550 5705 ignem
581 5634 817 5688 divinum
870 5645 1086 5699 semper
1126 5628 1339 5690 ardere,
1384 5625 1482 5680 hoc
1523 5633 1622 5688 cst,
1679 5622 1945 5677 ﬂammam

374 5728 655 5783 cltaritatis
696 5741 905 5795 semper
947 5724 1175 5785 fervere,
1226 5719 1482 5790 quidquid
1522 5719 1574 5772 in
1600 5716 1942 5780 abstinentia,

1971 4487 2025 4547 D

2043 3253 2151 3308 Hos
2170 3268 2300 3322 ergo
2317 3251 2571 3307 Salomon
2600 3261 2782 3307 noster
2835 3251 2888 3305 in
2919 3249 3089 3320 Opltir
3112 3249 3253 3321 (qua:
3276 3247 3611 3316 interpreta-

2045 3352 2134 3398 tur
2161 3341 2465 3416 inlirmans)
2496 3342 2660 3397 mittit
2683 3351 2743 3396 ut
2769 3349 3040 3411 sumptum
3072 3340 3196 3395 inde
3238 3353 3430 3393 aurum
3460 3336 3528 3390 ad
3559 3351 3620 3391 se

2043 3433 2307 3499 deferant,
2356 3449 2476 3488 cum
2507 3434 2560 3487 in
2587 3433 2791 3487 vilitate
2819 3433 3012 3486 littera:
3068 3446 3285 3486 sensum
3314 3429 3617 3501 pretiosum

2040 3524 2190 3594 jubet
2216 3539 2482 3595 quaerere.
2531 3522 2599 3577 Et
2624 3524 2704 3579 sic
2745 3531 3023 3593 acceptam
3069 3536 3334 3577 summam
3363 3518 3623 3589 quadrin-

2044 3625 2328 3687 gentorum
2350 3613 2537 3685 viginti
2563 3614 2889 3669 talentorum
2904 3613 3020 3668 auri
3052 3612 3119 3666 ad
3148 3625 3324 3680 regem
3348 3608 3619 3671 deferunt,

2046 3720 2167 3760 cum
2196 3719 2414 3761 sensum
2456 3705 2748 3773 pretiosum
2777 3703 3036 3767 historiae,
3066 3700 3362 3772 allegorize,
3392 3698 3625 3768 tropolo-

2043 3797 2168 3866 gize,
2217 3804 2379 3866 atque
2422 3811 2695 3866 anagogen
2738 3797 2795 3850 in
2822 3795 3028 3851 duobus
3054 3792 3409 3856 testamentis,
3469 3791 3621 3845 inve-

2046 3892 2220 3957 niunt,
2248 3899 2302 3946 et
2343 3906 2465 3947 eum
2517 3890 2797 3964 sapientiae
2830 3896 2885 3943 et
2926 3886 3149 3943 consilio
3184 3885 3366 3940 divino
3419 3884 3612 3938 adscri-

2015 4028 2027 4043 .
2046 3984 2235 4040 bentes
2266 3983 2528 4038 tribuunt.

2681 4089 2909 4146 CAPUT
2950 4088 3015 4142 Χ.

2048 4203 2124 4258 De
2154 4203 2329 4273 regina
2355 4201 2515 4273 Saba,
2546 4217 2674 4273 Aqua:
2687 4199 2845 4273 _venit
2890 4198 3087 4273 audire
3114 4196 3427 4273 sapientiam
3456 4192 3626 4273 ,διεισ-

2117 4262 2285 4327 monis
2315 4288 2332 4337 ;
2360 4262 2510 4340 quod
2529 4262 2650 4340 fecit
2678 4268 2927 4324 Salomon
2955 4268 3020 4321 de
3049 4262 3204 4340 lignis
3229 4265 3423 4340 (lupinis
3446 4262 3621 4332 fulcra

2116 4334 2322 4397 domus
2358 4334 2588 4405 Domini,
2637 4348 2757 4406 etc;
2803 4349 2851 4393 et
2917 4338 3062 4418 quod
3091 4334 3106 4336 ’
3134 4334 3501 4418 magniﬁcatus
3546 4342 3623 4386 est

2120 4428 2275 4482 super
2313 4427 2489 4466 omnes
2529 4427 2670 4482 rcges
2720 4420 2872 4463 terra:
2894 4408 3088 4462 divitiis
3132 4415 3181 4459 et
3207 4408 3484 4475 sapientia.

2121 4524 2273 4598 (CAP.
2292 4523 2369 4597 x.)
2393 4542 2411 4575 ι
2436 4522 2543 4578 Sed
2566 4532 2621 4581 et
2636 4523 2821 4593 regina
2836 4520 2997 4585 Saba,
3014 4518 3194 4574 audita
3220 4517 3360 4571 fama
3381 4514 3629 4570 Salomo-

2055 4637 2074 4671 ι
2119 4618 2224 4682 nis,
2243 4617 2296 4672 in
2320 4616 2538 4671 nomine
2555 4614 2768 4670 Domini
2783 4612 2931 4668 venit
2944 4618 3151 4666 tentare
3166 4624 3289 4662 cum
3312 4608 3363 4661 in
3380 4607 3631 4674 aenigma-

2056 4730 2074 4763 ι
2122 4710 2287 4774 tibus,
2310 4717 2364 4763 et
2394 4708 2635 4778 ingressa
2658 4704 2960 4760 Jerusalem
3000 4718 3122 4758 cum
3163 4701 3331 4755 multo
3365 4699 3630 4754 comitatu

2057 4821 2077 4854 ι
2123 4810 2178 4856 et
2198 4799 2421 4863 divitiis,
2445 4796 2667 4851 camelis
2691 4794 3029 4865 portantibus
3057 4800 3320 4856 aromata,
3352 4799 3408 4845 et
3434 4804 3627 4843 aurum

2050 4914 2069 4948 ι
2113 4893 2380 4948 inﬁnitum
2432 4890 2599 4945 nimis,
2630 4897 2683 4942 et
2736 4902 2976 4956 gemmas
3009 4885 3294 4954 pretiosas.
3358 4881 3517 4936 Venit
3553 4878 3626 4934 ad

2049 5006 2068 5039 ι
2116 4985 2482 5046 Salomonem,
2504 4988 2558 5035 et
2590 4979 2767 5039 locuta
2809 4986 2895 5034 est
2917 4980 2965 5034 ei
2988 4977 3263 5039 universa,
3307 4988 3428 5046 qum
3456 4972 3627 5027 hahe-

2001 5054 2073 5129 «lc
2118 5078 2212 5131 bat
2238 5076 2290 5129 in
2320 5072 2482 5128 corde
2504 5086 2624 5135 suo,
2656 5078 2757 5126 etc.
2785 5090 2803 5122 ι
2837 5069 3041 5139 Regina
3065 5076 3242 5122 autem
3267 5064 3472 5128 Austri,
3501 5078 3623 5132 qua:

2049 5189 2080 5226 a
2107 5172 2302 5227 ﬁnibus
2345 5169 2603 5227 extremis
2644 5169 2879 5223 excitata
2912 5165 3157 5229 veniens,
3199 5159 3505 5216 Salomonis
3535 5173 3629 5213 au-

2051 5263 2168 5318 dire
2190 5260 2509 5332 sapientiam
2534 5258 2864 5328 concupivit,
2889 5255 3002 5324 jam
3033 5264 3162 5309 tunc
3190 5260 3471 5307 venturam
3497 5265 3628 5321 gen-

2054 5355 2196 5409 tibus
2221 5352 2537 5415 Ecelesiam,
2584 5348 2986 5404 desiderantem
3011 5345 3286 5400 Christum
3320 5340 3631 5411 praeﬁgura-

2054 5447 2164 5507 bat,
2194 5460 2314 5515 quae
2338 5444 2510 5515 (juxta
2550 5438 2900 5509 Prophetam)
2954 5456 2971 5488 ι
3009 5433 3412 5491 circumamicta
3433 5439 3515 5486 est
3542 5445 3633 5485 va-

2055 5538 2247 5591 rietate
2287 5535 2340 5589 in
2370 5533 2570 5588 vestitu
2604 5532 2885 5593 deaurato,
2918 5536 2972 5581 ct
2995 5524 3173 5596 pepuli
3202 5523 3283 5577 sui
3308 5530 3363 5575 ct
3391 5528 3628 5590 paternae

2054 5629 2244 5683 domus
2270 5626 2435 5682 oblita
2464 5622 2636 5695 (Psal.
2661 5619 2831 5689 κων),
2865 5638 2883 5670 ι
2911 5616 3164 5672 currebat
3188 5613 3416 5668 barbara
3441 5618 3625 5679 gente,

2055 5733 2160 5771 non
2197 5717 2395 5770 animo.
2432 5714 2559 5780 Quae
2590 5712 2643 5765 in
2674 5716 2858 5778 aperto
2890 5704 3170 5775 peregrina
3190 5700 3308 5765 fuit,
3338 5699 3429 5754 scd
3456 5701 3509 5751 in
3536 5712 3629 5751 oc-
