3912 6160
714 208 741 233 \

320 292 421 346 I93

1140 293 1484 350 COMMENT.
1524 296 1592 350 IN
1632 297 1877 353 LIBROS
1916 299 1978 352 IV
2021 300 2281 355 IlliGUIll.
2322 335 2390 343 —
2428 304 2493 358 IN
2534 306 2658 360 LIB.
2704 308 2784 362 ιιι.

3448 307 3567 376 ’194

312 406 463 460 culto
488 415 801 460 sanctorum
827 406 943 461 neri
968 407 1101 461 civis
1125 409 1364 477 optabat.
1405 410 1556 465 Unde
1588 427 1693 466 non
1719 413 1890 467 solum
1922 416 1967 475 Α
2002 432 2019 462 ι
2066 412 2179 467 Non
2201 422 2327 468 sunt
2354 415 2514 471 allata
2537 418 2842 488 hujusmodi
2866 419 3007 490 ligna
3032 423 3234 492 thyina,
3255 441 3426 495 neque
3456 430 3567 482 visa

312 498 527 553 cmlesti
559 500 784 569 praemio
812 500 1227 554 resurrectionis
1266 502 1445 566 beata,
1474 503 1565 555 sed
1612 504 1774 557 etiam
1803 520 1897 573 po-

317 600 516 644 testate
555 590 872 661 apostolica,
908 590 974 644 de
1018 588 1216 645 Iudaeis
1264 591 1523 646 adulteris
1565 593 1891 663 judicandis,

314 681 486 748 ipsius
523 694 617 749 ore
653 679 862 735 Iudicis
914 681 1074 749 digna
1119 689 1392 741 censetur,
1440 682 1567 750 quia
1618 683 1891 737 Christum

316 768 371 821 in
433 769 724 823 Salomone
771 771 990 835 mirata,
1039 785 1227 823 verum
1279 771 1477 839 reginae
1539 772 1777 827 caelestis
1820 774 1896 827 af-

313 857 515 911 fectum
580 858 815 928 imagine
858 858 1086 928 mystica
1126 858 1380 913 Ecclesia:
1414 860 1746 927 providentis
1792 862 1886 915 im-

313 947 572 1015 plevcrat.
599 947 736 1002 lline
758 947 873 1017 ipsa
918 948 1102 1018 regina
1125 946 1267 1003 Saba
1297 949 1348 1003 in
1382 949 1669 1007 Salomone
1691 961 1746 1007 et
1778 954 1890 1023 glo-

315 1037 391 1089 ria
419 1038 538 1107 ejus
551 1049 772 1108 stupens
797 1053 961 1107 super
984 1038 1269 1107 prudentia
1290 1038 1405 1108 ejus
1423 1041 1555 1095 dixit
1590 1061 1603 1095 :

388 1146 406 1173 ‹
456 1126 629 1179 Verus
675 1133 760 1179 est
811 1139 1012 1188 sermo,
1062 1141 1221 1194 quem
1255 1127 1434 1181 audivi
1484 1129 1535 1183 in
1581 1137 1726 1184 terra
1770 1147 1888 1185 mea

317 1233 333 1264 ι
382 1228 544 1281 super
573 1213 911 1266 sermonibus
943 1212 1072 1275 tuis,
1114 1223 1169 1267 et
1197 1228 1360 1284 super
1381 1217 1665 1287 prudentia
1692 1227 1801 1284 tua,
1836 1229 1888 1275 et

315 1322 331 1351 ι
381 1319 486 1354 non
512 1302 796 1354 credebam
824 1302 1169 1355 narrantibus
1205 1303 1356 1368 mihi,
1405 1305 1577 1359 donec
1614 1307 1727 1376 ipsa
1766 1309 1885 1363 veni

314 1410 332 1440 ι
376 1400 433 1445 et
462 1391 569 1444 vidi
612 1388 785 1443 oculis
816 1390 951 1443 meis
981 1399 1036 1444 et
1068 1392 1307 1459 probavi,
1362 1393 1503 1461 quod
1544 1393 1718 1448 media
1763 1412 1887 1466 pars

313 1501 329 1531 σ
378 1481 509 1535 mihi
539 1480 785 1534 nuntiata
832 1495 942 1535 non
976 1479 1155 1535 fuerit.
1189 1481 1356 1550 Major
1396 1492 1478 1538 est
1502 1486 1761 1555 sapientia
1795 1497 1884 1542 tua

313 1589 331 1620 ι
378 1579 436 1624 et
462 1584 628 1639 opera
673 1578 785 1635 tua,
821 1585 983 1638 quam
1037 1585 1222 1624 rumor
1254 1586 1412 1640 quem
1469 1574 1669 1639 audivi,
1723 1584 1827 1630 etc.
1860 1597 1877 1628 ι

304 1662 460 1727 Quod
486 1661 623 1714 bene
668 1661 920 1715 convenit
966 1670 1165 1716 sancta:
1216 1658 1487 1724 Ecclesim,
1535 1681 1678 1735 quze,
1732 1669 1885 1722 audi-

2002 520 2020 551 ι
2066 518 2237 571 usque
2263 503 2316 557 in
2361 516 2684 574 prmscntem
2742 508 2906 574 diem,
2957 520 3064 564 etc.
3104 532 3122 564 ι
3156 512 3265 583 (Ea:
3296 514 3568 585 Joseplio.)

1994 589 2070 645 De
2097 606 2203 660 quo
2236 590 2500 662 Iosephus
2526 594 2599 649 ita
2627 607 2850 652 narrat:
2936 599 3139 653 Eodem
3168 616 3297 657 vero
3330 610 3572 672 tempore

1993 679 2153 734 delati
2190 693 2320 736 sunt
2347 684 2459 754 regi
2491 700 2519 738 a
2566 694 2734 752 terra,
2766 703 2885 756 qua:
2925 698 3155 743 vocatur
3187 706 3373 757 aurea,
3424 693 3561 762 lapi-

1992 770 2087 824 des
2111 771 2336 841 pretiosi
2363 781 2418 828 et
2441 774 2614 844 lignea
2653 778 2810 845 pinea
2839 776 3036 846 quibus
3079 794 3209 834 usus
3244 790 3327 835 est
3363 783 3429 837 ad
3457 782 3564 837 for-

1994 858 2274 914 titudinem
2318 860 2499 931 templi
2524 862 2848 933 domumque
2874 865 3131 934 regalem,
3161 874 3217 921 et
3258 869 3325 922 ad
3363 869 3566 924 instrn-

1992 959 2173 1005 menta
2230 952 2581 1007 musicorum.
2617 953 2873 1023 Fecitque
2904 972 2969 1010 ex
3011 958 3090 1011 eis
3127 958 3361 1014 citharas
3388 970 3442 1016 et
3468 976 3566 1015 na-

1989 1040 2106 1105 bas,
2137 1051 2195 1095 ut
2222 1043 2463 1098 dicerent
2485 1045 2742 1115 hymnum
2774 1045 2878 1101 Deo
2903 1046 3122 1103 Levitaa.
3154 1047 3405 1104 Omnium
3436 1067 3566 1105 vero

1987 1150 2194 1201 rerum,
2245 1151 2367 1205 quae
2423 1135 2641 1191 fuerunt
2681 1153 3005 1208 quocunque
3046 1148 3287 1210 tempore
3319 1144 3430 1213 regi
3470 1143 3562 1197 dc-

1986 1224 2096 1279 lata
2120 1236 2265 1291 sunt,
2312 1228 2685 1297 magnitudine
2736 1236 2790 1283 et
2837 1229 3242 1300 pulchritudine
3291 1236 3564 1304 praecelle—

1988 1317 2140 1371 bant.
2165 1316 2354 1373 Nullus
2374 1318 2541 1389 igitur
2557 1319 2874 1385 arbitretur,
2908 1322 3032 1390 quia
3054 1320 3228 1392 lignea
3253 1324 3431 1391 pinea,
3448 1341 3567 1394 qua:

1987 1421 2131 1460 nunc
2173 1414 2396 1476 propter
2431 1409 2601 1477 pretia
2657 1409 3002 1463 vendentium
3067 1410 3154 1466 sic
3196 1412 3552 1481 appellantur,

1985 1493 2092 1549 illis
2141 1495 2319 1549 vicina
2370 1496 2498 1550 sint.
2554 1496 2648 1551 Illa
2708 1499 2975 1568 siquidem
3046 1501 3253 1556 visione
3299 1503 3550 1568 rotunda,

1987 1587 2141 1656 quasi
2186 1588 2347 1657 pinea
2402 1598 2565 1654 sunt,
2618 1588 2711 1643 sed
2748 1589 2917 1645 multo
2975 1591 3287 1645 candidiora
3340 1601 3394 1646 ct
3448 1593 3562 1648 val-

1988 1676 2055 1730 de
2104 1675 2382 1747 fulgentia.
2451 1677 2565 1732 lloc
2633 1688 2814 1733 autem
2862 1680 3014 1743 dixi,
3076 1689 3135 1733 ut
3182 1682 3363 1737 nullus
3401 1692 3560 1739 natu—

306 1752 379 1805 tis
437 1751 713 1805 miraculis
758 1750 980 1815 Christi,
1040 1762 1330 1822 provocata
1382 1764 1467 1810 est
1526 1758 1592 1811 ad
1639 1756 1958 1828 qumrcn-B
1989 1780 2105 1820 ram
2163 1782 2304 1822 verae
2358 1767 2515 1836 pinus
2552 1768 2845 1838 ignoraret.
2906 1768 3045 1823 Bene
3098 1779 3280 1823 autem
3325 1771 3556 1836 dicitur,

303 1840 433 1893 dum
462 1854 609 1893 eum.
650 1840 754 1895 Sed
784 1850 1065 1910 postquam
1100 1842 1168 1897 ad
1195 1843 1369 1911 ipsum
1402 1845 1551 1899 venit
1579 1861 1677 1916 per
1704 1849 1878 1919 bapti-

300 1944 482 1985 smum
502 1940 556 1982 et
590 1929 768 1995 fidem,
797 1931 1154 1987 consideratis
1181 1942 1381 1989 sanctae
1415 1934 1707 2005 Scriptura:
1734 1941 1878 1995 testi-

301 2019 526 2082 moniis,
556 2018 863 2074 Divinitatis
891 2020 1007 2090 ejus
1021 2022 1319 2089 potentiam
1343 2038 1660 2094 agnoscens,
1687 2043 1876 2098 parum

296 2108 347 2161 ei
376 2106 593 2161 videtur
613 2122 732 2161 esse
750 2122 911 2162 omne
937 2110 1079 2177 quod
1108 2110 1209 2164 sibi
1238 2119 1396 2167 antea
1425 2113 1491 2168 de
1516 2127 1582 2169 eo
1599 2125 1876 2171 narratum

297 2204 404 2259 est,
458 2198 513 2251 in
542 2198 946 2266 comparatione
978 2208 1269 2271 perceptze.
1297 2201 1450 2258 Unde
1476 2212 1531 2258 et
1559 2204 1879 2263 admirando

299 2286 356 2339 in
386 2286 603 2341 laudem
631 2286 745 2355 ejus
773 2290 1026 2360 erumpit,
1055 2290 1240 2346 dicens
1264 2309 1278 2345 :

381 2414 401 2447 ι
447 2396 600 2450 Beati
620 2397 720 2451 viri
753 2398 828 2451 tui
857 2407 911 2451 et
931 2400 1075 2454 beati
1104 2403 1243 2456 servi
1282 2402 1380 2468 tui,
1410 2403 1501 2474 qui
1526 2413 1671 2459 stant
1694 2420 1876 2461 coram

302 2504 321 2536 ι
370 2495 426 2540 te
459 2501 698 2555 semper,
729 2495 783 2543 et
811 2489 1033 2543 audiunt
1056 2492 1371 2561 sapientiam
1395 2502 1562 2548 tuam.
1588 2493 1672 2549 Sit
1698 2495 1877 2551 Domi-

304 2597 322 2627 ι
375 2593 478 2632 nus
510 2578 651 2632 Deus
692 2587 815 2634 tuus
839 2580 1155 2638 benedictus
1182 2585 1267 2638 cui
1296 2585 1566 2654 placuisti,
1615 2596 1670 2641 et
1696 2590 1876 2658 posuit

299 2686 319 2719 ί
364 2678 422 2723 te
451 2685 616 2738 super
638 2671 889 2725 thronum
923 2671 1106 2739 Israel,
1136 2690 1201 2729 eo
1226 2677 1367 2744 quod
1410 2677 1658 2733 dilexerit
1688 2681 1883 2734 Domi-.

299 2780 318 2807 ι
368 2775 474 2813 nus
498 2760 667 2814 Israel
694 2760 749 2814 in
788 2761 1194 2830 sempiternum,
1219 2774 1272 2820 et
1288 2766 1568 2821 constituit
1594 2776 1646 2823 te
1668 2784 1872 2841 regem,

299 2868 319 2899 ι
370 2859 434 2903 ut
464 2849 675 2904 faceres
700 2849 963 2918 judicium
992 2860 1045 2907 et
1064 2852 1350 2920 justitiam.
1401 2876 1419 2908 ι
1454 2857 1546 2912 llis
1572 2874 1782 2928 quoque
1801 2859 1874 2913 si-

292 2940 444 2995 milia
493 2950 549 2995 et
587 2940 895 3006 Psalmista,
943 2953 998 2997 et
1030 2945 1298 3001 desiderio
1324 2963 1469 3019 regni
1522 2947 1757 3004 caelestis
1788 2966 1874 3004 ex-

294 3029 616 3096 ardescens,
654 3046 719 3085 ex
747 3044 973 3100 persona
1015 3043 1323 3088 sanctorum
1355 3036 1598 3105 protulit,
1645 3038 1864 3091 dicens:

1980 1858 2122 1928 quod
2174 1873 2268 1914 rex
2318 1859 2573 1914 Salomon
2625 1861 2690 1915 de
2716 1860 2874 1932 lignis
2918 1862 3324 1931 pretiosissimis
3372 1862 3564 1918 fecerit

1981 1945 2151 2003 fulcra
2185 1948 2377 2004 domus
2421 1950 2653 2015 Domini,
2701 1950 2964 2006 etdomus
3000 1952 3184 2021 regina,
3242 1961 3295 2007 et
3320 1953 3560 2010 citharas

1978 2036 2228 2107 lyrasque
2250 2037 2579 2100 cantoribus,
2620 2038 2743 2107 quia
2767 2038 3025 2093 Conditor
3055 2050 3239 2094 noster
3263 2040 3404 2112 ligna
3439 2058 3558 2112 pre-

1981 2124 2136 2191 tiosa,
2163 2126 2265 2181 hoc
2292 2134 2393 2192 cst,
2439 2126 2689 2181 doctores
2720 2135 2953 2193 sanctos,
3005 2145 3234 2200 quorum
3259 2131 3403 2185 viror
3430 2132 3551 2186 fidei

1976 2229 2249 2284 nunquam
2278 2214 2492 2280 arescit,
2545 2231 2642 2269 nec
2671 2213 2798 2270 folia
2829 2215 3113 2271 verborum
3144 2219 3417 2283 decidunt,
3460 2224 3553 2276 sed

1978 2303 2068 2373 qui
2115 2302 2350 2358 fructum
2384 2304 2645 2358 bonorum
2684 2320 2907 2375 operum
2937 2307 3168 2361 reddunt
3222 2311 3554 2379 temporibus

1977 2394 2089 2450 suis
2113 2395 2281 2467 (Paul.
2318 2394 2381 2469 ι),
2414 2397 2482 2450 ad
2498 2396 2772 2451 munimen
2800 2396 2993 2451 domus
3025 2399 3118 2453 Dei
3164 2408 3219 2453 et
3245 2401 3434 2455 domus
3466 2417 3549 2456 re-

1977 2486 2093 2555 giae,
2134 2486 2235 2542 hoc
2263 2496 2365 2552 est,
2389 2486 2454 2540 ad
2479 2486 2937 2542 confirmationem
2964 2489 3217 2543 Ecclesia:
3247 2506 3355 2543 sum
3378 2492 3549 2559 ponit,

1976 2587 2036 2632 ut
2063 2593 2250 2633 eorum
2278 2580 2514 2649 undique
2543 2564 2735 2634 vallata
2770 2581 3032 2636 doctrinis
3075 2590 3237 2651 atque
3285 2584 3543 2652 exemplis

1974 2670 2187 2724 ruinam
2217 2685 2463 2725 errorum
2508 2680 2563 2725 ct
2592 2671 2857 2727 scelerum
2887 2688 2991 2726 non
3030 2674 3244 2730 sentiat.
3292 2673 3557 2742 Talesjue

1975 2760 2079 2814 viri
2103 2762 2297 2815 merito
2320 2763 2473 2831 quasi
2509 2763 2746 2833 cytharze
2767 2772 2820 2818 et
2852 2764 2980 2834 lyra:
3005 2766 3071 2818 ad
3094 2764 3415 2819 laudandum
3448 2765 3555 2820 Do-

1975 2852 2181 2906 minum
2204 2852 2481 2908 fabricatae
2502 2853 2774 2918 dicuntur,
2806 2855 2930 2922 quia
2960 2872 2978 2903 ‹
3022 2855 3198 2908 omnia
3224 2870 3553 2923 quteeunque

1974 2942 2203 2997 fecerint
2225 2945 2682 3013 prospera‘.:untur
2717 2943 2901 3016 (Ibid.)
2934 2964 2952 2997 ι
3011 2955 3067 2998 et
3101 2945 3308 2999 laudem
3340 2947 3554 3001 Domini

1977 3033 2117 3086 inter
2145 3032 2367 3088 adversa
2391 3042 2445 3087 et
2465 3049 2721 3103 prospera
2752 3033 2935 3097 corde,
2973 3048 3066 3088 ore
3109 3034 3264 3089 simul
3288 3044 3342 3090 et
3381 3052 3544 3106 npera

297 3139 317 3171 α
363 3120 538 3188 Quam
587 3121 837 3175 amabilia
892 3130 1015 3176 sunt
1069 3101 1413 3179 tabernacula
1479 3101 1591 3192 tua,
1645 3126 1871 3183 Domine
1898 3101 1942 3162 C
1973 3126 2323 3194 pronuntiare
2358 3141 2462 3180 non
2490 3135 2723 3181 cessant.
2753 3126 2816 3180 ili
2861 3125 3176 3198 (secun.!um
3203 3126 3317 3196 Apo
3338 3128 3540 3200 tolum)

298 3212 570 3266 virtutum
597 3213 611 3265 ι
640 3213 971 3282 concupiscit
1010 3221 1064 3267 et
1089 3214 1271 3269 deficit
1294 3216 1471 3269 anima
1502 3232 1620 3271 mea
1651 3217 1704 3271 in
1729 3218 1870 3271 atria

296 3304 560 3358 Domini:
595 3319 690 3358 cor
735 3320 911 3358 meum
963 3313 1017 3359 et
1041 3321 1168 3360 caro
1216 3323 1336 3361 mea
1378 3309 1783 3364 exsultaverunt
1817 3311 1869 3364 in

293 3392 467 3446 Deum
515 3393 719 3446 vivum.
758 3412 778 3446 ›
813 3392 880 3446 Ει
924 3386 1087 3462 ρειυῶ
1128 3404 1248 3463 post
1285 3412 1298 3448 :
1344 3414 1362 3445 ε
1415 3397 1586 3461 Beati,
1634 3399 1731 3463 ait,
1778 3399 1867 3468 qui

296 3489 549 3543 habitant
593 3488 646 3541 in
694 3486 855 3541 domo
882 3496 991 3551 tua,
1023 3489 1269 3553 Domine,
1300 3489 1354 3543 in
1409 3491 1662 3545 saeculum
1690 3493 1869 3547 sazculi
1910 3556 1919 3564 ο

1979 3213 2115 3285 [σοι.
2143 3215 2225 3288 ιιι]
2241 3215 2498 3286 quidquid
2518 3224 2684 3286 agunt
2710 3216 2761 3270 in
2785 3215 2949 3270 verbo
2965 3225 3055 3270 aut
3082 3218 3134 3270 in
3156 3232 3336 3285 opere,
3362 3219 3543 3271 omnia

1974 3304 2026 3357 in
2051 3304 2272 3374 gloriam
2298 3305 2391 3359 Dei
2420 3306 2640 3360 faciunt.
2666 3305 2740 3361 De
2768 3306 2962 3375 quibus
2989 3323 3050 3360 ex
3081 3320 3308 3375 pcr.~ona
3335 3307 3545 3363 Domini

1972 3407 2069 3462 per
2111 3392 2438 3463 Prophetam
2470 3395 2669 3449 dicitur
2704 3412 2717 3448 :
2758 3412 2776 3445 ι
2822 3394 2995 3465 Super
3025 3408 3206 3450 muros
3252 3395 3548 3451 Jerusalem

1973 3485 2230 3539 constitui
2260 3487 2530 3551 custodes,
2579 3494 2688 3541 tota
2719 3487 2805 3542 die
2850 3496 2903 3541 et
2930 3495 3039 3541 tota
3084 3498 3242 3542 nocte
3271 3506 3373 3543 non
3404 3497 3545 3544 tace-

295 3575 597 3631 laudabunt
622 3585 675 3631 te
705 3574 878 3647 (Psal.
906 3577 1158 3648 Lxxxnt).
1199 3597 1217 3628 ι
1251 3578 1327 3632 11ιί
1350 3594 1479 3651 ergo
1499 3581 1641 3635 beati
1671 3589 1727 3636 et
1746 3598 1873 3639 vere
1972 3575 2106 3629 bunt
2132 3575 2351 3633 landat‘e
2375 3594 2569 3633 nomen
2599 3579 2813 3633 Domini
2854 3576 3008 3651 (Ῐδαὶ-
3052 3578 3205 3651 LXII).
3238 3599 3257 3633 ι

294 3667 445 3720 Leati
476 3676 620 3732 sunt,
650 3683 880 3737 quorum
910 3682 1004 3723 rex
1036 3676 1120 3724 est
1140 3667 1418 3735 Christus;
1477 3679 1532 3726 et
1558 3673 1648 3741 qui
1670 3682 1870 3728 retema

296 3758 508 3812 visione
527 3758 645 3828 ejus
672 3758 873 3829 perfrui
900 3770 1197 3826 merentur,
1219 3771 1273 3817 et
1298 3764 1524 3833 gloriam
1549 3764 1683 3833 ejus,
1711 3783 1871 3837 quam

298 3846 614 3900 habetcum
646 3846 807 3903 Patre
847 3856 901 3902 et
943 3848 1147 3918 Spiritu
1198 3861 1406 3916 sancto,
1447 3855 1778 3924 conspicere,
1820 3868 1875 3913 et

297 3936 647 4003 sapientiam,
708 3953 806 4008 per
838 3955 1000 4009 quam
1036 3941 1150 4011 ipse
1186 3944 1400 4000 mundis
1430 3946 1592 4000 corde
1621 3946 1874 4017 dignatur

296 4042 361 4079 se
385 4029 672 4084 ostendere
702 4030 914 4101 (Matth.
946 4033 1024 4104 v),
1054 4035 1437 4102 perpetualiter
1464 4037 1739 4106 percipere
1778 4037 1870 4093 lu:-

295 4124 508 4170 tantur.
535 4115 730 4188 Sicque
766 4121 1069 4189 probabunt
1086 4139 1271 4178 verum
1302 4139 1422 4180 esse
1447 4124 1548 4179 hoc
1576 4126 1718 4195 quod
1745 4127 1875 4181 scri-

296 4219 455 4275 ptum
484 4216 609 4262 est:
642 4227 662 4259 ι
711 4210 846 4277 Quia
876 4226 976 4267 nec
1014 4213 1205 4268 oculus
1228 4214 1381 4281 vidit,
1410 4229 1510 4270 nec
1543 4216 1691 4270 auris
1728 4216 1877 4271 audi-

296 4296 400 4358 vit,
453 4312 555 4351 nec
582 4298 636 4352 in
665 4313 761 4354 cor
810 4301 1044 4358 hominis
1092 4304 1352 4369 ascendit,
1389 4320 1508 4375 quae
1546 4309 1874 4376 praeparavit

298 4386 447 4442 Deus
495 4388 836 4459 diligentibus
874 4406 932 4446 se
960 4391 1094 4462 (lsa.
1138 4392 1348 4455 LXIV;I
1376 4391 1495 4447 Cor.
1524 4393 1607 4465 ιι).
1644 4414 1661 4445 ›
1701 4413 1719 4445 α
1757 4396 1871 4451 Rex

300 4497 320 4527 ι
369 4485 552 4530 autem
581 4475 834 4533 Salomon
855 4480 1002 4535 dedit
1020 4483 1221 4553 reginze
1244 4482 1383 4537 Saba
1419 4484 1599 4539 omnia
1639 4498 1759 4554 qua:
1781 4502 1874 4542 vo-

302 4591 324 4622 ι
375 4570 494 4631 luit,
525 4579 581 4626 et
606 4573 795 4641 petivit
824 4574 893 4628 ab
946 4590 1032 4639 eo,
1076 4575 1313 4644 exceptis
1345 4575 1428 4630 his
1458 4591 1576 4644 quze
1610 4576 1754 4632 ultro
1781 4579 1876 4633 obc

300 4681 321 4711 ι
370 4661 571 4716 tulerat
599 4663 647 4716 ei
674 4678 900 4718 munere
945 4666 1114 4734 regio.
1154 4683 1171 4714 ι
1197 4665 1331 4732 Quia
1382 4664 1645 4721 Paciﬁcus
1690 4676 1876 4722 noster

294 4766 446 4805 verm
477 4751 675 4819 regina:
704 4792 719 4818 ,
762 4753 1019 4808 Ecclesia:
1053 4754 1300 4809 videlicet
1338 4770 1469 4820 suae,
1520 4756 1700 4809 omnia
1754 4771 1874 4825 qua:

292 4841 440 4910 petit
462 4840 628 4906 dabit,
660 4842 726 4898 de
751 4858 861 4912 quo
889 4845 1147 4913 scriptum
1174 4852 1257 4900 est
1285 4864 1297 4898 :
1338 4864 1356 4896 ι
1395 4846 1725 4900 Desiderium
1756 4847 1873 4901 ani-

295 4948 405 4987 ma:
434 4930 552 5000 ejus
578 4932 810 4990 tribuisti
840 4935 913 4999 ei,
952 4944 1007 4989 et
1027 4936 1300 4993 voluntate
1332 4937 1593 4992 labiorum
1621 4940 1736 5008 ejus
1763 4955 1868 4995 non

292 5021 570 5076 fraudasti
601 5038 726 5078 eum
755 5022 926 5096 (Psal.
982 5025 1096 5097 xx).
1163 5044 1180 5076 ι
1216 5026 1284 5080 Ει
1323 5026 1377 5081 in
1415 5027 1707 5099 Evangelio
1757 5028 1872 5097 ipse

290 5113 480 5168 dicit:
517 5132 536 5165 ι
592 5114 935 5185 Quaecunque
978 5117 1248 5186 petieritis
1298 5117 1512 5173 Patrem
1555 5119 1608 5173 in
1657 5120 1871 5174 nomine

291 5219 446 5268 meo,
507 5205 656 5259 dabit
689 5207 840 5261 vobis
889 5205 1068 5276 (Joan.
1130 5206 1243 5280 xv).
1290 5228 1306 5258 ι
1338 5208 1452 5263 Non
1480 5209 1652 5263 solum
1690 5218 1869 5264 autem

288 5311 385 5355 ca,
421 5311 542 5366 quae
568 5298 820 5366 petimus,
868 5300 978 5355 imo
1002 5302 1164 5355 etiam
1201 5300 1314 5365 illa,
1361 5315 1479 5370 quae
1499 5301 1731 5355 humana
1767 5301 1872 5355 fra—

290 5384 484 5462 gilitas
522 5397 613 5441 aut
671 5390 884 5457 nescit,
934 5400 1026 5446 aut
1075 5393 1353 5461 prursumit
1394 5401 1600 5462 petere,
1637 5392 1871 5460 gratuito

290 5458 530 5533 munere
570 5478 814 5549 largitur.

373 5585 392 5614 ι
418 5565 574 5621 Fecit
587 5583 682 5622 rex
713 5570 779 5624 de
808 5570 971 5643 lignis
1001 5572 1205 5642 thyinis
1229 5570 1398 5627 fulcra
1419 5572 1609 5627 domus
1638 5570 1869 5633 Domini,

301 5671 329 5710 ι
369 5666 430 5710 et
475 5656 667 5714 domus
698 5661 878 5731 regize,
906 5672 960 5716 et
986 5663 1220 5716 citharas
1248 5662 1496 5731 lyrasque
1537 5661 1868 5716 cantoribus.

1585 5812 1625 5843 δ

1898 4448 1953 4509 D

2052 3684 2070 3717 ι
2100 3667 2253 3724 Fecit
2303 3684 2514 3740 quoque
2560 3685 2655 3724 rex
2707 3668 2961 3724 Salomon
3013 3669 3241 3724 ducenta
3290 3679 3439 3723 scuta
3485 3672 3552 3725 de

1982 3780 2001 3813 ‹
2034 3777 2169 3817 auro
2196 3775 2367 3831 puro,
2404 3769 2691 3816 sexcentos
2720 3761 2835 3815 auri
2868 3760 3029 3815 siclos
3060 3762 3206 3815 dedit
3236 3762 3289 3815 in
3321 3762 3551 3817 laminas

1985 3871 2004 3904 ο
2034 3853 2173 3907 scuti
2207 3852 2402 3917 unius,
2431 3858 2485 3906 et
2518 3859 2789 3906 trecentas
2820 3852 2992 3920 peltas
3026 3868 3091 3906 ex
3131 3864 3264 3905 auro
3292 3852 3550 3922 probato;

1981 3962 1999 3994 ι
2030 3950 2284 3998 trecan
2311 3942 2455 3997 enim
2486 3942 2644 3995 minae
2670 3941 2789 3995 auri
2814 3956 2976 3995 unam
3002 3940 3198 4010 peltam
3226 3942 3551 3996 vesticbant.

1981 4056 1998 4088 ι
2028 4036 2322 4106 Posuitquc
2358 4051 2420 4091 ea
2460 4050 2555 4089 rex
2587 4034 2639 4088 in
2674 4035 2832 4089 domo
2862 4034 3009 4088 silvae
3038 4033 3260 4100 Libani,
3292 4046 3397 4089 etc.
3435 4034 3543 4120 len

1974 4129 2168 4185 Verbis
2195 4141 2409 4197 quoque
2436 4127 2652 4182 Dierum
2685 4126 2759 4180 ita
2788 4126 3050 4197 scriptum
3078 4135 3160 4181 est
3183 4143 3196 4179 :
3230 4143 3249 4177 ‹
3271 4125 3419 4181 Fecit
3452 4127 3552 4197 igi-

1976 4226 2066 4273 tur
2094 4233 2190 4273 rex
2224 4217 2481 4273 Salomon
2514 4217 2776 4271 ducentas
2805 4215 2992 4271 hastas
3022 4230 3215 4271 aureas
3244 4217 3310 4272 de
3342 4233 3550 4271 summa

1977 4316 2354 4364 sexeentorum
2390 4322 2679 4362 aureorum
2712 4347 2726 4373 ,
2764 4306 2855 4376 qui
2892 4307 2946 4360 in
2986 4307 3160 4362 hastis
3195 4307 3424 4376 singulis
3457 4324 3551 4363 ex-

1977 4397 2384 4466 pendebantur,
2425 4403 2668 4450 trecenta
2702 4410 2917 4465 quoque
2951 4404 3102 4449 scuta
3138 4411 3304 4450 aurea
3344 4406 3553 4452 trecen-

1979 4496 2155 4542 torum
2188 4501 2507 4552 aureorum,
2544 4486 2740 4555 quibus
2777 4486 3095 4557 tegebantur
3124 4493 3279 4540 scuta
3312 4486 3548 4557 singula.

1976 4575 2271 4645 Posuitquc
2299 4590 2363 4631 ea
2396 4590 2491 4629 rex
2521 4575 2575 4628 in
2606 4574 3027 4643 armamentario
3046 4614 3061 4638 ,
3093 4574 3237 4644 quod
3271 4582 3392 4629 erat
3421 4590 3551 4629 con-

1975 4669 2139 4722 situm
2179 4669 2233 4722 in
2268 4682 2489 4722 nemore
2526 4665 2628 4738 (II
2661 4663 2790 4719 Par.
2826 4682 2880 4719 rx
2904 4666 2944 4738 ).
2976 4685 2995 4718 ι
3028 4664 3194 4720 Scuta
3227 4681 3357 4737 ergo
3390 4664 3553 4721 simul

1974 4766 2029 4812 et
2053 4759 2225 4812 hastre
2248 4772 2425 4811 aureae
2449 4797 2463 4822 ,
2491 4756 2688 4827 quibus
2716 4756 3008 4810 utebantur
3038 4755 3215 4826 (sicut
3247 4757 3298 4810 in
3328 4770 3555 4826 sequen-

1975 4846 2118 4901 tibus
2146 4845 2494 4908 ostenditur),
2525 4845 2688 4898 duces
2716 4845 2807 4914 qui
2832 4845 3171 4898 excubabant
3199 4851 3325 4899 ante
3352 4845 3550 4899 ostium

1977 4936 2168 4991 domus
2197 4938 2369 5008 regis,
2400 4938 2529 5006 quid
2557 4937 2897 5006 signiﬁcant,
2928 4937 3033 4991 nisi
3075 4948 3406 4991 armaturam
3442 4937 3551 5006 spi-

1978 5025 2259 5089 ritualem,
2310 5041 2471 5095 quam
2523 5026 2726 5079 habent
2770 5024 3154 5094 prtedieatores
3200 5025 3406 5087 sancti,
3456 5039 3549 5093 qut

1976 5114 2285 5172 custodiunt
2332 5117 2547 5170 domum
2599 5114 2726 5180 Dei,
2801 5124 2855 5169 et
2912 5115 3188 5170 excubant
3236 5115 3301 5168 ad
3348 5114 3547 5169 ostium

1976 5206 2092 5276 ejus
2110 5248 2125 5272 ,
2155 5214 2215 5261 ut
2242 5205 2451 5261 callidis
2480 5205 2889 5260 insidiatoribus
2920 5204 3282 5259 intercludant
3309 5204 3512 5258 aditum
3530 5243 3551 5269 ,

1981 5315 2049 5353 ne
2075 5298 2348 5367 decipiant
2378 5297 2716 5352 innocentes.
2754 5297 2829 5351 De
2857 5296 3054 5366 quibus
3082 5296 3134 5349 in
3167 5295 3389 5350 Cantico
3420 5310 3550 5349 ean-

1981 5389 2210 5443 ticorum
2247 5387 2506 5456 scriptum
2541 5393 2663 5440 est:
2696 5405 2713 5436 ι
2747 5384 3024 5439 Lectulum
3060 5382 3365 5437 Salomonis
3392 5397 3550 5436 sexa-

1979 5480 2124 5550 ginta
2154 5477 2320 5532 fortes
2345 5477 2587 5531 ambiunt
2611 5490 2677 5529 cx
2705 5473 3014 5529 fortissimis
3038 5471 3201 5527 Israel
3221 5512 3236 5535 ,
3262 5482 3448 5526 omnes
3475 5477 3549 5520 te-

1978 5578 2169 5624 nentes
2199 5569 2438 5641 gladios,
2471 5574 2524 5622 et
2556 5568 2621 5622 ad
2652 5567 2791 5621 bella
2821 5565 3120 5619 doctissimi
3152 5561 3335 5635 (Cant.
3366 5557 3481 5627 ιιι).
3521 5573 3541 5605 ι

1980 5657 2097 5731 (Ea:
2126 5657 2322 5729 Beda.)
2368 5658 2501 5725 Quia
2550 5666 2604 5711 et
2646 5666 2967 5726 pratsentem
3013 5653 3267 5707 Ecclesia:
3310 5650 3547 5716 quietem
