3912 6160
387 285 494 342 195

1055 277 1118 332 Β.
1161 278 1408 332 RABANI
1451 280 1669 336 MAL'RI
1706 279 2023 334 ARCHIEP.
2067 279 2374 336 MOCUNT.
2418 282 2698 338 OPERUM
2740 282 2915 336 PARS
2953 281 2991 336 l.

3511 277 3619 334 196

387 413 449 450 ac
481 408 665 463 pacem
700 391 1080 459 praedicatores
1116 391 1286 444 sancti
1339 401 1528 445 contra
1579 391 1951 444 harrcticorum
1982 394 2028 450 Α
2058 403 2332 461 aptatum,
2381 396 2472 448 sed
2524 395 2778 463 quoniam
2831 395 3080 462 elephas,
3131 393 3283 460 cujus
3331 395 3447 448 hzec
3499 407 3625 447 ossa

389 498 608 542 tuentur
646 485 922 540 incursms.
964 491 1016 536 ct
1052 483 1323 538 internam
1363 483 1602 538 caelestis
1635 483 1829 552 patria:
1871 497 1956 536 rc-

389 578 568 647 quiem
601 572 951 642 perfectiores
980 571 1182 640 quique
1215 570 1320 624 ﬁxa
1349 571 1648 625 intentione
1676 570 1960 640 speculan-

391 677 499 719 tur.
529 662 674 715 Bene
703 669 882 715 autem
917 659 1164 713 iterando
1194 659 1505 729 adjungitur
1532 677 1545 712 :
1575 678 1592 708 ‹
1625 661 1700 712 Ex
1735 658 1962 712 fortissi-

391 752 494 808 mis
521 749 707 805 Israel.
741 767 760 800 ι
787 748 952 802 Israel
977 748 1174 816 quippe
1201 747 1278 800 vir
1307 747 1485 800 ridens
1509 747 1674 800 Deum
1704 747 1965 815 interpre-

392 851 557 895 tatur.
581 839 782 894 Omncs
804 837 1020 908 quidem
1041 875 1055 898 ,
1089 837 1182 904 qui
1207 835 1274 890 ad
1305 836 1498 889 divinae
1524 836 1747 890 visionis
1773 835 1964 905 gaudia

395 930 621 986 tendunt
659 937 806 982 recte
841 925 1011 980 Israel
1046 925 1267 979 nomine
1300 933 1611 979 censentur.
1645 925 1750 980 Sed
1783 925 1967 979 fortis-

395 1023 519 1079 simi
553 1023 607 1076 in
641 1021 720 1076 eis
747 1028 872 1074 sunt
898 1019 1117 1088 utrique
1144 1018 1252 1083 illi,
1284 1019 1374 1088 qui
1416 1019 1528 1074 sive
1557 1020 1792 1074 cmlestis
1827 1020 1966 1073 dono

395 1110 782 1181 speculationis
809 1107 1192 1173 sublimantur,
1223 1123 1319 1162 seu
1362 1109 1767 1180 pranlicationis
1807 1109 1968 1162 mini-

395 1202 620 1256 sterium
638 1200 736 1252 rite
756 1197 1120 1268 peragendum
1135 1199 1454 1266 suscipiunt.
1474 1198 1575 1266 Qui
1597 1207 1650 1254 et
1671 1209 1792 1270 apte
1813 1215 1968 1254 sexa—

395 1292 615 1364 genario
643 1298 770 1344 sunt
794 1304 1021 1343 numero
1053 1289 1354 1360 designati,
1385 1291 1510 1360 quia
1543 1291 1677 1346 tales
1715 1291 1968 1344 nimirum

396 1382 676 1436 denarium
701 1389 914 1434 aeterna:
940 1379 1315 1434 retributionis
1340 1395 1438 1450 pro
1462 1379 1794 1450 perfectione
1817 1381 1969 1435 bonae

395 1470 722 1541 operationis
748 1477 1086 1538 exspectant.
1119 1488 1138 1519 ί
1167 1468 1366 1524 Omnes
1390 1477 1636 1524 tenentes
1661 1469 1887 1540 gladios,
1917 1477 1971 1522 et

398 1561 466 1615 ad
497 1559 634 1614 bella
663 1558 985 1612 doctissimi.
1019 1577 1036 1609 ι
1062 1559 1186 1612 Illos
1217 1567 1464 1614 tenentes
1495 1559 1722 1630 gladios,
1754 1559 1820 1614 de
1850 1559 1969 1628 qui-

397 1651 500 1705 bus
533 1649 665 1704 dicit
700 1647 991 1716 Apostolus
1025 1666 1038 1700 :
1075 1665 1092 1698 ι
1134 1647 1202 1701 Ει
1234 1647 1440 1718 galeam
1480 1647 1670 1713 salutis
1707 1647 1968 1701 assumite

2061 491 2217 542 sunt,
2249 483 2429 536 nimiae
2457 484 2726 537 castitatis
2764 483 3049 546 asseritur,
3079 481 3168 549 qui
3215 481 3356 534 inter
3391 481 3630 549 quadru-

2060 570 2212 640 pcdia
2247 579 2298 624 tt
2328 585 2487 624 sensu
2520 571 2808 640 plurimum
2839 571 3018 634 valet,
3047 579 3102 624 et
3130 578 3496 639 temperanter
3523 571 3632 624 mi-
3659 575 3675 585 '

2063 668 2247 713 scctur
2276 657 2490 714 femina:
2523 675 2632 714 sua:
2653 700 2668 724 ,
2697 667 2751 713 et
2782 661 3008 730 conjuge
3037 660 3269 712 secunda
3302 675 3409 712 non
3439 661 3630 714 utitur.

2066 748 2178 802 lloc
2217 749 2427 817 pudicis
2464 749 2748 804 animabus
2790 751 3045 804 decenter
3082 757 3326 818 aptatum
3356 758 3470 813 est,
3505 751 3634 820 quia

2065 837 2170 892 illae
2221 839 2359 892 ebur
2410 837 2574 894 fuisse
2629 829 2946 904 noscuntur,
2999 856 3120 910 qua:
3173 855 3272 910 per
3327 843 3635 897 castitatem

2064 928 2263 983 Christi
2296 929 2507 983 Domini
2537 938 2800 999 praecepta
2833 941 3030 985 secuta:
3062 939 3205 984 sunt.

2142 1039 2160 1070 ι
2195 1019 2347 1073 Hanc
2374 1019 2594 1074 vestivit
2622 1036 2756 1075 auro
2787 1021 2930 1075 fulvo
2959 1023 3140 1076 nimis.
3173 1043 3190 1073 ι
3225 1021 3358 1089 Quia
3390 1023 3640 1093 splendo-

2067 1123 2180 1162 rem
2210 1107 2393 1177 gloria:
2421 1123 2531 1161 sum
2561 1108 2612 1162 in
2642 1124 2704 1162 ea
2737 1109 3035 1165 clarescere
3072 1109 3226 1174 fecit,
3257 1127 3380 1166 cum
3420 1127 3518 1182 per
3561 1113 3639 1168 si-

2066 1215 2168 1270 gna
2199 1197 2456 1252 miracula
2488 1197 2784 1266 majestatis
2812 1215 2923 1253 sua:
2950 1201 3241 1269 potentiam
3270 1201 3530 1256 ostendit.

2145 1306 2162 1338 ι
2197 1286 2437 1340 Habebat
2462 1295 2644 1341 autem
2671 1287 2899 1343 thronus
2938 1289 3038 1342 iste
3069 1303 3162 1342 sex
3193 1289 3414 1359 gradus.
3447 1309 3465 1340 ι
3500 1289 3644 1356 Quid

2069 1392 2169 1447 per
2198 1378 2470 1431 senarium
2501 1391 2822 1441 numerum,
2851 1377 2952 1432 nisi
2981 1378 3245 1432 bonorum
3275 1393 3495 1447 operum
3526 1393 3646 1448 pcr-

2070 1465 2230 1522 fectio
2255 1466 2612 1536 designatur?
2638 1486 2656 1518 ι
2687 1465 2794 1521 Sex
2825 1467 3016 1522 diebus
3041 1467 3265 1536 perfecit
3289 1469 3431 1523 Deus
3457 1469 3642 1524 mundi

2071 1565 2356 1621 ornatum,
2409 1565 2463 1610 et
2513 1557 2743 1626 septimo
2793 1558 3056 1626 requievit
3103 1559 3170 1613 ab
3220 1559 3477 1629 operibus
3526 1560 3646 1614 suis

2073 1647 2244 1722 (Gen.
2280 1649 2377 1720 ιι).
2409 1668 2426 1700 ι
2463 1647 2740 1718 Siquidem
2783 1658 2837 1704 et
2876 1650 3124 1704 senarius
3161 1634 3370 1720 primus
3413 1659 3500 1704 est
3539 1666 3646 1704 nu-

399 1751 454 1797 et
488 1741 722 1812 gladium
765 1739 1026 1810 Spiritus,
1065 1741 1208 1808 quod
1243 1747 1328 1794 est
1361 1741 1588 1794 verbum
1625 1739 1719 1794 Dei
1753 1738 1967 1810 (Ephes.
1999 1742 2045 1800 B
2073 1753 2286 1805 merus,
2315 1738 2406 1810 qui
2435 1740 2547 1794 suis
2571 1739 2818 1808 partibus
2839 1740 3112 1810 perfectus
3139 1756 3262 1796 esse
3291 1742 3644 1811 dignoscitur.

399 1849 452 1888 v1
475 1833 516 1905 ).
547 1851 566 1885 ι
599 1831 678 1886 Ad
718 1831 806 1885 illa
846 1830 986 1885 bella
1017 1831 1339 1908 doctissimi,
1374 1832 1438 1886 de
1475 1832 1670 1902 quibus
1705 1830 1846 1885 idem
1878 1829 1972 1882 ad-

399 1935 621 1988 monet,
658 1923 842 1977 dicens
876 1938 891 1976 :
927 1941 944 1972 ‹
983 1923 1192 1976 lnduite
1227 1939 1323 1978 vos
1359 1934 1691 1978 armaturam
1732 1921 1827 1976 Dei
1856 1963 1871 1987 ,
1912 1929 1974 1975 ut

398 2015 616 2087 possitis
643 2023 789 2068 stare
813 2014 1074 2068 adversus
1103 2015 1324 2069 insidias
1350 2015 1580 2080 diaboli,
1609 2016 1734 2084 quia
1761 2030 1868 2069 non
1891 2022 1974 2069 est

399 2103 557 2158 nobis
593 2102 902 2157 colluctatio
939 2103 1200 2157 adversus
1245 2119 1466 2157 carnem
1512 2111 1564 2157 et
1615 2104 1970 2174 sanguinem,

399 2196 494 2250 sed
521 2195 781 2250 adversus
807 2193 1078 2264 principes
1099 2203 1154 2246 et
1177 2203 1471 2264 potestates
1495 2194 1705 2266 (Ibid.),
1741 2204 1879 2249 etc.»
1911 2194 1973 2248 Et

401 2295 579 2351 recte,
618 2285 934 2350 doctissimi,
975 2287 1100 2356 quia
1147 2303 1338 2357 magna
1383 2287 1620 2342 bellandi
1669 2297 1786 2343 arte
1828 2289 1972 2344 indi-

401 2386 560 2448 gent,
599 2377 690 2445 qui
725 2392 888 2431 carne
925 2377 1148 2442 inclusi,
1199 2377 1253 2431 in
1303 2379 1463 2434 terris
1511 2379 1720 2460 positi”
1777 2387 1969 2435 contra

403 2456 699 2539 spiritualia
743 2466 997 2537 nequitiae
1039 2469 1092 2522 in
1137 2469 1451 2524 caelestibus
1493 2456 1744 2536 certant;
1781 2485 1974 2540 magna

403 2573 518 2612 arte
564 2559 672 2611 imo
719 2573 910 2627 magna
954 2557 1046 2610 Dei
1084 2558 1258 2628 gratia
1291 2559 1564 2628 indigent,
1618 2575 1740 2614 cum
1789 2568 1976 2614 contra

401 2646 818 2717 archangelum,
859 2654 935 2699 tot
967 2646 1201 2701 millibus
1235 2663 1500 2702 annorum
1541 2649 1608 2702 ad
1645 2648 1784 2704 bella
1821 2663 1978 2704 exer-

401 2738 663 2802 citatum,
705 2737 886 2790 carnis
929 2735 1192 2807 fragilitas
1233 2745 1454 2808 pugnat.
1501 2737 1670 2794 Recte
1711 2754 1840 2808 ergo
1880 2738 1978 2792 du-

402 2839 574 2885 centm
602 2829 768 2882 hasta:
793 2828 858 2883 de
886 2844 1096 2884 summa
1122 2839 1496 2884 sexcentornm
1539 2831 1795 2886 sielorum
1823 2831 1978 2887 facta:

405 2928 564 2984 sunt,
607 2919 732 2988 quia
774 2928 958 2989 patres
1000 2921 1282 2990 utriusque
1315 2923 1624 2976 testamenti
1652 2922 1895 2977 doctrina
1925 2931 1980 2978 et

403 3011 720 3081 operatione
759 3011 986 3082 perfecti
1029 3027 1151 3066 esse
1192 3022 1511 3078 noscuntur,
1555 3029 1676 3070 cum
1715 3014 1976 3085 quidquid

2073 1828 2248 1884 Habet
2275 1831 2418 1885 enim
2449 1830 2793 1887 medietatem
2825 1833 2924 1886 tria
2943 1872 2956 1897 ,
2991 1833 3203 1888 tertiam
3243 1843 3454 1903 partem
3495 1835 3604 1889 duo
3628 1874 3644 1900 ,

2072 1931 2282 1976 sextam
2324 1939 2530 1989 unum;
2564 1941 2728 1978 unum
2768 1940 2924 1988 vero,
2972 1926 3076 1980 duo
3117 1933 3172 1980 et
3215 1927 3316 1980 tria
3358 1943 3453 1981 sex
3487 1927 3644 1981 ﬁunt.

2071 2013 2240 2083 Igitur
2267 2013 2391 2082 quia
2424 2023 2477 2068 et
2505 2029 2600 2068 sex
2631 2015 2880 2069 aetatibus
2911 2015 3141 2071 mundus
3168 2025 3414 2082 constat,
3445 2017 3498 2070 in
3528 2017 3650 2086 qui-

2072 2105 2174 2158 bus
2220 2103 2348 2158 licet
2393 2103 2640 2174 operari,
2689 2104 2937 2174 quisquis
2986 2105 3053 2159 ad
3093 2106 3368 2160 ccelestem
3413 2106 3649 2176 patriam

2072 2195 2356 2263 pervenire
2386 2194 2691 2256 desiderat,
2726 2195 2882 2250 bonis
2905 2196 3160 2265 operibus
3185 2196 3475 2250 ascendere
3506 2195 3652 2250 festis

2074 2293 2204 2349 net,
2235 2285 2362 2354 quia
2381 2326 2394 2349 ,
2421 2285 2522 2340 nisi
2554 2285 2711 2340 bouis
2739 2285 2950 2340 actibus
2978 2286 3318 2341 ascendatur.
3342 2286 3467 2341 illuc
3496 2286 3650 2340 mini-

2075 2391 2162 2430 me
2190 2375 2522 2446 pervenitur.
2557 2374 2847 2444 Sequitur:

2152 2484 2170 2515 ‹
2208 2464 2274 2518 Et
2315 2465 2600 2518 summitas
2641 2466 2818 2520 throni
2863 2465 3093 2521 rotunda
3133 2475 3249 2521 erat
3288 2467 3339 2520 in
3368 2477 3524 2537 parte
3553 2483 3653 2537 po-

2081 2575 2097 2605 ι
2139 2555 2384 2610 steriorc.
2425 2574 2442 2605 ι
2475 2555 2611 2622 Quid
2658 2557 2802 2612 enim
2854 2557 3158 2613 rotunditas
3209 2559 3384 2613 throni
3415 2559 3467 2612 in
3495 2569 3652 2629 parte

2075 2645 2381 2714 posteriore
2425 2645 2530 2700 nisi
2573 2646 2814 2714 requiem
2862 2654 3155 2712 :eternam,
3202 2663 3319 2718 qua:
3360 2656 3481 2718 post
3508 2650 3652 2704 hanc

2077 2736 2247 2790 vitam
2297 2733 2476 2790 futura
2521 2744 2606 2790 est
2643 2736 2877 2803 sanctis,
2921 2737 3218 2808 significat,
3265 2739 3355 2794 ubi
3403 2740 3650 2811 quisquis

2077 2825 2166 2879 hic
2191 2825 2328 2878 bene
2357 2825 2596 2891 laborat,
2626 2827 2876 2882 mercede
2905 2827 3084 2897 operis
3121 2828 3204 2883 sui
3247 2837 3646 2894 remuneratur,

2075 2917 2303 2986 perenni
2326 2917 2507 2987 quiete
2534 2916 2880 2988 perfruetur?
2911 2919 3062 2974 Unde
3091 2929 3146 2974 et
3174 2920 3229 2974 in
3256 2919 3479 2975 Cantica
3521 2936 3652 2976 can-

2079 3005 2312 3061 ticorum
2343 3003 2410 3059 de
2437 3005 2540 3061 hoc
2570 3006 2686 3076 ipso
2717 3008 2912 3062 throno
2949 3008 3050 3063 sub
3081 3008 3189 3063 alio
3219 3008 3466 3078 exemplo
3503 3024 3653 3064 com-

402 3101 458 3155 in
487 3117 736 3156 sermone
764 3101 1082 3166 docuerint,
1112 3101 1268 3156 bonis
1298 3104 1556 3172 exemplis
1583 3103 1968 3172 probaverunt.
2003 3078 2050 3142 (ἶ
2081 3103 2434 3160 memoratur,
2478 3097 2567 3152 Ubi
2596 3097 2797 3152 dit'illﬂ‘
2823 3115 2835 3150 ε
2869 3117 2888 3148 ί
2920 3097 3204 3153 Ferculum
3242 3097 3372 3153 feeit
3409 3099 3512 3154 Sibi
3551 3115 3650 3154 rex

402 3191 621 3246 Necnon
653 3201 706 3246 et
740 3199 982 3246 trecenta
1013 3200 1162 3246 scuta
1187 3233 1200 3256 ,
1233 3207 1462 3261 quorum
1494 3195 1701 3266 singula
1743 3197 1968 3252 trecenti

403 3281 555 3336 aurei
607 3281 936 3342 vestiebant,
983 3281 1278 3351 perfectam
1331 3282 1488 3338 ﬁdem
1539 3299 1726 3338 eorum
1770 3285 1972 3356 signiﬁ-

401 3379 530 3426 cant
548 3411 562 3435 ,
591 3385 753 3439 quam
799 3369 852 3423 in
897 3379 1098 3424 sancta:
1127 3370 1411 3426 Trinitatis
1440 3371 1781 3428 confessione
1809 3375 1972 3428 habe-

400 3459 546 3514 bant.
580 3461 721 3514 Bene
748 3474 876 3530 ergo
902 3461 1154 3515 custodes
1184 3461 1376 3517 domus
1409 3463 1502 3518 Dei
1530 3465 1710 3518 hastas
1736 3473 1791 3519 et
1819 3473 1970 3520 scuta

402 3565 566 3604 aurea
595 3557 848 3618 portant,
879 3551 1003 3620 quia
1047 3551 1220 3605 sancti
1258 3553 1674 3622 praedicatores,
1715 3555 1806 3625 qui
1845 3565 1973 3611 sunt

398 3638 655 3695 Ecclesiae
683 3649 887 3695 sancta:
913 3642 1182 3705 custodes,
1215 3642 1458 3698 claritate
1487 3659 1731 3714 supernae
1758 3648 1971 3718 sapien-

400 3731 489 3786 tiae
514 3731 862 3803 splendentes
882 3773 896 3797 ,
926 3740 981 3786 et
1009 3735 1294 3789 verborum
1332 3735 1528 3806 jaculis
1568 3737 1818 3793 inimicos
1843 3755 1972 3794 con-

397 3821 646 3888 fodiunt,
694 3831 750 3876 et
799 3831 952 3877 scuto
981 3839 1150 3878 sacra:
1178 3825 1301 3880 ﬁdei
1332 3826 1436 3881 tela
1467 3827 1787 3897 nequissimi
1817 3830 1971 3900 ignea

398 3912 722 3982 repellentes
772 3913 1141 3982 exstinguunt.
1187 3913 1339 3980 Quod
1411 3925 1593 3972 autem
1643 3916 1968 3990 adjungitur,

403 4023 423 4057 ι
451 4003 630 4073 posuit
669 4017 732 4056 ea
773 4018 866 4056 rex
911 4003 965 4056 in
1009 4003 1170 4058 domo
1213 4005 1362 4060 silvae
1390 4005 1619 4072 Libani,
1650 4026 1668 4058 ι
1693 4017 1818 4078 apte
1845 4010 1974 4065 huic

397 4090 656 4162 mysterio
683 4091 953 4160 congruit.
984 4089 1122 4157 Quid
1149 4107 1278 4161 ergo
1304 4093 1436 4147 silva
1464 4093 1652 4148 Libani
1677 4135 1692 4162 ,
1717 4096 1820 4150 nisi
1850 4113 1975 4166 gen-

403 4180 537 4234 tium
577 4179 877 4234 Ecclesium
918 4180 1222 4250 signiﬁcat,
1261 4198 1382 4252 quae
1413 4184 1478 4238 de
1523 4183 1664 4239 fastu
1707 4189 1973 4256 superbia:

401 4269 641 4324 abscissa
672 4268 724 4322 in
755 4269 960 4324 fabrica
987 4272 1178 4327 domus
1199 4272 1290 4327 Dei
1315 4275 1702 4330 convenienter
1721 4281 1974 4346 aptatur?

401 4358 556 4414 Unde
595 4369 648 4412 et
687 4375 785 4429 per
813 4359 1156 4417 Psalmistam
1186 4362 1385 4418 dicitur
1411 4382 1423 4417 :
1454 4383 1472 4414 ε
1500 4364 1640 4419 Ecce
1668 4368 1971 4426 audivimus

397 4464 515 4504 eam
563 4449 616 4502 in
663 4449 937 4518 Ephrata,
985 4452 1290 4508 invenimus
1335 4469 1453 4509 eam
1484 4455 1540 4508 in
1571 4457 1780 4526 campis
1821 4457 1969 4512 silva:

397 4535 588 4611 (Psal.
617 4555 778 4594 cxxm
805 4540 858 4609 ),
891 4549 997 4596 etc.
1031 4561 1050 4593 ι

471 4629 671 4683 «Fecit
717 4631 882 4682 etiam
932 4645 1024 4684 rex
1073 4632 1330 4688 Salomon
1385 4637 1637 4690 thronum
1689 4639 1754 4694 de
1805 4640 1968 4694 ebore

401 4737 420 4770 ι
451 4718 742 4788 grandem,
773 4726 828 4771 et
868 4719 1087 4773 vestivit
1125 4737 1246 4774 eum
1297 4739 1431 4778 auro
1473 4724 1615 4780 fulvo
1646 4729 1836 4791 nimis,
1877 4733 1971 4800 qui

400 4827 419 4859 ι
450 4808 681 4863 habebat
720 4823 814 4862 sex
843 4809 1061 4878 gradus.
1095 4811 1162 4865 Et
1190 4815 1474 4869 summitas
1517 4817 1698 4872 throni
1739 4822 1970 4875 rotunda

401 4916 419 4948 ι
448 4905 567 4951 erat
596 4897 646 4950 in
677 4905 830 4967 parte
859 4900 1186 4967 posteriore,
1217 4912 1271 4957 et
1297 4904 1414 4959 duae
1442 4922 1633 4962 manus
1658 4909 1783 4964 hinc
1811 4920 1972 4980 atque

401 5005 419 5038 ι
454 4987 572 5041 inde
604 4995 852 5042 tenentes
884 4989 1084 5056 sedile,
1115 5001 1170 5046 et
1200 4994 1308 5050 duo
1340 4997 1522 5052 leones
1563 5000 1780 5056 stabant
1813 5003 1968 5073 juxta

399 5097 420 5130 ε
451 5094 644 5134 utanus
671 5080 909 5150 singulas
930 5122 945 5144 ,
977 5090 1032 5136 et
1061 5083 1342 5140 duodecim
1385 5087 1614 5143 lennculi
1649 5101 1856 5147 stantes
1881 5110 1970 5148 su-

404 5190 422 5221 c
452 5185 550 5241 per
594 5186 687 5226 sex
743 5172 942 5242 gradus
991 5173 1116 5229 hinc
1163 5185 1325 5246 atque
1367 5178 1490 5232 inde
1519 5219 1534 5243 ,
1567 5189 1673 5234 etc.
1711 5202 1728 5232 ι
1763 5183 1968 5238 Solium

396 5278 524 5334 ergo
565 5264 706 5331 quoi
748 5279 840 5318 rex
880 5263 1134 5320 Salomon
1179 5267 1307 5322 fecit
1349 5269 1482 5324 bene
1513 5271 1751 5326 Ecclesia
1783 5286 1970 5329 sancta

398 5367 520 5408 esse
569 5353 904 5423 intelligitur,
952 5356 1003 5408 in
1054 5372 1157 5426 qua
1205 5357 1468 5413 Paciﬁcas
1511 5370 1696 5414 noster
1738 5378 1969 5432 regnans

393 5443 593 5514 judicia
625 5459 720 5496 sua
751 5443 931 5498 facere
961 5444 1314 5516 dignoscitur.
1357 5447 1490 5514 Quia
1522 5450 1700 5504 anima
1724 5452 1853 5520 justi
1887 5471 1972 5508 se-

397 5533 493 5589 des
516 5543 600 5590 est
623 5535 915 5604 sapientiae
945 5537 1008 5590 Et
1033 5538 1168 5592 bene
1196 5539 1262 5594 de
1287 5541 1450 5595 ebore
1479 5541 1602 5596 illud
1629 5541 1825 5596 factum
1852 5560 1972 5600 csse

399 5631 752 5692 memoratur,
783 5627 924 5695 quod
953 5641 1057 5682 non
1086 5628 1151 5682 ad
1181 5629 1322 5683 solas
1353 5631 1567 5684 divitias
1612 5633 1970 5704 intelligamus

2075 3185 2332 3242 Salomon
2356 3187 2422 3242 de
2447 3187 2604 3258 lignis
2623 3187 2835 3244 Libani.
2858 3187 3148 3244 Columnas
3167 3187 3284 3258 ejus
3307 3189 3434 3244 fecit
3458 3205 3652 3260 argen-

2073 3285 2227 3343 teas;
2267 3279 2669 3334 reclinatorium
2717 3295 2958 3343 aureum,
3003 3294 3285 3336 ascensum
3320 3297 3650 3352 purpureum

2074 3370 2248 3424 media
2273 3370 2542 3424 charitate
2567 3371 2865 3426 constravit
2887 3367 3068 3442 (Cant.
3099 3370 3213 3444 ιιι).
3237 3390 3256 3423 ι
3287 3370 3306 3444 (
3330 3370 3414 3426 Ea:
3439 3371 3607 3426 Beda.
3631 3373 3650 3444 )

2072 3462 2358 3518 Ferculum
2408 3463 2530 3518 inde
2577 3463 2776 3518 dictum
2826 3463 2968 3533 quod
3015 3462 3098 3518 vel
3142 3463 3488 3518 residentium
3535 3465 3652 3518 sive

2073 3553 2526 3608 discumbentium
2552 3553 2605 3606 in
2632 3553 2880 3607 convivio
2900 3567 3128 3622 corpora
3153 3553 3291 3607 ferat
3315 3569 3332 3618 ;
3361 3553 3442 3608 vel
3472 3554 3651 3624 ipsum

2074 3645 2139 3702 de
2167 3645 2287 3700 loco
2315 3645 2383 3699 ad
2411 3645 2592 3699 locum
2621 3644 2793 3700 soleat
2820 3660 2920 3714 pro
2950 3645 3210 3714 temporis
3240 3647 3650 3716 opportunitate

2073 3733 2432 3790 circumferri.
2482 3733 2581 3789 Cui
2633 3734 2826 3789 merito
2864 3743 3047 3789 sancta
3085 3733 3324 3790 Eccies’a
3365 3751 3650 3806 compara-

2073 3832 2180 3890 tur,
2205 3839 2324 3894 quat
2350 3825 2632 3880 credentes
2660 3825 2727 3878 ad
2751 3832 2964 3879 azterna:
2989 3823 3282 3880 vitaz'refec
3308 3824 3485 3880 ionem
3512 3840 3652 3894 prte-

2075 3919 2375 3974 dicatorum
2404 3933 2620 3974 suorum
2651 3917 2956 3973 ministerio
2985 3916 3321 3974 circumfert.
3359 3916 3648 3972 Ferculum

2075 4010 2262 4080 itaque
2289 4009 2433 4080 regis
2462 4009 2631 4064 nostri
2661 4016 2844 4062 sancta
2873 4008 3111 4064 Ecclesia
3143 4015 3226 4063 est
3245 4048 3260 4073 ,
3293 4023 3412 4076 qua:
3441 4008 3508 4063 de
3538 4007 3650 4062 for-

2074 4101 2220 4156 tibus
2249 4109 2500 4172 patrum,
2532 4100 2688 4170 quasi
2725 4099 2885 4170 lignis
2915 4099 3152 4155 eedrinis
3188 4098 3646 4168 imputribilibus,

2073 4190 2344 4245 mentibus
2379 4198 2464 4246 est
2498 4197 2828 4245 constructa.
2869 4189 2999 4256 Qua:
3033 4197 3181 4245 recte
3216 4187 3474 4244 ferculum
3513 4189 3650 4244 dici-

2074 4291 2180 4345 tur,
2208 4281 2336 4352 quia
2367 4281 2480 4351 ipsa
2506 4280 2612 4336 fert
2637 4281 2874 4350 quotidie
2901 4283 3109 4338 animas
3135 4282 3203 4336 ad
3231 4291 3492 4337 aeternum
3518 4297 3649 4338 ea“—

2075 4372 2277 4425 vivium
2307 4371 2604 4427 conditoris
2631 4371 2734 4426 sui.
2758 4371 2899 4426 'Cum
2929 4370 3134 4428 ferculo
3164 4372 3422 4428 columna:
3452 4387 3650 4442 argen-

2077 4471 2175 4516 tea:
2225 4460 2381 4516 facta:
2427 4471 2584 4527 sunt,
2631 4463 2756 4532 quia
2803 4463 3184 4532 przedicatores
3229 4465 3401 4518 sancti
3447 4464 3648 4533 eloquii

2073 4552 2193 4608 luce
2223 4552 2585 4622 resplendent.
2629 4553 2724 4608 Est
2752 4565 2933 4609 autem
2963 4555 3225 4610 columnis
3255 4558 3528 4630 argenteis
3556 4571 3646 4608 res

2075 4645 2415 4700 clinatorium
2463 4661 2716 4711 aureum,
2747 4647 2873 4716 quia
2918 4661 3016 4716 per
3055 4647 3157 4702 hoc
3193 4648 3335 4716 quod
3375 4662 3406 4700 a
3444 4647 3648 4701 sanctis

2073 4737 2516 4806 praedicatoribus
2571 4735 2747 4792 lucide
2805 4737 3002 4792 dicitur
3056 4747 3263 4793 mentes
3313 4737 3648 4792 audientium

2075 4826 2338 4898 fulgorem
2377 4827 2639 4882 claritatis
2673 4827 2910 4893 intimae,
2947 4829 3001 4882 in
3035 4844 3140 4898 qua
3175 4829 3528 4892 reclinentur,
3565 4827 3650 4880 in-

2075 4917 2317 4970 veniunt.
2356 4917 2486 4970 ltem
2526 4915 2929 4972 reclinatorium
2967 4918 3020 4972 in
3059 4917 3260 4972 ferculo
3304 4917 3464 4982 fecit,
3518 4932 3647 4971 cum

2074 5023 2222 5078 spem
2259 5017 2530 5078 perpetuae
2557 5008 2754 5076 quietis
2785 5009 3028 5065 ﬁdelibus
3054 5010 3323 5079 promisit.
3357 5030 3376 5061 ‹
3411 5009 3608 5064 Tollite
3629 5050 3645 5073 ,

2075 5097 2282 5166 inquit,
2329 5095 2516 5166 jugum
2560 5111 2734 5152 meum
2771 5115 2932 5169 super
2966 5115 3090 5164 vos,
3123 5111 3176 5154 et
3213 5101 3404 5155 discite
3447 5115 3476 5153 a
3526 5115 3644 5163 me,

2073 5189 2198 5258 quia
2227 5187 2375 5242 mitis
2405 5203 2522 5242 sum
2542 5227 2556 5252 ,
2589 5197 2643 5241 et
2675 5189 2891 5244 humilis
2925 5191 3122 5256 corde,
3150 5200 3204 5245 et
3241 5190 3524 5244 invenietis
3561 5205 3650 5244 re-

2075 5277 2253 5345 quiem
2295 5276 2578 5332 animabus
2614 5279 2807 5333 vestris
2843 5279 3082 5344 (Matth.
3119 5297 3170 5334 xr
3195 5281 3236 5352 ).
3269 5300 3286 5332 ι
3323 5279 3390 5334 Et
3423 5280 3526 5334 hoc
3563 5294 3648 5332 re-

2075 5366 2418 5420 clinatorium
2448 5365 2576 5421 fecit
2602 5383 2823 5422 aureum
2843 5409 2857 5434 ,
2889 5370 3014 5438 quia
3043 5371 3278 5439 requiem
3311 5370 3461 5424 nolis
3489 5378 3650 5423 teter-

2077 5473 2200 5512 nam
2237 5457 2428 5511 divinae
2462 5474 2572 5512 sum
2608 5460 2830 5514 visionis
2866 5462 3034 5532 gloria
3066 5477 3348 5517 corucam
3379 5477 3648 5532 przepara-

2076 5548 2169 5600 vit.
2201 5547 2266 5599 Et
2295 5563 2397 5600 non
2427 5547 2526 5602 nisi
2559 5563 2855 5617 purpureus
2881 5550 2946 5604 ad
2973 5551 3072 5604 hoc
3100 5549 3361 5606 ferculum
3387 5564 3646 5604 ascensus

2078 5637 2368 5702 invenitur,
2403 5638 2525 5706 quia
2563 5639 2739 5692 nullus
2779 5639 3108 5704 Ecclesium,
3148 5641 3248 5694 nisi
3289 5639 3644 5694 sacramentis
