3912 6160
373 220 479 274 197

1178 217 1533 276 COMMENT.
1576 222 1639 276 lN
1682 223 1924 277 ΠΕΠίὸ
1963 226 2027 279 lV
2070 226 2329 284 lilLGliM.
2368 262 2436 270 -—
2473 231 2537 285 IN
2571 232 2695 286 LIB.
2738 232 2823 286 lil.

3519 240 3619 293 198

364 328 663 384 Dominica:
691 329 959 398 passionis
994 329 1260 395 imbutus,
1290 333 1607 404 ingreditur.
1646 334 1799 388 Unde
1832 335 1946 404 ipse
1975 344 2023 400 Α
2057 360 2071 390 ι
2109 339 2337 395 lomonis
2360 383 2372 405 ,
2425 351 2531 397 ctc.
2570 364 2586 394 ι
2619 346 2809 398 Omnia
2855 360 2979 400 vasa
3023 362 3139 416 qua}
3187 346 3402 402 Paciﬁci
3452 354 3618 407 nostri

363 422 443 474 ait
469 439 480 473 :
513 440 530 471 ι
558 418 671 473 Nisi
708 421 1164 476 manducaveritis
1194 438 1412 477 carnem
1444 423 1565 477 Filii
1596 425 1860 489 hominis,
1891 435 1947 479 et

363 511 618 566 biberitis
660 509 777 578 ejus
815 512 1165 580 sanguinem,
1214 529 1319 567 non
1366 514 1631 568 habebitis
1678 514 1844 568 vitam
1891 517 1944 570 in

367 607 542 660 vobis.
576 605 676 672 Qui
710 606 1003 659 manducat
1032 621 1204 660 meam
1237 622 1453 661 carnem
1476 648 1491 671 ,
1523 615 1578 661 et
1604 607 1739 662 bibit
1769 624 1945 663 meum

362 697 716 766 Sanguinem,
757 696 915 749 habet
954 696 1121 750 vitam
1155 706 1443 762 aeternam,
1485 706 1540 752 et
1575 713 1676 768 ego
1713 698 1947 753 resusci-

364 788 492 840 tabo
523 801 645 839 eum
677 785 730 839 in
762 785 1055 840 novissimo
1082 786 1168 839 die
1200 785 1396 858 (Joau.
1426 803 1474 841 γι
1500 787 1539 856 ).
1572 806 1590 836 ι
1624 787 1794 841 Media
1824 789 1948 842 clm-

364 881 522 931 ritate
546 878 842 932 constravit
870 886 1080 947 propter
1105 876 1246 946 ﬁlias
1271 876 1586 931 Jerusalem.

438 969 517 1024 Ea
557 970 669 1039 ipsa
700 968 955 1022 videlicet
986 968 1285 1033 charitate,
1315 983 1418 1036 qua
1449 983 1546 1037 pro
1577 969 1731 1024 nobis
1755 985 1946 1039 passus

360 1070 467 1117 est.
503 1082 521 1113 ι
554 1060 812 1128 Majorem
848 1059 989 1114 enim
1024 1059 1129 1113 hac
1161 1059 1428 1114 charitate
1459 1074 1621 1114 nemo
1656 1059 1852 1126 habet,
1883 1069 1944 1114 ut

359 1153 604 1208 animam
653 1166 808 1206 suam
856 1157 1022 1221 ponat
1067 1150 1189 1218 quis
1236 1164 1333 1219 pro
1376 1149 1563 1203 amicis
1598 1149 1710 1203 suis
1740 1148 1939 1220 (Joan.

363 1244 501 1315 xv).
539 1263 557 1294 ι
593 1242 657 1296 Et
686 1244 790 1296 hoc
818 1249 902 1295 est
931 1240 1071 1308 quod
1102 1239 1306 1293 addidit
1336 1256 1348 1291 :
1386 1259 1402 1287 ι
1434 1237 1659 1308 Pr0pter
1688 1237 1821 1293 ﬁlias
1851 1237 1942 1293 Je-

373 1333 648 1397 rusalem,
680 1352 695 1383 ›
733 1333 784 1386 id
822 1340 905 1387 est
927 1372 941 1395 ,
979 1339 1201 1400 propter
1233 1330 1442 1383 animas
1476 1330 1772 1385 caelestium
1806 1332 1944 1387 desi—

366 1425 522 1479 derio
553 1423 863 1493 ﬂagrantes.
896 1421 1107 1488 Quanto
1138 1420 1279 1473 enim
1311 1418 1566 1487 majorem
1598 1419 1738 1475 Deus
1766 1420 1944 1474 chari-

366 1525 536 1570 tatem
568 1530 720 1570 suam
751 1512 906 1567 noLis
934 1528 1033 1583 pro
1063 1511 1218 1565 nobis
1246 1509 1498 1581 patiendo
1527 1510 1938 1576 commendavit,

369 1617 521 1663 tanto
553 1607 737 1678 plures
773 1606 839 1658 ad
880 1619 937 1658 se
976 1603 1360 1658 redamandum
1402 1615 1467 1655 ac
1502 1616 1601 1672 pro
1635 1616 1694 1656 sc
1730 1603 1937 1670 patien-

367 1698 497 1751 dum
529 1696 789 1750 accendit.

398 1806 407 1813 ’
445 1827 463 1858 ι
496 1806 560 1860 Et
594 1805 715 1859 dua:
750 1820 944 1858 manus
975 1804 1101 1858 hinc
1152 1811 1314 1871 atque
1373 1803 1495 1857 inde
1550 1810 1794 1859 tenentes
1850 1820 1935 1859 se—

363 1897 492 1952 dile.
526 1916 544 1947 ι
578 1896 716 1962 Quid
746 1910 876 1965 ergo
910 1895 1028 1949 dua:
1063 1909 1255 1949 manus
1291 1902 1534 1948 tenentes
1580 1895 1746 1949 sedile
1788 1894 1938 1950 Salo-

366 1987 545 2042 monis
581 1985 891 2057 signiﬁcaut
918 2026 932 2046 ,
970 1985 1074 2039 nisi
1110 1984 1300 2040 solatia
1335 1986 1528 2041 divina:
1561 1988 1777 2057 gratim,
1819 2004 1938 2057 qum

368 2085 614 2131 sanctam
649 2075 944 2130 Ecclesiam
979 2075 1046 2129 ad
1083 2075 1304 2130 caeleste
1341 2091 1562 2146 regnum
1596 2079 1939 2147 provehunt?

366 2167 435 2219 Et
462 2167 580 2220 hate
608 2174 730 2234 apte
759 2181 857 2233 per
884 2166 1153 2220 binarium
1180 2182 1463 2220 numerum
1489 2166 1758 2235 descripta
1783 2178 1934 2232 sunt,

366 2255 495 2323 quia
545 2255 600 2308 in
651 2263 879 2322 utroque
928 2262 1253 2308 testamento
1302 2254 1404 2309 hoc
1447 2256 1789 2323 priedicatur,
1835 2258 1938 2312 hoc

370 2347 609 2400 maxime
651 2346 1080 2399 commendatur.
1116 2345 1250 2411 Quia
1284 2361 1391 2400 non
1431 2348 1531 2400 nisi
1567 2362 1663 2416 per
1698 2348 1938 2403 divinum

367 2436 710 2504 adiutorium
777 2434 983 2503 aliquid
1033 2434 1162 2489 boui
1222 2434 1402 2503 perlici
1458 2444 1658 2505 potest.
1701 2455 1719 2488 ι
1790 2434 1947 2493 Unde

364 2529 486 2595 ipsa
523 2525 741 2583 Veritas
770 2526 906 2584 dicit
936 2544 954 2583 :
994 2546 1015 2580 ‹
1049 2525 1181 2584 Sine
1203 2543 1287 2582 me
1317 2528 1451 2584 nihil
1503 2530 1735 2599 potestis
1764 2529 1945 2587 facere

366 2616 556 2687 (Jonu.
578 2615 698 2689 xv).
733 2636 753 2669 ι

445 2742 463 2773 ι
498 2721 568 2776 Et
613 2722 720 2776 duo
759 2721 947 2777 leones
984 2722 1201 2777 stabant
1219 2722 1374 2792 juxta
1402 2741 1594 2782 manus
1622 2728 1881 2800 singulas.
1914 2749 1933 2782 ι

362 2811 505 2878 Quid
534 2826 633 2881 per
660 2811 846 2867 leones
871 2812 976 2866 nisi
1006 2820 1187 2882 patres
1215 2815 1496 2884 utriusque
1535 2819 1843 2872 testamenti
1880 2819 1941 2873 ﬁ-

361 2912 650 2973 gurantur,
682 2902 775 2972 qui
806 2919 906 2973 per
934 2902 1305 2959 fortitudinem
1333 2906 1498 2961 animi
1528 2915 1583 2961 et
1610 2908 1711 2963 sibi
1739 2918 1791 2964 et
1818 2910 1940 2965 aliis

360 2996 632 3049 dominari
674 2996 811 3050 bene
848 2994 1188 3050 didicerunt?
1218 3015 1237 3047 ‹
1268 2996 1381 3051 Duo
1406 3012 1534 3067 ergo
1572 2998 1754 3054 leones
1786 3001 1938 3070 juxta
1967 3030 2011 3091 ο

359 3098 557 3138 manus
588 3083 830 3145 stabant,
860 3102 877 3133 ι
906 3084 1032 3152 quia
1062 3084 1116 3137 in
1146 3084 1263 3154 lege
1292 3093 1347 3139 et
1375 3085 1427 3138 in
1456 3085 1744 3157 Evangelio
1770 3090 1940 3143 sancti

359 3180 547 3240 patres
597 3172 861 3241 quidquid
904 3173 1032 3226 boni
1082 3172 1362 3238 fecerunt,
1397 3189 1501 3247 non
1539 3176 1668 3238 sibi,
1706 3178 1799 3230 sed
1832 3179 1940 3233 Deo

360 3261 775 3330 deputaverunt.
804 3261 956 3317 Unde
979 3273 1036 3315 et
1060 3261 1348 3316 Psalmista
1376 3263 1507 3317 dicit
1535 3282 1547 3316 :
1577 3284 1595 3314 ι
1616 3264 1728 3319 Non
1760 3266 1934 3333 nobis,

358 3352 621 3417 Domine,
666 3369 770 3406 non
818 3353 1005 3418 nobis,
1052 3354 1149 3407 sed
1190 3355 1395 3408 nomini
1440 3363 1531 3410 tuo
1570 3357 1636 3411 da
1677 3356 1934 3425 gloriam,

362 3458 528 3512 super
586 3442 958 3497 misericordia
1016 3450 1108 3496 tua
1173 3452 1227 3497 ct
1284 3444 1514 3500 veritate
1567 3455 1656 3499 tua
1737 3444 1931 3517 (Psal.

361 3534 508 3603 exin!
542 3531 584 3605 ).
619 3552 636 3585 ι
667 3533 733 3588 Et
753 3534 1045 3603 Apostolus
1074 3551 1087 3586 :
1117 3552 1133 3585 ι
1166 3533 1353 3589 Gratia
1373 3576 1387 3599 ,
1439 3535 1640 3604 inquit,
1695 3537 1788 3591 Dei
1817 3552 1934 3592 sum

362 3619 417 3673 id
463 3622 606 3689 quod
653 3636 771 3675 smn
823 3620 890 3691 (1
955 3619 1075 3675 Cor.
1106 3637 1173 3676 xv
1197 3622 1238 3694 ).
1275 3642 1291 3673 ι
1322 3622 1388 3676 Ει
1416 3623 1544 3677 item
1578 3640 1590 3675 :
1619 3644 1637 3674 σ
1671 3624 1773 3690 Qui
1822 3625 1935 3695 gloc

363 3707 555 3771 tiatur,
606 3711 656 3765 in
702 3711 929 3764 Domino
969 3712 1230 3782 glorietur
1270 3712 1420 3782 (Jer.
1452 3729 1544 3777 1x;
1575 3712 1604 3764 1
1637 3712 1760 3767 Cor.
1794 3713 1875 3783 ι).
1909 3733 1927 3765 ι

360 3794 619 3866 Sequitur
648 3817 661 3851 :
694 3818 710 3848 ι
738 3799 805 3851 Et
833 3799 1111 3853 duodecim
1141 3800 1369 3854 leunculi
1406 3809 1611 3856 stantes
1639 3818 1800 3873 super
1838 3820 1931 3859 sex

365 3906 384 3938 ι
404 3888 626 3957 gradus,
655 3890 780 3943 hinc
803 3897 966 3958 atque
997 3890 1136 3945 inde.
1160 3910 1178 3942 ι
1199 3890 1335 3958 Quid
1359 3907 1455 3961 per
1478 3892 1761 3949 duodecim
1785 3895 1934 3950 leun-

358 3976 542 4039 culos,
599 3977 702 4031 nisi
748 3976 1162 4046 prmdicatorum
1218 3980 1386 4045 ordo,
1438 3982 1528 4049 qui
1580 3983 1931 4050 apostolicam

361 4062 665 4118 doctrinam
711 4065 991 4134 sequitur,
1049 4067 1423 4136 signiﬁcatur?
1472 4070 1536 4123 lli
1592 4086 1720 4141 ergo
1771 4089 1932 4143 supra

358 4167 455 4207 sex
498 4153 699 4223 gradus
742 4154 869 4208 hinc
911 4163 1074 4223 atque
1114 4157 1236 4210 inde
1277 4167 1451 4223 stant,
1502 4162 1625 4228 quia
1667 4162 1928 4218 bonorum

357 4257 584 4313 cperum
625 4260 845 4314 gressus
881 4246 1008 4300 hinc
1047 4255 1103 4300 et
1143 4246 1269 4302 inde
1308 4250 1420 4304 suis
1467 4250 1727 4305 doctrinis
1769 4262 1930 4323 atque

359 4334 620 4403 exemplis
665 4336 878 4389 munire
919 4345 1164 4401 certant,
1208 4352 1274 4391 ne
1317 4339 1437 4406 pius
1481 4340 1631 4394 labor
1670 4342 1805 4398 bene
1843 4344 1927 4397 in-
1952 4368 2004 4427 D

358 4426 674 4497 cipientium
714 4429 767 4482 in
806 4431 1080 4498 operando
1118 4431 1366 4497 vacillet,
1413 4432 1508 4488 sed
1551 4420 1924 4491 rectitudinem

360 4515 413 4569 in
440 4532 730 4587 progressu
762 4518 1021 4574 virtutum
1048 4519 1265 4575 fortiter
1294 4533 1594 4578 conservet.
1638 4523 1790 4591 Quod
1833 4542 1897 4582 au

360 4614 467 4661 tem
496 4607 744 4662 subditur
777 4628 789 4662 :

434 4719 452 4749 ι
483 4697 599 4752 Non
629 4708 710 4753 est
739 4699 939 4755 factum
970 4702 1075 4757 tale
1102 4718 1237 4773 Opus
1270 4705 1323 4758 in
1355 4706 1621 4761 universis
1652 4707 1831 4778 regnis
1850 4749 1865 4772 ,
1902 4727 1920 4758 ι

358 4795 483 4859 apte
530 4800 731 4844 sanctae
780 4791 1035 4847 Ecclesia:
1082 4796 1364 4860 convenit,
1418 4797 1485 4851 de
1521 4813 1626 4866 qua
1666 4799 1927 4868 scriptum

356 4885 440 4930 est
471 4894 485 4929 :
519 4897 537 4929 ι
564 4877 845 4935 Fortitudo
884 4891 937 4935 et
982 4883 1145 4938 decor
1179 4885 1553 4946 indumentum
1583 4887 1699 4956 ejus
1724 4906 1739 4953 ;
1769 4899 1825 4943 et
1854 4891 1929 4945 ri-

357 4966 507 5021 debit
549 4967 602 5022 in
645 4968 731 5024 die
772 4972 1088 5028 novissimo.
1137 4974 1503 5031 Surrexerunt
1542 4978 1635 5033 ﬁlii
1678 4981 1827 5050 ejus,
1872 4991 1928 5037 et

358 5057 731 5114 beatissimam
778 5064 1243 5133 prazdicaverunt,
1295 5078 1349 5123 et
1392 5070 1478 5123 vir
1526 5071 1642 5141 ejus
1690 5073 1926 5129 laudavit

356 5163 498 5204 eam.
531 5151 709 5207 Multa:
738 5154 857 5209 ﬁliae
886 5170 1346 5228 congregaverunt
1371 5161 1614 5227 divitias,
1649 5171 1703 5217 tu
1733 5178 1923 5234 super-

354 5255 543 5310 gressa
571 5254 630 5295 es
661 5244 936 5301 universas
966 5246 1165 5318 (Prov.
1194 5264 1322 5303 xxx:
1350 5249 1390 5321 ).
1422 5270 1439 5300 ›
1468 5250 1724 5320 Sequitur
1753 5271 1767 5308 :

432 5350 452 5377 σ
489 5329 596 5386 Sed
624 5339 679 5385 et
704 5335 884 5390 omnia
913 5354 1042 5393 vasa
1072 5339 1139 5394 de
1167 5341 1361 5408 quibus
1390 5345 1610 5411 potabat
1643 5361 1735 5399 rex
1770 5346 1925 5401 Salo-

361 5438 377 5469 ι
414 5435 541 5472 mon
587 5431 744 5477 erant
782 5440 941 5481 aurea
966 5468 982 5491 ,
1023 5439 1080 5483 et
1126 5431 1377 5489 universa
1438 5434 1674 5502 supellex
1737 5437 1928 5492 domus

361 5528 378 5558 ε
411 5509 587 5587 saltus
618 5510 804 5568 Libani
834 5517 897 5570 de
923 5533 1055 5572 auro
1096 5520 1404 5589 purissimo.
1439 5521 1554 5577 Non
1596 5533 1711 5577 erat
1740 5540 1929 5593 argen-

360 5614 379 5647 ι
415 5605 529 5652 tum
552 5639 568 5665 ,
599 5616 699 5656 nec
740 5603 962 5675 alicujus
1002 5608 1157 5675 pretii
1187 5612 1473 5678 putabatur
1526 5613 1576 5667 in
1608 5613 1793 5668 diebus
1822 5614 1923 5669 Sa-

2052 432 2353 487 ministerio
2387 436 2680 505 funguntur
2712 452 2877 491 aurea
2908 437 3077 502 ﬁunt,
3121 440 3245 508 quia
3285 457 3474 497 omnes
3510 444 3625 498 ani-

2048 535 2149 573 ma:
2198 532 2543 587 sanctorum,
2592 541 2711 594 qua:
2755 535 2879 580 sunt
2923 543 3049 582 vasa
3097 530 3220 592 Dei,
3253 539 3310 584 ut
3355 532 3619 588 voluntati

2048 611 2362 668 deserviant
2391 615 2616 681 divinat,
2650 617 2933 686 splendore
2963 621 3239 689 sapientiae
3281 631 3336 675 et
3376 623 3622 679 dilectio-

2049 703 2134 757 nis
2168 704 2430 770 nitentes,
2467 709 2743 762 continent
2773 718 2953 778 potum
2998 726 3150 779 aqum
3179 711 3345 778 vivae,
3386 722 3441 767 et
3476 733 3494 763 ‹
3531 713 3625 769 ﬁet

2048 793 2101 846 in
2132 794 2212 847 eis
2242 794 2361 850 fons
2391 812 2543 866 aqua:
2572 799 2816 853 salientis
2846 800 2897 853 in
2930 800 3094 854 vitam
3122 810 3376 855 aeternam
3410 804 3428 875 (
3455 803 3617 857 Joau.

2049 885 2162 956 IV).
2201 906 2218 936 ι
2251 885 2359 941 Nec
2407 890 2635 959 alicujus
2682 891 2839 961 pretii
2888 901 3167 960 argentum
3217 894 3511 961 putabatur
3562 896 3614 949 in

2048 976 2238 1031 diebus
2293 978 2636 1046 Salomonis,
2689 983 2852 1051 quia,
2910 985 3202 1038 secundum
3254 984 3568 1054 Apostolum
3600 1028 3615 1047 .

2051 1088 2067 1119 ι
2104 1085 2209 1124 non
2253 1081 2336 1126 est
2384 1074 2439 1127 in
2480 1089 2728 1129 sermone
2764 1090 2990 1145 regnum
3033 1076 3161 1139 Dei,
3205 1077 3301 1133 sed
3341 1079 3392 1131 in
3423 1078 3620 1133 virtute

2046 1157 2108 1230 (1
2135 1158 2259 1214 Cvr.
2292 1178 2343 1214 IV
2368 1160 2406 1234 ).
2438 1182 2456 1213 ι
2486 1163 2552 1217 Et
2580 1164 2892 1233 prmdicatio
2923 1163 3195 1235 Evangelii
3225 1186 3242 1216 ι
3274 1183 3381 1222 non
3411 1167 3462 1220 in
3492 1184 3616 1221 sua-

2045 1251 2287 1307 sibilibus
2318 1253 2565 1308 humanm
2594 1256 2869 1325 sapientia:
2900 1256 3080 1311 verbis
3110 1277 3126 1307 ›
3160 1259 3434 1322 consistit,
3471 1279 3488 1308 ι
3516 1261 3607 1313 sel

2044 1342 2096 1397 in
2142 1345 2451 1398 ostensione
2502 1343 2736 1413 Spiritus
2778 1355 2831 1401 ct
2876 1349 3119 1412 virtutis,
3162 1357 3219 1402 ut
3252 1347 3284 1401 ﬁ
3310 1351 3383 1402 les
3415 1359 3598 1403 nostra

2043 1449 2146 1487 non
2176 1434 2248 1488 sit
2277 1434 2327 1488 in
2362 1436 2625 1504 sapientia
2656 1437 2963 1502 hominum,
2996 1438 3089 1492 sed
3118 1438 3171 1492 in
3200 1439 3398 1493 virtute
3426 1441 3517 1493 Dei
3551 1440 3611 1509 (I

2044 1520 2167 1576 Cor.
2199 1523 2303 1594 ιι).
2342 1544 2359 1574 ι
2398 1525 2550 1580 Unde
2582 1527 2692 1596 ipsa
2723 1527 2935 1581 Veritas
2974 1529 3051 1581 ait
3079 1545 3091 1578 :
3127 1547 3144 1579 ι
3180 1527 3293 1581 Non
3322 1531 3499 1584 onmis
3526 1532 3616 1600 qui

2044 1612 2174 1666 dicit
2217 1614 2378 1677 mihi,
2427 1614 2681 1679 Domine,
2728 1614 2984 1679 Domine,
3032 1616 3255 1670 intrabit
3300 1618 3352 1671 in
3395 1634 3620 1686 regnum

1971 1692 2015 1750 Β
2046 1703 2344 1767 ραιίοιίιιιι,
2402 1706 2492 1759 sed
2528 1706 2633 1774 qui
2685 1704 2818 1759 facit
2869 1705 3198 1761 voluntatem
3249 1706 3425 1762 Patris
3478 1709 3616 1771 mei,

2045 1791 2158 1860 ipse
2189 1793 2413 1847 intrabit
2445 1794 2494 1847 in
2528 1811 2749 1865 regnum
2779 1796 3038 1851 ccelorum
3069 1798 3087 1867 (
3118 1797 3304 1851 Matth.
3336 1814 3409 1851 vn
3435 1798 3475 1868 ).
3511 1819 3526 1849 ›
3555 1798 3621 1852 Et

2044 1881 2237 1936 iterum
2267 1903 2279 1937 :
2316 1903 2333 1936 ι
2366 1884 2463 1950 Qui
2497 1886 2717 1940 solverit
2744 1903 2909 1941 untnn
2950 1889 3016 1943 de
3055 1889 3325 1943 mandatis
3360 1890 3477 1945 istis
3520 1891 3621 1944 mi-

2043 1972 2224 2036 nimis,
2250 1983 2301 2027 et
2327 1974 2569 2029 docuerit
2594 1976 2672 2030 sic
2696 1977 2961 2043 homines,
2986 1979 3238 2032 minimus
3259 1981 3538 2034 vocabitur
3565 1982 3618 2035 in

2042 2075 2207 2132 regno
2235 2062 2533 2129 cmlorum;
2566 2066 2657 2133 qui
2686 2076 2863 2119 autem
2905 2066 3096 2121 fecerit
3124 2077 3179 2121 ct
3220 2070 3495 2136 docuerit,
3530 2071 3618 2126 hic

2042 2164 2267 2218 magnus
2296 2153 2579 2206 vocabitur
2608 2154 2660 2207 in
2695 2170 2856 2225 regno
2887 2155 3147 2210 cmlorum
3179 2157 3404 2227 (Manli.
3440 2160 3523 2230 v).
3561 2182 3579 2212 ι

2118 2258 2135 2303 ᾳ
2172 2238 2542 2310 Magniﬁcatus
2585 2250 2667 2297 est
2708 2260 2800 2297 rex
2836 2244 3088 2299 Salomon
3120 2263 3282 2316 super
3311 2264 3497 2305 omnes
3530 2269 3615 2307 rc-

2048 2349 2065 2380 ι
2099 2346 2194 2400 ges
2222 2338 2409 2397 terrm,
2441 2331 2643 2387 divitiis
2675 2343 2727 2388 et
2757 2336 3044 2405 sapientia.
3091 2338 3157 2391 Et
3183 2340 3433 2395 universa
3475 2351 3618 2398 terra

1996 2450 2007 2459 -
2047 2438 2064 2470 ‹
2100 2419 2442 2476 desidBrabat
2468 2422 2651 2479 videre
2676 2425 2884 2479 vultum
2915 2425 3253 2492 Salomonis,
3295 2438 3354 2483 ut
3398 2432 3615 2488 audiret

2046 2529 2064 2560 ι
2099 2511 2416 2580 sapientiam
2468 2514 2623 2584 ejus,
2676 2531 2837 2585 quam
2890 2517 3113 2571 dederat
3158 2518 3297 2573 Deus
3348 2521 3402 2574 in
3449 2524 3613 2577 corde

2047 2618 2065 2650 ι
2100 2598 2236 2668 ejus.
2282 2602 2349 2656 Et
2394 2604 2589 2673 singuli
2629 2605 2942 2661 deferebant
2990 2608 3041 2661 ei
3074 2624 3334 2676 munera,
3376 2627 3503 2666 vasa
3534 2630 3619 2667 ar-

2047 2708 2065 2741 ι
2100 2701 2294 2763 gentea
2325 2702 2378 2747 et
2407 2709 2602 2761 aurea,
2632 2704 2814 2751 vestes
2854 2707 2909 2752 et
2948 2713 3096 2753 arma
3141 2699 3353 2754 bellica.
3411 2721 3428 2752 ι
3471 2702 3617 2758 Bene

2041 2796 2171 2851 ergo
2202 2782 2404 2837 dictum
2432 2794 2515 2839 est
2541 2787 2682 2853 quod
2711 2787 3089 2857 magniﬁcatus
3123 2792 3193 2844 sit
3233 2807 3324 2846 rex
3364 2792 3614 2848 Salomon

2042 2885 2204 2940 super
2229 2889 2381 2942 reges
2409 2882 2598 2939 terrm,
2637 2878 2761 2945 quia
2800 2878 3062 2934 Paciiicus
3104 2894 3287 2935 noster
3312 2899 3475 2953 super
3498 2900 3616 2940 om-

2046 2977 2167 3015 nem
2197 2962 2575 3019 celsitudinem
2613 2975 2922 3021 sanctorum
2940 3009 2955 3034 ,
2981 2971 3071 3038 qui
3100 2987 3222 3025 vere
3250 2989 3401 3041 reges
3428 2975 3615 3031 dicun-

2046 3058 2153 3114 tur,
2190 3051 2479 3119 exaltatur,
2516 3063 2570 3109 et
2610 3057 2785 3112 nullus
2809 3058 2859 3112 ci
2885 3062 3151 3129 comquari
3192 3073 3385 3131 potest.
3414 3087 3430 3116 ι
3465 3067 3610 3134 Quo-

2039 3143 2183 3196 niam
2211 3146 2334 3213 quis
2372 3146 2426 3199 in
2462 3148 2695 3204 nubibus
2732 3152 3035 3221 mquabitur
3071 3155 3327 3222 Domino,
3363 3167 3456 3212 aut
3492 3162 3612 3229 quis

2038 3234 2230 3288 similis
2255 3235 2360 3290 erit
2387 3236 2496 3292 Deo
2524 3239 2665 3295 inter
2690 3238 2830 3295 ﬁlios
2857 3241 2996 3296 Dei?
3024 3243 3194 3310 Deus,
3223 3245 3313 3315 qui
3341 3246 3609 3318 gloriﬁca-

2038 3330 2126 3376 tur
2172 3323 2227 3377 in
2272 3326 2497 3381 consilio
2543 3337 2887 3396 sanctorum,
2932 3348 3159 3402 magnus
3198 3344 3252 3389 et
3290 3339 3611 3393 metuendus

2036 3426 2198 3481 super
2254 3428 2442 3470 omnes
2498 3417 2589 3486 qui
2645 3418 2698 3472 in
2748 3420 2981 3476 circuitu
3051 3423 3167 3491 ejus
3227 3436 3354 3480 sunt
3404 3428 3600 3499 (Psal.

2034 3518 2275 3558 Lxxxvm
2302 3504 2343 3576 ).
2380 3524 2398 3557 ι
2426 3506 2494 3561 Et
2535 3509 2733 3564 iterum
2766 3530 2777 3565 :
2814 3532 2832 3564 ‹
2868 3512 3092 3583 Magnus
3118 3516 3377 3573 Dominus
3402 3529 3605 3583 noster,

2032 3601 2087 3647 ct
2125 3610 2318 3667 magna
2354 3597 2527 3654 virtus
2551 3600 2668 3671 ejus
2687 3640 2705 3668 ,
2733 3610 2787 3656 et
2812 3603 3088 3672 sapientia:
3110 3608 3226 3675 ejus
3252 3623 3356 3662 non
3384 3617 3464 3663 est
3503 3626 3605 3664 nn-

2033 3698 2217 3740 merus
2255 3686 2447 3757 (I’sal.
2486 3690 2889 3762 cxnvr).iUnde
2926 3703 2980 3748 et
3007 3693 3245 3752 Joannes
3274 3698 3444 3752 dicit:
3483 3719 3499 3750 ι
3536 3700 3605 3753 Et

2032 3772 2263 3830 vidimus
2304 3777 2527 3847 gloriam
2575 3779 2721 3848 ejus,
2770 3781 2993 3850 gloriam
3041 3787 3194 3855 quasi
3253 3786 3519 3858 Unigeniti
3570 3805 3598 3842 a

2032 3862 2194 3918 Patre
2214 3906 2228 3930 ,
2258 3867 2476 3934 plenum
2505 3872 2679 3938 gratia
2709 3880 2762 3928 ct
2787 3875 3017 3929 veritate
3046 3876 3238 3947 (Joan.
3270 3877 3340 3948 ι).
3373 3897 3389 3929 ι

2110 3973 2127 4004 ι
2167 3953 2234 4008 Et
2260 3957 2508 4013 universa
2541 3969 2684 4015 terra
2714 3961 2989 4019 desiderat
3015 3966 3201 4021 videre
3228 3968 3433 4024 vultum
3463 3973 3609 4043 regis

2038 4064 2056 4096 ‹
2092 4047 2284 4102 nostri.
2315 4067 2334 4100 ι
2361 4048 2496 4115 Quia
2523 4051 2775 4107 universa
2800 4053 3034 4109 Ecclesia
3063 4065 3373 4114 sanctorum
3399 4060 3501 4116 hoc
3522 4078 3610 4117 so-

2032 4134 2304 4191 lummodo
2328 4140 2564 4208 appetit,
2589 4150 2646 4194 ut
2672 4143 2741 4197 ad
2766 4155 3115 4213 conspectum
3141 4147 3322 4218 gloriae
3346 4150 3462 4220 ejus
3487 4168 3609 4221 per-

2031 4224 2231 4278 veniat.
2261 4225 2392 4281 Cum
2418 4244 2515 4297 per
2541 4228 2867 4300 Prophetam
2894 4234 3126 4290 dicitur:
3161 4256 3179 4288 (
3211 4235 3328 4293 Tibi
3354 4240 3488 4294 dixit
3516 4256 3611 4296 cor

2031 4332 2209 4370 meum
2230 4358 2244 4382 ,
2276 4319 2499 4387 quaesivi
2541 4329 2593 4375 te
2614 4362 2631 4387 ,
2656 4322 2862 4378 vultum
2897 4334 3080 4391 tuum,
3127 4327 3349 4384 Domine
3371 4370 3386 4394 ,
3426 4333 3609 4400 requi-

2030 4421 2146 4459 ram
2187 4405 2368 4477 (Psal.
2395 4409 2575 4482 xxvi).
2598 4430 2615 4461 ›
2643 4411 2711 4465 Et
2735 4412 2861 4467 alibi
2890 4432 2934 4467 ε(
2964 4414 3115 4470 Sicut
3139 4433 3365 4485 cervus,
3393 4420 3604 4490 inquit,

2029 4495 2298 4550 desiderat
2337 4499 2405 4552 ad
2444 4498 2619 4556 fontes
2659 4517 2954 4572 aquarum,
2994 4504 3070 4560 ita
3112 4507 3385 4564 desiderat
3427 4511 3607 4565 anima

2029 4599 2150 4639 mea
2175 4588 2239 4641 ad
2272 4595 2350 4652 te,
2379 4589 2521 4645 Deus
2548 4590 2731 4663 (Psal.
2760 4593 2904 4663 xu).
2939 4614 2957 4647 ι

2108 4694 2122 4725 ι
2158 4675 2223 4730 Ει
2250 4679 2447 4750 singuli
2477 4680 2728 4738 deferunt
2752 4686 2800 4740 ei
2828 4702 3073 4743 munera.
3106 4708 3125 4742 ι
3152 4689 3289 4746 Dum
3313 4696 3606 4766 unusquis-

2029 4780 2134 4834 que
2157 4772 2449 4824 secundum
2475 4772 2527 4826 id
2555 4776 2699 4843 quod
2722 4776 2865 4831 vires
2888 4779 2989 4833 sibi
3014 4790 3336 4849 suppetunt,
3365 4785 3418 4839 in
3442 4788 3609 4843 verbo

2035 4872 2130 4912 seu
2162 4859 2315 4915 factis
2343 4862 2658 4933 obsequium
2687 4869 2867 4923 studet
2891 4881 3149 4939 praestare
3176 4875 3301 4930 Deo.

2636 4977 2863 5035 CAPUT
2902 4982 2972 5036 XI

2101 5060 2178 5115 De
2219 5061 2522 5135 alienigenis
2553 5068 2857 5126 mulieribus
2885 5089 3015 5143 quas
3044 5076 3235 5130 amavit
3264 5076 3535 5135 Salomon.

2101 5170 2119 5240 (
2140 5169 2266 5225 CAP.
2300 5188 2374 5226 χι.
2398 5172 2416 5238 )
2453 5194 2470 5224 ι
2501 5175 2617 5230 Rex
2643 5187 2823 5233 autem
2851 5180 3103 5237 Salomon
3130 5186 3331 5239 amavit
3354 5186 3605 5244 mulieres

2037 5279 2056 5311 ‹
2086 5259 2417 5330 alienigenas
2457 5266 2676 5321 multas.
2720 5268 2909 5324 Filiam
2941 5286 3151 5342 quoque
3180 5273 3511 5339 Pharaonis,
3551 5285 3606 5329 et

2034 5369 2052 5400 ι
2086 5350 2424 5417 Moabitidas,
2453 5364 2508 5408 et
2534 5355 2944 5426 Ammonitidas,
2972 5371 3025 5417 et
3048 5362 3326 5427 idumaeas,
3355 5371 3409 5418 et
3435 5364 3607 5433 Sydo—

2005 5439 2052 5488 ⁸(
2084 5439 2232 5502 nias,
2272 5448 2327 5493 et
2360 5441 2607 5508 Ethaeas,
2638 5445 2703 5499 de
2730 5448 3009 5515 gentibus,
3039 5466 3201 5519 super
3236 5454 3345 5520 quil
3368 5467 3432 5505 us
3469 5450 3606 5504 dixit

2035 5548 2052 5580 ι
2086 5529 2345 5587 Dominus
2383 5533 2507 5589 ﬁliis
2548 5535 2713 5593 Israel
2744 5558 2756 5592 :
2799 5538 2914 5594 Non
2959 5542 3331 5616 ingrediemini
3369 5542 3435 5595 ad
3471 5555 3603 5607 eas,

2034 5639 2051 5670 ι
2084 5634 2256 5690 neque
2283 5620 2348 5676 de
2376 5622 2481 5678 illis
2508 5624 2877 5696 ingredientur
2913 5631 2979 5692 ad
3014 5641 3250 5695 vestras,
3279 5637 3384 5685 etc.
3419 5649 3435 5680 ι
3472 5628 3600 5700 (Ex
