3912 6160
395 324 494 382 201

1199 322 1547 381 (ΖΟΜΜΕΝΤ.
1586 324 1651 379 ΙΝ
1690 325 1934 382 LIBROS
1972 323 2037 378 IV
2080 323 2339 380 IiEGUil.
2382 353 2447 362 -—
2488 322 2552 377 IN
2592 323 2720 378 LIB.
2765 324 2847 412 lll.

3539 334 3604 388 Sil
3613 336 3644 387 1

386 443 478 508 sit,
505 448 562 496 et
590 452 622 494 a
657 437 795 494 falso
822 438 1082 509 propheta
1105 441 1357 496 seductus
1386 442 1619 496 comedit
1649 441 1721 496 ibi
1746 449 1802 495 et
1825 439 1960 494 bibit
1990 443 2034 503 Α
2070 456 2089 488 ε
2137 437 2322 491 labant
2344 452 2408 491 ea
2438 437 2527 506 qui
2568 440 2839 508 praeeuudi
2882 440 3152 495 habebant
3182 441 3435 506 otli.:ium,
3468 457 3521 499 rt
3550 464 3642 515 pu-

383 542 572 589 contra
592 539 918 602 praeceptum
935 529 1163 595 Domini,
1182 539 1237 585 et
1259 541 1543 602 propterea
1566 547 1595 585 a
1617 530 1771 585 leone
1798 530 1851 584 in
1872 530 1960 583 via

380 623 593 678 occisus
612 629 716 684 est,
741 620 869 693 quid
896 620 1192 690 significat,
1224 622 1325 676 nisi
1353 623 1480 676 dum
1509 621 1629 690 quis
1658 620 1711 674 in
1738 634 1960 690 prospe—

383 728 457 767 τις
479 711 721 767 elevatur
742 710 905 764 corde
930 711 1002 763 ita
1022 719 1081 764 ut
1103 720 1367 781 przccepta
1393 711 1600 765 Domini
1624 716 1955 774 contemnat,

381 820 409 856 a
439 803 610 865 leone,
644 821 664 852 ί
702 801 794 871 qui
824 800 1018 855 circuit
1053 801 1298 870 rugiens,
1336 815 1582 871 quaerens
1612 815 1773 869 quem
1798 800 1957 854 devo-

382 903 463 948 ret
478 891 530 964 (1
550 891 693 947 Petr.
711 892 787 963 ν),
815 912 833 943 ο
859 892 1017 946 dente
1046 892 1411 962 persuasionis
1431 891 1676 960 malignae
1701 890 1950 956 laniatus,

379 999 476 1055 per
506 998 829 1038 consensum
882 984 1085 1052 peccati
1121 982 1477 1037 interﬁcitur?
1508 983 1586 1036 Ac
1618 998 1714 1053 per
1735 982 1836 1036 hoc
1864 996 1954 1036 ne-

377 1073 673 1128 cessarium
705 1081 788 1127 est
813 1088 1030 1142 semper
1073 1088 1315 1142 quaerere
1337 1073 1594 1127 auxilium
1616 1072 1951 1141 omnipoten-

379 1167 446 1218 tis
476 1163 570 1217 Dei
611 1170 774 1233 atque
802 1162 1166 1217 defensionem
1212 1163 1402 1232 ipsius,
1433 1172 1486 1216 et
1509 1170 1620 1217 toto
1647 1164 1809 1217 corde
1831 1178 1990 1248 spe-Hi

378 1270 499 1310 rare
521 1256 576 1309 in
604 1256 973 1310 misericordia
1013 1254 1148 1324 ejus.
1178 1254 1286 1326 (Ex
1306 1252 1602 1325 Gregorio.)
1632 1256 1768 1321 Quid
1804 1256 1948 1310 enim

373 1355 456 1403 est
502 1348 684 1409 homo,
739 1345 1025 1415 cujuslibet
1069 1347 1142 1400 sit
1186 1346 1387 1409 meriti,
1433 1346 1477 1400 si
1528 1346 1823 1400 conditoris
1865 1346 1947 1399 sui

270 1482 275 1487 ,
372 1437 710 1507 protectione
746 1436 1066 1491 deseratur?
1096 1434 1222 1502 Quae
1261 1435 1516 1489 nimirum
1546 1435 1813 1505 protectio
1849 1435 1948 1488 mi-

372 1542 475 1582 nus
518 1527 824 1582 necessaria
880 1526 1137 1589 creditur,
1175 1526 1219 1580 si
1263 1540 1475 1595 semper
1516 1526 1797 1580 habeatur.
1839 1523 1945 1579 Sed

368 1619 576 1674 utiliter
596 1618 913 1687 plerumque
937 1616 1290 1685 subtrahitur,
1316 1625 1375 1671 ut
1398 1618 1611 1672 sibimet
1633 1617 1733 1685 ipsi
1761 1618 1941 1680 homo,

367 1725 529 1779 quam
552 1711 670 1763 sine
696 1706 784 1761 illa
806 1708 936 1762 nihil
964 1708 1048 1769 sit,
1078 1709 1411 1761 ostendatur.
1448 1707 1635 1762 Manus
1658 1707 1819 1777 igitur
1848 1707 1942 1761 Dei

2066 546 2085 579 ε
2130 536 2243 582 stea
2299 528 2644 595 reportabant
2701 528 2767 582 ad
2831 534 3307 587 armamentarium
3363 538 3631 589 scutariu-

2064 636 2081 668 ι
2129 632 2270 680 rum,
2301 625 2405 671 etc.
2441 636 2458 667 ›
2488 618 2561 671 De
2585 633 2692 687 quo
2723 618 2905 689 itaque
2944 636 3069 691 rege
3096 622 3148 676 in
3191 623 3635 696 libroParalipo-

2059 720 2250 760 menon
2302 706 2514 775 plenius
2569 716 2852 772 narratur,
2904 711 2992 764 ubi
3042 712 3145 766 hoc
3194 715 3355 768 modo
3388 714 3632 785 legitur:

2061 813 2080 844 ι
2112 795 2266 849 Anno
2293 804 2469 850 autem
2495 799 2680 866 quinto
2708 801 2858 869 regni
2889 799 3127 854 Roboam
3172 804 3415 858 ascendit
3443 804 3627 869 Sesac,

2055 900 2147 940 rex
2171 884 2410 956 Egypti,
2440 888 2492 941 in
2514 888 2810 944 Jerusalem
2834 889 2981 959 (quia
2998 903 3355 962 peccaverant
3378 895 3627 964 Domino)

2052 990 2175 1029 cum
2215 976 2362 1031 mille
2390 977 2636 1033 ducentis
2688 978 2937 1033 curribus
2977 990 3028 1035 et
3086 984 3365 1053 sexaginta
3393 985 3628 1041 millibus

2050 1066 2312 1134 equitum.
2345 1067 2454 1122 Nec
2481 1077 2599 1123 erat
2633 1084 2889 1125 numerus
2918 1070 3060 1142 vulgi
3083 1074 3224 1141 quod
3248 1085 3469 1129 venerat
3499 1091 3622 1131 cum

2049 1170 2115 1209 eo
2161 1172 2227 1211 ex
2272 1157 2522 1231 Egypto,
2572 1157 2767 1229 Libyes
2829 1159 3034 1215 scilicet
3077 1170 3133 1216 et
3184 1162 3521 1235 Troglodytas
3570 1176 3627 1222 et

2048 1245 2352 1317 EthiOpes.
2380 1246 2643 1318 Cepitque
2673 1250 2920 1305 civitates
2952 1252 3342 1309 munitissimas
3377 1256 3429 1309 in
3464 1255 3626 1322 Juda,

2048 1346 2104 1391 et
2136 1337 2281 1390 venit
2305 1352 2474 1407 usque
2516 1333 2835 1394 Jerusalem.
2870 1339 3112 1397 Semeias
3154 1353 3332 1398 autem
3361 1348 3625 1415 propheta

2049 1427 2325 1497 ingressus
2370 1435 2453 1482 est
2503 1428 2571 1482 ad
2632 1427 2890 1494 Roboam,
2939 1439 2993 1485 et
3039 1432 3310 1503 principes
3342 1433 3499 1500 Juda,
3531 1439 3625 1506 qui

2046 1518 2353 1588 congregati
2400 1516 2612 1572 fuerant
2660 1518 2713 1572 in
2758 1517 3077 1585 Jerusalem,
3114 1519 3381 1591 fugientes
3434 1522 3623 1589 Sesac,

2045 1609 2288 1679 dixitque
2316 1610 2382 1663 ad
2408 1624 2500 1665 eos
2520 1628 2532 1663 :
2554 1609 2678 1665 Haec
2708 1612 2836 1665 dicit
2864 1610 3121 1667 Dominus
3146 1633 3159 1667 :
3195 1612 3303 1668 Vos
3328 1616 3622 1686 reliquistis

2046 1714 2151 1763 me,
2175 1709 2230 1754 et
2259 1713 2359 1768 ego
2385 1700 2630 1770 relinquo
2658 1716 2754 1756 vos
2782 1701 2835 1755 in
2864 1718 3028 1757 manu
3068 1703 3252 1759 Sesac.
3281 1705 3620 1763 Consterna-

366 1800 654 1870 aliquando
692 1815 789 1853 nos
833 1799 986 1853 nobis
1022 1813 1120 1867 per
1159 1798 1384 1852 adversa
1424 1799 1679 1862 insinuat,
1705 1813 1828 1868 qua:
1850 1815 1932 1854 ne-

2047 1788 2193 1857 tiquc
2221 1789 2493 1857 principes
2542 1790 2706 1845 Israel
2748 1799 2802 1846 et
2850 1808 2943 1847 rex
2988 1794 3242 1849 dixerunt
3273 1813 3285 1848 :
3317 1793 3502 1851 Justus
3537 1808 3623 1853 est

365 1892 602 1946 scientes
630 1905 730 1944 nos
754 1890 806 1943 in
839 1890 1112 1960 prosperis
1143 1896 1340 1958 portat.
1379 1888 1515 1955 Quia
1541 1888 1783 1943 destituti
1811 1887 1940 1942 dum

361 1981 560 2036 cadere
588 1979 893 2049 incipimus,
921 1986 976 2033 et
998 1986 1177 2032 tamen
1209 1976 1375 2045 adjuti
1406 1978 1733 2042 retinemur;
1770 1984 1826 2032 et
1847 1978 1942 2032 do-

361 2071 538 2125 ctrina
568 2069 646 2132 ﬁt,
675 2069 817 2138 quod
864 2069 916 2121 in
957 2068 1110 2137 lapsu
1154 2067 1560 2138 trepidavimus,
1593 2076 1650 2122 et
1672 2068 1936 2133 custodia,

361 2161 504 2229 quod
528 2162 582 2215 in
614 2168 757 2214 statu
784 2175 1180 2230 permanemus.
1226 2158 1396 2214 Nemo
1420 2174 1549 2229 ergo
1589 2173 1648 2213 se
1711 2160 1939 2230 alicujus

359 2252 580 2304 virtutis
622 2251 881 2313 aestimet,
931 2251 1094 2305 etiam
1127 2250 1265 2304 cum'
1300 2250 1428 2319 quid
1468 2248 1680 2304 fortiter
1716 2252 1935 2320 puterit,

359 2342 486 2412 quia
530 2342 575 2396 si
622 2342 799 2395 divina
832 2354 954 2395 eum
1004 2341 1269 2412 protectio
1316 2342 1547 2404 deserat,
1598 2341 1672 2395 ibi
1715 2347 1938 2411 repente

357 2441 647 2488 enervatus
675 2433 940 2497 obruitur,
989 2433 1078 2487 ubi
1123 2448 1182 2488 se
1222 2432 1464 2487 valenter
1488 2444 1631 2488 stare
1657 2433 1933 2504 gloriatur.

356 2523 496 2590 Quid
518 2533 602 2578 est
630 2523 774 2577 enim
804 2523 947 2592 quod
974 2522 1060 2576 vir
1094 2522 1209 2588 Dei,
1242 2532 1431 2579 contra
1458 2522 1628 2578 altare
1667 2522 1938 2578 Samaria:

356 2615 424 2666 ad
453 2613 882 2682 prophetandum
902 2612 1161 2678 directus,
1189 2620 1453 2684 praesente
1471 2627 1618 2684 rege,
1643 2614 1936 2668 auctorita-

354 2711 466 2757 tem
493 2704 677 2758 libera:
710 2704 860 2757 vocis
896 2703 1158 2769 exercuit,
1186 2704 1534 2775 ejusdemque
1577 2704 1721 2773 regis
1749 2713 1936 2759 exten-

351 2807 475 2847 sum
503 2790 783 2846 brachium
816 2792 868 2845 in
914 2792 1095 2861 rigore
1137 2793 1459 2847 mirabiliter
1492 2795 1763 2861 astrinxit,
1791 2795 1934 2864 quod

352 2891 535 2935 tamen
575 2897 698 2936 mox
738 2882 1165 2947 misericorditer
1202 2884 1362 2938 saluti
1392 2885 1659 2952 restituit;
1692 2886 1933 2956 cujusin

350 2971 514 3024 domo
542 2972 800 3026 invitatus
835 2973 1119 3027 comedere
1149 2973 1351 3037 noluit,
1380 2974 1505 3042 quia
1547 2990 1615 3030 ne
1639 2976 1693 3031 in
1722 2976 1810 3031 via
1843 2991 1932 3032 co-

348 3060 613 3126 nsederat,
641 3062 1021 3132 prohibitionis
1042 3063 1337 3118 Dominicis
1369 3074 1635 3135 pmcepta
1661 3068 1925 3134 servavit;

2044 1878 2325 1933 Dominus.
2356 1879 2599 1950 Cumque
2622 1882 2847 1937 vidisset
2878 1883 3137 1939 Dominus
3165 1886 3306 1955 quod
3354 1888 3621 1944 hum‘iliati

2041 1975 2241 2032 essent,
2269 1967 2443 2023 factus
2462 1979 2544 2025 est
2565 1985 2743 2025 sermo
2769 1971 2979 2026 Domini
3007 1974 3073 2027 ad
3105 1973 3374 2030 Semeiam
3393 1977 3576 2034 dicens
3602 2000 3615 2033 :

2040 2057 2175 2125 Quia
2206 2059 2470 2113 humiliati
2492 2069 2635 2125 sunt,
2668 2076 2774 2115 non
2805 2062 3109 2132 disperdam
3132 2080 3249 2130 eos,
3275 2066 3519 2137 daboque
3540 2069 3620 2125 eis

2037 2150 2335 2220 pauxillum
2364 2151 2566 2215 auxilii,
2597 2163 2785 2207 etnon
2829 2155 3049 2213 stillabit
3074 2156 3226 2211 furor
3270 2174 3422 2215 meus
3459 2177 3621 2231 super

2037 2236 2335 2296 Jerusalem
2358 2257 2456 2312 per
2491 2258 2711 2298 manum
2740 2243 2924 2300 Sesac.
2956 2247 3336 2303 Verumtamen
3382 2251 3618 2305 servient

2037 2330 2107 2395 ei,
2132 2338 2192 2384 ut
2215 2330 2392 2386 sciant
2414 2332 2728 2388 distantiam
2759 2336 3036 2392 servitutis
3083 2352 3216 2392 mea:
3261 2348 3315 2393 et
3341 2341 3617 2396 servitutis

2036 2420 2191 2491 regni
2219 2430 2507 2477 terrarum.
2544 2422 2791 2480 Recessit
2838 2426 3019 2497 itaque
3066 2426 3232 2485 Sesac
3266 2446 3362 2485 rex
3394 2431 3615 2504 Egypti
3708 2506 3713 2509 μ

2036 2510 2105 2565 ab
2127 2509 2447 2579 Jerusalem,
2476 2515 2702 2571 sublatis
2750 2518 3019 2575 thesauris
3060 2520 3249 2577 domus
3300 2522 3510 2577 Domini
3559 2533 3616 2578 et

2036 2600 2226 2657 domus
2251 2603 2413 2675 regis,
2457 2605 2748 2676 omniaque
2773 2622 2954 2663 secum
2984 2610 3124 2677 tulit,
3152 2619 3206 2666 et
3250 2612 3464 2683 clypeos
3517 2628 3613 2666 au-

2035 2682 2177 2759 reos,
2202 2711 2339 2764 quos
2379 2696 2582 2752 fecerat
2641 2696 2916 2766 Salomon,
2966 2718 3065 2773 pro
3116 2682 3311 2773 quibus
3348 2703 3475 2759 fecit
3517 2720 3613 2761 rex

2033 2797 2231 2850 amcos,
2272 2793 2325 2839 et
2351 2786 2573 2843 tradidit
2607 2787 2725 2851 illos
2748 2791 3080 2861 principibus
3102 2795 3484 2858 scutariorum,
3517 2796 3610 2864 qui

2032 2872 2408 2928 custodiebant
2436 2875 2758 2931 vestibulum
2781 2877 2963 2946 palatii
2991 2879 3076 2951 (II
3108 2877 3238 2934 Par.
3270 2882 3389 2953 xu).
3422 2902 3439 2933 ι
3470 2884 3609 2950 Quid

2031 2978 2160 3036 ergo
2184 2965 2528 3038 per'figuram
2564 2969 2666 3024 hoc
2700 2970 2958 3036 insinuat,
2988 2973 3131 3043 quod
3171 2983 3392 3044 pr0pter
3418 2989 3609 3044 pecca-

2030 3062 2146 3111 tum
2173 3056 2416 3113 Boboam
2442 3058 2629 3126 Sesac,
2662 3077 2757 3117 rex
2803 3061 3041 3133 Egypti,
3072 3064 3137 3119 de
3183 3065 3343 3120 domo
3392 3065 3606 3120 Domini

349 3151 445 3221 qui
472 3158 651 3206 um"
685 3153 740 3206 in
769 3153 957 3208 eadem
981 3153 1067 3207 via
1094 3163 1151 3208 et
1178 3154 1429 3209 seductus
1457 3156 1713 3223 comedit,
1743 3165 1798 3212 et
1826 3172 1923 3227 pa-
1952 3149 1997 3211 C
2030 3148 2314 3206 thesauros
2359 3151 2600 3214 abstulit,
2650 3160 2704 3206 et
2756 3153 3037 3208 thesauros
3084 3155 3278 3225 regios,
3305 3154 3410 3209 nisi
3462 3156 3606 3225 quod

346 3252 467 3296 stus
492 3241 733 3299 interiit?
775 3242 892 3310 Qua
918 3243 972 3296 in
1012 3257 1070 3297 re
1112 3244 1241 3313 quid
1280 3245 1463 3300 subtili
1495 3247 1926 3304 consideratione

347 3332 819 3403 colligimus,quid
847 3332 929 3400 (ut
948 3334 1027 3388 ita
1051 3333 1299 3404 dixerim)
1329 3328 1724 3391 formidandum
1754 3339 1927 3407 suspi-

347 3436 559 3485 camur,
589 3422 695 3476 nisi
719 3423 863 3492 quod
900 3423 1127 3478 forsitan
1161 3424 1301 3493 apud
1341 3426 1690 3496 semetipsum
1727 3429 1927 3483 tacitus

345 3520 403 3567 et
430 3527 530 3582 pro
566 3513 849 3583 pmceptis
882 3514 1175 3568 Dominicis
1206 3530 1387 3584 regem
1435 3530 1493 3570 se
1539 3519 1926 3587 contempsisse

347 3602 626 3671 gloriatur,
655 3602 725 3657 ab
746 3603 957 3657 interna
987 3618 1110 3665 mox
1141 3603 1409 3659 soliditate
1432 3616 1718 3674 quassatus
1741 3618 1844 3673 est,
1872 3617 1928 3662 et

349 3692 475 3747 inde
495 3693 546 3747 ei
575 3693 629 3747 in
650 3708 818 3763 Opere
846 3693 1003 3764 culpa
1026 3695 1314 3763 subripuit,
1340 3696 1481 3750 unde
1521 3697 1624 3751 sibi
1651 3697 1819 3767 gloria
1870 3698 1924 3752 in

346 3786 512 3839 corde
537 3786 793 3848 surrexit,
827 3794 904 3850 ut,
945 3785 1225 3856 Propheta:
1258 3786 1405 3841 falsis
1439 3788 1621 3843 verbis
1649 3789 1921 3858 deceptus,

347 3876 585 3931 disceret
610 3876 736 3945 quia
766 3891 1105 3945 nequaquam
1142 3878 1377 3946 propriae
1406 3878 1738 3934 fortitudinis
1764 3879 1924 3935 fuerit

346 3966 490 4035 quod
537 3966 607 4021 ad
657 3968 799 4037 regis
856 3967 1019 4021 verba
1066 3962 1373 4024 restitisset.
1423 3970 1566 4024 Bene
1631 3979 1807 4025 autem
1856 3987 1920 4027 ex

343 4059 463 4127 ejus
514 4072 610 4112 ore
660 4058 851 4113 mortis
914 4060 1234 4113 sententiam
1284 4061 1510 4130 accepit,
1566 4060 1721 4129 cujus
1768 4064 1925 4118 sedu-

343 4149 524 4203 ctioue
572 4164 604 4201 a
637 4148 762 4201 vitae
800 4149 1088 4218 prreceptis
1134 4149 1398 4214 deviavit,
1450 4159 1510 4204 ut
1550 4151 1674 4206 inde
1706 4166 1920 4222 poenam

346 4240 614 4295 veraciter
640 4250 898 4305 sumeret,
943 4242 1086 4296 unde
1127 4242 1339 4312 culpam
1378 4243 1708 4314 negligenter
1746 4247 1920 4301 admi-

341 4329 525 4385 sisset.

918 4400 1161 4461 .CAPUT
1194 4401 1336 4461 .XIV.

2028 3238 2157 3293 mali
2209 3247 2450 3296 rectores
2510 3252 2731 3313 propter
2785 3243 3160 3314 negligentiam
3217 3261 3368 3300 suam
3422 3263 3603 3317 regem

2026 3327 2267 3400 zEgypti,
2290 3331 2391 3386 hoc
2413 3340 2511 3393 est,
2538 3334 2833 3403 principem
2862 3335 3203 3390 tenebrarum
3230 3337 3282 3390 in
3304 3335 3602 3392 Jerusalem

2026 3422 2261 3491 typicam
2292 3437 2606 3493 provocant,
2638 3427 2690 3481 in
2722 3428 3020 3483 Ecclesium
3049 3430 3298 3486 videlicet
3328 3430 3429 3486 sibi
3457 3447 3603 3486 com-

2026 3519 2265 3580 missam,
2295 3516 2386 3570 ubi
2416 3516 2516 3587 ipsi
2546 3519 2613 3573 ad
2654 3527 2863 3595 tempus
2895 3521 3159 3576 dominari
3189 3523 3472 3577 videntur?
3500 3522 3601 3590 Qui

2025 3604 2309 3662 thesauros
2332 3607 2524 3664 domus
2544 3609 2775 3677 Domini,
2808 3622 2861 3667 et
2891 3615 3171 3670 thesauros
3198 3616 3374 3686 regios
3402 3614 3600 3678 aufert,

2025 3710 2148 3748 cum
2201 3698 2484 3753 scientiam
2540 3699 2941 3771 Scripturarum
2988 3713 3317 3770 sanctarum,
3359 3704 3605 3759 simulet

2024 3797 2189 3852 opera
2211 3784 2467 3840 virtutum
2499 3789 2567 3842 ab
2599 3789 2829 3847 incautis
2867 3800 2922 3847 et
2972 3793 3255 3848 desidiosis
3285 3794 3552 3849 abstrahit
3583 3811 3597 3847 :

2027 3870 2193 3928 Sesac
2222 3890 2350 3944 ergo
2375 3875 2556 3946 bynu:
2600 3878 2783 3945 cilicii,
2818 3881 2929 3937 sive
2956 3883 3209 3952 gaudium
3230 3883 3408 3949 cilicii,
3433 3884 3600 3939 inter-

2026 3972 2287 4033 pretatur.
2320 3967 2388 4020 Et
2410 3968 2536 4037 quia
2568 3969 2760 4040 byssus
2784 3972 3136 4028 subtilitatem
3164 3974 3451 4044 significat,
3481 3975 3599 4030 cili-

2022 4054 2167 4108 cium
2195 4069 2347 4119 vero,
2377 4058 2521 4125 quod
2551 4058 2618 4112 de
2655 4074 2939 4129 caprarum
2980 4063 3107 4117 setis
3143 4063 3449 4127 conficitur,
3475 4080 3601 4135 pec-

2023 4151 2164 4208 cata,
2219 4145 2348 4216 quid
2392 4148 2584 4203 melius
2634 4150 2687 4204 in
2747 4152 2910 4221 bysso
2961 4153 3118 4208 cilicii
3155 4171 3314 4225 quant
3362 4156 3597 4209 versutia

2021 4234 2227 4290 fraudis
2255 4235 2531 4292 diabolicae
2572 4239 2626 4293 in
2667 4242 3016 4309 persuasione
3046 4255 3400 4312 peccatorum
3427 4244 3598 4314 accipi

2022 4328 2232 4394 potest?
2277 4327 2443 4383 Sesac
2489 4332 2633 4385 enim
2686 4331 3164 4404 Jerosolymitanas
3206 4352 3336 4407 opes
3397 4335 3597 4403 aufert,

2025 4424 2145 4467 cum
2183 4416 2446 4482 diabolus,
2474 4420 2566 4488 qui
2593 4421 2785 4476 callide
2819 4423 3039 4494 decipit,
3070 4435 3125 4480 et
3151 4427 3349 4497 gaudet
3378 4428 3430 4481 in
3468 4427 3600 4481 mul-

341 4489 1310 4586 DeL§ffc£eqeﬂfggpthqttontodo
1322 4507 1775 4586 prpptrer‘peceatq
1811 4498 1919 4586 R‘o-
1944 4498 1996 4559 D
2024 4504 2251 4561 titudine
2275 4518 2641 4576 peccatorum,
2664 4489 3069 4570 ecclesiasticos
3103 4489 3343 4586 quosque
3369 4519 3597 4572 scientia

413 4561 919 4639 baamﬁspoliaperit;
946 4561 1265 4639 Jerusalem,
1290 4561 1506 4639 sublatis
1546 4561 1801 4639 thesauris
1827 4570 1921 4622 do-

412 4645 531 4683 mus
568 4630 1131 4708 pomini’ct‘tltesauris
1163 4637 1314 4708 regis,
1337 4636 1725 4708 scutisquoque
1746 4632 1919 4695 aureis

411 4716 531 4769 qua:
556 4701 745 4769 fecerat
773 4698 1043 4773 Salomon,
1075 4719 1177 4773 pro
1206 4698 1390 4773 quibus
1414 4698 1548 4773 fecit
1568 4698 1659 4759 rei:
1685 4707 1917 4761 Roboam

409 4780 566 4822 scuta
619 4786 776 4834 wrea,
814 4780 861 4823 et
907 4771 1122 4824 tradidit
1163 4771 1225 4826 eo
1268 4775 1324 4827 in
1364 4771 1523 4828 manu
1565 4776 1757 4830 dueum
1804 4794 1916 4831 scu-

410 4840 695 4914 tariorum,
716 4840 962 4914 quodque
1010 4840 1196 4914 beltum
1250 4843 1352 4912 fuit
1392 4862 1594 4914 semper
1630 4848 1766 4900 inter
1805 4847 1915 4900 lio-

412 4907 567 4984 (39am
617 4919 663 4962 et
701 4907 984 4984 Jcropo'ant
1009 4950 1022 4974 ,
1071 4922 1117 4963 et
1150 4907 1295 4984 inter,
1332 4914 1433 4965 Asa
1481 4907 1645 4984 regem
1687 4915 1831 4969 JttJa
1867 4927 1914 4970 et

412 4976 592 5031 Baasa
622 4994 791 5048 regem
814 4978 1002 5040 Israel,
1029 4983 1224 5034 cunctis
1263 4983 1443 5036 diebus
1477 4976 1675 5038 eorum.

411 5067 730 5139 (συνίῃ.)
767 5086 785 5118 ε
816 5067 874 5121 In
908 5068 1098 5137 quinto
1127 5080 1305 5124 autem
1332 5087 1472 5126 anno
1495 5076 1644 5143 regni
1677 5074 1917 5130 Roboam

335 5181 359 5213 σ
404 5160 654 5215 ascendit
670 5158 865 5225 Sesac,
893 5177 986 5215 rex
1002 5161 1250 5231 «Egypti,
1284 5165 1335 5217 in
1366 5162 1685 5232 Jerusalem,
1717 5176 1771 5221 et
1800 5168 1919 5221 tulit

332 5272 357 5305 ι
408 5251 702 5305 thesauros
734 5251 927 5309 domus
950 5251 1181 5306 {Domini
1221 5265 1276 5307 et
1312 5256 1603 5311 thesauros
1639 5260 1833 5328 regios,
1864 5269 1919 5314 et

329 5361 354 5395 σ
407 5339 667 5400 universa
684 5340 941 5409 diripuit.
954 5339 1117 5395 Scuta
1147 5358 1363 5414 quoque
1388 5361 1550 5400 aurea
1574 5363 1692 5418 quae
1714 5348 1918 5405 fecerat

327 5453 349 5483 ι
407 5428 687 5494 Salomon,
706 5445 809 5500 pro
832 5432 1026 5499 quibus
1049 5432 1174 5486 fet-it
1197 5450 1289 5488 rex
1316 5435 1558 5491 Roboam
1576 5448 1728 5494 scuta
1752 5457 1916 5509 terea,

326 5540 349 5572 ι
403 5517 710 5574 ettradidit
732 5533 798 5572 ea
822 5520 875 5573 in
906 5534 1065 5574 manu
1107 5522 1302 5576 ducum
1332 5527 1708 5594 scutariorum,
1741 5539 1796 5585 et
1823 5547 1917 5586 eo-

324 5629 344 5660 ι
404 5622 532 5661 rum
575 5606 668 5677 qui
716 5608 1059 5664 excubabant
1104 5620 1229 5665 ante
1273 5613 1473 5667 ostium
1524 5616 1715 5674 domus
1754 5621 1913 5693 regis.

324 5719 347 5751 ι
404 5696 655 5751 (inmune
680 5697 1051 5766 ingrederetur
1080 5715 1175 5753 rex
1209 5702 1261 5754 in
1293 5703 1510 5759 domum
1540 5707 1772 5775 Domini,
1798 5729 1918 5781 por-

707 5792 975 5849 l’nnon.
1023 5791 1185 5854 CIX.

2017 4595 2280 4663 spirituali
2310 4606 2365 4653 et
2409 4615 2571 4669 opere
2598 4603 2859 4659 virtutum
2913 4607 3207 4676 depraedat,
3260 4622 3459 4678 eosque
3504 4610 3595 4680 qui

2019 4686 2339 4743 videbantur
2387 4691 2441 4745 in
2482 4692 2722 4749 Ecclesia
2752 4695 2934 4751 decori
2964 4713 3085 4753 esse
3114 4700 3372 4768 spoliatos
3412 4716 3594 4756 secum

2015 4775 2068 4828 in
2094 4776 2412 4833 barathrum
2449 4783 2765 4848 perditionis
2812 4802 2921 4840 suae
2969 4789 3248 4859 demergit.
3275 4790 3515 4845 Necnon
3544 4803 3602 4847 et

2015 4865 2168 4932 illud,
2199 4870 2343 4938 quod
2394 4872 2533 4926 idem
2588 4888 2679 4931 rex
2720 4885 2869 4930 scuta
2910 4894 3094 4943 aurea,
3123 4895 3242 4949 quae
3272 4880 3475 4936 fecerat
3499 4880 3597 4937 Sa-

2026 4955 2228 5023 lomon,
2249 4960 2488 5026 abstulit,
2521 4979 2618 5032 pro
2642 4967 2843 5033 quibus
2871 4967 3000 5023 fecit
3039 4987 3127 5025 rex
3163 4972 3403 5028 Roboam
3445 4984 3598 5029 scuta

2024 5061 2183 5110 terea,
2207 5055 2262 5102 et
2284 5050 2503 5105 tradidit
2522 5068 2586 5105 ea
2623 5054 2676 5107 in
2716 5070 2879 5110 manu
2905 5059 3099 5113 ducum
3122 5063 3503 5129 scutariorum,
3533 5066 3601 5118 ad

2024 5140 2271 5194 eumdem
2291 5157 2509 5198 sensum
2539 5146 2778 5214 respicit.
2810 5147 3063 5205 Salomon
3088 5152 3229 5206 enim
3257 5163 3408 5207 scuta
3432 5169 3598 5208 aurea

2025 5237 2262 5292 condens
2311 5242 2623 5295 custodibus
2651 5241 2843 5297 domus
2878 5259 2988 5299 suae
3020 5246 3186 5312 dedit,
3211 5263 3331 5304 cum
3363 5248 3597 5305 Redem-

2023 5335 2149 5397 ptor
2168 5339 2352 5384 noster
2372 5331 2999 5404 spiritualemscientiam
3018 5351 3117 5405 per
3136 5339 3240 5392 duo
3255 5338 3597 5394 Testamenta

2024 5417 2335 5474 doctoribus
2371 5419 2625 5476 Ecclesia:
2663 5423 2728 5476 ad
2760 5426 3010 5479 tuendam
3033 5425 3419 5495 plebem'suam
3452 5443 3592 5481 etim-

2023 5508 2315 5564 mendavit.
2341 5511 2491 5567 Hanc
2514 5513 2766 5583 antiquus
2797 5516 2968 5570 hostis
3004 5531 3100 5586 per
3136 5518 3397 5571 incuriam
3425 5527 3598 5571 rectu-

2024 5628 2141 5667 rum
2169 5614 2456 5681 abstrahit,
2482 5617 2606 5686 quia
2637 5634 2758 5673 cum
2787 5620 2978 5675 intenti
3003 5628 3130 5675 sunt
3156 5622 3316 5677 rebus
3346 5626 3598 5680 terrenis.

2024 5730 2294 5784 nunquam
2324 5726 2575 5771 curantes
2612 5719 2677 5774 de
2707 5720 3036 5785 coelestibus,
3080 5722 3133 5775 in
3163 5718 3336 5777 oilicio
3366 5723 3598 5792 pristino
3668 5749 3673 5755 ·

3084 5810 3129 5901 .7.
