3912 6160
244 322 345 355 Qui

245 348 347 378 ἕλιξι)

880 323 937 375 B.
982 324 1237 378 liABANl
1276 323 1494 378 MAURI
1529 322 1844 378 ARCHIEP.
1882 322 2189 378 MOGUNT.
2233 322 2517 380 OPERUM
2556 323 2736 379 PARS
2774 323 2812 376 Ι.

3386 321 3453 374 Ξὺ
3464 321 3489 374 ί

241 439 467 496 scicntia
493 438 811 504 denudatos,
838 440 992 508 quasi
1044 440 1098 494 in
1150 439 1311 494 domo
1362 439 1580 508 propria
1623 437 1815 507 opibus
1842 443 1894 503 Α
1921 453 2055 491 nova
2085 437 2360 506 adjiciunt,
2394 446 2449 490 et
2484 435 2743 490 malorum
2767 433 3027 500 exemplis
3058 435 3353 500 depravati,
3380 433 3491 485 suis

241 527 497 596 spoliatos
551 524 890 595 derclinquit.
930 528 1168 595 Denique
1210 526 1343 581 tales
1373 542 1495 581 cum
1538 542 1598 581 se
1652 541 1814 581 sensu

240 616 503 686 spirituali
532 615 765 684 privatos
791 617 1151 685 conspiciunt,
1179 631 1277 685 per
1300 616 1666 685 eloquentiam
1694 631 1818 671 ver-

238 709 433 761 borum
459 706 666 775 copiam
693 712 957 773 quarunt,
986 714 1254 774 quatenus
1283 719 1471 760 eorum
1498 705 1815 770 sonoritate,

238 797 384 851 velut
412 804 687 851 scutorum
727 810 988 851 arearum
1028 796 1307 862 ﬁrmitate,
1358 803 1599 850 tutamen
1628 805 1818 850 contra

238 886 423 940 hostes
448 900 547 954 pro
602 883 857 952 subjectis
911 884 1012 940 sibi
1063 892 1356 955 opponant.
1385 885 1493 940 Sed
1521 893 1725 956 quanto
1744 899 1819 939 as

238 988 324 1033 est
353 978 508 1032 vilius
554 976 669 1031 auri
705 976 937 1042 metallo,
968 984 1119 1030 tanto
1157 976 1383 1032 inferior
1424 986 1511 1032 est
1540 991 1675 1031 vana
1708 976 1820 1030 elo-

238 1068 458 1138 quentia
493 1082 634 1121 vera
684 1066 961 1136 sapientia
996 1064 1196 1121 fructu.
1229 1065 1383 1121 Unde
1404 1080 1504 1135 per
1529 1065 1818 1136 quemdam

240 1157 533 1226 sapientem
554 1156 621 1210 de
641 1154 946 1225 eloquentia
959 1154 1160 1210 dicitur
1178 1171 1191 1207 :
1213 1171 1233 1205 ι
1257 1153 1361 1210 ΙΠιί
1380 1154 1611 1223 plurima
1629 1153 1814 1218 verba,

240 1248 311 1303 ibi
361 1245 673 1318 frequenter
697 1253 909 1316 egestas
937 1244 1117 1316 (Prov.
1147 1244 1266 1316 xu).
1300 1263 1319 1297 ι
1355 1243 1425 1299 Et
1458 1244 1513 1299 in
1534 1243 1819 1299 Psalmista

240 1340 435 1408 legitur
469 1357 481 1393 :
519 1357 537 1388 ι
572 1337 670 1394 Vir
695 1337 974 1407 linguosus
999 1351 1109 1391 non
1146 1337 1410 1406 dirigetur
1431 1350 1594 1405 super
1618 1344 1817 1389 terram

242 1422 678 1500 (Psal.cxxx1x).
716 1448 735 1480 ι
774 1427 910 1482 Nam
950 1428 1017 1482 de
1069 1428 1363 1523 sapientia’
1379 1426 1641 1496 scriptum
1688 1432 1814 1481 est:

247 1540 262 1570 ι
298 1520 570 1589 Sapientia
620 1517 910 1588 pretiosior
936 1527 1019 1572 est
1057 1518 1268 1573 cunctis
1314 1515 1525 1587 o'pibus,
1554 1525 1610 1571 et
1637 1515 1818 1570 omnia

242 1627 360 1679 qua
383 1610 757 1666 desiderantur
778 1609 904 1663 huic
934 1623 1039 1663 non
1064 1606 1244 1661 valent
1274 1606 1597 1677 comparari.
1623 1603 1821 1675 Longi-

241 1703 370 1756 tudo
409 1702 614 1756 dierum
664 1701 718 1753 in
755 1701 975 1755 dextera
1004 1699 1140 1769 ejus,
1168 1699 1222 1753 in
1251 1699 1472 1754 sinistra
1523 1698 1722 1752 divitia:
1765 1703 1822 1750 et

1918 528 2210 581 sceleribus
2236 528 2443 595 priores
2479 530 2632 579 liunt.
2724 546 2733 557 ί

1994 634 2011 664 ε
2045 614 2345 677 Demetam,
2399 614 2588 681 inquit,
2641 610 2940 681 posteriora
2975 607 3180 673 Baasa,
3223 617 3277 663 et
3316 619 3494 679 poste-

1920 706 2058 758 riora
2097 704 2288 758 domus
2326 703 2487 769 illius,
2524 712 2579 756 ct
2610 701 2802 755 faciam
2828 701 3046 755 domum
3075 700 3192 769 ejus
3233 701 3374 755 sicut
3400 701 3495 755 do-

1919 811 2063 848 mum
2098 794 2386 849 Jeroboam
2418 793 2512 847 lilii
2544 793 2775 847 Nabatb.
2816 812 2834 843 ι
2862 791 3093 846 Demetit
3117 791 3375 846 Dominus
3396 807 3495 861 po-

1918 892 2149 945 steriora
2177 891 2367 955 Baasa,
2400 904 2523 944 cum
2555 891 2779 958 peccata
2825 887 3131 954 iniquorum
3171 894 3294 955 post
3334 885 3497 940 tinem

1918 981 2040 1034 vita
2086 980 2381 1035 ulciscitur.
2426 979 2657 1033 Demetit
2698 986 2754 1032 et
2801 976 3102 1047 posteriora
3134 975 3328 1031 domus
3357 974 3497 1044 ejus,

1918 1086 2038 1124 cum
2069 1071 2380 1125 civitatores
2411 1068 2624 1123 illorqu
2650 1067 2869 1121 aternis
2894 1064 3226 1120 cruciatibus
3245 1065 3496 1127 damnat;

1919 1172 1972 1214 et
1996 1162 2154 1216 faciet
2179 1163 2393 1215 domum
2429 1160 2600 1214 Baasa
2644 1159 2786 1213 sicut
2812 1157 2941 1213 fecit
2966 1158 3184 1212 domum
3211 1155 3501 1211 Jeroboarn

1920 1253 2010 1307 lilii
2042 1253 2274 1317 Nabath,
2298 1267 2418 1305 cum
2447 1259 2757 1320 peccatores
2791 1249 2845 1302 in
2877 1248 3159 1319 iniquitate
3199 1262 3294 1302 sua
3319 1260 3504 1317 perse-

1920 1351 2170 1395 verantes
2219 1340 2379 1395 simul
2403 1355 2525 1395 cum
2551 1338 2765 1393 diabolo
2808 1345 2864 1391 et
2899 1336 3104 1407 angelis
3130 1336 3249 1406 ejus
3300 1334 3498 1391 inferni

1919 1432 2249 1487 cruciatibus
2279 1430 2470 1484 tradet.
2503 1430 2672 1484 Baasa
2696 1428 2840 1483 enim
2867 1431 2949 1498 (ut
2975 1427 3234 1496 diximus)
3256 1426 3504 1495 confusio

1919 1522 2003 1576 vel
2021 1524 2231 1577 siccitas
2266 1522 2675 1590 interpretatur,
2703 1521 2991 1575 Jeroboam
3013 1534 3141 1574 vero
3159 1519 3391 1573 dividens
3412 1536 3508 1588 po-

1919 1611 2119 1681 pulum,
2144 1620 2200 1666 et
2218 1612 2429 1667 Nabatb
2456 1620 2798 1680 spontaneum
2824 1619 3060 1665 resonat.
3093 1610 3197 1677 Qui
3219 1626 3347 1681 ergo
3378 1625 3509 1664 con-

1922 1700 2166 1761 fusiones
2184 1716 2434 1755 errorum
2455 1709 2510 1754 et
2533 1707 2874 1769 pcecatorum
2902 1699 3163 1768 sequitur,
3184 1709 3259 1763 et,
3283 1715 3506 1755 uxorem

243 1794 411 1863 gloria
460 1791 645 1864 (Prov.
679 1790 784 1862 tu).
818 1810 837 1843 ι
878 1791 979 1858 Qui
1007 1806 1135 1846 vero
1174 1798 1530 1861 opportunam
1554 1788 1822 1842 defensio-
1853 1797 1896 1853 Β
1926 1789 2115 1858 gratiae
2148 1788 2448 1857 spiritualis
2480 1788 2679 1842 habere
2706 1787 3002 1857 negligens,
3028 1787 3081 1841 in
3106 1787 3359 1841 ariditate
3383 1802 3509 1856 pec~

243 1898 366 1936 nem
392 1881 653 1937 Ecclesia
680 1881 934 1936 exhibere
953 1880 1067 1935 vult
1088 1889 1274 1935 contra
1300 1880 1585 1934 haereticos
1610 1888 1664 1933 et
1689 1893 1820 1932 cou-

244 1986 327 2028 tra
353 1987 541 2029 omnes
563 1972 832 2036 inimicos,
862 1970 1137 2042 sapientia
1159 1972 1345 2039 utique
1367 1969 1698 2024 adminiculo
1722 1970 1826 2023 hoc

244 2063 399 2116 debet
426 2060 704 2132 perlicere,
736 2075 836 2115 nec
874 2060 1179 2129 eloquentia
1206 2059 1408 2129 aliquid
1454 2059 1523 2115 ad
1566 2059 1670 2113 hoc
1709 2058 1824 2112 sine

243 2154 507 2223 sapientia
535 2150 780 2222 proiicit,
808 2151 916 2205 imo
951 2149 1242 2220 plurimum
1277 2158 1455 2204 nocet.
1484 2147 1654 2203 Porro
1679 2149 1824 2216 quod

245 2245 439 2315 legitur
474 2244 529 2298 iu
566 2242 1037 2312 subsequentibus,
1068 2242 1213 2311 quod
1250 2241 1453 2297 bellum
1490 2240 1650 2294 fuerit
1680 2240 1825 2294 inter

245 2338 483 2391 lloEioam
533 2343 588 2391 et
619 2333 921 2391 Jeroboam
967 2342 1022 2388 et
1068 2333 1196 2398 Asa,
1240 2347 1419 2403 regem
1452 2328 1617 2396 Juda,
1663 2339 1826 2399 atque

244 2428 435 2485 Baasa,
487 2439 667 2494 regem
714 2423 901 2488 Israel,
955 2423 1164 2478 cunctis
1216 2423 1405 2477 diebus
1459 2436 1670 2485 eorum,
1716 2435 1824 2473 non

245 2517 388 2570 aliud
429 2514 735 2586 signiﬁcare
784 2521 934 2583 puto,
968 2528 1131 2582 quam
1158 2513 1302 2580 quod
1345 2518 1531 2565 sancta
1560 2510 1821 2574 Ecclesia,

246 2624 367 2675 qua:
392 2607 446 2659 in
488 2604 694 2658 unitate
726 2603 851 2656 tidei
879 2602 1137 2671 persistit,
1165 2602 1363 2656 bellum
1390 2603 1585 2657 habeat
1611 2616 1827 2669 semper

248 2714 372 2752 cum
395 2695 664 2750 hareticis
680 2704 735 2749 et
759 2694 1139 2757 schismaticis,
1163 2702 1218 2747 et
1240 2692 1491 2746 omnibus
1506 2692 1604 2760 qui
1625 2691 1827 2745 violare

245 2786 576 2844 contendunt
598 2785 761 2840 (idem
794 2784 1134 2838 catholicam.
1171 2803 1189 2835 ι
1225 2783 1428 2840 Omnes
1458 2784 1602 2838 enim
1631 2783 1712 2854 (ut
1752 2783 1830 2836 ait

248 2875 555 2949 Apostolus)
580 2876 670 2945 qui
698 2875 785 2945 pie
821 2874 1007 2930 volunt
1032 2874 1211 2929 vivere
1229 2866 1284 2927 in
1308 2871 1548 2938 Christo,
1580 2887 1830 2942 persecu-

249 2969 448 3024 tionem
492 2967 768 3036 patiuntur
817 2965 901 3039 (II
942 2965 1076 3020 Tim.
1109 2964 1213 3037 ιιι).
1252 2984 1272 3017 ι
1307 2963 1444 3031 Quia
1490 2965 1652 3019 draco
1688 2964 1830 3017 anti-

248 3075 386 3131 quus
412 3039 1087 3131 persequitur'mulierem,
1128 3056 1392 3112 insidians
1416 3056 1671 3114 calcaueo
1687 3054 1821 3127 ejus,

1926 1888 2168 1934 calorum
2196 1892 2366 1948 usque
2395 1881 2464 1932 ad
2509 1877 2669 1932 liuent
2690 1878 2815 1932 vita
2837 1886 3170 1948 perseverat,
3203 1880 3509 1947 posteriora

1924 1971 2041 2040 ejus
2070 1973 2214 2027 velut
2259 1972 2456 2027 diaboli
2488 1979 2758 2025 uiolentur
2786 1988 2798 2023 :
2828 1971 2919 2039 qui
2969 1970 3185 2039 propria
3231 1970 3511 2025 voluntate

1924 2064 2269 2133 superbiendi
2316 2063 2417 2119 sibi
2444 2072 2674 2118 mortem
2712 2062 3016 2132 generavit,
3054 2070 3109 2116 et
3138 2070 3318 2116 tamen
3341 2077 3513 2132 popu-

1922 2154 2034 2209 lum
2072 2154 2405 2223 perditorum
2439 2152 2586 2206 velut
2637 2151 2931 2222 dijudicare
2968 2151 3218 2217 videtur,
3245 2167 3370 2207 cum
3399 2167 3511 2207 non

1917 2244 2495 2315 judicium‘aquitatis,
2529 2243 2626 2298 sed
2668 2242 3033 2301 damnationis
3067 2242 3123 2296 in
3144 2243 3228 2298 eis
3251 2259 3513 2299 exercere

1924 2333 2278 2404 dignoscitur.
2311 2333 2463 2388 Tunc
2495 2333 2640 2388 enim
2674 2340 3020 2402 peccatorum
3065 2338 3229 2402 atque
3270 2334 3512 2388 omnium

1924 2422 2231 2490 iniquorum
2281 2422 2583 2492 posteriora
2633 2422 3001 2486 demetentur,
3038 2436 3163 2476 cum
3191 2421 3365 2491 capite
3413 2437 3514 2477 suo

1926 2512 2161 2578 diabolo,
2198 2513 2417 2581 quando
2452 2511 2622 2566 Judcx
2662 2512 2909 2566 vivorum
2964 2520 3021 2566 et
3067 2520 3404 2567 mortuorum
3457 2514 3513 2567 in

1928 2606 2035 2659 line
2091 2606 2271 2660 saculi
2324 2607 2565 2661 dicturus
2612 2612 2698 2661 est
2740 2605 2826 2660 his
2859 2606 2950 2674 qui
2982 2607 3048 2660 ad
3083 2598 3373 2662 'sinistram
3397 2607 3515 2677 ejus

1931 2693 2185 2749 stabunt:
2215 2715 2233 2745 ι
2260 2690 2530 2750 Discedite
2553 2711 2584 2749 a
2618 2710 2726 2759 me,
2751 2695 3043 2758 maledicti,
3070 2696 3125 2750 in
3156 2696 3339 2767 ignem
3355 2706 3515 2753 ater-

1928 2803 2081 2850 num,
2101 2788 2191 2856 qui
2213 2797 2434 2856 paratus
2458 2796 2545 2841 est
2567 2786 2780 2841 diabolo
2794 2795 2848 2839 et
2872 2787 3076 2857 angelis
3100 2786 3237 2855 ejus.
3266 2788 3333 2842 Et
3359 2788 3519 2844 ibunt

1929 2878 1981 2931 hi
2030 2878 2085 2931 in
2130 2878 2453 2948 supplicium
2492 2885 2783 2941 aternam,
2832 2875 2966 2944 justi
2999 2886 3183 2932 autem
3245 2878 3300 2932 in
3346 2878 3514 2933 vitam

1930 2976 2190 3022 aternam
2227 2966 2438 3038 (Matth.
2477 2966 2628 3038 xxv).
2658 2986 2678 3018 ι

2026 3080 2049 3115 α
2066 3059 2167 3127 Qui
2195 3067 2462 3125 mortuus,
2494 3059 2691 3129 inquit,
2722 3058 2885 3115 fuerit
2910 3060 2976 3114 de
2996 3060 3167 3114 Baasa
3189 3060 3242 3114 iu
3272 3060 3517 3125 civitate,

247 3161 303 3206 et
330 3151 445 3221 ipsa
500 3156 748 3204 conteret
799 3156 962 3218 caput
1010 3148 1153 3203 illius
1195 3144 1348 3219 (Gen.
1378 3148 1484 3221 ιιι).
1535 3148 1647 3204 Asa
1681 3148 1825 3204 enim
1856 3140 1899 3200 C
1931 3151 2220 3207 comedent
2261 3165 2387 3205 eum
2421 3166 2610 3226 canes.
2652 3152 2722 3207 Et
2750 3153 2842 3221 qui
2884 3160 3130 3208 mortuus
3159 3151 3324 3207 fuerit
3354 3167 3425 3207 ex
3452 3168 3518 3207 eo

248 3240 454 3306 tollens,
478 3240 590 3295 sive
617 3237 915 3302 sustollens,
965 3246 1019 3292 et
1069 3236 1240 3293 Baasa
1268 3238 1531 3308 confusio,
1562 3238 1651 3294 vel
1676 3240 1829 3294 sicci—

247 3344 351 3397 tas,
380 3331 784 3400 interpretatur.
826 3328 895 3382 Et
927 3328 1065 3383 bene
1102 3328 1354 3384 Ecclesia
1382 3329 1608 3399 populus
1636 3328 1830 3384 tolle-'5

248 3422 360 3475 sive
391 3419 678 3476 sustollens
705 3418 923 3483 dicitur,
955 3419 1046 3487 qui
1070 3426 1303 3473 mentem
1328 3434 1478 3473 suam
1506 3420 1572 3473 ad
1595 3434 1827 3488 superna

249 3511 515 3566 desideria
551 3510 902 3580 suspendens,
934 3509 1306 3565 confusionem
1353 3518 1692 3565 terrenarum
1731 3526 1827 3564 cu-

250 3602 532 3669 piditatum
560 3615 681 3654 cum
712 3614 899 3653 earum
942 3607 1258 3669 suggestore
1287 3596 1501 3653 diabolo
1528 3598 1736 3667 spernit
1764 3614 1828 3652 ac

252 3696 395 3749 velut
420 3694 563 3749 sicca
591 3701 647 3747 et
676 3691 883 3746 inutilia
908 3692 1227 3745 contemnit.

852 3820 1079 3876 CAPUT
1119 3818 1234 3873 XV.

254 3932 403 3995 Quod
429 3946 595 3985 sermo
621 3928 834 3983 Domini
855 3930 1025 3999 factus
1047 3938 1120 3982 est
1148 3928 1222 3999 ad
1251 3928 1410 3994 Jahn,
1432 3929 1602 3999 ﬁlium
1638 3930 1825 3995 Anani,

320 4010 501 4073 contra
537 3999 736 4065 Baasa,
783 4015 952 4073 regem
986 3998 1176 4073 Israel,
1218 4000 1507 4073 pradicens
1560 4017 1747 4073 poenas
1784 4002 1831 4073 ei

320 4070 550 4138 futuras,
576 4086 635 4140 eo
663 4069 800 4140 quod
828 4084 1040 4140 peccare
1071 4068 1261 4140 fecerat
1306 4068 1498 4140 Israel,
1520 4068 1568 4124 et
1592 4070 1658 4123 de
1684 4068 1829 4140 Αἰθινὶ

320 4157 436 4210 rege
464 4137 654 4210 Israel,
676 4137 933 4210 quomodo
977 4137 1154 4191 emerit
1195 4147 1419 4210 moment
1451 4139 1729 4210 Samaria}.
1757 4139 1832 4210 De

321 4207 636 4280 temporibus
676 4207 877 4280 Achab,
912 4218 981 4280 et»
1007 4209 1265 4280 quomodo
1320 4207 1498 4262 Achiel
1540 4208 1832 4280 deBethcl

321 4276 600 4347 adificavit
661 4277 920 4348 Iericho,
963 4276 1041 4348 in:
1085 4276 1284 4331 Abiran
1343 4278 1686 4348 primogenita
1737 4294 1831 4331 suo

323 4344 551 4428 fundam
574 4363 711 4413 eam,
733 4354 782 4401 et
799 4346 855 4400 in
880 4344 1053 4417 Segub
1076 4344 1353 4403 novissimo
1383 4364 1479 4401 suo
1498 4344 1696 4418 ponens
1711 4363 1832 4416 por-

329 4430 408 4476 tas
432 4435 565 4486 ejus.

324 4530 473 4601 (CAP.
506 4527 640 4599 xvi.)
676 4549 692 4578 ε
734 4528 931 4582 Factus
975 4537 1059 4582 est
1088 4537 1267 4581 autem
1305 4542 1485 4582 sermo
1528 4526 1738 4581 Domini
1770 4526 1838 4580 ad

260 4642 275 4671 ο
320 4620 482 4683 .lehu,
515 4618 683 4672 ﬁlium
726 4618 923 4682 Anani,
950 4626 1137 4670 contra
1167 4616 1357 4681 Baasa,
1390 4616 1617 4670 dicens:
1643 4614 1747 4670 Pro
1771 4631 1837 4670 eo

259 4730 274 4756 ‹
322 4708 462 4776 quod
487 4705 717 4760 cxaluivi
744 4713 795 4759 te
823 4705 888 4759 de
915 4704 1156 4773 pulvere,
1185 4712 1240 4759 et
1273 4704 1428 4774 posui
1452 4705 1641 4759 ducem
1675 4720 1838 4775 super

261 4820 275 4848 ι
324 4798 578 4868 pupulum
614 4812 794 4851 meum
824 4795 1007 4861 Israel,
1040 4802 1098 4850 tu
1126 4808 1304 4851 autem
1341 4795 1624 4852 ambulasti
1668 4797 1721 4850 in
1748 4798 1834 4851 via

263 4909 278 4935 (
323 4886 632 4950 .leroboam,
672 4894 726 4939 et
771 4900 999 4954 peccare
1041 4885 1219 4941 feciin
1261 4886 1515 4957 populum
1553 4902 1728 4942 meum
1761 4886 1837 4942 ls-

262 4998 278 5028 ι
325 4975 458 5041 rael,
481 4986 538 5029 ut
577 4991 663 5030 me
697 4976 940 5031 irritares
974 4977 1027 5030 in
1056 4978 1295 5047 peccatis
1321 4994 1538 5045 eorum,
1573 4994 1700 5034 ecce
1737 4994 1837 5050 ego

262 5089 279 5119 ι
327 5068 593 5123 demetam
645 5067 945 5137 posteriora
991 5066 1184 5133 Baasa,
1214 5078 1269 5123 et
1313 5069 1615 5139 posteriora
1645 5070 1836 5122 domus

264 5180 281 5212 ο
324 5158 462 5227 ejus,
492 5167 547 5213 et
582 5157 777 5213 faciam
824 5158 1042 5214 domum
1088 5169 1234 5214 tuam
1266 5162 1409 5215 sicut
1432 5160 1653 5214 domum
1674 5157 1833 5214 Jero-

265 5269 283 5299 ς
326 5249 509 5314 beam,
537 5246 630 5300 lilii
659 5245 893 5302 Nabath.
941 5248 1043 5316 Qui
1084 5257 1329 5304 mortuus
1359 5248 1527 5304 fuerit
1559 5249 1625 5303 de
1662 5248 1836 5303 Baasa

264 5356 282 5388 ι
326 5336 381 5391 in
411 5336 650 5403 civitate,
677 5338 960 5393 comedent
995 5353 1118 5393 eum
1158 5352 1341 5393 canes.
1370 5338 1438 5391 Et
1466 5337 1559 5407 qui
1592 5345 1836 5392 mortuus

264 5445 282 5476 ι
325 5425 487 5480 fuerit
535 5442 603 5480 ex
631 5426 776 5481 eoin
822 5428 1062 5497 regione,
1093 5427 1379 5481 comedent
1423 5441 1547 5480 eum
1594 5426 1836 5482 volucres

266 5536 284 5569 ι
330 5516 475 5584 cali,
507 5526 618 5574 etc.
651 5537 669 5570 ι
703 5518 828 5572 Hac
854 5518 1017 5572 verba
1037 5527 1225 5573 contra
1256 5532 1445 5572 omnes
1471 5527 1758 5587 peccantes
1784 5530 1841 5573 et

262 5618 449 5663 contra
488 5608 775 5664 bareticos
795 5617 850 5662 et
883 5618 1069 5662 contra
1099 5622 1339 5676 paganos
1366 5608 1602 5663 maxime
1627 5608 1835 5678 prolata

263 5710 385 5755 sunt
417 5717 429 5749 :
459 5698 656 5768 quippe
691 5697 781 5766 qui
830 5698 1069 5766 peccatis
1100 5698 1343 5767 pristinis
1380 5708 1598 5770 peccata
1628 5714 1840 5769 semper

1931 3243 1985 3297 in
2016 3243 2255 3313 regione,
2281 3243 2567 3299 comedent
2590 3257 2715 3297 eum
2742 3244 2993 3299 volucres
3021 3243 3170 3299 cali.
3216 3262 3235 3295 ι
3269 3242 3410 3309 Quid
3433 3251 3521 3298 est

1930 3349 2061 3404 ergo
2088 3343 2358 3389 mortuum
2389 3350 2510 3390 esse
2540 3335 2593 3389 in
2638 3334 2879 3399 civitate,
2910 3336 3014 3390 nisi
3043 3333 3340 3405 quemlibet
3378 3333 3517 3389 ﬁde-

1932 3434 2090 3479 tenus
2117 3424 2172 3480 in
2202 3424 2443 3480 Ecclesia
2476 3435 2942 3495 perseverantem,
2968 3425 3289 3481 criminibus
3313 3424 3521 3494 capita-

1931 3516 2072 3572 libus
2098 3518 2392 3573 obnoxium
2426 3518 2590 3573 esse?
2646 3517 2703 3572 ln
2732 3517 2958 3573 civitate
2982 3531 3115 3588 ergo
3137 3516 3393 3581 moritur,
3421 3515 3517 3584 qui

1931 3607 2075 3661 intra
2101 3607 2400 3664 Ecclesiam
2454 3608 2551 3663 Dei
2604 3623 2768 3678 opera
2815 3608 3106 3678 pravitatis
3144 3615 3384 3662 exercet.
3426 3606 3520 3661 llle

1931 3698 2076 3754 enim
2098 3714 2194 3754 ore
2213 3714 2407 3753 canum
2431 3699 2719 3763 laceratur,
2746 3713 2871 3752 cum
2897 3698 3181 3754 sententiis
3203 3706 3517 3751 sanctorum

1932 3787 2213 3841 doctorum
2256 3788 2589 3857 increpatur,
2621 3789 2865 3859 arguitur
2893 3795 3055 3856 atque
3099 3789 3409 3842 damnatur.
3439 3788 3517 3841 Dn

1933 3878 2129 3948 quibus
2167 3878 2418 3934 videlicet
2465 3878 2689 3933 canibus
2743 3877 2797 3931 iu
2846 3876 3060 3931 Psalmo
3089 3876 3347 3946 scriptum
3383 3884 3468 3931 est
3504 3895 3515 3928 :

1938 3990 1956 4021 ‹
1992 3969 2063 4025 Ut
2084 3984 2248 4024 canes
2275 3968 2579 4023 circuibunt
2599 3968 2877 4022 civitatem
2902 3964 3074 4039 (Psal.
3104 3964 3279 4035 Lvtu).
3309 3964 3522 4020 iCanes

1933 4059 2078 4112 cnim
2112 4074 2142 4111 a
2170 4058 2411 4112 cavendo
2440 4057 2567 4111 dicti
2596 4065 2739 4111 sunt.
2773 4057 2980 4111 Canum
3009 4054 3156 4110 enim
3185 4054 3521 4110 consuetudo

1934 4156 2018 4202 est
2063 4147 2152 4203 illa
2182 4147 2299 4201 loca
2345 4146 2651 4207 defendere,
2684 4145 2738 4198 in
2759 4146 2954 4214 quibus
2994 4158 3054 4199 se
3092 4153 3292 4198 norunt
3327 4143 3522 4198 alimo-

1936 4238 2080 4291 niam
2123 4237 2381 4306 reperire.
2412 4233 2617 4290 Civitas
2645 4243 2825 4289 autem
2874 4234 2985 4298 illa,
3017 4249 3180 4304 quam
3236 4247 3400 4288 canes
3429 4232 3519 4286 isti

1935 4331 2294 4392 circumeunt,
2326 4326 2623 4383 Jerusalem
2671 4339 2772 4393 est,
2832 4328 3212 4383 universaliter
3243 4342 3341 4398 per
3364 4343 3523 4383 mun-

1939 4422 2065 4477 dum
2094 4420 2303 4475 dilfusa.
2329 4420 2481 4476 Hanc
2510 4436 2640 4491 ergo
2667 4419 2928 4475 circuisse
2974 4420 3199 4474 Paulum
3248 4419 3520 4474 salutares

1861 4484 1914 4542 Ῑ)
1940 4510 2124 4579 generi
2150 4511 2389 4566 humano
2406 4484 2679 4566 testantur
2696 4510 2948 4580 Epistola
2970 4525 3091 4579 qua
3113 4525 3211 4581 per
3236 4511 3523 4565 universas

1940 4607 2149 4672 gentes,
2202 4601 2351 4656 velut
2410 4617 2563 4657 sacra
2619 4601 2830 4666 divina,
2887 4608 3193 4654 tonuerunt.
3237 4598 3282 4655 Ο
3327 4614 3520 4655 canem

1939 4692 2105 4746 istum
2131 4692 2369 4757 beatum,
2403 4692 2495 4761 qui
2533 4692 2756 4761 populos
2776 4692 3122 4761 persequitur
3148 4690 3409 4755 inﬁdeles,
3437 4690 3524 4745 fu-

1940 4796 2029 4835 res
2059 4781 2249 4853 abigit,
2287 4791 2344 4836 et
2373 4782 2535 4836 ovilia
2588 4790 2775 4836 sancta
2816 4780 3068 4844 custodit,
3106 4777 3263 4847 cujus
3292 4779 3524 4836 latratus

1936 4885 2037 4939 per
2064 4878 2235 4924 totum
2264 4870 2543 4935 mundum,
2567 4871 2722 4940 quasi
2760 4872 3083 4941 grandisona
3121 4872 3271 4939 tuba,
3295 4887 3521 4928 concre-

1939 4962 2082 5031 puit!

2016 5090 2035 5121 ‹
2071 5069 2172 5136 Qui
2200 5069 2346 5124 enim
2376 5070 2627 5135 moritur,
2658 5072 2756 5135 ait,
2782 5085 2850 5124 ex
2871 5069 3044 5125 Bassa
3079 5071 3135 5125 in
3164 5072 3405 5142 regione,
3428 5086 3524 5127 co-

1940 5159 2161 5213 medent
2202 5173 2324 5213 eum
2360 5159 2607 5214 volucres
2656 5159 2800 5215 cali.
2841 5178 2860 5211 ι
2893 5160 2972 5214 Illi
3021 5160 3165 5214 enim
3213 5175 3282 5214 ex
3317 5158 3521 5224 Baasa,

1940 5252 2045 5306 hoc
2071 5259 2171 5315 est,
2200 5266 2268 5305 ex
2295 5267 2525 5321 corpore
2549 5251 2747 5306 diaboli
2776 5250 3095 5307 confusione
3120 5249 3436 5320 plenissimo
3464 5250 3521 5303 in

1939 5341 2160 5412 regione
2222 5343 2563 5406 moriuntur,
2600 5342 2690 5412 qui
2734 5349 2888 5396 extra
2939 5340 3235 5397 Ecclesiam
3282 5341 3521 5409 separati

1939 5430 2258 5487 idololatria
2304 5441 2400 5488 aut
2437 5433 2734 5487 haresibus
2783 5446 2878 5486 ore
2912 5439 3075 5500 atque
3120 5444 3287 5499 opere
3313 5426 3524 5483 nefario

1940 5520 2268 5575 deserviunt.
2315 5520 2429 5574 Hoc
2459 5520 2603 5575 enim
2631 5518 2880 5574 volucres
2918 5518 3045 5572 coeli
3080 5516 3390 5576 comedunt.
3414 5515 3521 5569 illa:

1941 5610 2189 5666 videlicet
2239 5610 2508 5674 volucres,
2548 5608 2614 5664 de
2650 5607 2844 5677 quibus
2894 5608 2947 5661 in
2981 5606 3274 5676 Evangelio
3308 5605 3437 5660 dicit
3467 5606 3520 5658 in

1942 5702 2197 5771 parabola
2227 5702 2487 5757 sementis
2515 5713 2672 5755 secus
2700 5698 2841 5752 viam
2872 5711 3058 5754 semen
3091 5710 3341 5767 sparsum
3363 5693 3521 5749 volu-
