3912 6160
426 326 534 422 ses

1238 363 1589 421 COMMENT.
1630 364 1697 419 1N
1736 363 1979 419 LIBROS
2014 363 2080 417 ιν
2123 362 2387 418 REGUM.
2425 392 2493 401 —
2531 360 2597 415 IN
2622 360 2747 415 LIB.
2789 360 2875 416 lll.

3578 358 3681 416 9'0

428 463 549 537 cres
595 477 894 533 comedisse
928 475 1146 547 (Matth.
1176 494 1307 543 xm;
1341 477 1468 532 Luc.
1511 478 1651 552 vin).
1683 478 1834 534 Tunc
1858 479 2004 533 enim
2032 488 2079 545 Α
2109 477 2218 547 (Ea;
2245 475 2492 547 Hieron.)
2524 476 2736 533 Thesba
2791 477 2972 546 igitur,
3024 477 3167 531 unde
3211 474 3353 530 Elias
3401 475 3685 532 Thcsbites

430 570 547 625 isne
573 569 818 623 volucres
841 582 935 622 eos
962 569 1266 633 comedent,
1299 570 1515 639 quando
1544 577 1771 624 onustos
1817 584 2009 640 pecca-

428 652 502 716 tis
531 676 609 715 set
624 676 715 713 um
752 660 819 713 ad
851 667 1111 713 aeternum
1139 660 1356 729 rapiunt
1376 660 1673 715 interitum.

507 772 524 803 ι
560 751 714 805 Anno
746 750 1022 804 tricesimo
1063 751 1239 819 primo
1275 749 1383 805 Asa
1410 751 1553 820 regis
1580 749 1736 817 Juda,
1768 751 2009 822 regnavit

436 860 453 893 ι
495 841 680 896 Ambri
708 857 869 911 super
892 840 1057 896 lsrael
1083 842 1362 897 duodecim
1399 843 1576 907 annis,
1608 843 1659 896 in
1689 841 1891 897 Thersa
1920 858 2008 896 re-

435 954 455 985 ι
498 934 679 1001 gnavit
727 949 824 988 ses
866 932 1045 988 annis.
1088 933 1340 1002 Emitque
1380 943 1618 989 montem
1673 933 1936 990 Samarize
1978 950 2010 988 a

437 1044 454 1075 ι
500 1023 691 1078 Somer
712 1024 923 1078 duobus
951 1023 1156 1093 argenti
1185 1016 1355 1089 siclis,
1384 1032 1438 1079 et
1471 1023 1757 1079 aediﬁcavit
1787 1039 1928 1088 eam,
1957 1032 2013 1079 et

436 1134 455 1166 α
502 1113 919 1168 vocavitnomeu
938 1112 1195 1178 civitatis,
1220 1127 1380 1181 quam
1405 1122 1770 1178 exstruxerat,
1794 1114 2012 1169 nomine

436 1222 455 1254 ι
502 1201 712 1266 Somer,
748 1203 959 1257 Domini
1000 1203 1211 1257 montis
1236 1202 1515 1259 Samarite.
1551 1223 1570 1255 ι
1605 1202 1718 1259 Hoc
1743 1206 2012 1273 quomodo

431 1292 631 1348 factum
658 1293 751 1357 sit,
796 1291 1014 1363 Joscphi
1060 1295 1223 1348 verba
1278 1288 1649 1356 manifestam,
1712 1295 1767 1348 in
1816 1297 2013 1365 quibus

431 1383 693 1452 seriptum
720 1391 803 1438 est
838 1401 850 1435 :
885 1403 903 1434 ι
934 1381 1231 1438 Tricesimo
1262 1393 1445 1439 autem
1468 1398 1612 1440 anno
1637 1386 1782 1456 regis
1806 1387 2008 1453 Asapb,

431 1473 618 1528 Ambri
653 1473 892 1543 suscepit
923 1460 1229 1543 imperium,
1252 1482 1307 1529 et
1331 1475 1503 1529 tenuit
1530 1476 1686 1530 annis
1708 1476 2009 1540 duodecim,

431 1576 660 1630 quorum
689 1577 783 1616 sex
810 1563 1024 1631 quidem
1061 1563 1216 1618 annis
1260 1563 1388 1620 fecit
1425 1566 1479 1620 in
1520 1565 1751 1630 Thersa,
1777 1566 2013 1636 reliquos

432 1664 612 1711 antem
642 1656 696 1710 in
724 1657 965 1721 civitate,
996 1673 1114 1725 qua:
1147 1654 1364 1713 Maraon
1398 1658 1719 1730 appellatur,
1747 1676 1775 1713 a
1807 1652 2013 1715 Graecis

431 1761 564 1813 vero
593 1738 842 1801 Samaria
887 1746 986 1801 llic
1012 1756 1191 1802 autem
1229 1748 1528 1803 nominavit
1555 1765 1675 1804 eam
1712 1748 2010 1805 Somareon

430 1853 464 1893 ο
494 1837 725 1894 Somaro
752 1838 1008 1908 quodam,
1034 1839 1124 1908 qui
1148 1839 1198 1893 ei
1232 1848 1468 1894 montem
1505 1838 1930 1905 venundaverat,
1959 1840 2013 1894 in
2047 1818 2090 1884 Β

431 1932 540 1997 quo
567 1918 921 1983 constituerat
946 1927 1238 1982 civitatem.
1270 1925 1328 1981 In
1352 1924 1496 1981 nullo
1523 1938 1703 1982 autem
1735 1919 2016 1984 ditl‘erebat

430 2015 708 2086 prioribus
738 2016 975 2086 regibus,
1005 2018 1107 2073 nisi
1134 2003 1275 2086 quod
1301 2015 1452 2089 pejor
1478 2027 1617 2072 erat.
1658 2038 1676 2070 ι

507 2128 526 2160 ι
559 2107 623 2163 Ει
646 2109 853 2164 addidit
879 2109 1066 2164 Achab
1098 2109 1151 2164 in
1174 2125 1337 2181 opere
1362 2126 1459 2166 suo
1485 2105 1706 2167 irritans
1726 2108 2013 2167 Dominum

434 2216 456 2250 ι
500 2197 666 2253 Deum
690 2198 880 2262 Israel,
909 2214 1072 2269 super
1093 2214 1281 2255 omnes
1306 2212 1458 2272 reges
1483 2200 1649 2257 Israel
1679 2202 1772 2271 qui
1802 2201 2015 2256 fuerant

435 2307 458 2341 ι
503 2298 631 2345 ante
653 2304 795 2344 eum.
822 2284 880 2343 ln
918 2290 1105 2345 diebus
1132 2289 1250 2357 ejus
1296 2290 1583 2346 aediﬁcavit
1616 2289 1807 2345 Achiel
1830 2289 2016 2345 deBe—

434 2398 456 2432 ι
502 2381 606 2435 thel
634 2379 870 2448 Iericho,
898 2392 1004 2437 etc.
1044 2402 1062 2433 ι
1097 2381 1204 2453 (Ex
1227 2380 1416 2453 Beda.)
1447 2381 1600 2449 Quod
1636 2382 1896 2452 scriptum
1930 2391 2015 2436 est

428 2471 498 2527 de
521 2473 853 2542 temporibus
880 2473 1030 2543 regni
1064 2473 1252 2527 Achab
1280 2491 1292 2503 -
1328 2492 1346 2523 ‹
1385 2472 1444 2527 ln
1474 2472 1663 2527 diebus
1700 2472 1816 2542 ejus
1845 2469 2016 2525 ωαξη-

429 2564 577 2618 cavit
599 2558 785 2618 Acbiel
811 2566 876 2621 de
916 2564 1101 2619 Bethel
1121 2561 1360 2620 Iericho.
1386 2563 1442 2618 ln
1474 2563 1717 2627 Abiram,
1744 2563 2014 2633 primoge-

430 2650 548 2709 nito
569 2670 687 2719 suo,
730 2655 973 2710 fundavit
993 2671 1148 2721 eam;
1179 2665 1235 2710 et
1262 2655 1314 2710 in
1346 2654 1547 2726 Segub,
1575 2653 1870 2708 novissimo
1891 2668 2010 2718 suo,

426 2746 612 2816 posuit
638 2756 824 2815 portas
843 2747 978 2819 ejus,
1013 2767 1032 2797 ι
1058 2753 1208 2817 patet
1231 2761 1441 2809 sensus,
1470 2745 1597 2816 quia
1621 2761 1745 2799 cum
1776 2740 2013 2814 praefata:

427 2836 684 2891 miiditor
731 2839 883 2893 urbis
912 2837 1262 2893 fundamenta
1290 2836 1432 2891 illius
1487 2850 1690 2907 ponere
1727 2829 2009 2904 inciperet,

428 2926 820 2997 primogenitus
845 2928 992 2999 ejus,
1027 2927 1118 2998 qui
1151 2927 1444 2983 vocabatur
1483 2921 1726 2991 Abiram,
1768 2930 2014 2979 mortuus

427 3024 533 3074 est.
563 3018 792 3083 Etcum,
824 3021 955 3075 urbe
984 3020 1269 3084 aediﬁcata,
1297 3029 1484 3090 portas
1517 3022 1731 3076 munire
1754 3027 2011 3084 tentaret,

427 3111 780 3166 novissimum
832 3111 1062 3166 ﬁliorum
1116 3127 1356 3177 suorum,
1412 3121 1772 3183 cognomento
1806 3110 2008 3181 Segub,

424 3200 631 3255 emisit.
655 3192 807 3268 Quod
832 3202 906 3256 ita
930 3201 1166 3256 futurum
1186 3199 1369 3267 Josue,
1393 3217 1514 3257 cum
1537 3219 1658 3257 eam
1680 3204 2010 3258 destructam

426 3286 765 3345 anathemati
811 3292 1051 3346 traderet
1086 3290 1433 3361 imprecando
1469 3292 1756 3362 praedixit:
1795 3311 1813 3342 ι
1848 3290 2013 3346 Male-

428 3378 631 3445 dictus,
673 3381 944 3452 inquiens,
980 3382 1065 3435 vir
1090 3396 1272 3437 coram
1302 3381 1531 3437 Domino
1550 3421 1565 3447 ,
1596 3382 1689 3451 qui
1720 3383 2013 3438 suscitave-

431 3470 503 3526 rit
531 3480 588 3527 et
618 3472 966 3528 aadiﬁcaverit
1007 3472 1278 3527 civitatem
1315 3469 1552 3529 Iericho.
1574 3463 1631 3527 In
1658 3473 2014 3543 primogenita

429 3576 532 3620 suo
561 3562 910 3619 fundamenta
940 3563 1085 3619 illius
1107 3564 1295 3635 jaciat,
1321 3572 1377 3620 et
1405 3564 1459 3619 in
1492 3564 1787 3619 novissimo
1817 3563 2014 3617 libero-

432 3670 550 3709 rum
583 3664 748 3726 ponat
792 3664 978 3724 portas
1006 3655 1123 3724 ejus
1144 3652 1281 3728 (los.
1313 3652 1409 3728 vi).
1451 3676 1468 3708 ι
1498 3654 1635 3723 Quia
1671 3670 1800 3711 vero
1826 3649 2014 3710 Acbiel

430 3752 617 3806 aufem
646 3748 777 3816 Deo,
820 3752 1008 3806 Bethel
1047 3753 1440 3822 interpretatur
1466 3754 1654 3807 domus
1684 3752 1799 3817 Dei,
1827 3750 2015 3807 Achiel

427 3840 497 3895 de
544 3839 733 3895 Bethel
781 3843 1054 3897 destructa
1094 3857 1124 3897 a
1158 3841 1321 3899 Josue
1346 3852 1509 3913 atque
1557 3843 2013 3907 anathematizata

426 3926 646 3987 Iericho
688 3934 890 3987 mmnia
934 3943 1231 4001 restaurat,
1267 3950 1391 3990 cum
1430 3934 1553 4003 quis
1596 3948 1785 3988 eorum
1829 3933 1920 4002 qui
1958 3932 2010 3986 in

425 4022 671 4079 Ecclesia
707 4025 951 4079 habitum
989 4022 1265 4096 religionis
1297 4033 1666 4095 assumpserat
1700 4023 1767 4079 ad
1803 4025 2011 4095 agenda

426 4113 634 4169 scelera
682 4130 802 4185 quae
853 4117 902 4171 ei
956 4116 1215 4171 Dominus
1242 4110 1400 4171 Iesus
1443 4117 1497 4171 in
1535 4115 1622 4171 die
1670 4115 2012 4186 baptismatis

428 4203 733 4259 donaverat
777 4206 936 4270 tedlt,
989 4220 1231 4275 quasque
1275 4206 1390 4277 ipse
1453 4206 2011 4260 anathematizaverat

425 4293 625 4349 diaboli
649 4308 876 4364 pompas
906 4296 1181 4350 luxuriose
1203 4296 1431 4351 vivendo
1458 4295 1685 4367 repetit;
1715 4311 1837 4351 cum
1859 4306 2011 4350 erro-

425 4398 549 4437 rum
590 4382 841 4456 dogmata
876 4385 961 4439 vel
998 4385 1280 4457 gentilium
1318 4385 1527 4441 fabulas
1565 4386 1780 4441 veritati
1834 4386 2006 4441 eccle-

2106 568 2417 620 nominatus
2460 577 2560 629 est,
2604 566 2798 622 civitas
2841 574 2923 619 est
2957 564 3273 620 Galaditidis
3299 566 3549 636 regionis.
3580 565 3688 636 (Et

2112 654 2404 727 Gregorio.)
2448 655 2599 721 Quod
2657 667 2838 711 autem
2885 656 3083 711 dicitur
3125 674 3139 710 :
3180 676 3198 707 ι
3239 657 3382 710 Vivit
3429 656 3689 712 Dominus

2109 745 2271 812 Deus,
2306 747 2359 800 in
2391 746 2543 816 cujus
2572 758 2862 818 conspectu
2910 758 3015 813 sto,
3051 769 3070 801 ι
3103 750 3378 803 sciendum
3407 757 3487 803 est
3546 745 3691 819 quod

2110 837 2319 893 duobus
2344 837 2519 892 modis
2544 838 2595 891 in
2637 848 2983 908 coaspectum
3020 838 3231 893 Domini
3264 840 3508 893 venimus
3542 853 3690 893 :uuo
3766 908 3770 911 Ι

2110 927 2327 995 quando
2362 924 2451 981 hic
2498 937 2719 996 peccata
2754 938 2936 982 nostra
2975 928 3242 983 subtiliter
3277 929 3688 998 perpendentes,

2114 1018 2166 1072 in
2197 1017 2313 1086 ejus
2337 1032 2435 1071 nos
2449 1028 2740 1087 conspectu
2764 1018 3011 1087 ponimus
3031 1018 3084 1071 et
3106 1016 3282 1072 ﬂendo
3300 1017 3691 1087 dijudicamus;

2113 1106 2220 1161 alio
2249 1119 2378 1160 vero
2431 1106 2483 1159 in
2524 1115 2871 1175 eoo-spectem
2924 1105 3136 1159 Domini
3174 1108 3439 1171 venimus,
3481 1123 3602 1162 cum
3637 1109 3691 1160 in

2111 1211 2356 1251 exaremo
2380 1197 2584 1267 judicio
2614 1207 2738 1251 ante
2783 1196 3015 1251 tribunal
3051 1195 3163 1264 ejus
3202 1197 3523 1251 assistimus.
3555 1195 3691 1250 Nam

2112 1288 2325 1355 quoties
2373 1287 2669 1343 conditoris
2709 1288 2881 1342 nostri
2929 1288 3222 1357 potentiam
3254 1289 3320 1342 ad
3364 1304 3579 1343 sensum
3608 1302 3693 1341 re-

2112 1379 2378 1442 ducimus,
2428 1380 2588 1433 toties
2632 1379 2683 1433 in
2736 1387 3026 1449 conspectu
3076 1378 3217 1432 illius
3264 1386 3488 1433 stamus.
3544 1378 3694 1433 Unde

2115 1479 2260 1524 recte
2299 1484 2441 1523 nunc
2480 1484 2578 1538 per
2618 1470 2790 1523 virum
2840 1469 2934 1525 Dei
2995 1466 3166 1524 Eliam
3214 1468 3456 1524 dicitur:
3494 1487 3513 1521 ‹
3550 1470 3696 1524 Vivit

2116 1560 2374 1615 Dominus
2401 1560 2543 1616 Deus
2588 1561 2772 1626 Israel,
2812 1562 2863 1615 in
2893 1561 3045 1632 cujus
3071 1571 3362 1631 conspectu
3391 1572 3493 1616 sto.
3535 1582 3553 1614 ι
3597 1563 3696 1618 llic

2108 1651 2288 1722 justus
2316 1651 2369 1705 in
2396 1663 2688 1721 conspectu
2719 1653 2814 1707 Dei
2851 1654 2975 1719 stat,
3014 1658 3075 1707 ut
3102 1654 3335 1710 ﬁdeliter
3360 1655 3538 1723 vivat;
3566 1655 3693 1722 illic,

2114 1748 2174 1794 ut
2198 1735 2463 1794 veraciter
2490 1756 2746 1797 coronam
2768 1736 2891 1798 vita:
2920 1743 3171 1814 accipiat.

2193 1849 2214 1882 ι
2254 1829 2322 1886 Et
2346 1830 2549 1888 factum
2580 1844 2664 1890 est
2692 1836 2917 1890 verbum
2946 1835 3153 1891 Domini
3197 1837 3263 1892 ad
3294 1852 3439 1905 eum,
3468 1839 3693 1894 dicens:

2121 1942 2140 1976 ι
2183 1924 2399 1982 Recede
2420 1927 2548 1983 hinc
2570 1937 2625 1983 et
2662 1929 2799 1984 vade
2825 1938 3014 1983 contra
3050 1928 3348 1996 Orientem,
3381 1937 3437 1985 et
3470 1931 3699 1987 abscon-

2121 2033 2141 2066 ε
2187 2015 2318 2071 dere
2342 2016 2395 2071 in
2424 2026 2663 2073 torrente
2687 2017 2895 2085 Caritb,
2924 2018 3016 2089 qui
3043 2028 3126 2074 est
3166 2029 3353 2076 contra
3376 2020 3692 2087 Jordanem,

2122 2124 2141 2157 ‹
2187 2115 2242 2162 et
2281 2106 2355 2161 ibi
2396 2108 2463 2163 de
2514 2117 2757 2165 torrente
2795 2109 2992 2176 bibes;
3044 2113 3330 2183 curvisque
3373 2114 3605 2185 praecepi
3640 2122 3700 2169 ut

2121 2216 2141 2250 α
2185 2207 2413 2270 pascant
2436 2208 2488 2255 te
2520 2199 2613 2254 ibi.
2640 2197 2793 2257 Abiit
2837 2219 2986 2275 ergo,
3016 2211 3070 2260 et
3099 2204 3225 2260 fecit
3267 2203 3425 2274 juxta
3468 2206 3696 2261 verbum

2120 2304 2139 2337 ι
2185 2286 2419 2343 Domini.
2470 2288 2713 2359 Cumque
2774 2290 3018 2358 abiisset,
3073 2295 3214 2348 sedit
3245 2294 3299 2348 in
3329 2299 3567 2349 terrente
3594 2294 3699 2350 Ca-

2120 2395 2138 2427 ι
2187 2376 2317 2442 rith,
2348 2378 2441 2448 qui
2471 2388 2555 2432 est
2584 2387 2771 2433 contra
2804 2376 3118 2437 Iordanem.
3170 2382 3326 2438 Corvi
3364 2396 3579 2453 quoque
3604 2385 3698 2438 de-

2120 2484 2140 2517 ‹
2185 2467 2431 2523 ferebant
2458 2468 2507 2523 ei
2543 2484 2735 2540 panem
2785 2479 2841 2525 et
2866 2486 3059 2528 carnes
3111 2490 3292 2538 mane,
3332 2474 3577 2530 similiter
3603 2491 3699 2547 pad-

2120 2575 2138 2607 ι
2185 2573 2311 2611 nem
2364 2566 2420 2614 et
2464 2575 2659 2615 carnes
2708 2576 2954 2631 vespere,
3003 2574 3057 2617 et
3085 2563 3392 2620 Libebatde
3431 2573 3693 2621 torrente.

2120 2668 2138 2700 ι
2185 2641 2317 2704 Post
2356 2646 2471 2705 dies
2500 2662 2682 2706 autem
2743 2648 2979 2708 siccatus
3024 2663 3108 2709 est
3141 2664 3374 2722 torrens,
3407 2673 3512 2713 non
3552 2658 3695 2711 enim

2121 2757 2139 2789 ι
2185 2738 2393 2807 pluerat
2419 2756 2582 2811 super
2608 2750 2831 2809 terram,
2883 2751 2987 2798 etc.
3030 2764 3048 2797 ι
3082 2746 3221 2813 Quid
3246 2763 3374 2817 ergo
3402 2747 3569 2813 Elias,
3604 2748 3695 2817 qui

2120 2828 2510 2900 interpretatur
2542 2828 2683 2886 Deus
2732 2832 3021 2898 Dominus,
3061 2834 3174 2890 sive
3230 2834 3371 2890 Deus
3406 2854 3571 2904 meus,
3604 2842 3699 2891 aut

2112 2921 2265 2991 fortis
2296 2922 2458 2988 Deus,
2513 2922 2800 2995 signiﬁcat,
2844 2925 2945 2979 nisi
2975 2924 3252 2980 Christum
3284 2926 3567 2982 Dominum
3598 2944 3696 2982 no-

2111 3023 2306 3080 strum,
2336 3016 2402 3070 de
2428 3031 2537 3085 quo
2566 3017 2827 3087 scriptum
2875 3025 2958 3072 est
2983 3035 2996 3071 :
3045 3035 3063 3068 ι
3094 3012 3352 3073 Dominus
3376 3017 3556 3084 fortis,
3589 3019 3695 3074 Do-

2112 3108 2293 3163 minus
2317 3118 2508 3179 potens
2529 3109 2582 3163 in
2596 3109 2781 3178 prmlio
2810 3104 2983 3181 (Psal.
3012 3109 3215 3182 mu)?
3238 3103 3597 3167 Absconditus
3613 3122 3698 3167 est

2115 3197 2263 3252 Elias
2309 3203 2496 3253 noster
2539 3198 2592 3252 in
2654 3208 2893 3253 torrente
2928 3193 3137 3266 Carith,
3175 3196 3266 3270 qui
3303 3201 3693 3270 interpretatur

2113 3283 2312 3352 calvus,
2336 3293 2390 3341 et
2416 3282 2488 3341 ibi
2519 3287 2585 3341 de
2613 3294 2849 3342 torrente
2875 3287 3037 3354 bibit,‘
3051 3304 3174 3343 cum
3196 3283 3250 3343 in
3274 3288 3523 3344 calvaria:
3552 3288 3692 3353 loco,

2114 3366 2204 3428 ubi
2255 3374 2570 3430 absc0ndita
2622 3386 2705 3432 est
2764 3377 2934 3431 virtus
2964 3370 3152 3449 glorim
3180 3377 3317 3448 ejus,
3358 3380 3423 3435 de
3453 3388 3692 3436 torrente

2114 3462 2461 3520 mortalitatis
2501 3475 2702 3521 nostrae
2758 3469 3014 3539 gustavit.
3074 3468 3235 3524 Corvi
3286 3480 3465 3526 autem
3496 3487 3689 3541 pasce-

2112 3553 2243 3608 bant
2272 3555 2467 3622 Eliam,
2508 3558 2811 3614 deferentes
2836 3561 2883 3615 ei
2935 3577 3131 3632 panem
3181 3571 3237 3617 et
3261 3579 3454 3621 carnes
3510 3581 3689 3631 mane,

2112 3660 2306 3714 panem
2355 3658 2411 3702 et
2437 3662 2628 3705 carnes
2677 3665 2921 3720 vespere,
2954 3665 3076 3706 cum
3102 3653 3378 3723 gentilitas
3405 3653 3472 3709 de
3504 3655 3687 3726 nigre-

2113 3734 2240 3791 dine
2263 3748 2614 3807 peccatorum
2644 3742 2865 3796 veniens
2892 3741 3108 3798 Christo
3162 3744 3410 3810 Domino,
3462 3745 3693 3802 salutem

2112 3839 2354 3884 nostram
2388 3831 2610 3896 sitienti,
2641 3846 2837 3903 panem
2889 3833 3011 3888 ﬁdei
3043 3844 3098 3889 et
3140 3849 3288 3905 spem
3335 3838 3691 3892 resurrectio-

2112 3920 2218 3988 nis,
2249 3935 2347 3990 per
2382 3923 2611 3992 gratiam
2650 3923 2767 3992 ejus
2796 3925 3115 3991 illuminata,
3154 3923 3330 3992 offert,
3363 3942 3520 3982 mane
3549 3928 3695 3983 vide-

2114 4010 2241 4066 licet
2277 4013 2678 4082 prtedicationis
2727 4013 3102 4085 Evangelicae;
3135 4025 3189 4070 et
3214 4016 3365 4082 item,
3415 4032 3610 4087 panem
3638 4027 3696 4073 et

2112 4118 2305 4158 carnes
2334 4118 2557 4175 vespere
2579 4104 2829 4160 similiter
2874 4100 3050 4161 defert
3095 4122 3216 4162 cum
3252 4110 3499 4163 eamdem
3530 4109 3689 4163 ﬁdem

2112 4210 2283 4264 usque
2338 4196 2405 4250 ad
2470 4194 2630 4250 ﬁnem
2690 4198 2875 4252 mundi
2930 4214 3155 4255 servans
3209 4200 3691 4275 incontaminatam

2111 4302 2233 4342 cum
2264 4287 2442 4341 carnis
2467 4287 2865 4343 resurrectione
2888 4290 3124 4345 venienti
3154 4287 3328 4346 Judici
3372 4304 3685 4361 prmsentat.

2110 4378 2238 4434 Post
2260 4378 2374 4434 dies
2406 4388 2584 4433 autem
2615 4378 2851 4434 siccatus
2879 4390 2963 4434 est
2995 4391 3225 4447 torrens,
3256 4384 3405 4452 quia,
3430 4399 3682 4438 consum—

422 4474 678 4538 summa,
706 4489 811 4543 qua
835 4476 1073 4530 imbutus
1100 4484 1204 4541 εει,
1234 4477 1518 4546 ρηροηῑι,
1546 4478 1698 4546 quasi
1725 4478 1790 4531 de
1819 4475 2005 4531 Βειιιει
2032 4502 2084 4563 D
2114 4477 2258 4520 male
2293 4480 2454 4521 cursu
2489 4469 2773 4535 przesentis
2809 4469 3011 4529 saeculi,
3048 4485 3066 4517 ι
3107 4470 3360 4563 absorpta
3401 4485 3567 4563 mors~
3595 4484 3690 4538 pe-

421 4566 727 4635 egrediens,
764 4566 950 4622 ruinas
975 4562 1195 4623 Jericbo
1218 4570 1524 4634 resuscitat,
1551 4564 1851 4638 meritoque.
1880 4568 2001 4621 talis

421 4671 607 4711 coram
653 4657 879 4712 Domino
920 4658 1254 4725 maledictus,
1304 4671 1359 4715 et
1401 4660 1635 4729 primum
1688 4660 1919 4717 ﬁliorum
1946 4659 1999 4712 in

421 4746 733 4803 fundatiouc
762 4746 981 4805 nefariae
1014 4753 1272 4817 civitatis,
1305 4763 1359 4809 et
1394 4754 1744 4809 novissimum
1778 4755 1832 4808 in
1869 4768 1996 4823 por-

422 4848 599 4893 tarum
641 4841 931 4910 positione,
962 4844 1189 4910 amittit,
1235 4845 1362 4913 quia
1417 4844 1766 4905 fundamenta
1792 4844 1936 4909 ﬁdei,
1968 4860 2001 4897 a

418 4926 618 4996 quibus
672 4929 811 4983 bona
866 4929 1092 4985 aediﬁcia
1140 4933 1419 4998 inchoari,
1467 4944 1521 4990 et
1569 4934 1803 4991 claustra
1860 4937 1998 4991 bona

421 5017 674 5083 actionis,
712 5020 908 5089 quibus
935 5020 1119 5091 perﬁci
1149 5023 1466 5091 debuerant,
1487 5026 1683 5095 perdit.

1010 5134 1236 5191 CAPUT
1271 5135 1407 5191 XVI.

421 5222 958 5297 ΗεΑ-Ειξαίτιιεδὺὲᾐιος
1003 5230 1262 5297 quomodo
1311 5230 1620 5284 absconsum
1674 5231 1727 5282 in
1775 5240 2002 5285 torrente

494 5293 675 5348 (Σανὶιὴ
702 5295 981 5370 pascebant
1007 5293 1126 5370 eum
1158 5300 1319 5361 corvi,
1356 5301 1645 5366 deierantes
1670 5301 1717 5353 εἰ
1734 5318 1919 5370 panem
1950 5310 1999 5354 et

493 5380 675 5417 carnes
700 5380 871 5431 mane,
899 5367 1140 5421 similiter
1172 5385 1357 5437 panem
1396 5380 1442 5423 el
1474 5385 1656 5423 carnes
1682 5367 1906 5440 vespere.

492 5476 644 5543 (Car.
677 5479 833 5549 xvn.)
862 5500 880 5531 ι
916 5480 981 5536 Et
1021 5481 1160 5537 dixit
1209 5483 1355 5539 Elius
1380 5485 1422 5538 Τ
1426 5486 1665 5541 heshites
1690 5488 1757 5542 de
1785 5487 1998 5543 habita-

425 5585 449 5619 ο
492 5571 698 5626 toribus
729 5566 932 5628 Galaad
974 5575 1042 5628 ad
1094 5576 1282 5630 Achab
1313 5594 1325 5630 :
1358 5576 1505 5630 Vivit
1548 5577 1807 5635 Dominus
1864 5581 2003 5635 Deus

425 5681 447 5711 σ
491 5656 675 5727 Israel,
702 5663 755 5718 in
784 5665 941 5734 cujus
970 5676 1261 5736 conspectu
1290 5677 1395 5733 sto,
1441 5670 1487 5722 si
1547 5668 1710 5723 fuerit
1735 5672 1889 5725 annis
1918 5672 2003 5725 his

426 5769 449 5803 ι
491 5761 663 5808 roset
695 5752 899 5823 pluvia,
950 5757 1052 5812 nisi
1095 5755 1248 5825 juxta
1300 5756 1412 5813 oris
1461 5760 1566 5814 mei
1620 5760 1804 5825 verba,
1837 5772 1940 5815 είς.
1978 5779 1997 5812 ι

2114 4561 2204 4621 rit,
2232 4574 2405 4627 neque
2427 4559 2627 4622 luctus,
2653 4574 2826 4628 neque
2854 4559 3072 4623 clamor,
3095 4554 3220 4629 quia
3248 4563 3418 4630 prima
3438 4556 3691 4615 abierunt

2114 4650 2161 4718 (I
2198 4650 2322 4705 Cor.
2369 4667 2470 4718 sv;
2502 4650 2665 4719 Apoc.
2707 4650 2842 4720 xxx).
2890 4672 2907 4703 ι

2668 4769 2895 4823 CAPUT
2933 4767 3090 4821 XVII.

2110 4883 2536 4956 DeSarephtaua
2563 4886 2718 4937 vidua
2742 4902 2861 4952 quae
2889 4886 3137 4950 pascebat
3172 4886 3499 4955 prop/retain,
3534 4883 3703 4956 ιη]ηέ

2176 4955 2370 5022 farina
2402 4963 2450 5007 et
2478 4956 2588 5008 oleo
2630 4957 2692 5008 ob
2724 4956 2818 5009 hoc
2865 4959 3128 5010 benedixit
3167 4958 3457 5021 Dominus;
3526 4955 3691 5011 etde

2175 5024 2538 5093 ﬁliomulieris
2572 5026 2984 5095 matrisfamiliw
3025 5044 3177 5096 quem
3208 5029 3488 5082 suscitavit
3512 5029 3687 5083 Elius.

2112 5168 2123 5175 κ
2181 5136 2199 5168 ι
2242 5106 2437 5173 Factus
2468 5130 2548 5171 est
2583 5118 2745 5185 igitur
2771 5126 2950 5172 Scinio
2969 5118 3178 5175 Domini
3211 5120 3277 5174 ad
3310 5137 3432 5177 eum
3458 5122 3642 5176 dicens
3672 5139 3689 5174 :

2112 5226 2131 5258 ί
2158 5206 2331 5277 Surge
2361 5218 2412 5262 et
2439 5207 2571 5259 vade
2614 5209 2665 5258 in
2710 5207 2976 5276 Sarephta
3004 5207 3379 5273 Sidoniorum,
3413 5218 3470 5263 et
3498 5222 3656 5263 mane

2112 5319 2130 5353 ι
2162 5300 2244 5355 his
2277 5300 2349 5353 ibi
2379 5316 2393 5364 ;
2435 5300 2663 5368 pra-cepi
2699 5301 2842 5353 enim
2875 5300 2945 5353 ibi
2989 5301 3199 5356 mulieri
3231 5302 3401 5355 vidua:
3427 5309 3485 5355 ut
3503 5311 3686 5367 pascat

2109 5412 2129 5446 ‹
2167 5403 2238 5455 te.
2276 5404 2384 5451 etc.
2417 5412 2434 5445 ι
2484 5396 2594 5461 (Ea:
2653 5393 2854 5459 Beda.)
2910 5395 3142 5449 Mittitur
3174 5397 3320 5451 Elias
3381 5395 3688 5465 pascendae

2104 5487 2171 5542 ad
2201 5484 2565 5556 alienigenam
2604 5486 2840 5541 viduam.
2879 5486 3003 5542 llaec
3055 5489 3219 5555 igitur
3250 5490 3408 5542 vidua
3441 5485 3683 5555 gentium

2104 5581 2357 5651 designat
2378 5577 2702 5642 Ecclesiam,
2750 5596 2896 5651 quae,
2936 5596 2967 5634 a
3002 5596 3101 5636 suo
3128 5580 3365 5648 [diutius
3397 5577 3685 5632 conditore

2102 5673 2338 5740 deserta,
2367 5673 2623 5740 populum
2649 5672 2772 5726 ﬁdei
2804 5689 2943 5727 Vcl‘iB
2974 5682 3030 5728 et
3056 5681 3201 5726 recte
3232 5670 3498 5735 nescium,
3528 5673 3682 5741 quasi

2102 5779 2400 5835 pauperem
2419 5764 2611 5829 lilium,
2629 5776 2798 5832 egena
2823 5765 2960 5834 stipe
2995 5762 3288 5827 nutriebat,
3320 5761 3375 5819 id
3399 5771 3506 5828 est,
3532 5760 3682 5818 verbi
