3912 6160
188 308 294 367 207

861 301 922 356 B.
966 299 1212 355 liABAIv'l
1253 295 1472 354 MAURi
1513 293 1832 350 ARCIIIEP.
1874 294 2181 352 MOGUNT.
2216 293 2500 351 OPERUM
2539 294 2719 351 PARS
2758 294 2799 352 Ι.

3335 290 3445 348 208

182 428 364 481 fructu
412 425 690 491 expertem
743 416 989 481 docebat,
1043 415 1215 468 dcnec
1262 411 1554 465 adveniens
1583 424 1764 464 sermo
1792 413 1845 471 Α
1870 418 1981 475 tur,
2013 408 2165 478 quasi
2193 409 2305 478 ipse
2333 418 2477 463 esset
2514 425 2675 464 causa
2720 406 3118 463 interfectionis
3147 407 3329 479 populi
3358 406 3455 463 Ju-

192 514 568 589 prophcticus,
619 510 709 580 qui
745 506 1020 563 exsiccato
1062 504 1259 557 vellere
1283 500 1521 565 lsraelis,
1559 507 1618 553 ut
1646 506 1771 589 pote

183 588 367 665 clausa
389 604 509 662 εαξη
535 603 702 673 janua
728 597 877 671 (Iud.
901 596 997 669 γι),
1028 594 1168 648 fame
1192 590 1663 664 periclitabaturin
1682 588 1773 643 Ju-

181 700 320 763 drea,
372 699 694 766 pasceretur
720 688 793 742 ibi
848 684 1007 741 simul
1048 692 1104 738 et
1142 690 1418 753 pasceret,
1446 690 1501 735 et
1526 689 1774 750 receptus

185 787 435 842 videlicet
463 800 489 836 a
520 778 884 838 credentibus,
924 784 979 830 et
1009 775 1262 830 reficiens
1304 772 1418 842 ipse
1463 771 1768 826 credentes.

191 876 344 933 Unde
374 875 511 928 bene
562 873 677 926 ιιςῐεε
712 868 900 923 eadem
930 865 1091 920 vidua
1133 865 1187 918 in
1218 862 1484 933 Sarepbta
1536 860 1771 915 Sidonia:

193 967 391 1021 dicitur
416 979 536 1018 esse
572 968 802 1015 morata.
836 956 1060 1012 Sidonia
1086 957 1282 1025 quippe
1311 952 1513 1008 inutilis
1542 952 1767 1017 venatio,

189 1052 453 1125 Sarephta
478 1069 608 1106 vero
635 1050 961 1115 incendium,
990 1047 1073 1103 vel
1107 1047 1351 1117 angustia
1383 1045 1556 1116 panis,
1605 1044 1743 1098 inter

187 1156 447 1220 pretatur.
502 1145 640 1212 Quia
677 1163 694 1193 ι
732 1143 823 1197 ubi
878 1140 1172 1195 abundavit
1223 1145 1528 1208 peccatum,
1580 1150 1770 1205 super-

186 1237 483 1294 abundavit
518 1235 691 1307 gratia
745 1232 925 1305 (Rom.
963 1229 1042 1303 v).
1109 1251 1127 1282 ι
1170 1230 1273 1286 Ubi
1328 1228 1490 1284 rebus
1515 1242 1772 1296 superva-

186 1331 304 1385 cuis
352 1327 699 1398 acquirendis
726 1325 881 1394 quasi
923 1321 1229 1394 aucupandi
1257 1336 1391 1376 cura
1422 1319 1771 1389 impendeba-

191 1436 295 1491 tur,
324 1424 417 1479 ubi
467 1423 600 1477 dirm
629 1421 749 1475 sitis
803 1419 1111 1474 incendium
1162 1416 1423 1487 panisque
1476 1411 1770 1484 spiritualis

188 1525 342 1571 antea
367 1513 528 1568 ﬁebat
553 1511 821 1582 angustia,
864 1510 936 1562 ibi
967 1507 1145 1561 oleum
1176 1506 1458 1573 farinaque
1504 1518 1599 1556 ore
1648 1516 1769 1571 pro-

188 1607 406 1678 phetico
432 1601 792 1659 benedicitur.
833 1618 851 1650 ι
898 1597 1028 1664 Qua:
1051 1596 1268 1652 volebat
1297 1597 1402 1649 duo
1449 1594 1596 1664 ligna
1620 1591 1771 1648 colli-

188 1711 336 1767 gere,
388 1693 705 1764 priusquam
736 1697 1062 1744 moreretur.
1100 1706 1120 1738 ι
1172 1684 1290 1740 Non
1346 1684 1434 1737 hic
1484 1680 1599 1737 solo
1637 1681 1768 1751 ligni

1873 500 2032 553 daici.
2087 498 2224 555 Hinc
2273 508 2356 553 est
2402 501 2542 570 quod
2596 500 2849 571 Caiphas,
2878 501 3196 570 conspirans
3231 502 3296 557 de
3319 517 3457 558 nece

1873 588 2095 650 Christi,
2130 590 2195 643 ad
2224 591 2437 642 turbam
2463 592 2536 644 ait
2566 609 2578 643 :
2620 611 2639 640 ι
2671 590 2900 662 Expedit
2942 591 3087 646 enim
3111 601 3171 646 ut
3195 609 3336 648 unus
3359 595 3456 650 h0-

1873 694 1963 731 mo
1998 679 2262 732 moriatur
2309 696 2407 749 pro
2439 680 2656 750 populo,
2703 690 2759 735 et
2792 697 2896 735 non
2933 689 3045 735 tota
3084 697 3219 753 gens
3242 691 3452 753 pereat.

1876 767 1932 820 Si
1962 768 2285 823 dimittimus
2313 785 2436 823 eum
2473 771 2568 830 sic,
2626 785 2819 833 omnes
2847 771 3073 825 credent
3106 772 3159 826 in
3206 787 3328 827 eum
3353 790 3369 839 ;
3398 784 3457 830 et

1872 856 2092 910 venient
2121 856 2369 922 Romani,
2397 867 2453 912 et
2490 858 2674 913 tollent
2704 869 2946 914 nostrum
2995 860 3173 915 locum
3219 870 3275 916 et
3320 879 3453 933 gen-

1875 954 1981 1000 tem
2021 946 2202 1017 (Joan.
2232 945 2333 1018 χι).
2374 942 2396 1000 ό
2438 946 2546 1003 Sed
2572 950 2711 1004 sicut
2753 952 3016 1021 propheta
3044 952 3143 1006 Dei
3174 953 3353 1008 verbis
3378 954 3458 1008 vi—

1872 1037 1990 1089 duae
2020 1052 2125 1090 non
2162 1045 2534 1106 exasperatus,
2586 1041 2713 1108 quin
2756 1041 2939 1110 potius
2966 1042 3249 1108 misertus,
3279 1043 3355 1098 ait
3388 1044 3458 1099 ad

1871 1139 1991 1178 eam
2020 1143 2032 1178 :
2078 1144 2096 1176 ι
2132 1126 2211 1180 Da
2239 1127 2369 1181 mihi
2403 1128 2570 1182 tilium
2604 1136 2793 1194 tuum;
2830 1130 3057 1200 tulitque
3086 1148 3210 1187 eum
3243 1131 3310 1186 de
3332 1133 3456 1187 sinu

1878 1231 1897 1264 α
1946 1214 2093 1271 illius
2129 1225 2186 1271 et
2210 1219 2447 1286 portavit
2495 1219 2548 1273 in
2591 1220 2928 1275 ctenaculum
2979 1222 3069 1275 ubi
3127 1222 3243 1292 ipse
3272 1239 3457 1278 mane-

1878 1322 1896 1356 ι
1941 1306 2052 1372 bat,
2080 1316 2134 1362 et
2154 1309 2335 1378 posuit
2357 1326 2521 1381 super
2554 1310 2751 1367 lectum
2781 1329 2959 1380 suum,
2991 1323 3046 1369 et
3074 1315 3331 1385 expandit
3376 1331 3450 1378 se,

1879 1415 1897 1446 ι
1958 1407 2123 1468 atque
2171 1414 2391 1455 mensus
2421 1410 2503 1456 est
2550 1418 2713 1474 super
2740 1419 2966 1475 puerum
2999 1405 3174 1461 tribus
3222 1406 3456 1472 vicibus,

1879 1506 1897 1539 ι
1951 1489 2314 1560 clamavitque
2343 1493 2411 1547 ad
2459 1493 2769 1559 Dominum,
2810 1505 2865 1550 et
2897 1497 3010 1550 ait:
3041 1497 3268 1553 Domine
3314 1497 3458 1554 Deus

1878 1597 1897 1630 ς
1945 1596 2117 1647 meus,
2157 1591 2484 1650 revertatur,
2524 1601 2549 1640 ι
2581 1601 2697 1651 oro,
2739 1606 2757 1636 ι
2789 1586 2970 1641 anima
3024 1590 3178 1658 pueri
3210 1587 3371 1658 hujus
3400 1590 3457 1645 in

1881 1690 1901 1724 ι
1953 1675 2162 1729 viscera
2187 1673 2342 1744 ejus;
2385 1696 2404 1728 ›
2439 1676 2515 1730 ita
2543 1685 2598 1732 et
2623 1677 2953 1748 Redemptor
2976 1689 3189 1746 noster,
3225 1696 3334 1736 non
3357 1697 3457 1736 ex-

186 1754 428 1844 nomine,
467 1754 752 1837 sed-etiam
781 1792 1007 1832 numero
1045 1776 1312 1847 lignorum
1344 1773 1561 1844 signum
1587 1771 1768 1826 crucis
1792 1754 1846 1815 ’Β
1874 1778 2159 1836 asperatus
2213 1768 2420 1822 malitia
2472 1767 2801 1836 Iudaeorum,
2842 1772 2937 1825 sed
2988 1772 3243 1828 misertus
3274 1773 3458 1844 populi

187 1875 535 1946 exprimitur,
579 1872 724 1943 quod
775 1870 932 1925 nobis
982 1876 1066 1923 est
1096 1867 1249 1936 panis
1276 1866 1402 1919 vita:
1430 1871 1773 1934 prteparatus

186 1976 424 2022 aeternae.
469 1962 817 2018 Benedicitur
845 1959 1019 2014 farina
1050 1956 1169 2027 ejus
1195 1966 1250 2011 et
1298 1956 1500 2021 oleum,
1535 1955 1639 2011 hoc
1666 1961 1768 2018 est,

192 2054 367 2126 gratia
397 2051 645 2122 corporis
675 2047 964 2112 Dominici,
1019 2054 1076 2100 et
1107 2044 1419 2100 chrismatis
1453 2043 1640 2098 unctio
1662 2042 1775 2097 sive

193 2150 408 2204 fructus
436 2155 491 2202 et
529 2143 778 2200 hilaritas
803 2140 1084 2197 charitatis
1111 2156 1127 2204 ;
1183 2154 1302 2207 qnte
1330 2152 1451 2192 cum
1506 2134 1772 2204 impendi-

195 2251 306 2304 tur,
342 2254 447 2295 non
481 2234 744 2293 defecisse
771 2233 987 2288 dicitur.
1022 2248 1040 2280 ι
1075 2228 1314 2283 Hilarem
1360 2226 1503 2280 enim
1530 2224 1775 2279 datorem

195 2329 367 2400 diligit
413 2327 556 2382 Deus
604 2323 689 2397 (ΙΙ
714 2322 837 2377 Cor.
861 2321 960 2392 ιχ).
1001 2341 1019 2373 ι
1052 2318 1223 2374 Vidua
1253 2325 1432 2371 autem
1462 2316 1586 2382 ista,
1611 2329 1775 2385 quam

198 2418 465 2473 Dominus
500 2431 607 2470 non
652 2410 930 2475 frumenti,
980 2408 1074 2464 sed
1120 2406 1268 2462 verbi
1306 2421 1448 2477 pane
1495 2404 1772 2474 pascebat,

197 2507 387 2563 eadem
414 2506 529 2574 ipsa
555 2511 639 2557 est
665 2501 730 2556 de
760 2515 868 2569 qua
897 2498 1095 2553 dicitur
1124 2495 1179 2549 in
1205 2494 1414 2565 psalmo
1438 2512 1451 2547 :
1487 2511 1505 2544 ι
1540 2491 1771 2547 Viduam

191 2598 309 2668 ejus
343 2594 672 2650 benedicens
690 2589 1009 2644 benedicam
1066 2584 1242 2658 (Psal.
1267 2582 1479 2655 cxxxr),
1515 2603 1534 2635 ι
1566 2590 1621 2637 et
1648 2580 1776 2636 reli-

202 2705 307 2759 qua
341 2684 359 2739 τ’
389 2684 535 2740 illam
570 2682 799 2745 scilicet,
852 2679 919 2733 de
962 2693 1067 2747 qua
1094 2674 1383 2746 Apostolus
1410 2673 1488 2727 ait
1525 2687 1540 2727 :
1581 2690 1600 2723 ι
1634 2671 1778 2725 Mor-

195 2790 288 2834 tuo
337 2775 481 2840 viro,
532 2772 732 2843 quibus
763 2769 907 2823 volet
958 2766 1161 2837 nuptiis
1211 2765 1380 2819 libera
1430 2771 1515 2819 est
1569 2760 1621 2834 (Ι
1649 2759 1773 2815 Cor.

200 2869 321 2941 vn).
360 2888 377 2921 ι
413 2865 573 2935 Quia,
606 2864 887 2918 desinente
916 2861 1053 2931 lege,
1088 2877 1107 2909 σ
1143 2858 1297 2928 cujus
1312 2858 1445 2911 ﬁnis
1492 2863 1578 2910 est
1620 2852 1779 2909 Cbri—

200 2970 316 3016 stus
343 2957 521 3030 (Rom.
553 2954 630 3026 χ),
668 2973 688 3005 ι
719 2951 785 3005 ad
817 2950 1006 3021 gratia:
1037 2949 1345 3002 libertatem
1381 2945 1670 3001 transitum
1693 2941 1777 2997 fa-

194 3051 349 3104 ciens
379 3044 620 3100 Ecclesia
648 3043 714 3096 ad
762 3041 1057 3105 Christum,
1096 3038 1251 3108 quasi
1282 3037 1456 3091 viduae
1484 3034 1637 3106 legis,
1688 3035 1772 3088 in-

1875 1859 2170 1925 credentis,
2201 1859 2324 1914 tulit
2352 1875 2475 1914 eum
2505 1859 2573 1916 de
2613 1862 2736 1916 sinu
2768 1862 2980 1929 matris,
3013 1879 3135 1919 cum
3183 1880 3306 1920 eum
3337 1864 3459 1920 tulit

1874 1950 1942 2006 de
1974 1949 2178 2005 carnali
2206 1950 2550 2005 observantia
2578 1952 2738 2023 legis,
2758 1961 2814 2008 et
2845 1955 3027 2025 posuit
3056 1971 3220 2026 super
3250 1955 3451 2012 lectum

1874 2056 2054 2105 suum,
2107 2041 2211 2097 hoc
2261 2049 2367 2105 est,
2419 2041 2810 2097 demonstravit
2859 2044 2908 2099 ei
2955 2044 3125 2100 vitam
3166 2046 3366 2102 habere
3400 2047 3459 2103 in

1874 2139 2050 2187 morte
2072 2147 2190 2186 sua.
2213 2130 2592 2202 Expanditque
2613 2148 2672 2187 se
2693 2133 2866 2188 tribus
2889 2133 3098 2190 vicibus
3123 2144 3285 2206 atque
3304 2152 3459 2192 men-

1875 2236 1969 2276 sus
1989 2230 2072 2276 est
2092 2236 2256 2292 super
2277 2236 2529 2291 puerum,
2556 2236 2681 2276 cum
2706 2212 2987 2279 Trinitatis
3013 2224 3171 2280 tidem
3195 2224 3292 2292 illi,
3314 2239 3459 2297 prte-

1875 2311 2105 2366 dicando
2129 2320 2185 2365 et
2212 2311 2470 2365 sanitates
2492 2306 2759 2377 faciendo,
2790 2312 3119 2380 insinuabat,
3141 2323 3199 2370 et
3216 2314 3459 2371 clamans

1876 2402 1945 2457 ad
1979 2399 2194 2457 Patrem
2249 2401 2387 2456 dixit
2423 2418 2435 2454 :
2472 2419 2492 2453 ι
2536 2400 2718 2467 Pater,
2769 2402 2992 2478 ignosce
3050 2404 3180 2471 illis,
3207 2406 3332 2476 quia
3358 2421 3458 2462 ne—

1876 2494 2056 2549 sciunt
2079 2495 2207 2565 quid
2231 2494 2436 2550 faciunt
2480 2490 2634 2566 (Luc.
2668 2496 2876 2568 uno.)
2911 2496 2980 2551 Et
3004 2497 3135 2552 item
3169 2516 3183 2552 :
3221 2518 3240 2550 ι
3277 2499 3457 2567 Pater,

1877 2583 2073 2654 inquit,
2098 2582 2333 2639 clariﬁca
2359 2584 2556 2639 Filium
2582 2595 2753 2652 tuum,
2776 2592 2838 2639 ut
2854 2584 3026 2641 Filius
3046 2594 3172 2642 tuus
3199 2586 3461 2644 clariﬁcet

1878 2680 1952 2728 te.
1984 2672 2135 2727 Sicut
2164 2673 2357 2728 dedisti
2388 2674 2437 2728 ei
2464 2683 2788 2744 potestatem
2814 2676 2992 2732 omnis
3019 2677 3223 2743 carnis,
3253 2686 3315 2733 ut
3340 2695 3460 2735 om-

1877 2779 1947 2819 ne
1973 2765 2116 2833 quod
2145 2764 2340 2818 dedisti
2385 2764 2434 2819 ei
2472 2765 2562 2819 det
2595 2766 2673 2820 eis
2702 2765 2872 2820 vitam
2909 2774 3189 2822 aeternam.
3222 2767 3349 2825 Haec
3377 2777 3463 2825 est

1879 2862 2059 2908 autem
2119 2856 2229 2909 vita
2259 2864 2481 2920 aeterna,
2533 2864 2591 2910 ut
2615 2866 2944 2927 cognoscant
2978 2867 3032 2913 te
3067 2858 3243 2913 solum
3290 2860 3461 2915 Deum

1879 2961 2092 3011 verum,
2132 2955 2202 3009 et,
2260 2961 2421 3015 quem
2453 2947 2675 3014 misisti,
2709 2947 2893 3002 Jesum
2922 2947 3220 3004 Christum.
3274 2949 3459 3020 (Joan.

1882 3034 2036 3108 xvu).
2074 3056 2094 3088 ι

195 3139 399 3209 nupsit.
434 3135 605 3206 Hujus
632 3148 778 3189 nunc
800 3133 852 3186 in
892 3104 1049 3187 vasis
1067 3104 1246 3185 ol—eum
1275 3129 1483 3199 gratiae,
1532 3104 1587 3182 et
1612 3127 1776 3181 bene-
1798 3104 1849 3166 Ο
1951 3104 2251 3180 Esauditus
2277 3134 2361 3180 est
2390 3133 2570 3182 autem
2615 3126 2787 3194 Elias,
2825 3146 2842 3178 ι
2900 3136 2956 3183 et
2984 3144 3202 3184 reversa
3233 3139 3319 3186 est
3345 3131 3463 3187 ani-

194 3228 450 3285 dictionis
482 3225 659 3280 farina
690 3238 797 3277 non
844 3220 1063 3286 desinit,
1099 3221 1153 3274 in
1176 3219 1430 3274 omnibus
1460 3216 1576 3272 fere
1600 3215 1776 3287 genti-

197 3323 299 3377 bus
324 3318 467 3373 t'ame
496 3322 771 3379 manente,
820 3326 1052 3382 quarum
1100 3310 1226 3364 vitae.
1262 3308 1520 3372 esuriem,
1553 3314 1610 3361 et
1654 3305 1778 3359 ﬁdei

199 3408 485 3466 Trinitatis
532 3404 767 3460 inediam
827 3415 1065 3471 congrue
1110 3397 1459 3469 pratsignavit
1486 3395 1575 3449 illa
1604 3408 1779 3465 quon-

199 3503 321 3557 dam
355 3495 575 3553 triennii
599 3493 789 3548 fames.

277 3612 295 3643 ι
333 3590 559 3645 Factum
581 3593 666 3640 est
721 3592 901 3637 autem
954 3588 1075 3651 post
1122 3579 1287 3633 verba
1331 3578 1465 3642 haec,
1498 3570 1784 3643 tegrotavit

209 3701 227 3732 ι
275 3680 417 3734 tilius
448 3674 692 3731 mulieris
716 3668 1161 3732 matrisfamilias,
1189 3674 1244 3722 et
1269 3673 1385 3720 erat
1421 3665 1647 3735 languor
1666 3660 1784 3730 ejus

211 3791 230 3824 ι
277 3769 631 3832 fortissimus,
669 3764 744 3818 ita
790 3770 850 3817 ut
885 3775 993 3815 non
1032 3764 1339 3814 remaneret
1368 3757 1421 3810 in
1469 3771 1534 3810 eo
1563 3753 1780 3808 halitus.

212 3882 230 3914 ι
275 3860 423 3916 Dixit
448 3873 578 3928 ergo
607 3855 673 3909 ad
705 3853 877 3909 Eliam
912 3869 925 3904 :
959 3849 1100 3916 Quid
1145 3846 1277 3902 mihi
1300 3853 1355 3901 et
1382 3846 1501 3912 tibi,
1528 3845 1613 3899 vir
1640 3842 1733 3897 Dei
1762 3844 1787 3896 ?

208 3973 227 4003 ι
274 3951 626 4023 Ingressusne
651 3960 710 4000 es
739 3944 806 3998 ad
833 3957 920 3997 me
956 3949 1014 3995 ut
1061 3945 1495 3995 rememorentur
1525 3935 1787 4005 iniquita-

212 4064 229 4093 ι
280 4051 360 4096 tes
392 4054 542 4104 meae,
577 4046 633 4091 et
668 4033 1005 4091 interﬁceres
1057 4031 1225 4085 tilium
1262 4028 1488 4084 meum?
1518 4026 1585 4080 Et
1618 4028 1694 4080 ait
1719 4025 1787 4080 ad

211 4151 229 4182 ι
277 4146 397 4186 eam
432 4147 445 4182 :
476 4127 553 4181 Da
583 4126 715 4180 mihi
768 4123 938 4178 ﬁlium
966 4131 1137 4176 tuum.
1173 4120 1426 4189 Tulitque
1466 4133 1589 4172 eum
1618 4116 1682 4171 de
1709 4117 1785 4171 si-

212 4239 231 4270 c
276 4236 348 4273 nu
377 4217 542 4283 illius,
573 4225 629 4269 et
648 4213 888 4285 portavit
920 4213 977 4266 in
1037 4210 1377 4267 cmnaculum
1407 4208 1496 4264 ubi
1528 4209 1641 4279 ipse
1670 4224 1785 4263 ma-

1879 3228 1965 3268 ma
1980 3214 2134 3284 pueri
2153 3214 2293 3269 intra
2320 3230 2463 3281 cum,
2488 3224 2543 3270 et
2558 3218 2772 3271 revixit.
2800 3216 3051 3287 Tulitque
3083 3219 3235 3274 illum
3255 3228 3309 3274 et
3336 3221 3463 3276 red-

1880 3304 2015 3358 didit
2065 3304 2227 3358 matri
2279 3319 2412 3371 saat,
2440 3322 2473 3357 ι)
2508 3321 2629 3359 cum
2662 3306 2926 3361 Dominus
2966 3316 3154 3363 uoster
3204 3309 3464 3379 populum

1882 3395 2098 3451 salvans
2147 3399 2480 3462 credentem,
2537 3412 2692 3468 signa
2723 3405 2778 3452 et
2831 3399 3091 3454 miracula
3143 3400 3466 3456 ostendebat

1882 3486 2198 3551 incredulis,
2231 3498 2290 3542 ut
2319 3496 2707 3560 cOgnosccrent
2748 3492 3018 3546 veraciter
3074 3491 3226 3546 illum
3256 3492 3462 3559 vivere,

1882 3581 1975 3652 qui
2030 3581 2205 3636 credit
2252 3582 2305 3635 in
2335 3582 2553 3636 nomine
2598 3580 2733 3651 ejus.
2768 3582 2835 3637 Et
2864 3584 2943 3639 sic
2968 3585 3182 3639 eveniet
3211 3593 3269 3639 ut
3298 3585 3463 3641 verba

1883 3669 2127 3725 mulieris
2154 3670 2474 3726 admirantis
2493 3671 2561 3727 de
2583 3673 2841 3727 suscitato
2868 3689 3036 3743 puero
3063 3675 3213 3745 plebs
3241 3674 3466 3732 Judaica

1883 3764 2110 3818 veritate
2136 3771 2385 3834 superata
2425 3765 2724 3836 proclamet
2766 3766 2834 3820 ad
2863 3765 3160 3831 Christum,
3194 3777 3249 3823 et
3274 3767 3420 3823 dicat
3448 3786 3464 3823 :

1889 3871 1909 3905 ί
1945 3853 2100 3910 Nunc
2150 3855 2204 3908 in
2250 3856 2355 3910 isto
2397 3856 2648 3927 cognovi,
2699 3857 2958 3926 quoniam
2978 3857 3064 3913 vir
3092 3856 3274 3915 Deies
3302 3841 3379 3924 tu,
3407 3868 3467 3915 et

1887 3946 2112 4002 verbum
2143 3944 2355 4001 Domini
2387 3946 2440 4000 in
2476 3962 2572 4002 ore
2599 3954 2690 4002 tuo
2715 3962 2906 4002 verum
2928 3956 3032 4004 est.
3057 3967 3076 4000 ι

2459 4080 2687 4137 CAPUT
2712 4080 2896 4138 XVIII.

1887 4169 1966 4224 De
2001 4170 2381 4244 disceptatione
2434 4171 2571 4244 Elite
2615 4183 2799 4227 contra
2835 4175 3117 4244 prophetas
3171 4175 3373 4242 Achab,
3412 4185 3469 4231 et

1958 4240 2218 4311 quomodo
2262 4242 2583 4296 immolando
2615 4240 2896 4298 ostenderit
2932 4240 3102 4300 Deum
3150 4262 3325 4301 verum
3355 4240 3470 4302 esse

208 4328 226 4361 ι
271 4310 454 4375 nebat,
504 4316 560 4363 et
611 4305 792 4375 posuit
832 4319 994 4374 super
1051 4303 1250 4358 lectum
1278 4316 1459 4367 suum,
1500 4309 1605 4356 etc.
1643 4321 1661 4352 ι
1690 4300 1788 4355 Hic
1837 4327 1877 4359 χ
1960 4300 2128 4387 Deum
2159 4310 2351 4387 Israel,
2386 4311 2527 4387 idola
2542 4324 2733 4387 autem
2758 4313 2921 4387 falsos
2948 4316 3072 4369 deos
3113 4332 3243 4387 quos
3267 4300 3467 4371 caleant

203 4412 355 4460 actus
408 4401 539 4457 Elia:
590 4400 655 4454 de
703 4397 968 4454 suscitato
1022 4404 1237 4450 mortuo
1273 4393 1383 4450 tilio
1408 4394 1600 4459 viduae,
1638 4392 1781 4463 apud

202 4510 365 4567 quam
402 4492 799 4564 hospitabatur,
855 4497 907 4545 et
968 4486 1123 4556 cujus
1178 4486 1454 4542 benedixit
1498 4484 1689 4540 farinae
1727 4494 1782 4541 et

202 4591 345 4651 oleo.
376 4584 514 4646 béne
538 4590 795 4660 exprimit
818 4595 1001 4642 actum
1026 4587 1401 4657 Redemptoris
1421 4587 1591 4642 nostri
1616 4587 1669 4641 in
1696 4601 1783 4641 re-

199 4680 555 4735 suscitatione
606 4676 790 4747 populi
820 4676 886 4729 ad
920 4674 1079 4730 fidem
1130 4676 1401 4731 conversi.
1459 4674 1591 4743 Quae
1637 4676 1780 4730 enim

207 4772 324 4826 haec
353 4770 514 4825 vidua
562 4767 755 4822 melius
785 4765 1007 4836 intelligi
1058 4774 1255 4836 potest,
1292 4781 1454 4835 quam
1493 4764 1783 4837 Synagoga

199 4860 534 4925 Judaorum,
565 4872 707 4928 quae,
763 4856 934 4927 Moysi
989 4864 1163 4911 morte
1199 4856 1436 4921 viduata,
1475 4854 1641 4910 ﬁlium
1687 4872 1785 4910 nu-

206 4948 405 5002 triebat
433 4946 736 5018 parvulum,
786 4948 888 5001 hoc
918 4955 1021 5013 est,
1062 4946 1317 5017 populum
1367 4946 1638 5001 carnalem
1682 4944 1782 5001 Ju-

204 5037 478 5093 dmorum?
524 5036 622 5092 ilic
651 5052 779 5108 ergo
806 5036 874 5090 ad
899 5038 1203 5108 ingressum
1236 5037 1387 5101 Elim,
1410 5036 1514 5092 hoc
1539 5028 1785 5103 est,‘Sal-

203 5126 408 5184 vatoris
436 5126 608 5182 nostri
644 5127 1042 5193 intirmabatur,
1068 5127 1193 5196 quia
1234 5127 1289 5180 in
1320 5141 1385 5181 eo
1414 5142 1522 5183 non
1552 5127 1779 5186 credeti-

204 5219 296 5284 do,
327 5218 422 5272 sed
445 5218 749 5288 Spernendo
778 5217 959 5272 valida
989 5216 1138 5272 febre
1186 5209 1516 5273 infidelitatis
1544 5226 1778 5288 aagrota-
1797 5206 1811 5223 “

211 5310 302 5365 vit.
342 5308 496 5365 Unde
524 5317 579 5364 et
613 5318 786 5363 mater
813 5309 930 5379 ipsa
986 5306 1333 5376 congruendo
1364 5308 1429 5362 de
1472 5302 1813 5365 infirmitate‘

208 5399 367 5469 pueri
398 5398 465 5453 ad
484 5400 817 5470 prophetam
843 5397 974 5453 dicit
1003 5411 1018 5449 :
1057 5416 1075 5447 ι
1129 5395 1268 5463 Quid
1315 5399 1446 5452 mihi
1467 5406 1521 5453 et
1550 5399 1668 5466 tibi,
1701 5402 1783 5454 vir

206 5488 346 5544 Dei?
379 5491 727 5562 lngressusne
757 5507 818 5547 es
848 5491 915 5545 ad
942 5504 1028 5545 me
1053 5499 1114 5544 ut
1140 5502 1569 5547 rememorentur
1590 5493 1787 5565 iniqui-

210 5588 349 5636 tates
371 5598 502 5638 meze
527 5592 583 5638 et
612 5582 942 5638 interflceres
978 5581 1145 5636 tilium
1172 5584 1396 5637 meum?
1435 5603 1453 5636 ι
1488 5600 1609 5640 cum
1638 5586 1780 5658 Syn-

207 5686 375 5744 agoga
412 5675 718 5731 Iudaeorum
769 5675 835 5730 de
880 5674 1110 5730 adventu
1152 5674 1446 5731 Salvatoris
1500 5680 1786 5748 conqueri-

1807 4446 1860 4506 D

1962 4381 2160 4434 Achab.
2203 4382 2271 4434 Et
2314 4382 2379 4435 de
2412 4382 2588 4452 pluvia
2618 4381 2777 4452 quant
2804 4385 3100 4454 impetravit
3125 4381 3301 4440 Elius.

1963 4492 2113 4564 (CAP.
2154 4492 2335 4567 xvm.)
2373 4513 2391 4545 ‹
2448 4493 2579 4550 Post
2608 4494 2723 4550 dies
2769 4495 2966 4551 multos
3004 4499 3225 4552 verbum
3254 4496 3471 4553 Domini

1897 4604 1914 4633 ι
1964 4584 2165 4639 factum
2193 4594 2278 4641 est
2300 4586 2366 4641 ad
2396 4584 2569 4640 Eliam
2612 4588 2667 4641 in
2695 4603 2838 4643 anno
2864 4587 3027 4642 tertio
3055 4589 3240 4643 dicens
3269 4607 3284 4643 :
3320 4587 3470 4644 Vade

1897 4695 1914 4726 ι
1959 4684 2014 4730 et
2039 4676 2264 4731 ostende
2295 4685 2348 4733 te
2393 4677 2604 4744 Achab,
2648 4687 2707 4732 ut
2735 4676 2856 4732 dem
2913 4679 3149 4749 pluviam
3203 4694 3365 4750 super
3389 4679 3472 4735 fa-

1897 4784 1914 4815 (
1962 4766 2101 4821 ciem
2162 4775 2339 4821 terraz.
2400 4765 2503 4821 lvit
2544 4782 2674 4839 ergo
2722 4767 2890 4835 Elias,
2945 4777 3004 4821 ut
3055 4770 3364 4825 ostenderet
3412 4784 3473 4826 se

1898 4877 1916 4907 ‹
1962 4857 2169 4923 Achab,
2197 4866 2303 4913 etc.
2340 4879 2358 4910 ι
2415 4858 2568 4925 Quod
2593 4867 2775 4915 autem
2808 4860 2951 4917 Elias
2978 4877 3313 4933 congregans
3343 4862 3472 4918 uni-

1891 4964 2107 5003 versum
2150 4949 2334 5012 lsrael,
2386 4958 2572 5004 contra
2609 4951 2902 5020 prophetas
2944 4951 3073 5005 Baal
3109 4952 3469 5022 disceptabat,

1892 5039 2105 5109 illisque
2136 5039 2339 5111 frustra
2364 5040 2681 5107 nitentibus,
2712 5042 2828 5113 ipse
2874 5042 3046 5098 altare
3071 5042 3283 5098 Domini
3306 5059 3470 5099 cura-

1892 5128 1968 5182 vit
2001 5129 2142 5198 quod
2167 5127 2504 5184 destructum
2538 5130 2736 5198 fuerat,
2788 5142 2844 5186 et
2875 5131 2995 5185 tulit
3023 5133 3306 5189 duodecim
3332 5132 3470 5202 lapi-

1889 5220 1983 5274 des
2014 5218 2167 5287 juxta
2192 5235 2475 5275 numerum
2518 5222 2756 5276 tribuum
2782 5220 3015 5275 ﬁliorum
3042 5219 3233 5288 Jacob,
3257 5230 3311 5277 et
3333 5221 3471 5277 aedi-

1890 5309 2071 5365 ﬁcavit
2114 5310 2380 5381 lapidibus
2421 5312 2592 5368 altare
2639 5314 2691 5366 in
2720 5313 2939 5368 nomine
2972 5312 3207 5380 Domini,
3235 5311 3472 5385 fecitque

1888 5404 2281 5473 aquaeductum,
2313 5406 2467 5474 quasi
2492 5421 2590 5477 per
2611 5406 2745 5461 duas
2766 5405 3133 5461 aratiunculas
3159 5406 3216 5460 in
3240 5405 3472 5479 circuitu

1890 5496 2075 5551 altaris
2100 5503 2152 5551 et
2180 5496 2482 5565 composuit
2524 5495 2695 5567 ligna,
2748 5497 3037 5568 divisitque
3083 5512 3180 5567 per
3226 5493 3471 5552 membra

1888 5589 2080 5644 bovem
2107 5596 2160 5643 et
2188 5588 2369 5659 posuit
2398 5600 2560 5659 super
2598 5588 2762 5658 ligna,
2796 5597 2852 5642 et
2876 5588 2953 5643 ait
2979 5604 2993 5642 :
3029 5606 3048 5639 ι
3084 5587 3307 5658 lmplete
3330 5601 3467 5656 qua-

1890 5690 2013 5733 tuor
2044 5678 2267 5749 hydrias
2317 5695 2479 5750 aqua,
2533 5689 2587 5735 et
2622 5676 2831 5735 fundite
2870 5693 3033 5750 super
3064 5678 3461 5747 holocaustum,
