3902 6146
216 344 311 401 ιιι

851 335 913 390 Β.
954 330 1205 390 RABANI
1242 328 1460 393 MAURI
1498 328 1818 385 ARCHIEP.
1861 325 2171 386 MOGUNT.
2214 325 2502 385 OPEBUM
2539 323 2720 381 PARS
2758 322 2803 377 Ι.

3353 321 3460 383 2ιὲ

208 464 426 509 rursum
446 447 678 517 quadam
706 459 957 499 mensura
996 442 1257 497 moderati
1282 441 1391 495 sint
1429 455 1527 508 per
1561 437 1787 493 inﬁrmi-
1814 442 1863 498 Α
1890 436 2036 507 quod
2086 436 2152 490 de
2217 433 2745 504 incompreliensibili
2799 432 3097 499 substantia
3143 433 3462 497 aeternitatis

210 553 376 597 tatem
399 538 591 595 suam?
620 537 676 591 in
712 535 816 591 illis
864 533 1155 589 virtutibus
1187 532 1360 595 Elias,
1406 532 1536 601 quid
1585 531 1651 585 de
1673 532 1783 587 Deo

210 636 510 702 acceperat,
567 628 620 681 in
661 627 781 683 istis
827 622 1253 687 inﬁrmitatibus,
1282 622 1411 692 quid
1441 622 1507 676 de
1534 636 1592 677 se
1629 629 1784 692 pote-

214 716 317 784 rat,
351 718 696 790 agnoscebat.
726 716 817 769 illa
849 713 1082 783 potentia
1120 712 1293 766 virtus
1340 710 1461 779 fuit,
1498 712 1603 766 ista
1631 711 1786 765 inﬁr-

216 812 381 866 mitas
419 816 602 863 custos
636 805 869 858 virtutis.
927 804 983 857 In
1009 802 1113 857 illis
1143 803 1437 857 virtutibus
1469 802 1790 857 ostendebat

216 900 346 970 quid
369 903 673 966 acceperat,
699 894 752 946 in
782 893 902 946 istis
931 891 1338 945 inﬁrmitatibus
1376 892 1479 946 hoc
1524 892 1666 963 quod
1695 908 1788 947 ac-

211 1000 428 1063 ceperat
448 988 799 1045 custodiebat.
825 986 882 1040 In
905 983 1179 1039 miraculis
1200 986 1607 1039 monstrabatur
1624 984 1790 1050 Elias,

214 1087 268 1141 iu
302 1078 708 1140 inﬁrmitatibus
746 1080 1083 1135 servabatur.

289 1195 307 1226 ι
352 1176 420 1230 Ει
439 1167 813 1243 θοοέιιηεοιιιε
834 1169 1009 1239 tetigit
1036 1182 1177 1235 eum,
1202 1173 1256 1221 et
1284 1167 1415 1221 dixit
1450 1166 1524 1221 illi
1551 1190 1563 1219 -.
1598 1165 1793 1247 Surge,

220 1285 237 1316 ι
286 1265 522 1320 comede.
548 1262 807 1333 ReSpexit
835 1279 847 1314 :
881 1269 933 1313 et
963 1273 1086 1313 ecce
1128 1259 1194 1312 ad
1219 1267 1381 1329 caput
1409 1273 1563 1311 suum
1610 1258 1793 1311 subci-

222 1377 239 1407 ι
286 1356 521 1412 uericius
547 1355 700 1424 panis
728 1363 781 1407 et
802 1367 896 1404 vas
914 1366 1089 1420 aquae.
1121 1348 1366 1404 Comcdit
1393 1364 1521 1425 ergo
1547 1356 1601 1402 et
1637 1348 1793 1425 bibit,

225 1466 244 1497 ι
292 1453 346 1501 et
373 1423 585 1500 rursum
640 1441 986 1497 obdormivit.
1042 1439 1421 1507 Reversusque
1459 1423 1549 1493 est
1576 1423 1797 1507 angelus

224 1554 242 1589 ι
290 1536 499 1591 Domini
555 1534 811 1599 secundo,
849 1540 905 1586 et
943 1532 1119 1601 tetigit
1176 1520 1619 1599 eum,‘dixitque
1670 1529 1791 1598 illi;

224 1645 242 1677 ι
290 1626 478 1694 Surge,
511 1624 731 1679 comede
760 1641 773 1676 :
806 1622 1026 1689 grandis
1050 1609 1192 1676 enim
1226 1621 1318 1675 tibi
1352 1628 1521 1675 restat
1558 1620 1666 1674 via.
1694 1613 1796 1687 Qui

224 1734 243 1767 ι
286 1732 408 1771 eum
433 1715 775 1777 surrexisset,
806 1713 1041 1768 comedit
1071 1721 1126 1767 et
1152 1712 1305 1777 bibit,
1339 1720 1393 1766 et
1421 1711 1712 1766 ambulavit
1741 1713 1796 1768 in

1890 527 2041 581 audit
2067 543 2080 591 ;
2112 526 2268 595 quasi
2298 527 2442 580 enim
2475 524 2688 578 sibilum
2722 522 2896 577 tenuis
2919 538 3065 577 aurzc
3109 524 3461 605 percipimus,

1889 632 2010 671 cum
2036 631 2283 685 saporem
2310 614 2792 684 incircumscriptm
2841 613 3083 667 Veritatis
3131 614 3466 684 contempla-

1889 706 2038 761 tione
2085 705 2264 768 subita
2301 704 2571 771 subtiliter
2626 706 2994 774 degustamus.
3027 703 3162 757 Tum
3192 720 3321 776 ergo
3366 721 3465 760 ve-

1890 812 2011 850 rum
2042 804 2127 851 est
2151 796 2293 864 quod
2323 794 2435 850 Deo
2475 793 2567 849 illo
2600 794 2991 865 cognoscimus,
3024 810 3147 849 cum
3186 792 3341 862 plene
3370 812 3467 863 nos

1892 893 2095 963 aliquid
2127 893 2191 947 de
2219 891 2310 946 illo
2335 905 2662 962 cognoscere
2685 905 2789 944 non
2823 904 2979 960 posse
3001 889 3284 957 sentimus.
3314 890 3467 957 Unde

1892 981 2029 1036 bene
2059 981 2168 1035 illic
2201 976 2450 1034 subditur
2480 997 2492 1031 :

1971 1089 1989 1121 ‹
2026 1070 2179 1137 Quod
2205 1085 2326 1133 cum
2360 1070 2600 1123 audisset
2622 1068 2788 1133 Elias,
2821 1068 3037 1136 operuit
3070 1069 3274 1122 vultum
3312 1085 3468 1129 suum

1894 1161 2072 1230 pallio,
2114 1169 2168 1214 et
2189 1160 2464 1230 ingressus
2493 1159 2641 1217 stetit
2686 1159 2739 1212 in
2789 1158 2929 1213 ostio
2964 1158 3249 1228 speluncze.
3290 1178 3307 1210 ι
3344 1158 3473 1214 Post

1897 1266 2043 1304 aurae
2068 1250 2245 1304 tenuis
2281 1248 2495 1304 sibilum
2535 1248 2740 1302 vultum
2785 1264 2940 1302 suum
3002 1248 3259 1319 propheta
3308 1248 3473 1318 pallio

1896 1341 2129 1417 operuit,
2186 1340 2312 1419 quia
2360 1340 2412 1393 in
2446 1340 2561 1408 ipsa
2622 1338 2971 1393 subtilissima
3020 1337 3474 1407 contemplatione

1896 1435 2144 1490 veritatis
2172 1441 2372 1504 quanta
2400 1431 2704 1502 ignorantia
2736 1431 2899 1487 homo
2930 1438 3162 1500 tegatur,
3205 1430 3471 1498 agnoscit.

1900 1525 2082 1581 Vultui
2106 1538 2338 1594 namque
2373 1522 2595 1592 pallium
2643 1520 3003 1590 superducere
3043 1526 3148 1589 est,
3171 1534 3240 1577 ne
3282 1517 3475 1573 altiora

1899 1631 2052 1683 mens
2086 1628 2328 1685 quairere
2364 1614 2579 1685 audeat,
2615 1611 2757 1665 hanc
2793 1610 3223 1671 consideratione
3244 1609 3478 1687 propria:

1900 1693 2232 1761 inﬁrmitatis
2265 1705 2464 1769 velare,
2496 1711 2559 1757 ut
2585 1718 2926 1779 nequaquam
2956 1700 3323 1773 intelligentia:
3347 1716 3479 1759 οριιτ

226 1823 245 1856 ι
292 1805 604 1861 fortitudine
633 1804 738 1871 cibi
768 1803 907 1857 illius
932 1803 1290 1882 quadraginta
1336 1802 1526 1857 diebus
1576 1812 1631 1856 et
1654 1817 1791 1882 qua-
1828 1798 1874 1857 B
1903 1803 1985 1859 los
2013 1803 2155 1857 ultra
2186 1816 2244 1857 se
2264 1800 2667 1872 praecipitanter
2690 1799 2919 1869 aperiat,
2969 1798 3062 1852 sed
3092 1798 3159 1851 ad
3207 1797 3309 1852 lioc
3333 1796 3477 1867 quod

227 1916 245 1948 ι
292 1896 543 1966 draginta
572 1894 844 1958 noctibus,
873 1908 1045 1963 usque
1097 1880 1165 1947 ad
1199 1901 1434 1948 montem
1468 1894 1563 1948 Dei
1595 1880 1797 1959 ﬂoreb,

228 2004 246 2035 ι
275 1995 381 2040 etc.
406 2005 426 2037 ι
459 1983 600 2050 Quid
627 1997 758 2053 ergo
788 1983 876 2043 hic
900 1983 1047 2037 Elias
1071 1983 1156 2042 bis
1177 1992 1363 2052 pastus
1387 1983 1455 2038 ab
1480 1983 1669 2054 angelo
1708 1998 1804 2039 ex-

220 2076 425 2146 primit,
452 2075 553 2133 nisi
578 2084 785 2133 natura:
814 2083 1016 2129 nostra:
1038 2074 1429 2139 inﬁrmitatem,
1469 2077 1667 2145 quibus
1695 2091 1801 2130 non

223 2164 418 2220 sufﬁcit
443 2166 672 2236 simplex
701 2173 913 2236 pastus,
943 2164 1037 2220 sed
1058 2165 1275 2233 duplex,
1308 2174 1576 2237 quatenus
1607 2166 1675 2221 ad
1707 2182 1803 2221 su-

222 2270 391 2326 perna
415 2248 691 2327 valeamus
717 2256 1013 2325 ascendere
1029 2255 1055 2308 ?
1090 2253 1243 2313 Sicut
1289 2256 1434 2311 enim
1465 2270 1662 2326 corpus
1687 2258 1804 2312 sine

223 2350 482 2416 alimento
504 2346 770 2417 corporali
802 2347 1103 2404 subsistere
1152 2348 1361 2417 nequit,
1393 2349 1465 2401 ita
1493 2364 1595 2403 nec
1624 2350 1804 2404 anima

222 2440 408 2494 vivere
460 2446 640 2508 potest
687 2437 808 2493 sine
869 2438 1036 2492 verbo
1085 2436 1202 2491 Dei.
1261 2437 1501 2508 Angelus
1538 2441 1684 2495 enim
1711 2441 1803 2513 qui

225 2531 398 2595 Ellam
430 2530 603 2600 pavit,
648 2543 807 2598 quem
841 2528 1245 2598 congruentius,
1273 2544 1432 2598 quam
1462 2531 1638 2601 ipsum
1660 2548 1807 2587 sum-

226 2623 302 2684 mi
348 2620 558 2690 consilii
607 2619 856 2689 angelum
912 2618 1200 2689 signiﬁcat,
1255 2620 1409 2689 cujus
1454 2636 1554 2699 ope
1601 2630 1709 2676 tam
1750 2623 1805 2676 in

227 2711 492 2784 corporali
529 2724 691 2780 quam
714 2710 879 2781 etiam
922 2711 975 2765 in
1024 2709 1287 2781 spirituali
1317 2721 1507 2766 natura
1552 2713 1805 2769 subsisti-

229 2801 398 2856 mus?
425 2799 736 2855 Ambulavit
791 2802 933 2855 enim
971 2800 1136 2867 Elias,
1163 2810 1447 2873 postquam
1495 2813 1807 2860 surrexerat

229 2911 257 2949 a
287 2907 501 2959 somno,
535 2893 845 2947 comeditet
878 2893 1015 2957 bibit
1069 2894 1122 2946 in
1146 2880 1462 2948 fortitudine
1502 2894 1611 2949 cibi
1666 2894 1808 2952 illius

229 2983 587 3055 quadraginta
614 2983 803 3038 diebus
828 2992 884 3038 et
933 2985 1287 3054 quadraginta
1337 2986 1604 3051 noctibus,
1636 3003 1807 3058 usque

230 3076 297 3131 ad
330 3084 565 3141 montem
598 3073 693 3128 Dei
722 3074 921 3130 ﬂoreb.
961 3075 1052 3141 Sic
1075 3085 1129 3129 et
1159 3091 1258 3130 nos
1280 3077 1406 3130 dum
1432 3078 1637 3132 inertiae
1661 3093 1806 3133 som-

1902 1894 2304 1966 apprehendere
2326 1908 2435 1948 non
2463 1891 2608 1947 valet
2636 1898 2947 1946 reverenter
2966 1889 3199 1945 claudat.
3231 1887 3331 1954 Qui
3363 1889 3480 1959 hate

1903 1988 2034 2059 agit,
2063 1987 2116 2041 in
2163 1986 2433 2057 spelunca:
2471 1984 2613 2052 ostio
2665 1983 2882 2037 stetisse
2939 1980 3283 2035 describitur.
3338 1977 3478 2044 Quid

1902 2092 2135 2147 namque
2165 2076 2420 2147 spelunca
2474 2083 2657 2129 nostra
2679 2082 2784 2137 est,
2831 2072 2935 2126 nisi
2967 2073 3082 2126 hmo
3118 2070 3483 2140 corruptionis

1903 2168 2186 2233 habitatio,
2211 2168 2265 2221 in
2293 2182 2400 2237 qua
2423 2166 2600 2220 adhuc
2629 2179 2697 2219 ex
2720 2171 2986 2217 vetustate
3013 2160 3343 2216 retinemur?
3371 2160 3484 2214 Sed

1904 2276 2027 2316 cum
2058 2258 2260 2329 aliquid
2304 2257 2582 2329 percipere
2611 2256 2678 2310 de
2711 2254 3017 2326 cognitione
3057 2251 3354 2307 divinitatis
3392 2251 3482 2305 in-

1905 2349 2156 2418 cipimus,
2179 2347 2333 2417 quasi
2351 2348 2462 2418 jam
2487 2347 2541 2400 in
2569 2345 2839 2415 speluncae
2869 2351 3066 2398 nostra:
3088 2342 3226 2397 ostio
3250 2349 3480 2396 stamus.

1906 2438 2042 2505 Quia
2068 2439 2225 2492 enim
2241 2436 2493 2508 progredi
2523 2433 2763 2506 perfecte
2812 2449 2920 2496 non
2956 2445 3263 2502 possumus,
3295 2430 3361 2485 ad
3384 2444 3483 2485 οοτ

1905 2528 2203 2598 gnitionem
2233 2536 2414 2581 tamen
2439 2524 2685 2580 veritatis
2735 2522 3029 2598 inhiantes,
3048 2519 3160 2588 iam
3187 2517 3389 2588 aliquid
3415 2518 3482 2573 de

1906 2620 2173 2676 libertatis
2207 2634 2338 2673 aura
2363 2625 2664 2687 captamus.
2696 2617 2753 2672 In
2777 2616 3021 2686 ingressu
3045 2628 3176 2684 ergo
3213 2612 3484 2681 speluncas

1907 2720 2051 2769 stare
2074 2720 2158 2767 est
2188 2726 2435 2780 represso
2475 2718 2672 2765 nostra;
2706 2706 3071 2776 corruptionis
3099 2704 3380 2773 obstaculo
3415 2704 3486 2760 ad

1909 2802 2271 2873 cognitionem
2297 2799 2547 2855 veritatis
2577 2799 2817 2868 incipere
2847 2798 3018 2852 exire.
3049 2794 3204 2851 Unde
3229 2802 3285 2851 et
3313 2795 3487 2863 nubes

1910 2894 1965 2947 in
1994 2891 2340 2947 tabernaculo
2369 2891 2761 2946 descendentes
2817 2888 3074 2943 Israelita:
3119 2902 3150 2942 e
3193 2886 3486 2958 longinquo

1911 2995 2198 3041 cernentes
2272 2984 2325 3038 in
2378 2982 2705 3053 papilionum
2776 2995 2998 3036 suarum
3059 2978 3213 3034 ostiis
3272 2978 3487 3039 stetisse

1913 3084 2283 3131 memorantur
2316 3074 2513 3145 (Exod.
2567 3071 2784 3145 xxxut),
2823 3072 2951 3142 quia
2980 3070 3035 3126 bi
3065 3071 3158 3141 qui
3196 3072 3489 3136 adventum

228 3179 360 3219 num
386 3178 415 3217 a
444 3164 600 3219 nobis
644 3166 967 3230 excutimus,
1000 3181 1224 3220 necesse
1266 3174 1349 3221 est
1371 3176 1430 3220 ut
1460 3167 1642 3221 divino
1667 3167 1806 3223 sola-
1912 3166 2209 3224 divinitatis
2236 3175 2523 3235 utrumque
2551 3165 2909 3243 conspiciunt,
2950 3163 3103 3234 quasi
3141 3164 3254 3234 jam
3289 3178 3354 3218 ex
3385 3164 3485 3219 ba-

232 3256 308 3311 tio
343 3258 659 3323 confortati,
705 3275 892 3341 gressu
948 3260 1213 3325 bonorum
1269 3275 1491 3328 operum
1521 3276 1617 3347 per
1647 3276 1808 3335 omne

232 3353 446 3417 tempus
464 3347 589 3402 vita:
611 3349 892 3416 praesentis
919 3363 1258 3417 summopere
1284 3348 1600 3405 festinemus
1618 3364 1810 3405 ascen-

217 3428 362 3491 ’dere
406 3436 461 3491 in
489 3445 729 3492 montem
764 3439 859 3493 Dei
906 3438 1039 3493 etin
1068 3438 1244 3509 locum
1288 3447 1538 3495 sanctum
1582 3437 1722 3508 ejus,
1749 3448 1810 3507 ut

232 3523 307 3581 ibi
338 3527 578 3597 requiem
602 3527 939 3583 inveniamus
974 3537 1233 3586 aeternam

309 3632 330 3665 ‹
372 3614 615 3701 Cumque
656 3616 887 3708 venisset
928 3617 1072 3683 illuc,
1102 3620 1299 3675 mansit
1342 3620 1395 3675 in
1432 3620 1709 3708 spelunca.
1742 3621 1811 3690 Et

245 3723 264 3755 α
307 3720 433 3770 ecce
483 3721 663 3762 sermo
692 3706 904 3762 Domini
959 3709 1023 3763 ad
1053 3724 1199 3775 eum,
1242 3706 1486 3780 dixitque
1515 3710 1631 3766 illi:
1668 3711 1809 3780 Quid

241 3812 262 3848 ι
306 3797 396 3852 hic
446 3798 584 3867 agis,
634 3797 793 3865 Elia!
837 3797 1018 3869 Atille
1070 3801 1383 3872 respondit:
1430 3802 1557 3859 Zelo
1605 3805 1810 3875 zelatus

243 3907 261 3943 ι
304 3904 424 3946 sum
456 3907 553 3961 pro
576 3890 801 3947 Domino
828 3892 937 3948 Deo
967 3895 1328 3961 exercituum,
1356 3897 1482 3966 quia
1507 3899 1809 3969 derelique-

243 3999 262 4031 α
304 3990 431 4037 runt
455 3990 671 4052 pactum
709 3992 855 4053 tuum
884 3984 978 4039 ﬁlii
1007 3984 1190 4053 lsrael.
1218 3986 1425 4051 Altaria
1470 3997 1560 4044 tua
1592 3990 1809 4047 destru-

245 4091 263 4122 ι
309 4081 525 4138 xerunt,
563 4082 618 4127 et
653 4074 947 4144 prephetas
995 4084 1116 4130 tuos
1153 4076 1474 4145 occiderunt
1526 4079 1722 4151 gladio,
1755 4088 1812 4134 et

250 4181 269 4214 ι
311 4162 600 4219 derelictus
657 4181 775 4219 sum
826 4181 924 4236 ego
977 4167 1140 4233 solus,
1196 4178 1251 4222 et
1290 4180 1538 4239 quaerunt
1575 4174 1810 4227 animam

244 4274 264 4307 ι
311 4270 508 4319 meam,
539 4263 599 4308 ut
641 4256 888 4311 auferant
931 4273 1069 4313 eam.
1106 4259 1171 4312 Et
1200 4261 1315 4314 ait:
1348 4262 1619 4335 Egredere
1647 4273 1701 4317 et
1727 4273 1807 4319 sta

245 4363 265 4395 ε
311 4345 364 4399 in
393 4353 574 4400 monte
597 4359 780 4400 coram
811 4346 1055 4402 Domino.
1091 4348 1159 4403 Et
1185 4364 1312 4405 ecce
1337 4352 1598 4407 Dominus
1630 4362 1809 4424 trans-

244 4453 264 4487 ι
316 4436 408 4501 iet,
435 4443 488 4491 et
528 4437 747 4506 spiritus
776 4440 994 4510 grandis
1019 4448 1073 4494 et
1119 4440 1274 4496 fortis
1312 4445 1630 4498 subvertens
1661 4460 1811 4498 mon-

244 4543 265 4577 ‹
310 4534 405 4589 tes,
450 4535 505 4580 et
532 4537 818 4583 conterens
865 4539 1048 4599 petras
1100 4541 1224 4585 ante
1270 4532 1576 4587 Dominum.
1608 4533 1721 4588 Non
1755 4513 1886 4588 inD

246 4633 266 4666 ‹
310 4617 501 4686 spiritu
556 4618 833 4672 Dominus.
902 4619 967 4672 Et
1029 4628 1151 4688 post
1213 4622 1460 4690 spiritum
1521 4624 1810 4679 commotio

248 4724 267 4756 ι
313 4707 470 4776 ignis.
500 4706 616 4761 Non
653 4708 706 4761 in
736 4708 860 4778 igne
906 4708 1181 4762 Dominus.
1216 4709 1281 4763 Et
1304 4719 1425 4778 post
1480 4712 1654 4783 ignem
1683 4714 1811 4768 sibi-

247 4816 265 4847 ι
313 4798 396 4853 ius
428 4813 571 4853 anne
597 4800 793 4853 tenuis.
823 4800 974 4866 Quod
1002 4814 1123 4853 cum
1149 4801 1390 4855 audisset
1412 4802 1576 4869 Elias,
1602 4806 1812 4874 operuit

249 4908 269 4938 ‹
310 4890 517 4945 vultum
560 4906 716 4946 suum
760 4891 943 4961 pallio,
981 4899 1035 4947 et
1071 4907 1323 4963 egressus
1382 4895 1531 4949 stetit
1572 4896 1628 4949 in
1672 4897 1812 4952 ostio

251 5001 268 5031 ι
311 4982 601 5052 speluncze,
630 4993 737 5038 etc.
774 5003 792 5035 ι
827 4982 933 5055 (Ea:
958 4981 1254 5056 Gregorio.)
1289 4983 1524 5055 Spiritus
1548 4998 1672 5042 ante
1704 4987 1810 5042 Do-

244 5073 450 5127 minum
490 5075 686 5128 evertit
704 5082 935 5142 montes,
962 5081 1017 5128 et
1049 5060 1235 5146 petras
1277 5078 1527 5147 conterit,
1554 5079 1679 5148 quia
1713 5096 1812 5149 pa-

252 5178 369 5230 vor,
422 5165 515 5239 qui
544 5181 611 5221 ex
642 5166 874 5221 adventu
925 5166 1041 5234 ejus
1068 5167 1228 5237 irruit
1252 5176 1306 5222 et
1331 5168 1665 5223 altitudinem
1695 5186 1813 5225 cor-

242 5255 328 5310 dis
359 5256 533 5310 nostri
558 5257 759 5327 dejicit,
788 5241 1084 5327 liquefacit.
1113 5254 1218 5311 Sed
1263 5258 1472 5329 spiritui
1496 5261 1812 5315 commotio-

248 5346 331 5409 nis
353 5352 408 5398 et
435 5345 575 5416 ignis
612 5360 719 5400 non
748 5347 922 5403 inesse
955 5345 1216 5401 Dominus
1259 5341 1492 5414 dicitur;
1526 5365 1645 5415 esse
1685 5366 1811 5415 vero

243 5435 298 5490 iu
327 5434 485 5491 sibilo
518 5450 662 5492 aurze
714 5437 888 5491 tenuis
949 5453 1051 5491 non
1099 5447 1344 5508 negatur,
1376 5441 1503 5507 quia
1553 5440 1807 5495 nimirum

247 5542 402 5587 mens
427 5543 549 5583 cum
580 5528 633 5582 in
659 5529 1128 5598 contemplationis
1176 5529 1506 5583 sublimitate
1536 5532 1818 5600 suspendi-

247 5626 357 5681 tur,
406 5619 664 5689 quidquid
715 5618 952 5690 perfecte
983 5619 1298 5689 conspicere
1345 5621 1620 5690 praavalet,
1674 5622 1818 5680 Deus

247 5721 355 5773 pan
376 5718 476 5776 est.
510 5709 645 5767 Cum
678 5726 805 5767 vero
829 5710 1023 5783 subtile
1047 5710 1249 5795 aliquid
1300 5711 1582 5797 conspicit,
1610 5713 1714 5771 hoc
1736 5724 1820 5772 est

1909 3254 2146 3322 bitaculo
2189 3257 2371 3320 carnis
2399 3257 2719 3327 procedunt.

1984 3368 2003 3399 ι
2033 3346 2171 3407 Ecce
2198 3364 2303 3421 vos
2334 3349 2399 3404 ad
2430 3350 2602 3417 Etiam
2641 3351 2826 3409 dicens
2850 3368 2863 3402 :
2892 3349 3030 3417 Quid
3057 3349 3147 3408 hic
3175 3348 3310 3419 agis,
3338 3348 3489 3402 Elia?

1914 3459 1933 3493 ‹
1979 3446 2034 3505 et
2062 3438 2149 3493 ille
2197 3440 2526 3509 respondens
2559 3440 2671 3499 ait;
2701 3439 2828 3495 Zelo
2858 3439 3067 3493 zelatus
3099 3453 3219 3497 sum
3259 3452 3359 3507 pro
3385 3438 3490 3495 00—.

1912 3549 1935 3583 ι
1976 3530 2124 3584 ιιιίιιο
2147 3528 2257 3585 Deo
2290 3512 2650 3591 exercituum,
2677 3531 2805 3600 quia
2835 3530 3239 3599 dereliquerunt
3270 3540 3490 3598 pactum

1914 3641 1933 3674 ι
1981 3630 2130 3683 tuum
2161 3620 2254 3675 ﬁlii
2276 3620 2478 3687 lsrael:
2511 3621 2701 3681 altaria
2733 3629 2822 3675 tua
2849 3620 3255 3682 destruxerunt,
3284 3627 3341 3674 et
3366 3633 3491 3688 ιιι-ον

1913 3731 1932 3763 ι
1975 3711 2165 3782 pbetas
2204 3720 2325 3765 tuos
2363 3710 2677 3768 occiderunt
2703 3709 2898 3787 gladio,
2942 3716 2997 3764 et
3034 3708 3323 3763 derelictus
3366 3722 3489 3769 sum

1915 3821 1933 3854 ι
1977 3818 2077 3873 ego
2105 3800 2269 3863 solus,
2298 3808 2355 3855 et
2383 3809 2635 3869 quaerunt
2657 3800 2892 3866 animam
2923 3814 3120 3864 meam,
3146 3807 3206 3853 ut
3238 3796 3491 3861 auferant

1916 3913 1935 3947 ι
1979 3909 2161 3964 eam.»
2211 3892 2319 3966 (Ea:
2368 3890 2665 3967 Gregorio.)
2708 3890 2927 3957 Certum
2974 3898 3059 3946 est
3114 3890 3257 3960 quod
3310 3889 3489 3945 cordis

1911 3984 1994 4041 sui
2027 3984 2244 4043 oculum
2289 3998 2386 4054 per
2431 3982 2680 4038 elationis
2733 3983 2984 4049 tenebras
3025 3980 3362 4052 exstinguit,
3393 3979 3488 4050 qui

1910 4093 2032 4132 cum
2072 4084 2221 4131 recta
2267 4076 2379 4144 agit
2418 4074 2783 4141 considerare,
2821 4074 3107 4134 meliorum
3155 4073 3346 4142 merita
3387 4086 3486 4126 ne-

1911 4169 2081 4239 gligit.
2110 4168 2181 4221 At
2210 4175 2400 4223 contra
2435 4181 2632 4239 magno
2680 4166 3001 4231 humilitatis
3037 4166 3189 4221 radio
3235 4165 3487 4234 semetip.

1913 4275 2031 4315 sum
2063 4258 2350 4325 illuminat,
2377 4258 2469 4328 qui
2499 4257 2728 4317 aliorum
2769 4258 2908 4312 bona
2948 4255 3217 4311 subtiliter
3260 4264 3485 4329 pensat,

1912 4350 2039 4419 quia
2069 4350 2195 4404 dum
2242 4363 2305 4403 ea
2336 4363 2457 4417 qua:
2487 4348 2600 4417 ipse
2627 4347 2836 4412 fecerit,
2864 4348 3004 4400 facta
3033 4346 3167 4413 foris
3191 4347 3337 4401 etab
3364 4345 3487 4399 aliis

1913 4439 2198 4508 conspicit,
2230 4454 2352 4494 eum
2403 4439 2494 4508 qui
2524 4439 2589 4493 de
2616 4439 2986 4511 singularitate
3019 4439 3164 4495 intus
3203 4453 3491 4509 erumpere

1912 4533 2105 4587 nititur
2165 4532 2429 4600 superbia:
2480 4540 2689 4587 tumore
2738 4533 2953 4602 premit.
3001 4531 3139 4586 Ilinc
3200 4541 3284 4587 est
3342 4531 3487 4601 quod

1912 4637 2039 4676 vere
2068 4621 2163 4677 Dei
2206 4623 2273 4676 ad
2319 4623 2491 4677 Etiam
2535 4623 2708 4678 solum
2751 4638 2811 4678 se
2850 4624 3208 4678 aestimantem
3248 4623 3486 4691 dicitur;

1919 4733 1936 4765 ι
1966 4713 2177 4782 Reliqui
2207 4713 2339 4767 mihi
2370 4722 2575 4783 septem
2608 4713 2775 4768 millia
2803 4715 3073 4789 virorum,
3099 4714 3191 4789 qui
3225 4728 3334 4772 non
3369 4729 3493 4769 cur-

1914 4812 2175 4858 vaverunt
2212 4818 2385 4873 genua
2415 4813 2543 4859 ante
2569 4803 2719 4870 Baal,
2763 4824 2781 4856 »
2814 4814 2896 4871 ιιι,
2925 4805 3051 4860 dum
3090 4820 3198 4873 non
3227 4806 3398 4861 solum
3430 4820 3491 4861 se

1916 4896 2241 4951 remansisse
2286 4904 2656 4967 cognosceret,
2705 4897 2956 4970 elationis
2998 4898 3255 4975 gloriam,
3296 4913 3403 4967 qua
3439 4898 3493 4953 ei

1917 4987 1984 5042 de
2041 4988 2415 5059 singularitatc
2487 4990 2780 5059 surgebat,
2845 4990 3150 5061 inclinaret.
3218 4989 3491 5059 Propheta

1917 5096 2110 5150 nempe
2138 5091 2274 5151 erat,
2306 5090 2361 5147 et
2386 5097 2527 5151 saepe
2561 5085 2817 5153 mysteria
2847 5100 3079 5155 superna
3122 5095 3488 5156 cognoverat;

1918 5172 2045 5241 quid
2072 5187 2201 5241 ergo
2229 5171 2442 5227 diiiicile
2487 5172 2587 5226 fuit
2627 5189 2921 5245 agnoscere
2952 5175 3007 5229 iu
3040 5176 3144 5231 hoc
3196 5177 3396 5233 mundo
3427 5176 3491 5231 ﬁ-

1919 5263 2111 5329 deliter
2138 5263 2249 5318 Deo
2282 5265 2507 5335 famulos
2552 5266 2911 5321 remansisse?
2958 5265 3064 5322 Sed
3106 5267 3234 5323 hinc
3261 5268 3493 5324 solerter

1918 5352 2234 5406 intuenium
2262 5361 2365 5415 est,
2392 5353 2606 5408 oculum
2637 5356 2815 5409 cordis
2857 5354 3020 5410 elatio
3048 5370 3208 5425 quam
3240 5359 3493 5425 nequiter

1922 5441 2158 5507 claudat,
2186 5443 2402 5512 quando
2426 5444 2516 5510 qui
2549 5444 2767 5499 humilis
2795 5453 2849 5498 et
2873 5445 3087 5511 occulta
3114 5445 3210 5502 Dei
3240 5455 3488 5512 noverat,

1918 5534 2090 5590 elatus
2118 5542 2173 5588 et
2203 5542 2389 5605 aperta
2420 5535 2713 5591 nesciebat.

1995 5645 2013 5677 ι
2046 5625 2114 5680 Et
2137 5625 2213 5679 ait
2244 5626 2497 5681 Dominus
2520 5626 2587 5680 ad
2618 5626 2790 5680 Eliam
2816 5644 2828 5680 :
2866 5627 3010 5682 Vade
3039 5636 3096 5682 et
3129 5638 3404 5685 revertere
3435 5631 3493 5698 in

1926 5735 1944 5769 ι
1988 5717 2128 5771 viam
2159 5724 2305 5771 tuam
2334 5731 2432 5799 per
2459 5716 2733 5772 desertum
2772 5719 3046 5788 Damasci.
3079 5719 3322 5805 Cumque
3358 5738 3487 5805 per,
