3902 6146
260 286 366 343 215

901 278 961 332 Β.
1004 277 1253 332 ΒΔΒΑΝΙ
1295 278 1513 334 MAUH
1550 281 1827 335 AitClllEi

1931 277 2218 335 ilUGlJN'l‘.
2262 276 2544 331 OPERL'i-l
2585 274 2763 331 PARS
2802 273 2842 329 Ι.

3399 278 3507 333 9.16

262 398 404 452 citus
428 393 781 465 malignorum
815 392 1096 461 spirituum
1127 391 1192 444 ad
1225 390 1643 447 subvertendum
1670 409 1834 462 popu-
1862 395 1910 453 A
1938 391 2039 445 sibi
2078 390 2432 445 substantiam
2458 388 2573 457 ejus
2602 400 2657 444 et
2691 389 2829 446 ﬁlios
2859 390 2994 444 tradi
3038 408 3067 445 a
3095 390 3324 447 Domino
3350 408 3515 463 expe-

259 489 372 542 lum
400 485 496 541 Dei
537 483 836 547 contrahit;
868 482 961 537 sed
986 498 1084 552 per
1105 496 1300 551 pueros
1328 482 1629 552 principum
1671 483 1834 538 lsrael

257 578 515 641 vincitur,
562 591 685 630 cum
728 589 825 643 per
858 574 1028 627 bonos
1072 571 1345 626 auditores
1382 582 1691 628 sanctorum
1743 574 1834 628 do-

259 678 492 731 clerum,
536 665 629 734 qui
668 663 809 733 quod
840 676 969 716 aure
1001 660 1246 725 audiunt,
1295 659 1451 715 factis
1497 662 1719 731 implere
1751 662 1832 716 ni-

261 766 468 821 tuntur,
499 755 749 823 antiquus
774 753 944 806 hostis
968 752 1020 804 in
1067 749 1249 821 fugam
1274 752 1521 817 vertitur,
1552 753 1832 823 omnisque

262 864 391 903 suus
434 846 701 901 exercitus
730 860 760 897 a
807 843 1064 897 militibus
1091 841 1290 897 Christi
1320 843 1689 912 proturbatur.
1729 844 1830 911 Qui

260 940 397 994 bene
444 936 659 991 ducenti
706 942 761 988 et
806 930 1025 1004 triginta
1073 933 1177 988 duo
1226 947 1346 987 esse
1398 935 1669 1000 dicuntur,
1703 935 1829 1004 quia

259 1031 313 1084 hi
351 1028 440 1098 qui
468 1027 747 1094 utriusque
776 1023 1104 1079 Testamenti
1143 1024 1424 1078 scientiam
1462 1023 1701 1092 perfecte
1747 1032 1821 1079 te-

258 1128 422 1184 nent,
467 1126 521 1173 et
574 1117 854 1171 Trinitatis
905 1114 1063 1169 ﬁdem
1108 1130 1231 1169 cum
1284 1114 1493 1185 gemina
1545 1115 1829 1181 charitate,

257 1211 351 1265 Dei
385 1208 629 1263 videlicet
669 1214 723 1260 et
760 1205 1018 1276 proximi,
1053 1214 1405 1270 conservant,
1447 1206 1554 1274 apti
1594 1220 1690 1274 per
1717 1221 1831 1260 om-

258 1318 381 1356 nem
435 1301 649 1354 modum
702 1298 906 1353 militiae
953 1297 1146 1351 summi
1198 1297 1360 1368 Regis
1407 1310 1527 1352 esse
1576 1313 1829 1369 compro-

252 1392 472 1445 bantur.

334 1503 350 1532 ι
391 1482 548 1553 Fugit
578 1496 792 1551 quoque
821 1480 1071 1534 Benadad
1113 1494 1207 1534 rex
1247 1477 1419 1551 Syriae
1452 1479 1506 1533 in
1538 1495 1677 1550 equo
1705 1495 1828 1536 cum

264 1595 281 1625 σ
331 1574 632 1643 equitibus;
666 1588 764 1627 nec
794 1587 900 1625 non
935 1586 1184 1642 egressus
1224 1586 1317 1625 rex
1364 1570 1527 1625 Israel
1564 1570 1832 1641 percussit

264 1684 282 1715 ι
330 1680 497 1734 equos
525 1672 579 1717 et
622 1677 833 1728 currus,
864 1670 919 1716 et
959 1661 1229 1731 percussit
1257 1660 1469 1731 Syriam
1522 1660 1677 1732 plaga
1715 1677 1829 1715 ma-

1934 490 2090 545 tcret,
2125 492 2181 535 ut
2205 497 2302 551 per
2331 481 2433 535 hoc
2470 480 2584 549 ejus
2612 482 2851 536 animum
2903 483 3262 549 subverteret,
3306 500 3406 540 nec
3433 494 3513 539 ta-

1933 588 2057 625 men
2088 573 2139 626 in
2187 573 2289 626 hoc
2325 572 2660 642 praivalerct,
2691 573 2758 627 ad
2789 584 3111 639 extremum,
3144 581 3201 627 ut
3232 574 3286 628 in
3336 575 3512 646 ipsum

1931 662 2033 717 sibi
2081 671 2318 733 potestas
2357 663 2578 717 daretur
2619 663 2905 732 postulavit
2957 662 3100 735 (Job.
3139 663 3200 736 ι).
3233 663 3348 731 Quo
3378 681 3513 719 cnn-

1932 769 2107 819 cesso,
2134 754 2286 824 quasi
2315 769 2437 807 mox
2467 754 2639 807 victor
2665 754 2944 818 existeret,
2973 770 3191 809 carnem
3220 755 3335 825 ejus
3358 757 3509 827 gravi

1930 843 2114 898 ulcere
2143 844 2441 898 vulneravit
2469 843 2609 916 (Job.
2636 845 2720 915 ιι).
2754 842 2862 898 Sed
2889 860 2996 915 quo
3036 846 3411 902 vehementius
3444 848 3514 902 de

1928 937 2286 1007 prosperitate
2337 937 2390 990 in
2442 936 2623 991 dolore
2668 952 2792 991 eum
2856 937 3156 1006 depositum
3214 953 3511 1007 perseque-

1930 1027 2107 1091 batur,
2137 1043 2202 1082 eo
2223 1023 2466 1081 'validius
2492 1042 2587 1097 per
2630 1027 2947 1096 patientiam
2996 1027 3165 1098 ipsius
3204 1037 3511 1097 prosterne-

1928 1118 2106 1173 batur.
2137 1119 2204 1172 Et
2248 1118 2414 1172 Paulo
2471 1116 2713 1187 apostolo
2749 1138 2766 1168 ι
2795 1117 2953 1172 datus
2982 1126 3067 1173 est
3110 1117 3359 1172 stimulus
3396 1134 3512 1172 car-

1930 1210 2015 1264 nis
2059 1225 2188 1274 $11113,
2225 1208 2445 1279 angelus
2498 1207 2730 1272 Satanze,
2771 1218 2829 1262 ut
2875 1224 2996 1263 eum
3047 1204 3512 1278 colaphizarctU!

1930 1297 2053 1352 Cor.
2083 1299 2256 1370 XII),)
2302 1306 2569 1369 quatenus
2611 1299 2784 1354 virtus
2829 1298 2882 1352 in
2931 1297 3247 1355 inﬁrmitate
3280 1298 3508 1370 perﬁce-

1930 1396 2105 1443 retur.

2005 1499 2024 1531 ι
2054 1480 2206 1535 Tunc
2234 1480 2316 1533 vir
2348 1479 2567 1548 quidam
2599 1480 2665 1545 de
2697 1479 2821 1535 ﬁliis
2850 1479 3231 1550 prophetarum
3275 1480 3412 1534 dixit
3444 1478 3510 1532 ad

1936 1586 1954 1618 ι
1999 1568 2203 1623 socium
2250 1583 2406 1623 suum
2453 1569 2507 1622 in
2544 1574 2796 1623 sermone
2841 1568 3093 1622 Domini:
3126 1552 3355 1623 Percute
3401 1583 3508 1621 me.

1937 1677 1956 1709 ι
2002 1658 2071 1712 At
2117 1658 2209 1713 ille
2254 1657 2425 1713 noluit
2473 1668 2779 1727 percutere.
2834 1657 2932 1713 Cui
2965 1659 3079 1712 ait:
3110 1656 3246 1724 Quia
3293 1657 3511 1712 noluisti

262 1775 281 1807 ί
326 1773 450 1826 gna,
480 1764 586 1810 etc.
618 1775 636 1806 ι
670 1752 810 1821 Quid
848 1761 931 1807 est
956 1752 1098 1823 quod
1133 1752 1387 1807 Benadad
1419 1767 1513 1806 rex
1546 1751 1735 1823 Syriae,
1774 1753 1828 1806 in
1858 1740 1904 1798 Β
1939 1767 1955 1798 τ
1998 1748 2186 1804 audire
2212 1763 2399 1803 vocem
2440 1748 2672 1814 Domini,
2702 1764 2828 1803 ecce
2859 1749 3078 1803 recedes
3108 1764 3138 1802 a
3168 1763 3274 1810 me,
3305 1756 3363 1802 et
3389 1763 3514 1817 per-

254 1862 396 1917 equo
441 1862 563 1902 cum
608 1845 880 1916 equitibus
925 1843 1111 1916 fugere
1151 1844 1498 1909 describitur,
1550 1844 1653 1899 nisi
1686 1845 1830 1914 quod

255 1940 507 2012 princeps
531 1938 771 1993 omnium
801 1937 1104 2007 iniquorum
1136 1935 1399 2002 diabolus,
1430 1952 1661 2007 quorum
1688 1936 1829 1993 oculi

256 2029 513 2084 sublimes
554 2038 678 2082 sunt
714 2026 896 2098 (Syria
943 2027 1085 2080 enim
1124 2028 1520 2096 interpretatur
1572 2026 1827 2099 sublimis)

256 2121 311 2174 in
341 2133 480 2188 equo
512 2133 624 2173 suae
654 2116 918 2187 superbire
945 2114 1220 2171 conﬁdens
1245 2132 1364 2171 cum
1396 2117 1667 2185 equilibus
1696 2116 1826 2182 suis,

258 2212 465 2266 scilicet
493 2209 742 2264 omnibus
785 2209 1031 2279 superbis
1066 2208 1210 2279 (quia
1255 2226 1275 2259 ‹
1303 2208 1416 2277 ipse
1440 2218 1523 2263 est
1551 2216 1713 2277 caput
1742 2223 1830 2261 su-

252 2316 351 2372 per
378 2315 566 2355 omnes
593 2297 730 2355 ﬁlios
779 2299 1045 2369 superbiae
1079 2297 1222 2371 [Job.
1253 2296 1387 2371 xu],
1410 2296 1457 2370 ι)
1487 2299 1554 2353 ab
1587 2300 1829 2354 exercitu

254 2390 486 2456 Christi,
534 2390 639 2444 hoc
683 2399 797 2455 est,
846 2387 1139 2443 humilibus
1185 2395 1239 2442 et
1273 2388 1441 2442 Deum
1491 2388 1825 2454 timentibus,

256 2489 562 2550 superatus,
593 2480 645 2534 in
672 2478 852 2550 fugam
881 2478 1142 2532 vertitur?
1165 2477 1233 2531 Et
1261 2492 1353 2531 rex
1384 2476 1544 2532 Israel
1566 2478 1831 2548 percutiet

252 2586 421 2640 equos
447 2578 503 2624 et
525 2585 737 2635 currus,
765 2569 891 2638 quia
930 2569 995 2623 de
1025 2569 1141 2636 ipso
1169 2581 1296 2635 rege
1327 2567 1536 2638 Regum
1568 2568 1830 2638 scriptum

254 2668 338 2715 est
383 2660 527 2729 quod
572 2677 590 2710 ‹
618 2670 811 2713 currus
849 2646 1183 2721 Pharaonis,
1225 2663 1280 2711 et
1327 2657 1622 2711 exercitum
1671 2655 1826 2726 ejus,

257 2768 455 2822 equum
484 2760 539 2808 et
565 2766 909 2806 ascensorem
936 2749 1052 2819 ejus
1080 2749 1370 2805 submersit
1395 2749 1449 2803 in
1476 2747 1663 2804 Rubro
1693 2748 1828 2803 mari

256 2843 461 2915 (Exod.
490 2842 625 2915 xv),
653 2863 672 2895 ι
726 2843 853 2897 dum
900 2842 1170 2913 nequitias
1207 2840 1477 2913 spiritales
1529 2856 1651 2896 cum
1698 2855 1829 2895 vero

254 2933 555 2998 Pharaone,
588 2933 811 3002 antiquo
843 2932 1093 2988 videlicet
1124 2933 1300 2996 hoste,
1327 2946 1466 3000 aqua
1486 2930 1829 3001 baptismatis

253 3024 453 3090 obruit,
479 3023 699 3079 humani
727 3024 951 3095 generis
966 3023 1190 3079 delendo
1213 3030 1454 3093 peccata.

1937 1855 1958 1888 ‹
2001 1837 2166 1892 cutiet
2195 1844 2247 1891 te
2276 1836 2381 1892 leo.
2414 1836 2656 1907 Cumque
2684 1837 2959 1906 paululum
2991 1836 3304 1892 recessisset
3327 1837 3395 1891 ab
3422 1850 3509 1900 eo,

1935 1948 1953 1980 ι
1996 1927 2202 1982 invenit
2230 1941 2353 1981 eum
2386 1926 2492 1992 leo,
2523 1912 2685 1996 atque
2732 1927 3018 1996 percussit.
3049 1924 3154 1981 Sed
3185 1933 3240 1980 et
3282 1924 3513 1979 alterum

1934 2037 1952 2068 ι
1997 2016 2323 2073 conveniens
2372 2015 2581 2081 virum,
2631 2016 2764 2071 dixit
2812 2015 2880 2069 ad
2932 2030 3096 2070 eum:
3131 2014 3357 2070 Percute
3400 2030 3509 2069 me.

1934 2128 1953 2161 ι
1997 2108 2098 2176 Qui
2129 2108 2396 2179 percussit
2421 2122 2569 2173 eum,
2606 2116 2662 2162 et
2693 2107 3017 2162 vulneravit.
3044 2127 3062 2158 ι
3095 2106 3202 2177 (Ea:
3230 2106 3511 2178 Joseplio.)

1926 2198 2097 2254 Porro
2143 2198 2209 2254 de
2253 2199 2357 2253 hac
2404 2196 2592 2253 eadem
2640 2211 2701 2251 re
2749 2194 3015 2265 Iosephus
3063 2195 3246 2250 taliter
3292 2195 3509 2250 refert:

1935 2288 2191 2343 «Interea
2234 2289 2456 2358 quidam
2482 2289 2765 2358 propheta,
2803 2288 3020 2342 nomine
3056 2282 3328 2346 Michzeas.
3358 2300 3513 2340 acce-

1928 2379 2061 2433 dens
2088 2378 2155 2432 ad
2181 2392 2346 2432 unum
2373 2377 2741 2432 israelitarum
2770 2377 2927 2447 petiit
2969 2384 3029 2430 ut
3064 2390 3187 2430 eum
3236 2377 3290 2430 in
3331 2376 3511 2446 capite

1928 2483 2030 2537 pro
2058 2469 2338 2524 voluntate
2367 2469 2461 2524 Dei
2500 2475 2824 2540 percuteret.
2854 2468 2971 2535 Quo
2998 2467 3235 2531 nolente,
3262 2467 3512 2538 praedixit

1936 2559 1986 2613 ei
2017 2559 2144 2628 quia
2192 2575 2258 2615 eo
2300 2560 2440 2628 quod
2469 2559 2783 2615 inobediens
2812 2566 2954 2614 esset
2988 2559 3097 2613 Deo
3125 2557 3345 2628 ejusque
3375 2573 3512 2628 prte-

1929 2658 2105 2719 cepto,
2132 2648 2289 2704 leone
2318 2656 2638 2705 oecurrente
2681 2650 3057 2719 perimeretur.
3085 2647 3237 2715 Quod
3268 2649 3393 2703 dum
3429 2646 3508 2703 illi

1931 2741 2135 2796 homini
2187 2740 2538 2812 contigisset,
2591 2741 2821 2796 accessit
2874 2742 3134 2810 propheta
3197 2755 3385 2795 rursus
3437 2740 3512 2795 ad

1930 2831 2113 2895 alium,
2146 2839 2203 2885 et
2238 2831 2379 2886 idem
2410 2840 2470 2885 ut
2514 2831 2719 2887 faceret
2750 2832 3054 2903 imperavit.
3085 2832 3186 2899 Qui
3223 2832 3352 2887 dum
3392 2846 3513 2901 per-

1929 2922 2190 2977 cussisset
2220 2936 2366 2987 eum,
2392 2928 2448 2976 et
2476 2922 2593 2992 ejus
2620 2922 2879 2977 verticem
2904 2930 3262 2988 cruentasset,
3294 2922 3514 2991 alligato

1930 3012 2107 3082 capite
2141 3011 2371 3067 accessit
2399 3012 2468 3067 ad
2497 3022 2700 3082 regem,
2735 3011 2922 3069 dicens
2955 3013 3044 3069 ei:
3075 3012 3227 3080 Quod
3273 3013 3399 3067 dum
3428 3026 3515 3068 es~

334 3134 352 3168 ι
384 3115 660 3172 Accedens
686 3092 864 3171 alitem
901 3116 1161 3187 propheta
1191 3092 1257 3170 ard
1290 3130 1467 3185 regem
1497 3112 1664 3169 Israel
1695 3113 1828 3169 dixit
1856 3092 1900 3154 C
1932 3110 2015 3157 set
2044 3103 2099 3158 in
2125 3103 2368 3159 exercitu
2394 3104 2741 3171 constitutus,
2774 3107 3070 3177 accepisset
3099 3121 3130 3159 a
3159 3106 3390 3177 quodam
3420 3106 3515 3161 tri-

263 3226 281 3259 ι
325 3208 414 3263 ei:
453 3206 600 3263 Vade
624 3216 679 3263 et
711 3208 1039 3273 confortare,
1062 3216 1117 3262 et
1158 3207 1295 3261 scito
1334 3214 1389 3261 et
1415 3206 1537 3261 vide
1575 3205 1702 3275 quid
1748 3204 1829 3259 fa-

260 3317 277 3350 c
323 3299 454 3364 cias,
485 3299 732 3369 sequenti
758 3299 902 3353 enim
928 3314 1070 3353 anno
1098 3313 1193 3352 rex
1226 3295 1395 3369 Syriae
1419 3298 1675 3354 ascendet
1706 3314 1829 3353 con-

261 3406 279 3437 c
329 3394 409 3441 tra
457 3394 532 3452 te,
573 3394 719 3442 etc.»
771 3386 924 3454 Quod
970 3387 1221 3441 Benadad
1271 3403 1365 3442 rex
1416 3386 1609 3458 Syriae,
1660 3387 1827 3443 semel

252 3478 445 3541 victus,
479 3476 671 3532 iterum
718 3478 985 3533 instaurat
1025 3479 1265 3549 praelium
1301 3486 1487 3534 contra
1534 3479 1722 3546 Israel,
1754 3480 1828 3535 si-

252 3567 475 3638 gniﬁcat
500 3567 769 3623 diabolum
794 3584 824 3622 a
849 3568 1066 3623 malitiae
1093 3584 1201 3624 sua:
1228 3568 1526 3625 intentidne
1549 3586 1827 3640 nunquam

252 3673 490 3723 cessare,
518 3658 610 3727 qui
649 3658 771 3713 licet
817 3673 846 3715 a
895 3660 1097 3714 sanctis
1140 3661 1271 3715 viris
1318 3662 1511 3731 saepius
1554 3662 1822 3730 vincatur,

254 3758 430 3801 tamen
491 3748 685 3802 iterum
743 3749 1009 3802 instaurat
1058 3749 1300 3820 praelium
1348 3756 1542 3806 contra
1597 3752 1738 3820 illus,
1772 3762 1827 3809 et

252 3840 378 3892 dum
423 3854 533 3894 uno
561 3840 719 3895 modo
749 3840 1001 3907 vincitur,
1034 3841 1138 3897 alio
1169 3844 1355 3898 statim
1400 3844 1620 3901 vincere
1661 3828 1851 3902 eona-U

254 3939 360 3984 tur.
401 3928 535 3987 Hine
577 3939 661 3986 est
707 3933 851 4001 quod
896 3933 1036 3988 servi
1067 3934 1208 4005 regis
1252 3933 1423 4006 Syriae
1451 3937 1705 3992 dixerunt
1733 3938 1820 3993 ei:

258 4042 274 4072 ι
322 4022 406 4077 Dii
453 4023 714 4080 montium
761 4032 885 4080 sunt
913 4025 987 4080 dii
1033 4039 1251 4092 eorum,
1283 4026 1405 4084 ideo
1437 4039 1827 4098 superaverunt

257 4134 274 4166 ι
322 4129 436 4171 nos.
467 4114 574 4171 Sed
599 4116 790 4172 melius
817 4124 900 4173 est
933 4123 992 4172 ut
1025 4132 1324 4189 pugnemus
1374 4130 1566 4175 contra
1614 4119 1735 4177 illos
1770 4122 1824 4176 in

256 4225 275 4257 ι
321 4206 732 4278 campestribus,
763 4216 818 4263 et
842 4209 1205 4264 obtinebimus
1234 4225 1346 4265 eos.
1371 4231 1388 4263 ι
1426 4210 1562 4278 Quia
1600 4212 1822 4284 maligni

251 4299 473 4368 spiritus
508 4315 723 4370 semper
748 4299 931 4357 dolose
965 4302 1276 4365 sentientes,
1313 4302 1357 4358 si
1386 4303 1440 4357 in
1490 4304 1823 4375 spiritalibus

251 4390 413 4445 rebus
441 4390 749 4457 vincuntur,
792 4391 847 4446 in
876 4384 1247 4463 corporalibus
1272 4391 1469 4447 bellum
1514 4410 1823 4464 praeparare

250 4481 601 4538 contendunt.
632 4481 748 4539 Hoc
777 4498 906 4555 ergo
950 4484 1216 4549 diabolus,
1264 4485 1366 4540 hoc
1392 4495 1447 4540 et
1480 4493 1623 4541 totus
1667 4502 1824 4542 exer-

250 4572 389 4628 citus
411 4572 527 4645 ejus
554 4575 791 4629 maxime
824 4583 1094 4646 satagunt,
1126 4583 1187 4630 ut
1212 4576 1423 4631 animas
1452 4575 1732 4631 hominum
1759 4579 1825 4632 de

249 4664 495 4732 supernis
520 4664 585 4718 ad
610 4664 715 4718 ima
742 4664 1091 4733 praecipitent,
1120 4678 1226 4732 quo
1252 4663 1464 4718 facilius
1485 4679 1579 4718 eos
1605 4666 1823 4720 vincere

250 4754 476 4821 possint.
507 4752 563 4807 Si
595 4753 827 4807 viderint
852 4767 947 4807 eos
974 4751 1218 4807 ccelestia
1247 4752 1577 4816 desiderare,
1606 4761 1821 4810 terrena

250 4852 304 4897 et
349 4846 547 4900 caduca
586 4844 653 4898 ad
699 4845 985 4898 amandum
1038 4843 1304 4914 ingerunt.
1340 4836 1397 4897 Si
1435 4843 1668 4899 viderint
1707 4845 1825 4902 illos

253 4937 605 5004 prosperitate
639 4941 909 4990 concessa’
943 4933 1144 5004 gratias
1171 4934 1281 4988 Deo
1310 4949 1490 5006 agere,
1523 4936 1738 4990 student
1765 4945 1825 4991 ut

254 5043 348 5094 per
394 5028 616 5079 adversa
658 5025 994 5095 frangantur.
1047 5023 1152 5080 Sed
1203 5027 1343 5082 sicut
1389 5028 1530 5099 regis
1576 5027 1747 5099 Syria:
1772 5039 1829 5086 et

250 5131 528 5170 servorum
554 5117 671 5186 ejus
697 5133 801 5173 non
848 5120 1102 5173 convenit
1135 5119 1298 5175 dictio
1328 5137 1452 5177 cum
1479 5137 1661 5192 opere,
1701 5123 1826 5192 quia

250 5210 339 5263 ubi
368 5223 425 5261 se
451 5222 708 5277 superare
734 5224 892 5278 posse
914 5210 1278 5275 conﬁdebant,
1307 5212 1379 5266 ibi
1412 5214 1649 5283 superati
1677 5224 1823 5281 sunt,

250 5300 323 5352 ita
352 5306 407 5352 et
435 5295 685 5367 princeps
731 5300 920 5354 mortis
964 5315 1103 5370 saepe
1144 5300 1216 5354 ibi
1252 5301 1482 5357 vincitur
1512 5318 1634 5357 cum
1672 5318 1828 5360 exer-

248 5391 356 5445 citu
406 5403 523 5453 suo,
561 5389 650 5443 ubi
700 5404 758 5445 se
798 5391 1099 5447 aestimabat
1135 5392 1351 5446 vincere
1391 5408 1551 5461 posse
1592 5411 1604 5447 :
1640 5412 1659 5444 ‹
1689 5394 1827 5461 Quia

252 5480 463 5535 inﬁrma
510 5481 690 5534 mundi
718 5479 878 5551 elegit
908 5481 1069 5547 Deus,
1096 5489 1154 5536 ut
1181 5478 1535 5537 confunderet
1561 5481 1745 5549 fortia,
1774 5496 1828 5539 et

250 5585 311 5623 ea
338 5586 457 5639 quze
488 5578 595 5626 non
622 5579 764 5634 sunt,
792 5579 851 5624 ut
877 5585 940 5625 ea
968 5586 1087 5642 quae
1115 5580 1239 5626 sunt
1280 5572 1583 5628 destrueret
1621 5573 1673 5644 (1
1699 5573 1820 5628 Cor.

252 5661 313 5731 ι).
342 5681 358 5712 ι
405 5662 667 5723 Tentabat
713 5663 875 5735 igitur
901 5663 1151 5738 antiquus
1178 5662 1349 5719 hostis
1374 5661 1433 5719 B.
1465 5661 1582 5734 Job,
1612 5673 1667 5723 et
1697 5664 1821 5723 dum

1927 3194 2071 3249 buno
2101 3195 2419 3249 servandum
2448 3196 2736 3266 captivum,
2771 3197 2980 3270 sibique
3007 3199 3075 3255 ab
3102 3214 3166 3255 eo
3191 3199 3396 3255 dictum
3428 3208 3511 3265 ut,

1927 3284 1974 3339 si
2011 3285 2257 3354 captivus
2290 3284 2526 3357 fugeret,
2560 3286 2675 3356 ipse
2713 3296 3048 3357 moreretur;
3097 3305 3203 3361 quo
3247 3287 3509 3360 fugiente,

1927 3373 1975 3429 is
1999 3375 2087 3444 qui
2117 3390 2240 3430 eum
2269 3375 2566 3431 tradiderat
2608 3385 2843 3433 mortem
2876 3380 2924 3433 ei
2956 3379 3257 3434 minaretur
3284 3379 3508 3435 inferre.

1928 3468 2085 3533 Tum,
2135 3468 2498 3540 respondente
2522 3469 2709 3527 Achab
2763 3481 2993 3525 mortem
3018 3470 3069 3527 ei
3105 3470 3386 3525 imminere
3423 3469 3513 3538 ju-

1927 3559 2244 3625 stissimam,
2271 3561 2487 3616 solvens
2511 3569 2694 3631 caput,
2723 3562 2938 3633 agnitus
2964 3570 3049 3617 est
3094 3562 3345 3618 Michzeas
3389 3579 3511 3619 esse

1926 3651 2209 3720 propheta.
2241 3669 2260 3702 ι
2310 3650 2427 3706 Hac
2476 3652 2621 3706 enim
2674 3652 2932 3723 parabola
2984 3653 3236 3707 utebatur
3286 3660 3529 3722 propter,

1927 3756 2204 3798 sermones
2235 3758 2370 3813 quos
2400 3743 2450 3798 ei
2499 3751 2619 3798 erat
2663 3744 2927 3798 dicturus.
2958 3742 3049 3797 Ait
3096 3758 3348 3812 namque,
3376 3758 3511 3812 quu-

1927 3835 2074 3890 niam
2102 3835 2243 3891 Deus
2268 3836 2318 3890 ei
2343 3835 2703 3891 concessisset
2743 3843 2803 3890 ut
2836 3834 3156 3904 supplicium
3183 3834 3354 3889 hostis
3385 3849 3514 3887 eva-

1927 3927 2097 3993 deret,
2131 3927 2245 3998 ipse
2279 3927 2557 3983 inimicum
2587 3925 2703 3996 ejus
2728 3927 3033 3991 Achahum,
3063 3927 3155 3995 qui
3186 3927 3353 3981 Deum
3393 3924 3511 3979 bla-

1926 4018 2305 4088 sphemaverat
2332 4019 2653 4084 dimisisset,
2704 4027 2760 4075 et
2794 4026 3081 4088 propterea
3128 4017 3269 4072 Deus
3321 4014 3513 4071 decre-

1926 4109 2090 4164 visset
2114 4108 2289 4179 ipsum
2318 4108 2535 4179 quidem
2560 4110 2628 4164 ab
2654 4108 2745 4163 illo
2767 4108 2979 4179 perimi,
3006 4106 3259 4177 populum
3289 4120 3417 4160 vero
3442 4105 3512 4160 ab

1925 4201 2042 4271 ejus
2064 4202 2336 4256 exercitus
2368 4201 2645 4255 invasione
2673 4199 2935 4255 consumi.
2963 4198 3136 4253 iratus
3169 4212 3297 4253 vero
3320 4195 3512 4251 Achab

1924 4293 2243 4362 prophetam
2304 4290 2452 4344 illum
2507 4291 2722 4361 quidem
2770 4290 3013 4345 clausum
3059 4287 3264 4343 servari
3305 4285 3507 4354 jussit;

1925 4382 2181 4439 confusus
2201 4390 2381 4437 autem
2412 4382 2643 4442 Michteae
2655 4380 2993 4437 sermonibus
3014 4381 3080 4435 ad
3107 4395 3261 4435 suam
3286 4377 3508 4434 domum

1849 4444 1901 4503 Β
1930 4474 2211 4528 remeavit.
2238 4473 2544 4527 Secundum
2572 4472 2719 4542 leges
2746 4487 2874 4527 vero
2913 4471 3243 4542 tropologiai,
3273 4472 3513 4527 maxime

1888 4582 1896 4588 ’
1928 4563 2313 4633 pervidendum
2337 4570 2419 4618 est
2442 4562 2614 4618 servis
2641 4562 2761 4626 Dei.
2790 4576 2859 4618 ne
2884 4562 3177 4618 secundum
3202 4561 3510 4630 exemplum

1928 4656 2116 4711 Achab
2144 4657 2288 4728 regis
2331 4657 2495 4713 israel
2537 4657 2839 4727 perniciosa
2876 4657 3166 4712 securitate
3200 4653 3302 4710 sibi
3348 4653 3509 4708 blan-

1930 4747 2165 4813 diantur,
2192 4747 2432 4817 quandiu
2467 4748 2640 4803 hostis
2665 4746 2797 4801 vivit
2822 4763 2836 4799 :
2869 4760 2938 4800 ne
2975 4745 3101 4800 dum
3143 4759 3225 4809 se,
3254 4757 3394 4814 quos
3424 4742 3508 4796 vi-

1927 4844 2106 4893 ctores
2149 4847 2437 4908 perpetuos
2482 4838 2827 4900 arbitrentur,
2875 4851 2972 4907 per
3018 4835 3259 4890 fraudem
3306 4833 3509 4889 diaboli

1930 4940 2117 4996 pacem
2180 4927 2557 4997 pmmittentis
2612 4925 2773 4980 citius
2834 4924 3122 4979 elidentur.
3173 4922 3310 4990 Quia
3365 4922 3506 4977 sicut

1936 5025 2060 5073 tunc
2089 5018 2345 5087 propheta
2383 5017 2641 5087 praedicto
2675 5016 2788 5086 regi
2822 5030 2922 5084 pro
2970 5014 3367 5069 inconsiderata
3392 5013 3509 5081 pie.

1934 5117 2044 5166 tate
2076 5109 2455 5180 praenuntiavit
2500 5108 2661 5161 citius
2680 5104 2882 5174 justam
2920 5102 3086 5158 aﬂore
3123 5103 3401 5166 ultionem,
3430 5100 3508 5155 ita

1933 5214 2075 5253 nunc
2100 5198 2450 5269 propheticus
2482 5210 2663 5252 sermo
2708 5195 3051 5267 praenuntiat,
3081 5193 3127 5248 si
3164 5191 3508 5263 paciscamur

1933 5304 2053 5344 cum
2085 5288 2318 5355 diabolo,
2345 5295 2602 5343 aeternam
2633 5286 2788 5343 nobis
2817 5300 2913 5364 per
2946 5284 3049 5341 hoc
3080 5282 3364 5345 inminuere
3391 5292 3507 5353 pte.

1932 5395 2074 5440 nam.
