3902 6146
281 226 381 286 217

874 333 1097 390 CAPUT
1133 334 1276 389 XXI.

282 448 363 506 De
386 465 447 504 eo
476 451 620 519 quod
644 446 824 504 Achab
866 463 965 502 rea:
986 448 1367 519 concupiverat
1405 447 1610 519 vineam
1646 441 1862 519 IVaboth

352 513 715 582 Jezrahelim’,
757 532 946 586 quam,
978 516 1069 569 illo
1105 513 1405 586 occisorper
1440 513 1701 586 Jezahelis
1726 529 1870 566 -εοη-

354 587 555 652 silium,
583 587 683 640 sibi
702 581 1073 652 rus'urpaverat,
1101 596 1150 639 et
1181 581 1241 639 οὗ
1280 581 1375 638 hoc
1414 601 1506 655 per
1539 584 1714 638 Etiam
1744 599 1868 655 pro:

353 649 563 729 phetam
596 649 903 725 corripitur.
1414 649 1424 655 ’
1745 649 1754 652 ⁷
1835 649 1884 684 *⁸⁵

355 795 670 870 (Car.xxt.l
714 814 733 846 ι
762 795 893 850 Post
934 795 1097 849 verba
1146 801 1326 849 autem
1377 794 1513 859 haec,
1546 795 1702 848 vinea
1749 800 1869 847 erat

291 909 309 939 ι
354 888 567 943 Naboth
592 886 952 950 Jezrahelitaz,
980 900 1100 955 qua:
1129 893 1247 939 erat
1274 885 1326 938 in
1353 882 1563 939 Jezrael
1587 884 1742 954 juxta
1771 900 1868 955 pa-

289 1000 307 1033 ι
353 980 545 1034 latium
586 978 775 1033 Achab
820 977 963 1047 regis
999 975 1277 1029 Samarize.
1314 975 1551 1028 Locutus
1597 984 1682 1028 est
1736 988 1867 1044 ergo

289 1087 308 1121 ο
355 1070 544 1124 Achab
572 1068 639 1123 ad
675 1066 911 1129 Nabath,
941 1065 1162 1120 dicens:
1190 1065 1268 1118 Da
1298 1063 1429 1117 mihi
1457 1064 1668 1117 vineam
1697 1073 1866 1127 tuam,

289 1178 309 1211 ι
355 1169 419 1213 ιιι
462 1157 658 1212 faciam
700 1156 833 1210 mihi
883 1155 1099 1209 hortum
1145 1153 1372 1218 olerum,
1405 1153 1531 1221 quia
1582 1152 1758 1206 vicina
1788 1158 1874 1205 est

288 1268 308 1300 ι
351 1257 409 1302 et
434 1261 604 1318 prope
644 1247 866 1301 domum
902 1260 1113 1310 meam,
1142 1252 1248 1298 etc.
1278 1263 1298 1296 ι
1348 1242 1545 1297 Narrat
1590 1240 1869 1310 Scriptura

284 1339 427 1408 quod
458 1338 647 1392 Achab
674 1352 771 1391 rex
800 1334 1170 1404 concupiverit
1193 1334 1407 1390 vineam
1450 1332 1665 1389 Naboth
1687 1331 1872 1387 Jezra-

284 1427 488 1489 helitaz,
516 1426 611 1495 qui
647 1435 765 1479 erat
797 1425 852 1478 in
896 1423 1105 1479 Jezrael
1143 1424 1298 1495 juxta
1326 1422 1589 1494 palatium
1619 1423 1782 1493 regis,
1812 1429 1874 1474 ιιι

282 1516 491 1570 faceret
515 1514 619 1569 sibi
648 1514 702 1568 in
732 1528 797 1568 ea
826 1512 1039 1568 hortum
1086 1512 1314 1567 olerum.
1348 1512 1466 1579 Quo
1492 1512 1707 1567 nolente
1747 1524 1871 1566 eam

282 1607 361 1661 illi
388 1607 541 1671 dare,
571 1620 669 1676 per
701 1604 987 1659 consilium
1017 1596 1351 1673 impiissimte
1392 1604 1578 1659 uxoris
1606 1603 1742 1673 ejus,
1778 1601 1869 1657 Je-

1096 221 1448 279 COMMENT.
1486 219 1553 276 IN
1594 218 1838 277 uanos
1872 217 1939 271 tv
1982 175 2240 275 necum.
2283 250 2353 260 —
2388 217 2458 275 IN
2489 215 2621 277 LIB.
2657 218 2740 276 ιιι.

3435 228 3541 284 2I8

1892 333 1940 390 A
1969 333 2332 389 testimonium
2375 334 2567 391 falsum
2610 345 2798 392 contra
2841 336 3053 393 Naboth
3090 346 3372 408 ponerent,
3401 345 3545 410 quod

1973 423 2338 481 benedixisset
2368 427 2534 483 Deum
2563 436 2617 483 et
2646 443 2857 498 regem;
2890 441 2947 485 et
2973 431 3051 486 sic
3095 432 3347 487 eductum
3375 431 3442 488 de
3469 435 3545 488 ci-

1970 522 2470 591 vitate-lapidarent
2495 533 2554 578 ut
2600 534 2922 595 moreretur,
2969 541 3091 581 cum
3139 524 3423 598 Synagoga
3452 542 3546 596 per

1968 613 2270 682 pontifices,
2298 612 2515 670 Scrihas
2556 623 2611 669 et
2654 615 2952 671 Phariszros
2992 614 3250 671 meditata
3286 625 3372 671 est
3404 630 3549 670 mor-

1972 712 2079 759 tem
2108 704 2326 760 Christi.
2358 706 2434 760 De
2460 722 2562 776 qua
2603 707 2730 761 item
2774 709 3033 777 scriptum
3077 717 3161 763 est
3204 709 3259 763 in
3295 709 3544 779 Evange-

1968 793 2078 847 lio:
2118 812 2136 844 ι
2164 794 2441 864 Principes
2466 804 2644 850 autem
2686 797 3029 852 sacerdotum
3070 805 3125 852 et
3163 812 3326 852 omne
3367 797 3549 852 conci-

1969 884 2101 938 lium
2127 885 2440 953 quaarebant
2487 884 2677 939 falsum
2711 887 3076 942 testimonium
3120 896 3306 942 contra
3336 886 3545 954 Iesum,

1969 986 2030 1031 ut
2070 993 2192 1032 eum
2240 980 2399 1033 morti
2445 980 2753 1043 traderent,
2801 989 2857 1034 et
2892 996 2999 1035 non
3038 983 3389 1047 invenerunt,
3423 998 3547 1037 cum

1970 1066 2123 1120 multi
2156 1066 2276 1122 falsi
2309 1075 2473 1123 testes
2508 1069 2898 1133 accessissent;
2927 1071 3221 1125 uerissime
3246 1079 3428 1126 autem
3456 1087 3550 1126 ve-

1970 1163 2165 1210 nerunt
2194 1155 2301 1210 duo
2322 1157 2441 1211 falsi
2468 1165 2653 1223 testes,
2681 1166 2736 1211 et
2765 1159 3019 1214 dixerunt
3049 1179 3061 1212 :
3091 1160 3191 1214 Hic
3216 1161 3350 1215 dixit
3376 1179 3388 1214 :
3419 1161 3550 1216 Pos-

1970 1258 2088 1299 sum
2141 1245 2419 1299 destruere
2468 1247 2724 1315 templum
2758 1249 2887 1312 Dei,
2921 1258 2975 1302 ct
3013 1256 3136 1318 post
3181 1247 3416 1302 triduum
3457 1264 3548 1303 re-

1969 1334 2236 1389 :ediﬁcare
2268 1335 2396 1389 illud
2429 1334 2642 1406 (Matth.
2671 1336 2844 1408 xxvi).
2873 1356 2890 1387 ι
2921 1337 3033 1391 Duo
3078 1352 3207 1408 ergo
3237 1336 3354 1391 falsi
3387 1345 3551 1393 testes

1970 1433 2156 1480 contra
2192 1423 2406 1479 Nahoth
2434 1422 2630 1479 falsum
2681 1426 3046 1482 testimonium
3081 1427 3363 1492 dicebant,
3409 1426 3553 1497 quod

1968 1516 2336 1572 benedixisset
2376 1518 2544 1572 Deum
2588 1526 2643 1573 et
2692 1533 2894 1589 regem.
2945 1518 3011 1573 Et
3061 1516 3229 1573 Judaei
3277 1534 3376 1587 per
3416 1518 3553 1573 duos

1971 1612 2136 1668 falsos
2162 1620 2327 1668 testes
2347 1612 2564 1668 Christo
2595 1612 2967 1683 opponebam,
3000 1611 3143 1681 quod
3172 1610 3468 1681 potentiam
3498 1619 3554 1666 et

282 1698 437 1753 zabel
467 1696 718 1751 videlicet
760 1696 977 1765 regium.
1008 1696 1151 1752 idem
1174 1694 1407 1760 Naboth.
1443 1694 1868 1751 ευδίηιΐοάιιεῑίε
1896 1700 1944 1759 Β
1971 1712 2220 1758 naturam
2263 1704 2365 1759 sibi
2411 1703 2708 1758 divinitatis
2750 1701 3066 1757 ascriberet.
3097 1700 3247 1757 Unde
3277 1699 3450 1755 Pilato
3485 1699 3554 1755 ad

280 1789 434 1844 falsis
467 1788 719 1850 wstibus,
767 1786 1035 1854 lapidatus
1080 1792 1185 1851 est,
1227 1795 1284 1840 et
1328 1796 1608 1851 mortuus;
1644 1782 1870 1855 ejusque

282 1881 441 1935 vinea
480 1879 690 1947 direpta
723 1891 752 1929 a
790 1889 914 1944 rege
940 1884 997 1930 et
1035 1891 1285 1946 possessa
1325 1882 1425 1930 est.
1453 1874 1584 1941 Quis
1610 1889 1740 1945 ergo
1767 1874 1869 1931 iste

278 1970 497 2027 Naboth
539 1966 827 2022 Jezraelita
859 1965 1041 2031 fuerit,
1068 1974 1124 2020 et
1167 1980 1286 2036 quae
1313 1964 1429 2033 ejus
1479 1964 1659 2031 vinea,
1691 1964 1873 2020 consi-

280 2064 558 2119 deremus.
614 2062 1008 2131 Interpretatur
1081 2075 1210 2131 ergo
1264 2060 1479 2114 Nahoth
1536 2061 1868 2129 conspicuus,

279 2157 397 2210 sive
430 2156 619 2219 sessio,
660 2152 872 2209 Jezrael
899 2153 1114 2207 honesta
1152 2151 1268 2215 Dei,
1302 2151 1415 2206 sive
1439 2168 1614 2206 semen
1655 2150 1772 2204 Dei.
1804 2149 1874 2205 Et

281 2262 445 2317 quem
478 2245 673 2300 melius
714 2245 1054 2298 honestatem
1077 2242 1163 2297 vel
1201 2257 1385 2297 semen
1416 2242 1511 2295 Dei
1540 2242 1719 2296 dicere
1747 2256 1873 2311 pos-

281 2351 494 2400 sumus,
522 2349 688 2405 quam
721 2332 920 2388 Filium
953 2332 1070 2397 Dei,
1106 2350 1125 2382 ι
1158 2333 1251 2402 qui
1273 2340 1359 2387 est
1382 2331 1635 2401 splendor
1664 2331 1869 2401 gloriae,

281 2437 334 2483 et
366 2429 539 2497 figura
566 2425 885 2480 substantiae
914 2423 1055 2492 ejus,
1087 2438 1245 2492 quem
1282 2422 1565 2477 constituit
1592 2420 1734 2476 Deus
1762 2421 1871 2474 ha:-

282 2520 473 2572 redem
501 2516 898 2580 universorum,
928 2529 1024 2584 per
1047 2528 1206 2582 quem
1233 2512 1361 2567 fecit
1386 2519 1441 2568 et
1463 2510 1658 2567 saecula
1682 2509 1868 2581 (Hebr.

282 2610 361 2681 t)?
381 2629 400 2661 ι
434 2606 518 2662 Ad
543 2622 704 2678 quem
732 2605 1018 2660 Psalmista
1067 2606 1365 2673 deprecans
1391 2603 1502 2659 ait:
1540 2621 1559 2653 ι
1589 2602 1690 2670 Qui
1717 2602 1873 2657 sedes

283 2714 453 2769 super
487 2696 792 2761 cherubim,
837 2709 1035 2765 appare
1069 2709 1255 2748 coram
1291 2692 1568 2763 Ephraim,
1592 2692 1873 2762 Benjatnin

282 2798 341 2844 et
375 2787 650 2851 Manasse,
681 2785 855 2841 excita
893 2784 1191 2854 potentiam
1224 2791 1370 2837 tuam
1398 2790 1453 2837 et
1504 2782 1643 2845 veni,
1676 2789 1738 2845 ut
1768 2781 1874 2836 sal-

283 2896 382 2936 vos
422 2877 599 2933 facias
647 2893 748 2933 nos
790 2875 963 2950 (Psal.
1004 2876 1212 2950 Lxxtx).
1235 2897 1254 2929 ι
1286 2876 1395 2932 Iste
1440 2875 1653 2932 Naboth
1685 2877 1874 2931 habuit

285 2974 530 3037 vineam,
557 2971 625 3025 de
649 2985 757 3039 qua
792 2969 959 3024 Isaias
1001 2968 1315 3040 plenissime
1354 2983 1452 3039 per
1489 2968 1760 3024 canticum
1776 2968 1872 3023 .Io-

1971 1792 2184 1848 Iudaeos
2220 1794 2294 1848 ita
2332 1793 2580 1849 dicente:
2621 1811 2641 1843 ι
2669 1792 2914 1863 Accipite
2941 1806 3062 1846 eum
3101 1806 3217 1855 vos,
3249 1799 3304 1845 et
3339 1787 3556 1846 crucifi-

1970 1886 2097 1956 gite.
2130 1884 2242 1954 Ego
2289 1883 2432 1939 enim
2466 1898 2573 1938 non
2618 1882 2833 1937 invenio
2868 1882 2922 1935 in
2951 1896 3015 1936 eo
3041 1897 3280 1937 causam.
3313 1879 3555 1950 Respon-

1971 1978 2165 2032 derunt
2188 1977 2237 2030 ei
2266 1974 2438 2030 Judaei
2463 1994 2475 2029 :
2505 1973 2614 2029 Nos
2636 1974 2807 2044 legem
2849 1975 3132 2039 habemus,
3159 1983 3213 2029 et
3257 1972 3553 2029 secundum

1970 2066 2145 2137 legem
2189 2067 2350 2121 debet
2386 2065 2558 2131 mori,
2603 2065 2728 2133 quia
2762 2064 2930 2118 filium
2974 2065 3069 2119 Dei
3115 2079 3174 2119 se
3206 2061 3334 2118 fecit
3368 2061 3550 2134 (Joan.

1971 2156 2106 2227 xix).
2130 2167 2158 2208 ι
2194 2155 2487 2226 Lapidatus
2509 2166 2592 2210 est
2623 2156 2805 2226 itaque
2831 2153 3043 2210 Naboth
3069 2164 3224 2209 extra
3253 2154 3553 2221 civitatem,

1970 2248 2263 2316 instigante
2308 2244 2554 2309 Iezabel,
2588 2252 2681 2309 ut,
2724 2259 2789 2298 eo
2839 2254 3072 2310 mortuo,
3121 2243 3309 2299 Achab
3339 2244 3553 2299 vineam

1971 2337 2087 2406 ejus
2124 2336 2442 2405 possideret.
2471 2334 2563 2390 Sic
2586 2345 2641 2391 et
2671 2333 2922 2391 Salvator
2949 2344 3131 2391 noster
3159 2345 3311 2391 extra
3340 2338 3577 2407 portam‘

1970 2441 2161 2496 passus
2205 2434 2325 2491 est;
2371 2424 2662 2480 crucifixus
2710 2424 2961 2481 videlicet
3012 2425 3067 2479 in
3114 2425 3234 2481 loco
3280 2426 3554 2491 calvariae,

1971 2517 2242 2572 excitante
2265 2530 2367 2585 per
2388 2516 2561 2571 zelum
2608 2515 2889 2588 Synagoga
2918 2516 3192 2587 populum,
3220 2525 3280 2571 ut
3307 2524 3556 2587 peterent

1971 2614 2202 2660 mortem
2229 2605 2466 2671 Christi,
2512 2615 2780 2676 quatenus
2819 2622 2884 2662 eo
2912 2608 3094 2662 occiso
3123 2606 3369 2662 securius
3408 2606 3559 2661 vive-

1971 2699 2112 2750 rent.
2148 2694 2301 2751 Unde
2328 2696 2479 2765 quasi
2526 2696 2867 2752 consulentes
2901 2697 3154 2752 aiebant:
3193 2718 3210 2749 ι
3240 2697 3379 2752 Ecce
3408 2704 3554 2754 totus

1972 2786 2204 2841 mundus
2227 2793 2350 2856 post
2380 2800 2503 2840 eum
2535 2786 2668 2840 abiit
2701 2785 2883 2858 (Joan.
2907 2786 3026 2860 xu).
3054 2787 3122 2842 Et
3146 2789 3192 2842 si
3223 2788 3548 2845 dimittimus

1973 2890 2097 2931 eum
2128 2875 2224 2940 sic,
2267 2890 2456 2930 omnes
2500 2877 2721 2932 credent
2769 2877 2822 2931 in
2873 2893 2997 2932 eum
3045 2877 3224 2950 (Joan.
3252 2882 3350 2951 ιιι).
3383 2897 3401 2929 ι
3433 2878 3556 2934 Παι-

1976 2964 2175 3020 reditas
2202 2979 2332 3036 ergo
2367 2962 2566 3020 Christi
2598 2965 2836 3021 Ecclesia
2865 2976 2976 3030 est,
3007 2967 3215 3022 cunctis
3244 2967 3294 3022 ei
3326 2968 3450 3023 data
3487 2969 3554 3025 de

281 3063 488 3133 quitur,
519 3061 591 3115 ad
623 3037 926 3116 extremum
958 3037 1232 3116 inferens:
1268 3077 1287 3111 ι
1320 3037 1489 3115 Vinea
1524 3058 1737 3113 Domini
1777 3073 1869 3114 sa-
1898 3037 1944 3099 Ο
1974 3056 2241 3128 gentibus,
2266 3071 2429 3126 quam
2458 3071 2565 3111 non
2603 3058 2838 3112 moriens
2864 3057 2940 3111 illi
2983 3055 3145 3112 Pater
3189 3058 3429 3130 reliquit,
3457 3059 3554 3116 sed

282 3151 475 3216 baoth,
516 3152 711 3206 domus
741 3150 907 3205 Israel
954 3160 1039 3206 est
1077 3148 1214 3222 (Isa.
1239 3148 1317 3221 v).
1341 3169 1361 3202 ι
1412 3149 1483 3204 Et
1524 3149 1578 3202 in
1610 3147 1867 3204 Psalmo:

289 3262 310 3295 ι
335 3242 603 3308 Vineam,
647 3241 854 3311 inquit,
901 3243 967 3297 de
1011 3240 1246 3313 Egypto
1280 3237 1621 3304 transtulisti,
1660 3238 1873 3309 ejecisti

284 3344 492 3408 gentes,
539 3342 598 3390 et
631 3334 886 3405 plantasti
911 3349 1031 3389 eam
1065 3331 1251 3405 (Psal.
1273 3330 1519 3404 LXXIX).D
1550 3331 1649 3388 Cui
1683 3345 1876 3401 sepem-

284 3425 667 3491 cireumdedit,
695 3442 715 3475 ι
746 3432 806 3478 ιιι
847 3424 900 3481 in
930 3423 1218 3497 Evangelio
1247 3423 1444 3496 legitur
1482 3423 1698 3494 (Matth.
1728 3422 1871 3493 xxi),

287 3517 339 3571 id
362 3525 472 3581 est,
500 3515 587 3570 vel
612 3531 827 3571 murum
855 3517 1022 3579 urbis,
1051 3516 1135 3571 vel
1160 3515 1473 3586 angelorum
1501 3513 1722 3569 auxilia.
1755 3533 1773 3566 ι
1803 3513 1874 3568 Ει

284 3604 418 3660 fodit
452 3605 505 3659 in
538 3619 602 3659 ea
633 3604 871 3659 torcular
900 3604 1108 3677 (Ibid.),
1132 3626 1151 3658 ι
1179 3616 1272 3659 aut
1298 3605 1493 3670 altare,
1521 3612 1616 3659 aut
1643 3604 1732 3659 illa
1764 3612 1869 3660 tor-

282 3696 489 3751 cularia
537 3711 772 3766 quorum
802 3704 860 3751 et
890 3705 999 3751 tres
1038 3696 1236 3751 Psalmi
1287 3697 1440 3751 titulo
1474 3705 1863 3768 praenotantur,

285 3787 338 3840 id
374 3795 478 3849 est,
514 3798 745 3841 octavus
780 3794 835 3841 et
865 3787 1246 3857 octogesimus,
1272 3795 1330 3840 et
1353 3786 1716 3856 octogesimus
1745 3801 1869 3840 sexo

283 3885 390 3932 tus.
441 3897 460 3929 ε
489 3877 559 3931 Et
585 3876 874 3932 :editicavit
921 3886 1124 3931 turrem
1173 3876 1423 3948 (Ibid.),i
1472 3877 1615 3931 haud
1646 3876 1867 3931 dubium

283 3968 547 4037 teutplum
572 3968 641 4022 de
668 3982 774 4036 quo
798 3967 991 4021 dicitur
1022 3980 1120 4036 per
1150 3966 1425 4019 Michaeam
1452 3984 1465 4019 :
1505 3984 1524 4015 ι
1554 3966 1619 4020 Ει
1644 3976 1722 4031 ιιι,
1751 3974 1867 4019 tur-

281 4060 361 4114 ris
386 4060 673 4131 nebulosa,
706 4058 810 4112 tilia
837 4058 965 4113 Sion
996 4057 1180 4129 (Mich.
1206 4055 1301 4129 tv).
1323 4076 1342 4109 ι
1380 4076 1398 4108 ‹
1425 4056 1492 4111 Et
1522 4056 1720 4112 locavit
1744 4071 1865 4111 eam

278 4149 546 4220 agricolis
580 4147 797 4221 (Matth.
818 4150 1003 4216 ιω.)
1043 4148 1190 4216 Quos
1231 4149 1357 4205 alibi
1396 4149 1565 4204 vineae
1591 4150 1836 4219 operario

279 4239 581 4311 appellavit
647 4238 733 4294 vel
784 4238 1022 4295 colonos.
1085 4227 1251 4295 Hane
1286 4240 1498 4295 vineam
1559 4239 1867 4309 concupivit

1972 3148 2089 3221 Ipse
2134 3166 2230 3205 sua
2276 3157 2452 3205 morte
2498 3148 2819 3206 mirabiliter
2863 3149 3182 3221 acquisivit,
3219 3152 3554 3223 resurgendo

1970 3241 2228 3311 possedit.
2260 3239 2411 3297 Hanc
2443 3247 2642 3305 autem,
2675 3241 2854 3297 occiso
2902 3256 2988 3309 eo,
3017 3241 3147 3296 mali
3189 3240 3366 3298 coloni
3413 3258 3553 3314 prte-

1970 3332 2148 3404 ripere
2190 3332 2551 3389 moliebantur
2580 3331 2791 3406 (Matth.
2834 3314 2970 3405 in),
2999 3349 3124 3390 cum
3171 3333 3554 3408 crucifigentes

1969 3440 2093 3480 eum
2121 3422 2291 3480 Judaei
2334 3424 2513 3490 fidem,
2544 3439 2662 3495 qua:
2694 3438 2792 3495 per
2825 3439 2948 3478 eum
2976 3432 3079 3490 est,
3104 3423 3471 3495 exstinguere,
3497 3435 3555 3480 et

1970 3522 2124 3572 Suam
2150 3517 2340 3588 magis,
2367 3532 2487 3587 qua:
2510 3531 2576 3572 ex
2601 3516 2720 3589 lege
2744 3510 2859 3580 est,
2886 3513 3154 3585 justitiam
3191 3515 3454 3587 proferre,
3487 3531 3553 3573 ac

1969 3608 2216 3677 gentibus
2260 3608 2562 3663 imbuendis
2611 3608 2947 3663 conabantur
2981 3607 3220 3663 inserere
3263 3605 3436 3679 (Rom.
3470 3605 3549 3671 ιι).

1968 3698 2135 3754 Extra
2160 3700 2371 3756 vineam
2415 3700 2589 3756 haeres
2612 3700 2783 3755 vinea:
2814 3699 3114 3756 trucidatur
3159 3698 3376 3772 (Matth.
3405 3698 3549 3771 xxi),

1974 3810 1993 3841 ι
2021 3792 2145 3861 quia
2190 3790 2365 3853 Iesus,
2398 3799 2458 3844 ιιι
2486 3790 2852 3846 sanctificarct
2897 3805 2995 3860 per
3032 3806 3187 3845 suum
3231 3789 3552 3860 sanguinem

1966 3879 2243 3949 populum,
2274 3886 2425 3933 extra
2458 3887 2677 3969 portam
2705 3894 2895 3948 passus
2937 3888 3019 3934 est
3050 3875 3236 3951 (Hebr.
3266 3876 3409 3951 xm).
3432 3896 3451 3930 ι
3484 3877 3553 3934 Et

1965 3972 2103 4026 bene
2139 3972 2393 4026 convenit
2436 3971 2564 4027 huic
2592 3971 2872 4041 mysterio,
2915 3971 3056 4041 quod
3097 3971 3150 4026 in
3194 3972 3314 4028 loco
3341 3972 3445 4027 hoc
3490 3971 3549 4026 in

1966 4073 2074 4129 quo
2108 4058 2382 4114 linxerunt
2423 4074 2587 4116 canes
2630 4060 2948 4131 sanguinem
2981 4058 3213 4127 Nabotb,
3253 4061 3548 4116 secundum

1967 4150 2240 4220 prophetae
2280 4149 2622 4215 sententiam,
2671 4150 2979 4205 lambebant
3022 4150 3185 4207 etiam
3229 4149 3551 4220 sanguinem

1965 4239 2172 4305 Achab,
2204 4248 2259 4294 et
2286 4241 2338 4294 in
2369 4255 2501 4311 agro
2529 4238 2740 4294 Jezrael
2772 4256 2969 4296 carnes
2998 4243 3351 4296 comederunt
3390 4239 3549 4296 Jeza-

278 4331 493 4397 Achab,
538 4331 632 4400 qui
676 4330 1062 4399 interpretatur
1094 4329 1261 4399 frater
1286 4330 1491 4402 patris:
1519 4331 1747 4402 populus
1784 4332 1865 4385 vi—
1889 4379 1943 4402 η
1964 4330 2072 4395 bel,
2103 4331 2231 4401 quia
2272 4345 2396 4385 cum
2427 4345 2590 4385 canes
2626 4329 2736 4395 illi,
2779 4330 2846 4386 de
2874 4329 3071 4401 quibus
3112 4330 3375 4400 scriptum
3420 4338 3547 4388 est:

274 4422 482 4477 delicet
519 4419 794 4483 Iudaicus,
822 4419 889 4475 de
916 4435 1023 4489 quo
1053 4420 1301 4477 Christus
1335 4436 1553 4477 carnem
1588 4437 1867 4478 assumere

273 4514 542 4584 dignatus
580 4520 695 4576 est;
730 4528 751 4562 ι
779 4517 841 4564 ιιι
868 4510 1085 4567 fecisset
1129 4512 1184 4565 in
1225 4526 1290 4565 ea
1319 4512 1534 4566 hortum
1580 4511 1810 4576 olerum,
1840 4531 1859 4566 ι

272 4607 388 4661 hoc
436 4612 523 4659 est
562 4610 621 4656 ut
655 4602 745 4658 ubi
796 4601 980 4656 vinum
1026 4602 1211 4672 gratim
1259 4601 1517 4672 spiritalis
1563 4604 1869 4670 germinare

269 4694 510 4759 debuit,
557 4693 631 4747 ibi
673 4691 882 4762 fragilia
929 4705 1159 4762 qumque
1188 4692 1434 4762 dogmata
1469 4706 1568 4763 per
1595 4690 1869 4747 Pharisai-

267 4803 406 4843 cam
432 4783 871 4856 superstitionem
898 4781 1334 4852 transplantaret.
1362 4782 1468 4837 Sed
1488 4781 1700 4837 Naboth
1726 4784 1867 4839 hanc

264 4878 503 4932 vineam
548 4875 678 4929 dare
722 4872 955 4937 nolenti,
1000 4872 1053 4926 id
1090 4882 1172 4927 est
1219 4871 1436 4927 Christo
1470 4873 1865 4928 Pharisaeorum

263 4966 765 5042 superstitionibus
790 4981 897 5020 non
934 4966 1310 5029 consentienti,
1344 4966 1505 5036 impia
1551 4982 1686 5023 uxor
1719 4965 1870 5021 Ieza-

262 5064 399 5128 bel,
450 5064 559 5119 hoc
601 5070 687 5116 est
734 5059 1014 5132 Synagoga
1066 5059 1373 5115 Iudaeorum
1426 5061 1736 5117 machinata
1783 5068 1869 5115 est

259 5165 539 5215 mortem.
587 5152 986 5221 Interpretatur
1037 5152 1180 5206 enim
1228 5150 1443 5208 Iezabel
1496 5153 1866 5218 cohabitatrix,

259 5244 392 5300 sive
440 5241 624 5312 ﬂuxus
659 5255 846 5303 vanus,
891 5239 1033 5309 quod
1071 5240 1209 5294 bene
1251 5241 1503 5295 convenit
1549 5239 1867 5311 Synagogze,

258 5349 397 5405 qum
448 5331 703 5386 habitare
750 5329 1033 5384 videbatur
1063 5329 1115 5383 in
1160 5329 1319 5384 domo
1362 5329 1602 5395 Domini,
1643 5331 1737 5386 sed
1773 5346 1870 5401 per

259 5425 434 5479 varia
462 5419 733 5477 desideria
761 5419 1016 5473 vanitatis
1055 5416 1340 5475 defluebat.
1372 5418 1515 5475 Misit
1555 5435 1683 5492 ergo
1714 5420 1869 5475 Ieza-

256 5513 353 5570 bel
412 5510 633 5566 litteras
678 5507 748 5563 ad
777 5508 1012 5578 majores
1054 5518 1206 5574 natu,
1235 5518 1290 5564 et
1333 5511 1400 5565 ad
1447 5511 1735 5579 optimates
1777 5513 1865 5581 qui

258 5612 442 5665 erant
479 5601 532 5657 in
569 5600 817 5665 civitate,
846 5607 925 5661 ut,
953 5597 1376 5655 subintrmluctis
1420 5600 1570 5655 falsis
1620 5600 1866 5665 testibus,

822 5699 849 5725 l

1889 4379 1944 4439 D

1974 4441 1992 4474 ι
2017 4419 2498 4477 Circumdederunt
2526 4436 2612 4476 me
2639 4437 2803 4477 canes
2830 4420 2983 4475 multi
3014 4416 3189 4492 (Psal.
3217 4419 3355 4491 xm),
3376 4439 3395 4473 ι
3424 4436 3550 4477 san-

1970 4514 2185 4585 guinem
2228 4512 2606 4584 Redemptoris
2635 4512 2805 4569 nostri
2851 4512 3032 4583 lingua
3077 4520 3341 4568 venenata
3387 4527 3551 4583 expe-

1967 4604 2180 4668 tebant,
2231 4601 2334 4672 ipsi
2378 4603 2540 4658 etiam
2585 4618 2614 4656 a
2653 4602 2877 4659 canibus
2924 4598 3029 4657 illis
3063 4599 3132 4656 de
3181 4600 3379 4674 quibus
3416 4602 3547 4657 item

1969 4692 2248 4762 Scriptura
2294 4691 2427 4747 dicit
2466 4709 2478 4746 :
2524 4712 2542 4743 ι
2570 4688 2686 4746 Νοη
2734 4701 2817 4746 est
2848 4691 3046 4747 bonum
3094 4707 3307 4747 sumere
3353 4707 3550 4762 panem

1970 4781 2224 4847 ﬁliorum,
2256 4790 2311 4836 et
2334 4785 2548 4837 mittere
2572 4783 2796 4837 canibus
2822 4780 3035 4853 (Matth.
3063 4778 3174 4855 xv),
3195 4801 3214 4834 ι
3248 4785 3309 4837 ιιι
3332 4784 3551 4854 nequis-

1969 4873 2088 4928 simi
2144 4881 2387 4942 raptores
2435 4880 2490 4926 et
2538 4871 2938 4926 sceleratissimi
2989 4887 3328 4941 possessores
3378 4873 3549 4929 vinea-

1968 4960 2199 5026 Domini,
2232 4961 2286 5016 in
2312 4960 2500 5016 eodem
2526 4959 2645 5014 loco
2670 4972 2777 5028 quo
2805 4957 3063 5013 Dominus
3088 4972 3280 5029 passus
3302 4966 3408 5025 est,
3441 4967 3551 5014 tru-

1969 5054 2306 5119 cidabantur,
2351 5062 2406 5108 et
2451 5067 2644 5107 carnes
2684 5066 2871 5107 eorum
2904 5050 3095 5105 bestiis
3142 5060 3200 5105 et
3240 5051 3550 5107 volucribus

1968 5143 2307 5198 comedenda:
2339 5142 2706 5197 tradebantur.
2739 5140 2806 5195 Et
2830 5140 2904 5194 ita
2935 5139 3099 5209 impia
3132 5154 3265 5211 gens
3295 5141 3405 5205 illa,
3428 5155 3548 5211 qua:

1974 5232 2028 5289 in
2062 5234 2309 5305 passione
2336 5233 2547 5289 Domini
2577 5231 2800 5304 profana
2843 5246 2975 5288 voce
3020 5231 3327 5286 clamabat:
3363 5251 3382 5283 ι
3413 5231 3548 5286 San-

1973 5325 2093 5395 guis
2140 5323 2256 5393 ejus
2309 5325 2379 5380 sit
2429 5338 2592 5394 super
2643 5330 2743 5379 n'os
2795 5330 2850 5379 et
2901 5336 3064 5393 super
3129 5323 3270 5378 filios
3332 5330 3547 5377 nostros

1976 5414 2189 5486 (Matth.
2218 5416 2439 5486 xxvn),t
2468 5415 2665 5471 ibidem
2714 5416 3030 5487 sanguinem
3081 5430 3236 5469 suum
3284 5411 3544 5467 fetidissi-

1975 5522 2121 5565 mum
2153 5510 2350 5564 meruit
2375 5509 2543 5571 fundi,
2572 5509 2661 5565 ubi
2696 5507 3029 5564 Salvatorem
3070 5521 3224 5561 suum
3260 5501 3546 5571 expetebat

1974 5601 2165 5657 occidi.
2195 5600 2380 5655 Refert
2404 5599 2619 5671 quidem
2646 5598 2908 5669 Iosephus
2934 5597 3073 5667 quod
3098 5610 3160 5650 ex
3192 5594 3336 5648 omni
3361 5591 3541 5655 Iudaea
