3902 6146
208 472 1230 492 Om“..-

999 334 1353 389 COMMENT.
1391 335 1456 389 IN
1496 337 1742 394 LIBROS
1779 339 1844 393 IV
1882 335 2142 391 REGUM.
2181 365 2246 374 —
2284 334 2351 390 IN
2387 334 2512 389 LIB.
2551 334 2638 389 IV.

3327 339 3430 399 εἰς

1429 590 1536 663 IN
1607 591 1994 666 LIBRUM
2060 594 2198 668 IV.

1594 772 1982 785 -——

708 874 936 930 CAPUT
975 875 1256 929 PRIMUM.

196 991 267 1056 De
295 988 524 1042 Ochozia
549 1003 688 1056 rege,
719 987 806 1056 qui
838 986 1020 1040 cecidit
1046 1002 1147 1056 per,
1161 985 1418 1056 cancellos
1436 986 1621 1039 domus
1640 1003 1768 1051 sum,

260 1071 304 1114 et
333 1075 428 1128 pro
461 1060 559 1110 hac
581 1054 890 1128 inﬁrmitate
914 1054 1149 1128 misitad
1176 1054 1551 1128 consulendum
1577 1055 1773 1109 idolum

259 1125 532 1190 Acheron;
559 1126 698 1178 unde
724 1127 892 1177 iratus
923 1125 1177 1177 Dominus
1207 1141 1300 1194 per
1323 1125 1621 1194 prophetam
1653 1142 1775 1178 con-

261 1202 418 1268 digna
447 1198 495 1249 ei
529 1196 818 1265 respondit.

265 1329 412 1396 (CAP.
445 1326 512 1397 ι.)
547 1345 565 1375 ι
597 1325 992 1379 Ρηενεπίοτιιυε
1014 1335 1097 1379 est
1121 1333 1297 1378 autem
1331 1325 1485 1380 Moab
1517 1327 1568 1381 in
1592 1327 1774 1395 Israel,

206 1438 221 1474 ι
261 1426 546 1486 postquam
578 1424 824 1468 mortuus
848 1423 931 1481 est
957 1413 1162 1475 Achab.
1186 1413 1495 1484 Ceciditque
1517 1417 1778 1474 chozias

206 1523 222 1554 ι
262 1521 352 1574 per
370 1503 642 1556 cancellos
668 1502 932 1557 cmuaculi
961 1504 1065 1568 sui,
1097 1504 1240 1573 quod
1263 1504 1501 1560 habebat
1527 1507 1578 1560 in
1595 1507 1780 1560 Sama-

205 1617 220 1646 ι
267 1597 362 1658 ria,
399 1605 456 1648 et
482 1595 802 1664 aegrotavit;
829 1594 1082 1663 misitque
1107 1595 1324 1648 nuntios
1346 1596 1531 1650 dicens
1558 1599 1624 1650 ad
1646 1613 1739 1652 eos
1764 1615 1776 1651 :

207 1707 222 1737 ι
265 1687 358 1751 Ite,
392 1686 661 1754 consulite
678 1683 1002 1749 Beelzebub,
1031 1685 1189 1738 deum
1212 1685 1478 1752 Accaron,
1508 1696 1686 1741 utrum
1709 1689 1782 1742 vi-

207 1795 223 1826 I
266 1792 388 1830 vere
412 1791 609 1845 queam
633 1775 698 1829 de
718 1773 1032 1829 infirmitate
1053 1789 1173 1828 mea
1201 1775 1320 1828 hac.
1341 1775 1576 1845 Angelus
1601 1786 1780 1832 autem

207 1888 223 1918 ι
265 1868 480 1921 Doniini
515 1866 727 1920 locutus
769 1875 854 1920 est
884 1865 951 1919 ad
993 1864 1165 1919 Ellam
1201 1864 1524 1933 Thesbiten,
1558 1867 1777 1924 dicens:

207 1979 223 2005 ι
268 1958 444 2027 Surge
485 1966 544 2010 et
579 1956 811 2010 ascende
858 1956 910 2009 in
959 1970 1244 2031 occursum
1291 1957 1598 2010 nuntiorum
1640 1959 1782 2029 regis

206 2069 223 2100 ι
263 2035 529 2102 Samaria:
554 2054 609 2100 et
634 2046 782 2100 dices
806 2047 872 2098 ad
896 2061 990 2100 eos
1013 2061 1027 2099 :
1049 2045 1302 2114 Nunquid
1328 2064 1434 2104 non
1457 2053 1540 2102 est
1564 2049 1704 2104 Deus
1728 2049 1780 2102 in

208 2160 224 2190 ι
265 2139 432 2194 Israel
457 2179 472 2202 ,
501 2146 563 2192 ut
588 2138 726 2192 eatis
755 2137 823 2192 ad
853 2139 1240 2194 consulendum
1285 2142 1582 2197 Beelzebub
1620 2142 1780 2207 deum

1798 883 1844 939 Α
1875 879 2110 932 remedia
2144 878 2384 940 invenire
2414 895 2519 938 non
2556 884 2770 937 meruit.
2799 883 3051 954 Confugit
3089 884 3232 938 enim
3255 925 3270 948 ,
3301 885 3442 939 sicut

1873 983 1968 1021 rex
2012 968 2207 1036 impius
2236 967 2390 1034 fecit,
2433 971 2500 1038 ad
2531 970 2787 1026 falsorum
2828 974 3046 1029 deorum
3091 973 3362 1040 pnesidia,
3409 991 3440 1028 a

1873 1057 2067 1125 quibus
2103 1057 2276 1138 magis
2302 1058 2458 1113 laesus
2481 1075 2643 1128 quam
2678 1061 2890 1129 adjutus
2917 1073 3016 1118 est.
3044 1064 3112 1117 Et
3156 1065 3273 1118 ideo
3315 1079 3441 1132 pro-

1874 1147 2089 1216 phetico
2114 1165 2208 1202 ore
2235 1150 2541 1218 corripitur,
2583 1161 2638 1205 et
2683 1152 2747 1206 de
2793 1151 2909 1220 ejus
2949 1163 3121 1208 morte
3162 1156 3335 1210 vicina
3367 1156 3443 1210 illi

1876 1237 2202 1306 praedicitur.
2226 1238 2361 1293 l-linc
2385 1254 2482 1308 per
2506 1239 2695 1294 Isaiam
2725 1241 2952 1297 dicitur:
2993 1263 3011 1294 ‹
3050 1245 3115 1298 Ει
3143 1260 3264 1298 tum
3295 1247 3444 1300 dixe-

1878 1326 1986 1378 rint
2019 1327 2085 1380 ad
2111 1343 2206 1382 vos
2235 1346 2245 1379 :
2273 1328 2506 1394 Quaerite
2535 1347 2566 1384 a
2592 1331 2922 1402 Pythonibus
2951 1342 3005 1388 et
3037 1351 3066 1388 a
3103 1336 3318 1402 divinis,
3348 1338 3439 1406 qui

1878 1415 2105 1469 strident
2135 1415 2187 1470 in
2220 1417 2673 1474 incantationibus
2700 1421 2832 1486 suis,
2863 1423 3103 1490 nunquid
3141 1439 3249 1477 non
3278 1439 3446 1494 popu-

1877 1504 1961 1558 lus
1989 1505 2227 1573 requiret
2252 1520 2282 1559 a
2307 1505 2416 1560 Deo
2445 1523 2543 1562 suo
2571 1509 2833 1564 visionem
2855 1526 2953 1580 pro
2974 1512 3112 1566 vivis
3136 1528 3166 1565 a
3187 1515 3446 1568 mortuis?

1879 1593 1960 1647 Ad
2001 1593 2172 1664 legem
2214 1597 2384 1667 magis
2425 1606 2481 1650 et
2519 1598 2587 1651 ad
2637 1600 3023 1656 testimonium.
3061 1601 3214 1668 Quod
3259 1605 3306 1657 si
3340 1620 3445 1659 non

1882 1683 2114 1738 dixerint
2129 1685 2281 1755 juxta
2307 1688 2529 1749 verbum
2557 1689 2678 1754 hoc,
2701 1705 2805 1745 non
2831 1691 2935 1744 erit
2960 1692 3038 1746 eis
3061 1695 3320 1748 matutina
3336 1694 3446 1750 lux.

1881 1777 1948 1830 Et
1974 1779 2222 1834 transibit
2243 1795 2338 1850 per
2359 1796 2502 1846 eam,
2532 1792 2749 1838 corruet
2772 1792 2828 1840 et
2846 1787 3064 1848 esuriat.
3093 1787 3159 1841 Et
3187 1804 3306 1843 cum
3329 1805 3447 1844 esu-

1881 1868 2054 1933 rierit,
2087 1868 2370 1936 irascetur,
2403 1879 2459 1926 et
2482 1872 2765 1929 maledicet
2811 1876 2925 1946 regi
2966 1892 3064 1931 suo
3098 1887 3152 1931 et
3184 1877 3292 1932 Deo
3327 1895 3444 1933 suo.

1882 1956 1950 2010 Et
1977 1958 2232 2026 suspiciet
2251 1975 2486 2027 sursum,
2509 1970 2563 2015 et
2585 1961 2650 2016 ad
2673 1970 2874 2018 terram
2904 1965 3218 2020 intuebitur.
3234 1967 3301 2020 Et
3325 1982 3450 2022 ecce

1886 2047 2158 2102 tribulatio
2186 2058 2240 2108 et
2267 2052 2522 2116 tenebrae,
2543 2052 2842 2120 dissolutio,
2868 2063 2922 2110 et
2949 2057 3225 2126 angustia,
3267 2068 3320 2112 et
3360 2075 3450 2113 ca-

1883 2137 1989 2209 ligo
2021 2153 2354 2209 persequens
2376 2182 2390 2207 ,
2417 2152 2471 2198 et
2501 2159 2605 2198 non
2631 2147 2832 2214 poterit
2855 2146 3073 2201 avoiare
3110 2147 3176 2203 de
3203 2150 3450 2218 angustia

207 2251 226 2282 ι
266 2229 554 2284 Accaron?
576 2228 750 2295 Quam
795 2227 866 2282 ob
901 2244 1015 2282 rem
1050 2230 1168 2284 haec
1204 2230 1334 2285 dicit
1364 2231 1624 2298 Dominus
1653 2249 1666 2285 :
1707 2230 1784 2287 De
1813 2223 1858 2282 B
1886 2245 1980 2284 sua
2013 2230 2147 2301 (Isa.
2173 2231 2312 2300 vm).
2345 2251 2363 2284 ι
2394 2232 2500 2304 (Ea:
2521 2233 2776 2305 Isidoro.)
2801 2234 3072 2289 Mittitrex
3104 2236 3294 2306 impios
3317 2239 3450 2292 duos

207 2340 227 2374 ι
269 2322 468 2376 lectqu
494 2335 658 2390 super
681 2335 843 2388 quem
870 2321 1180 2387 ascendisti,
1207 2337 1313 2376 non
1345 2322 1656 2388 descendes,
1688 2323 1782 2378 sed

208 2434 226 2467 ι
268 2423 444 2470 morte
472 2413 748 2477 morieris,
778 2423 882 2466 etc.
924 2432 942 2465 ι
983 2412 1191 2482 Mortuo
1222 2431 1436 2490 quoque
1468 2415 1784 2485 impiissimo

207 2522 322 2578 rege
347 2505 562 2570 Achab,
591 2506 788 2576 impius
811 2506 985 2560 haeres
1011 2505 1062 2560 ei
1101 2509 1392 2573 successit,
1428 2507 1568 2564 filius
1603 2509 1784 2578 utique

205 2601 312 2669 ejus
339 2598 637 2663 Ochozias,
669 2599 734 2653 de
764 2614 871 2666 quo
905 2597 1183 2667 Scriptura
1212 2609 1398 2661 narrat
1420 2601 1563 2671 quod
1592 2602 1784 2656 fecerit

207 2690 400 2742 malum
431 2689 488 2756 in
516 2697 811 2759 conspectu
837 2688 1086 2755 Domini,
1118 2699 1172 2744 et
1200 2690 1560 2759 ambulaverit
1598 2692 1651 2746 in
1697 2693 1781 2746 via

205 2780 367 2850 patris
392 2779 478 2835 sui
503 2788 560 2834 et
588 2779 779 2833 matris
810 2793 937 2842 suae,
966 2789 1020 2833 et
1051 2780 1103 2833 in
1134 2781 1219 2834 via
1251 2781 1536 2840 Jeroboam
1561 2781 1653 2837 lilii
1681 2782 1786 2838 Na-

207 2862 348 2936 bath,
374 2874 466 2941 qui
498 2857 727 2940 peccare
752 2869 879 2925 fecit
902 2871 1088 2926 Israel.
1119 2871 1354 2928 Servivit
1379 2889 1597 2946 quoque
1621 2874 1749 2930 Baal
1769 2918 1784 2942 ,

204 2979 253 3021 et
290 2963 548 3019 adoravit
579 2978 726 3028 eum,
769 2971 825 3017 et
861 2963 1097 3018 irritavit
1126 2965 1409 3020 Dominum
1430 2968 1596 3020 Deum
1624 2967 1784 3023 Israel

200 3058 345 3138 juxta
371 3057 559 3112 omnia
583 3070 703 3124 quae
725 3053 928 3108 fecerat
951 3065 1108 3124 pater
1129 3054 1265 3123 ejus.
1293 3058 1398 3112 Sed
1423 3073 1530 3112 non
1552 3057 1641 3112 diu
1662 3075 1786 3127 pro-

206 3161 351 3218 spere
380 3147 528 3216 egit,
559 3146 684 3214 quia
727 3160 825 3213 per
862 3145 1130 3199 cancellos
1177 3147 1437 3201 caenaculi
1485 3150 1598 3211 sui,
1644 3149 1785 3217 quod

208 3239 434 3291 habebat
462 3237 520 3289 in
549 3235 814 3299 Samaria,
853 3235 1076 3299 cecidit,
1119 3245 1172 3290 et
1197 3239 1506 3308 :egrotavit;
1537 3240 1789 3310 misitque

207 3329 420 3388 nuntios
450 3327 521 3380 ad
548 3325 870 3388 Beelzebub,
897 3325 1055 3379 deum
1075 3326 1338 3390 Accaron,
1365 3337 1422 3380 ut
1446 3329 1789 3393 consulerent

207 3433 319 3473 cum
365 3425 555 3472 utrum
599 3416 781 3470 vivere
827 3425 1010 3484 posset
1057 3414 1126 3470 de
1177 3419 1279 3471 hac
1312 3417 1648 3474 inﬁrmitate.
1690 3420 1788 3483 Cui

208 3527 320 3565 cum
351 3509 522 3573 Elius,
555 3507 763 3562 nuntiis
791 3508 902 3561 suis
932 3507 1176 3571 obvians,
1209 3509 1274 3562 de
1296 3518 1469 3563 morte
1496 3511 1674 3564 vicina
1705 3527 1792 3566 re-

208 3603 530 3672 spondisset,
552 3599 702 3653 misit
722 3597 789 3653 ad
809 3613 931 3654 eum
957 3600 1470 3669 qu'nquagenarium
1495 3603 1792 3671 principem

210 3680 322 3747 cum
347 3692 616 3758 militibus
645 3692 744 3746 sibi
778 3691 1056 3762 subjectis,
1081 3701 1140 3746 ut
1165 3709 1286 3747 eum
1313 3693 1662 3750 adducerent.
1685 3693 1791 3752 Sed

211 3786 287 3838 bis
310 3786 430 3858 igne
452 3783 666 3838 caelesti
683 3784 1037 3852 consumptis,
1061 3785 1255 3841 iterum
1278 3785 1424 3840 misit
1449 3786 1612 3840 alium
1634 3788 1795 3857 quin-

208 3875 619 3944 quagenarium,
653 3875 742 3942 qui
773 3873 1024 3928 similiter
1055 3891 1178 3942 cum
1205 3877 1316 3932 suis
1342 3879 1658 3933 combustus
1688 3888 1791 3934 est.

212 3963 344 4017 Μὶεἰι
376 3972 429 4017 et
461 3965 708 4026 tertium,
741 3965 831 4044 qui
861 3973 1169 4021 reservatus
1198 3975 1297 4021 est.

275 4075 457 4144 Itaque
503 4089 594 4128 rex
647 4075 748 4128 iste
778 4077 1028 4146 populum
1078 4075 1414 4142 Judzeorum,
1460 4089 1515 4133 et
1563 4081 1796 4135 maxime

211 4169 477 4236 principes
515 4166 806 4236 signiﬁcat,
829 4169 920 4237 qui
948 4170 1182 4245 peccatis
1205 4177 1258 4224 et
1277 4170 1422 4235 vitiis
1443 4171 1631 4236 dediti,
1657 4171 1797 4226 veri-

213 4266 367 4326 tatem
417 4273 447 4310 a
493 4271 550 4310 se
583 4255 945 4326 repellebant,
980 4259 1088 4314 imo
1118 4261 1606 4328 persequebantur.
1641 4259 1796 4314 Unde

211 4347 399 4417 legitur
427 4347 482 4412 in
514 4347 826 4414 Evangelio,
872 4348 1014 4416 quod
1046 4368 1063 4399 ι
1101 4349 1369 4409 miserunt
1413 4351 1689 4420 principes
1735 4357 1798 4404 et

211 4436 464 4490 Pharismi
493 4436 792 4506 ministros,
817 4445 875 4491 ut
897 4439 1364 4509 apprehenderent
1389 4439 1576 4496 Jesum
1605 4441 1790 4512 (Joan.

209 4531 323 4599 vn).
361 4550 377 4578 ι
413 4529 480 4582 Et
532 4529 700 4582 item:
734 4546 752 4578 ι
785 4516 1109 4595 Quaerebam
1150 4546 1279 4602 ergo
1328 4547 1452 4586 eum
1495 4534 1797 4603 apprehen-

212 4621 360 4683 dere,
390 4629 446 4675 et
477 4635 642 4673 nemo
670 4619 819 4673 misit
845 4620 898 4674 in
928 4620 1076 4674 illum
1120 4637 1348 4685 manus,
1391 4626 1517 4693 quia
1559 4623 1798 4677 nondum

208 4721 433 4766 venerat
451 4711 588 4763 hora
615 4710 765 4778 ejus;
797 4719 852 4764 et
892 4710 1028 4781 fugit
1073 4712 1126 4766 in
1175 4720 1411 4768 montem
1459 4714 1603 4784 solus
1640 4728 1800 4768 orare

213 4804 424 4874 (Ibid).
456 4803 526 4858 Et
550 4804 747 4856 iterum
776 4820 788 4854 :
823 4819 842 4852 ι
874 4800 1278 4873 Cogitaverunt,
1315 4804 1412 4870 ait,
1445 4812 1504 4858 ut
1525 4803 1798 4858 interﬁce-

1883 2321 2396 2392 quinquagenarios,
2419 2338 2538 2378 cum
2561 2323 2788 2378 subditis
2810 2325 2912 2378 sibi
2932 2325 3208 2389 militibus,
3231 2335 3288 2380 ut
3308 2327 3452 2380 exhi-

1880 2409 2042 2462 beant
2070 2409 2260 2474 Eliam,
2289 2411 2381 2480 qui
2412 2412 2594 2467 divino
2639 2413 2762 2483 igne
2811 2414 3113 2483 consumpti
3152 2424 3296 2468 sunt.
3321 2413 3453 2468 Ter-

1886 2497 1988 2553 tius
2030 2508 2209 2554 autem
2251 2500 2448 2555 missus
2476 2501 2731 2561 salvatur.
2767 2501 3266 2574 Quinquagenarius
3297 2520 3451 2558 nam-

1883 2609 1988 2661 que
2015 2609 2269 2649 numerus
2299 2594 2566 2650 confessio
2591 2597 2921 2665 pcenitentize
2944 2605 3050 2663 est,
3079 2613 3186 2666 quo
3218 2596 3458 2651 declara-

1885 2692 1975 2737 tur
2013 2685 2260 2740 remissio
2287 2694 2655 2756 peccatorum.
2683 2684 2853 2740 Judaei
2876 2701 3006 2757 ergo
3031 2686 3274 2741 nolentes
3303 2686 3458 2741 ειπε-

1885 2784 2024 2830 stum
2056 2775 2224 2829 Deum
2249 2792 2369 2831 esse
2399 2775 2717 2846 perfectum,
2753 2793 2853 2831 nec
2883 2778 3176 2847 principem
3201 2777 3459 2846 pmnitcn-

1893 2865 1998 2926 tiae,
2028 2865 2215 2918 dicunt
2240 2865 2306 2921 ad
2329 2881 2450 2920 eum
2477 2884 2489 2919 :
2520 2886 2537 2916 ε
2576 2865 2968 2937 Quinquaginta
3017 2882 3187 2922 annos
3223 2869 3457 2923 nondum

1886 2956 2073 3019 habes,
2101 2965 2153 3009 et
2174 2955 2445 3010 Abraham
2471 2957 2649 3015 vidisti
2679 2955 2859 3028 (Joan.
2880 2958 2999 3030 vui)
3019 2958 3042 3009 ?
3065 2979 3082 3010 ι
3112 2958 3174 3012 Hi
3203 2958 3254 3011 in
3278 2957 3457 3012 futuro

1890 3045 2052 3098 divini
2090 3046 2229 3115 ignis
2261 3046 2508 3100 inccndio
2549 3047 2977 3117 exstinguentur.
3020 3048 3233 3102 Tertius
3273 3056 3452 3106 autem

1889 3135 2400 3206 quinquagenarius,
2437 3137 2560 3205 quia
2591 3153 2881 3192 conversus
2918 3139 2984 3191 ad
3020 3139 3176 3194 fidem
3219 3139 3455 3196 Trinita-

1890 3228 1982 3292 tis,
2012 3227 2344 3297 pcenitentitc
2371 3237 2709 3285 sacramenta
2749 3231 3028 3300 cognovit,
3074 3231 3458 3301 indulgentiam

1892 3320 2106 3373 meruit.

2514 3408 2739 3464 CAPUT
2778 3409 2841 3464 Il.

1895 3516 1972 3570 De
1994 3517 2326 3592 _raptu_,_Elia:
2353 3534 2445 3587 per
2471 3519 2724 3592 turbinem
2751 3521 2806 3592 in
2831 3521 3034 3592 malum,
3065 3532 3111 3576 et
3143 3523 3205 3577 de
3232 3523 3465 3592 postula-

1965 3589 2104 3641 tione
2132 3587 2296 3642 Elisei
2320 3605 2423 3709 qua
2453 3587 2728 3657 postulavit
2758 3590 3014 3659 duplicem
3053 3587 3293 3656 spiritum
3329 3594 3462 3648 Elia!

1965 3658 2020 3709 in
2049 3674 2102 3709 se
2131 3657 2265 3709 ﬁeri.
2298 3658 2330 3709 ἃ
2357 3658 2612 3709 iraculum
2645 3657 2806 3709 Elisei
2841 3661 2896 3709 in
2930 3659 3141 3709 Iericho
3162 3703 3174 3709 -
3200 3663 3286 3709 ubi
3313 3664 3458 3709 inm-

1964 3658 2020 3710 in
2049 3674 2102 3710 se
2128 3657 2265 3725 ﬁeri.
2298 3657 2612 3711 Mirandum
2645 3657 2806 3714 Elisei
2833 3657 2896 3714 in
2930 3659 3141 3715 Iericho
3162 3703 3174 3723 ,
3200 3663 3286 3715 ubi
3313 3664 3458 3714 inro-

1965 3728 2097 3800 cavit
2126 3727 2408 3783 Dominum
2432 3739 2493 3800 iet
2534 3733 2780 3784 convertit
2816 3749 2980 3800 aquas
3016 3733 3068 3784 in
3106 3731 3462 3795 dulcedinem;

1964 3807 2010 3870 et
2034 3799 2099 3870 de
2118 3801 2290 3867 pueris
2311 3800 2401 3870 qui
2422 3799 2594 3870 Eliseo
2615 3801 3059 3866 conviciabantur,
3082 3812 3128 3854 et
3144 3813 3410 3870 propterea
3432 3819 3464 3853 (ι

1966 3868 2169 3921 duobus
2200 3868 2334 3922 ursis
2359 3869 2574 3922 lacerati
2596 3880 2736 3956 sunt.

1969 3977 2116 4050 (CAP.
2149 3980 2232 4050 tt.)
2268 3997 2286 4031 ‹
2324 3979 2547 4034 Factum
2585 3988 2668 4036 est
2689 3989 2866 4035 autem
2889 4021 2904 4045 ,
2949 3996 3070 4035 cum
3100 3994 3277 4035 levare
3307 3981 3463 4035 vellet

1902 4090 1918 4120 ε
1970 4072 2222 4126 Dominus
2245 4071 2415 4126 Ellam
2446 4087 2542 4140 per
2569 4073 2836 4126 turbinem
2859 4073 2912 4126 in
2941 4071 3160 4135 omium,
3188 4072 3301 4126 ibat
3322 4072 3464 4126 Elias

1903 4179 1922 4211 ί
1969 4171 2024 4215 et
2051 4161 2262 4217 Eliseus
2282 4163 2347 4217 de
2373 4161 2614 4232 Galgala.
2649 4163 2898 4231 Dixitque
2939 4161 3084 4216 Elias
3107 4162 3171 4216 ad
3198 4162 3460 4215 Eliseum:

1903 4273 1919 4304 ι
1968 4253 2107 4310 Sede
2137 4253 2245 4314 hic,
2272 4253 2394 4324 quia
2426 4252 2685 4308 Dominus
2709 4254 2854 4310 misit
2881 4269 2966 4308 me
2987 4267 3157 4321 usque
3176 4253 3228 4305 in
3256 4253 3458 4306 Bethel.

1903 4366 1920 4397 (
1968 4345 2064 4400 Cui
2096 4344 2170 4398 ait
2197 4343 2406 4398 Eliseus
2443 4342 2626 4397 :Vivit
2670 4343 2962 4403 Dominus.
3008 4352 3063 4396 et
3109 4342 3239 4394 vivit
3286 4342 3462 4394 anima

1903 4458 1920 4490 ι
1966 4447 2086 4501 tua;
2117 4437 2240 4506 quia
2277 4452 2385 4490 non
2413 4435 2780 4504 derelinquam
2822 4443 2910 4498 te,
2943 4443 3050 4489 etc.
3086 4455 3104 4486 ι
3139 4433 3247 4503 (Ex
3269 4430 3464 4503 Grego-

1897 4527 2022 4599 rio.)
2054 4525 2191 4593 Quid
2222 4533 2322 4587 est,
2357 4525 2498 4595 quod
2528 4523 2672 4581 Elias
2699 4523 2765 4578 ad
2795 4522 2992 4576 malum
3021 4530 3208 4591 raptus
3233 4521 3468 4576 dicitur?

1897 4617 2275 4689 Nunquidnam
2327 4631 2448 4671 eum
2487 4615 2674 4678 adhuc,
2700 4614 2755 4668 in
2796 4613 2898 4668 bac
2928 4626 3093 4667 carne
3131 4611 3466 4680 corruptibili

1898 4707 2133 4776 positum
2163 4707 2231 4760 ad
2261 4705 2406 4760 illius
2433 4719 2655 4759 summae
2683 4701 2880 4772 quietis
2907 4703 3088 4758 sinum
3125 4711 3250 4756 ante
3284 4715 3440 4755 resur

1899 4799 2195 4853 rectionem
2239 4797 2715 4864 ascensionemque
2758 4795 2974 4848 Domini
3024 4795 3295 4850 credimus
3347 4807 3466 4848 esse

211 4905 329 4960 rent
375 4909 520 4948 eum.
552 4891 710 4948 Jesus
752 4907 882 4962 ergo
903 4892 1015 4969 jam
1050 4909 1157 4946 non
1184 4894 1238 4946 in
1277 4893 1454 4963 palam
1485 4893 1795 4948 ambulabat
1820 4913 1873 4971 D
1898 4888 2252 4957 perductum?
2276 4886 2381 4941 Sed
2397 4884 2542 4939 aliud
2559 4883 2852 4938 cstcmlum
2874 4898 3108 4944 aereum,
3136 4881 3276 4937 aliud
3298 4883 3468 4936 atthe-

210 4986 352 5054 apud
381 4983 629 5050 Judzeos,
656 4985 749 5044 sed
779 4985 910 5036 abiit
939 4985 991 5038 in
1019 4983 1293 5054 regionem
1318 4983 1475 5053 juxta
1518 4984 1793 5041 desertum

210 5077 266 5130 in
291 5076 570 5128 civitatem
598 5114 612 5138 ,
644 5089 764 5141 qua:
793 5074 988 5127 dicitur
1015 5074 1248 5143 Ephrem
1293 5075 1474 5138 (Joan.
1513 5075 1612 5145 ιι).
1645 5094 1662 5126 ι
1695 5075 1798 5128 Do-

213 5184 334 5241 mus
384 5182 516 5237 ergo
562 5165 812 5221 choziae
857 5165 1138 5236 Synagoga
1178 5175 1263 5220 est
1292 5165 1596 5221 Iudaeorum
1623 5207 1636 5231 ,
1675 5183 1798 5236 qua:

211 5261 480 5332 legalibus
504 5258 791 5329 praeceptis
812 5258 966 5329 quasi
988 5257 1245 5320 cancellis
1268 5258 1532 5312 etenaculi
1561 5257 1799 5325 undique

211 5336 552 5408 circumdata
602 5357 741 5416 erat.
776 5348 881 5403 Sed
911 5349 1056 5416 sicut
1083 5347 1351 5404 Oebozias
1395 5366 1492 5419 per
1534 5351 1804 5405 cancellos

211 5443 409 5513 quibus
456 5439 596 5494 tueri
627 5438 813 5493 debuit
849 5454 1012 5491 ruens
1047 5439 1421 5508 aegritudinem
1462 5439 1680 5493 nimiam
1715 5439 1800 5492 in-

211 5536 429 5598 currit,
472 5533 547 5586 ita
584 5541 640 5586 et
685 5529 912 5599 populus
958 5528 1295 5594 Judarorum,
1331 5531 1460 5600 legis
1495 5531 1797 5585 custodiam

212 5618 504 5698 egrediens
530 5659 544 5682 ,
575 5617 629 5671 in
673 5615 986 5684 languorem
1019 5616 1410 5684 desperabilem
1453 5627 1798 5686 peccatorum

212 5713 432 5783 cecidit.
465 5710 566 5767 Ubi
593 5707 725 5780 quia
753 5705 932 5761 divina
960 5706 1208 5776 praesidia
1255 5707 1576 5776 dereliquit,
1611 5706 1800 5762 salutis

1901 4993 2076 5032 reum.
2116 4977 2324 5032 Caelum
2351 4976 2546 5045 quippe
2581 4989 2799 5028 aereum
2835 4981 2994 5027 terra:
3009 4972 3319 5042 proximum
3353 4981 3467 5035 est,

1901 5070 2044 5123 unde
2080 5077 2136 5122 et
2175 5085 2292 5122 aves
2313 5067 2424 5121 caeli
2449 5067 2679 5121 dicimus
2702 5063 2918 5136 (Matth.
2949 5079 3020 5126 v1,
3045 5063 3161 5130 vm)
3183 5103 3199 5126 ,
3223 5062 3344 5132 quia
3371 5077 3470 5116 eas-

1901 5161 2128 5216 volitare
2158 5159 2213 5213 in
2247 5174 2374 5213 aere
2401 5159 2664 5212 videmus.
2707 5157 2764 5210 in
2796 5157 2991 5211 cmlum
3032 5157 3212 5223 itaque
3233 5142 3468 5211 'aereum

1904 5251 2048 5304 Elias
2073 5248 2382 5304 sublevatus
2407 5257 2512 5311 est,
2543 5255 2602 5300 ut
2632 5247 2686 5300 in
2714 5255 2975 5300 secretam
3002 5245 3287 5314 quamdam
3315 5254 3473 5299 terrae

1906 5340 2178 5410 regionem
2210 5345 2430 5406 repente
2457 5337 2760 5404 duceretur,
2795 5335 2884 5388 ubi
2915 5336 2969 5388 in
3003 5350 3192 5404 magna
3216 5333 3330 5402 jam
3355 5351 3476 5389 car-

1903 5431 1988 5485 nis
2023 5438 2078 5484 et
2112 5430 2332 5499 spiritus
2374 5428 2558 5498 quiete
2607 5428 2846 5490 viveret,
2892 5440 3171 5494 quousque
3211 5426 3274 5479 ad
3311 5425 3470 5478 linem

1905 5521 2090 5576 mundi
2128 5523 2331 5582 redeat,
2362 5527 2415 5574 et
2446 5517 2636 5572 mortis
2660 5515 2896 5571 debitum
2925 5515 3114 5570 solvat.
3156 5514 3472 5568 Subievatus

1906 5628 2139 5684 namque
2166 5613 2330 5673 Elias,
2364 5610 2746 5665 Ascensionem
2777 5607 3113 5662 Dominicam
3152 5604 3476 5672 designavit.

1910 5705 2002 5760 Ille
2047 5703 2190 5759 enim
2234 5711 2466 5758 mortem
2494 5700 2722 5765 distulit,
2768 5715 2872 5752 non
2917 5699 3107 5764 evasit,
3150 5695 3472 5769 Redemptor
