3912 6160
371 337 480 395 223

1032 331 1091 385 B.
1133 327 1385 386 RABANI
1424 326 1639 384 MAURI
1677 324 1993 381 ARCHIEP.
2037 321 2340 379 MOGUNT.
2381 321 2665 379 OPERUM
2701 320 2879 377 PARS
2917 321 2956 375 l.

3505 322 3617 376 εὶς

372 454 555 503 autem
593 456 778 501 noster
818 443 943 512 quia
981 456 1085 495 non
1115 439 1342 504 distulit,
1371 438 1675 509 superavit,
1716 450 1945 504 eamque
1972 440 2022 498 Α
2049 433 2279 487 stulandi
2315 433 2460 488 Elias
2486 441 2687 498 noster,
2712 449 2834 488 cum
2860 435 2912 487 in
2945 432 3234 503 Evangelio
3264 433 3431 488 dicit:
3463 454 3482 485 ‹
3516 435 3621 490 Pe-

374 535 703 609 resurgendo
747 532 1102 601 consumpsit,
1144 540 1199 583 et
1228 529 1638 583 resurrectionis
1685 541 1794 582 suae
1824 525 1942 597 glo-

373 628 510 682 riam
541 623 878 680 ascendendo
914 619 1226 675 declaravit.
1259 618 1563 673 Notandum
1601 631 1813 686 quoque
1858 623 1945 670 est

374 719 515 788 quod
539 716 681 769 Elias
708 715 759 767 in
791 729 951 767 curru
988 712 1181 782 legitur
1210 711 1547 776 ascendisse,
1590 719 1649 763 ut
1692 710 1949 765 videlicet

375 815 560 876 aperte
583 812 977 859 monstraretur
1004 803 1126 871 quia
1156 802 1317 855 homo
1338 818 1505 871 purus
1531 800 1797 869 adjutorio
1821 816 1945 870 ege-

374 897 467 950 bat
493 896 683 949 alieno.
710 893 813 948 Per
842 893 1060 964 angelos
1102 892 1301 961 quippe
1333 891 1420 945 illa
1456 890 1597 945 facta
1637 899 1692 945 et
1723 899 1941 951 ostensa

373 994 499 1041 sunt
523 984 852 1053 adjumenta,
880 984 1003 1053 quia
1035 998 1135 1036 nec
1163 984 1228 1036 ad
1259 982 1454 1036 corium
1489 982 1703 1051 quidem
1728 996 1945 1035 aereum

373 1090 470 1144 per
497 1090 555 1130 se
581 1074 869 1128 ascendere
895 1081 1124 1143 poterat,
1156 1087 1314 1141 quem
1343 1080 1549 1125 natura:
1578 1087 1688 1125 sua:
1716 1071 1946 1129 inﬁrmi-

373 1179 457 1222 tas
480 1169 755 1238 gravabat.
784 1166 1115 1235 Redemptor
1149 1172 1326 1217 autem
1368 1173 1553 1217 noster
1597 1179 1701 1216 non
1744 1179 1905 1219 curru
1928 1203 1942 1227 ,

373 1274 481 1312 non
525 1255 729 1326 angelis
770 1256 1080 1309 sublevatus
1122 1253 1335 1325 legitur,
1366 1255 1490 1322 quia
1531 1254 1578 1308 is
1616 1254 1707 1322 qui
1745 1252 1947 1307 fecerat

372 1349 575 1411 omnia,
608 1348 859 1402 nimirum
888 1363 1051 1416 super
1074 1347 1253 1401 omnia
1286 1361 1381 1401 sua
1414 1347 1609 1400 virtute
1650 1345 1941 1399 ferebatur.

372 1440 502 1494 illuc
546 1441 689 1494 enim
745 1443 1118 1495 revertebatur
1148 1441 1236 1499 ubi
1280 1449 1432 1504 erat,
1478 1449 1531 1494 et
1568 1440 1689 1493 inde
1738 1441 1948 1495 redibat

374 1531 462 1584 ubi
499 1529 851 1596 remanebat,
879 1533 1004 1600 quia
1031 1547 1153 1586 cum
1184 1548 1279 1601 per
1321 1533 1712 1586 humanitatem
1760 1549 1947 1590 ascen-

374 1621 527 1674 deret
553 1621 607 1674 in
642 1622 870 1687 coelum,
899 1637 995 1692 per
1025 1622 1363 1677 divinitatem
1404 1630 1459 1676 et
1495 1631 1692 1677 terram
1740 1624 1947 1693 pariter

372 1711 680 1765 euntinebat
717 1721 771 1767 et
800 1713 1014 1767 omium.
1050 1712 1203 1767 Sicut
1242 1724 1419 1768 autem
1454 1712 1648 1783 Josepb
1691 1730 1721 1767 a
1765 1713 1947 1769 fratri-

2048 525 2163 588 tite,
2190 533 2245 578 et
2265 525 2477 578 dabitur
2503 525 2653 578 vobis
2675 523 2889 591 (Matth.
2914 523 3033 597 vn).
3058 524 3119 576 Et
3149 523 3279 577 item
3314 538 3327 576 :
3371 544 3388 575 ι
3416 524 3624 591 Petite,

2044 615 2238 684 inquit,
2269 624 2324 669 et
2349 615 2646 684 accipietis,
2680 624 2738 669 ut
2764 614 3014 686 gaudium
3045 623 3280 669 vestrum
3312 615 3385 669 sit
3404 615 3626 685 plenum

2047 703 2228 777 (Joan.
2255 708 2389 777 XVI).
2429 727 2447 758 ι
2483 706 2593 760 Hac
2622 722 2751 776 ergo
2778 705 2973 759 ﬁducia
3014 714 3269 775 accepta,
3315 721 3347 760 a
3395 706 3627 762 Domino

2048 797 2283 866 postulat
2306 798 2551 862 Eliseus,
2605 797 2706 851 hoc
2743 806 2852 861 est,
2899 797 3126 866 populus
3161 797 3536 864 Christianus,
3564 808 3629 854 ut

2047 890 2139 943 ﬁat
2166 890 2399 958 Spiritus
2423 889 2623 943 Christi
2657 889 2851 958 duplex
2902 890 2952 942 in
2981 890 3092 954 eis,
3126 891 3228 944 hoc
3267 900 3381 955 est,
3428 891 3627 961 duplex

2046 979 2219 1050 gratia
2244 978 2477 1049 Spiritus
2503 979 2675 1033 sancti
2708 979 2761 1031 in
2802 979 3122 1034 remissione
3156 980 3341 1050 utique
3380 990 3632 1051 peccati»

2046 1087 2167 1125 rum
2197 1080 2252 1126 et
2292 1071 2580 1126 collatione
2598 1073 2878 1127 virtutum.
2893 1071 3220 1142 Redemptor
3233 1075 3398 1145 igitur
3418 1056 3627 1142 noster,

2050 1181 2069 1213 ι
2105 1165 2196 1232 qui
2233 1179 2336 1216 non
2367 1164 2553 1217 habuit
2580 1171 2892 1233 peccatum,
2932 1178 3106 1232 neque
3134 1173 3414 1229 peccatum
3458 1164 3622 1231 fecit,

2046 1266 2145 1307 nec
2170 1250 2322 1306 dolus
2352 1252 2602 1329 inventus
2630 1262 2711 1306 est
2732 1253 2784 1305 in
2809 1267 2903 1306 ore
2940 1250 3055 1319 ejus
3086 1250 3104 1323 (
3139 1250 3158 1306 ι
3183 1252 3327 1309 Petr.
3354 1252 3415 1326 ιι)
3435 1295 3449 1318 ,
3491 1274 3510 1307 ι
3546 1272 3628 1310 re-

2044 1341 2301 1398 missione
2326 1354 2668 1412 peceatorum
2707 1360 2811 1399 non
2835 1345 3002 1414 eguit.
3032 1344 3209 1415 Opera
3232 1356 3414 1401 autem
3451 1349 3628 1403 virtu-

2045 1437 2157 1483 tum
2184 1432 2234 1484 in
2267 1431 2473 1501 Spiritu
2494 1442 2683 1487 saneto
2712 1433 2859 1500 fecit,
2881 1434 3019 1489 sicut
3065 1435 3181 1504 ipse
3229 1435 3284 1488 in
3330 1436 3637 1507 Evangelia

2046 1520 2179 1574 dicit
2213 1519 2413 1577 Iudaeis
2446 1542 2457 1576 :
2497 1542 2517 1574 ι
2556 1522 2610 1577 Si
2636 1539 2735 1596 ego
2758 1524 2815 1581 iu
2838 1523 3006 1595 digito
3035 1523 3130 1595 Dei
3157 1523 3312 1593 ejicio
3333 1528 3628 1593 dmmonia,

2044 1608 2285 1679 profecto
2311 1614 2553 1681 pervenit
2578 1614 2632 1668 in
2670 1630 2766 1670 vos
2800 1629 3024 1682 regnum
3053 1615 3147 1670 Dei
3182 1615 3333 1688 (Luc.
3363 1617 3463 1688 ιι).
3496 1638 3517 1670 ι
3542 1618 3633 1673 ln-

2050 1702 2368 1771 separabilia
2418 1713 2543 1761 sunt
2594 1705 2758 1775 igitur
2790 1721 2953 1776 opera
2993 1714 3193 1763 sancta:
3234 1707 3535 1774 Trinitatis,
3577 1710 3633 1766 id

373 1798 474 1854 bus
496 1801 742 1856 venditus
774 1799 924 1874 (Gen.
973 1805 1179 1875 xxxv")
1219 1781 1593 1859 venditionem
1618 1805 1943 1875 Redempto-

2051 1800 2130 1845 est
2154 1792 2349 1860 Patris,
2380 1802 2435 1849 et
2469 1793 2613 1862 Filii,
2644 1804 2699 1851 et
2731 1794 2963 1866 Spiritus
2991 1798 3185 1862 sancti,
3227 1796 3465 1855 Veritate
3497 1808 3636 1854 atte-

374 1891 455 1946 ris
487 1893 657 1947 nostri
688 1892 937 1962 ﬁguravit
957 1935 971 1959 ,
997 1895 1076 1949 sic
1103 1895 1285 1951 Enoch
1328 1896 1621 1953 translatus
1667 1893 1817 1966 (Cen.
1860 1896 1941 1968 v),

374 1993 536 2055 atque
580 1986 647 2039 ad
678 1987 873 2040 caelum
913 2003 1129 2041 aeremn
1164 1988 1309 2042 Elias
1355 1989 1695 2055 sublevatus,
1742 1988 1943 2046 Ascen-

373 2074 579 2130 sionetn
612 2076 946 2132 Dominicam
980 2078 1300 2149 designavit.
1330 2078 1676 2134 Aseensionis
1703 2094 1813 2134 sum
1839 2080 1945 2134 Do-

372 2165 551 2220 minus
570 2167 897 2235 przenuntios
917 2179 973 2222 et
998 2175 1163 2223 testes
1189 2169 1397 2233 habuit,
1418 2186 1579 2222 unum
1604 2179 1728 2223 ante
1750 2169 1941 2240 legem,

373 2255 535 2309 alium
563 2256 664 2311 sub
691 2257 824 2329 lege,
852 2266 911 2311 ut
939 2260 1260 2329 quandoque
1286 2261 1493 2314 veniret
1514 2260 1645 2335 ipse,
1668 2261 1759 2331 qui
1792 2276 1946 2316 vera-

370 2346 509 2402 citer
538 2348 703 2403 caelos
742 2358 1026 2419 penetrare
1052 2352 1333 2420 potuisset.
1367 2350 1521 2407 Unde
1561 2359 1616 2405 et
1658 2352 1771 2421 ipse
1812 2350 1945 2406 ordo

371 2433 426 2487 in
458 2449 641 2488 eorum
670 2446 900 2506 utraque
937 2438 1306 2492 subievatione
1344 2453 1443 2508 per
1481 2440 1729 2508 qumdam
1768 2439 1946 2494 inere-

374 2531 557 2576 menta
607 2525 973 2595 distinguitur.
1023 2525 1156 2580 Nam
1205 2527 1387 2583 Enoch
1432 2529 1753 2595 translatus,
1797 2530 1945 2586 Elias

374 2626 502 2666 vero
532 2613 595 2665 ad
626 2614 823 2667 cmlum
854 2617 1141 2674 subvectus
1177 2632 1296 2671 esse
1331 2627 1679 2686 memoratur,
1715 2628 1772 2673 ut
1792 2622 1945 2674 veni-

376 2710 459 2755 ret
481 2704 821 2769 postmodum
848 2745 862 2769 ,
895 2706 986 2773 qui
1029 2722 1129 2760 nec
1174 2705 1495 2772 translatus,
1526 2723 1628 2762 nec
1658 2708 1948 2765 subvectus

374 2791 570 2845 caelum
614 2793 903 2848 aathereum
932 2811 1027 2850 sua
1055 2784 1253 2851 virtute
1277 2806 1614 2867 penetraret,
1658 2800 1747 2870 qui
1790 2801 1946 2856 nobis

375 2881 428 2935 iu
458 2896 516 2937 se
544 2883 885 2940 credentibus
913 2888 1092 2941 carnis
1113 2902 1328 2958 quoque
1365 2890 1684 2945 munditiam
1715 2890 1942 2962 largire-

374 2977 483 3036 tur,
512 2980 567 3026 et
594 2973 695 3028 sub
728 2989 794 3028 eo
820 2990 919 3044 per
944 2976 1276 3032 incrementa
1321 2986 1623 3048 temporum
1651 2980 1825 3035 virtus
1852 2996 1945 3035 ca-

371 3061 573 3117 stitatis
601 3075 959 3120 excreseeret.
993 3064 1049 3120 In
1095 3067 1209 3136 ipsa
1240 3083 1454 3139 quoque
1488 3086 1675 3125 eorum
1717 3072 1946 3126 transla-

2046 1891 2243 1949 staute,
2273 1901 2393 1955 quae
2414 1887 2489 1941 ait
2521 1904 2534 1942 :
2572 1906 2591 1940 ‹
2627 1887 2763 1955 Quia
2785 1898 2903 1958 qoae
2924 1888 3084 1945 Pater
3109 1889 3254 1956 facit,
3285 1894 3403 1947 hzec
3438 1893 3632 1948 eadem

2046 1981 2098 2027 ct
2125 1973 2292 2029 Filius
2326 1976 2575 2032 similiter
2610 1976 2743 2033 facit
2787 1978 2966 2051 (Joan.
2994 1979 3067 2051 v).
3127 1999 3145 2032 ι
3194 1980 3262 2035 Et
3294 1980 3582 2052 Apostolus
3613 2002 3628 2037 :

2053 2085 2071 2118 ι
2105 2068 2251 2136 Ηεεο,
2276 2072 2469 2142 inquit,
2495 2075 2674 2131 omnia
2702 2086 2956 2147 operatur
2982 2093 3123 2134 unus
3141 2088 3304 2150 atque
3328 2080 3469 2137 idem
3508 2081 3635 2153 Spi—

2047 2163 2206 2230 ritus,
2240 2167 2484 2222 dividens
2510 2169 2734 2239 singulis
2757 2170 3105 2242 proutvult(l
3129 2170 3249 2226 Cor.
3276 2180 3396 2243 xu).
3428 2194 3449 2227 ι
3485 2174 3637 2232 Bene

2050 2256 2267 2324 quidem
2289 2258 2524 2327 postulat
2552 2260 2794 2319 Ecclesia
2814 2271 2874 2316 ut
2903 2261 3169 2331 Spiritum
3194 2264 3459 2334 duplicem
3485 2269 3636 2324 acci—

2047 2346 2159 2416 piat
2197 2346 2417 2413 Christi,
2448 2350 2572 2420 quia
2595 2358 2649 2405 et
2677 2352 2999 2421 remissione
3024 2362 3367 2423 peccatorum
3399 2356 3633 2427 indiget.

2046 2450 2151 2504 qua
2188 2452 2293 2491 non
2336 2438 2484 2508 eguit
2530 2436 2798 2505 Christus,
2832 2447 2886 2494 et
2932 2454 3153 2496 munere
3178 2442 3458 2509 virtutum,
3493 2460 3634 2514 quas

2044 2541 2111 2581 ex
2153 2526 2485 2596 plenitudine
2543 2544 2639 2584 sua
2688 2545 2782 2600 per
2834 2529 3091 2600 Spiritum
3147 2541 3397 2595 sanctum
3439 2535 3632 2595 tribuit

2045 2615 2308 2673 Christus.
2345 2637 2363 2669 ‹
2398 2617 2496 2685 Qui
2528 2620 2823 2674 ascendens
2860 2620 2913 2674 in
2949 2619 3111 2674 altum
3158 2622 3429 2693 captivam
3472 2624 3631 2681 duxit

2046 2706 2430 2774 captivitatem,
2485 2708 2631 2764 dedit
2661 2711 2801 2765 dona
2851 2709 3156 2767 hominibus
3198 2709 3414 2782 (Ephes.
3454 2712 3563 2783 tv);
3602 2733 3626 2766 ι

2047 2794 2153 2850 illis
2203 2797 2453 2852 videlicet
2492 2799 2798 2854 hominibus
2841 2799 2933 2869 qui
2981 2814 3130 2869 Spem
3188 2815 3339 2855 suam
3397 2801 3630 2858 ﬁrmiter

2045 2884 2098 2938 in
2151 2885 2299 2941 illum
2340 2894 2567 2957 ponunt.
2623 2886 2759 2944 Hinc
2791 2896 2875 2943 est
2920 2887 3060 2957 quod
3088 2887 3233 2945 Elias
3271 2890 3407 2947 dicit
3429 2892 3499 2946 ad
3521 2891 3639 2948 Eli-

2044 2991 2138 3031 8811
2146 2994 2194 3031 m
2234 2996 2246 3033 ;

2125 3087 2143 3119 ι
2172 3068 2228 3123 Si
2253 3068 2454 3125 videris
2479 3084 2584 3136 me,
2627 3069 2839 3145 quando
2878 3069 3036 3131 tollar
3062 3085 3093 3125 a
3120 3080 3196 3136 te,
3228 3070 3333 3125 erit
3364 3070 3457 3128 tibi
3483 3071 3633 3141 quod

373 3153 1020 3224 tionequiAsceusionem
1033 3135 1943 3230 Dominieam,utvidelieetfamuli,
1973 3135 2017 3197 C
2050 3158 2252 3229 petisti.
2278 3156 2336 3213 Si
2385 3168 2563 3215 autem
2609 3174 2716 3213 non
2758 3159 2978 3226 videris,
3001 3176 3107 3216 non
3153 3161 3277 3217 erit.
3315 3180 3334 3213 ι
3368 3159 3505 3229 Quia
3526 3162 3631 3218 nisi

373 3243 805 3314 designaverunt,
832 3254 888 3302 et
915 3248 968 3302 in
994 3263 1053 3303 se
1080 3248 1219 3318 ipso,
1250 3251 1339 3320 qui
1371 3253 1438 3307 ad
1458 3252 1655 3307 caelum
1679 3252 1943 3320 ascendit,

374 3333 635 3391 Dominus
664 3337 919 3393 ostendit.
961 3338 1097 3394 Nam
1141 3341 1325 3396 Enoch
1362 3342 1580 3411 quidem
1627 3358 1851 3397 uxorem
1890 3353 1947 3399 et

376 3425 516 3481 ﬁlios
544 3426 749 3493 habuit,
777 3429 922 3485 Elias
946 3445 1077 3486 vero
1117 3445 1291 3501 neque
1340 3447 1563 3487 uxorem
1594 3447 1769 3502 neque
1808 3433 1947 3490 ﬁlios

376 3514 630 3572 habuisse
658 3516 871 3589 legitur.
908 3517 1138 3576 Pensate
1180 3535 1312 3594 ergo
1345 3523 1614 3594 quomodo
1641 3539 1739 3594 per
1775 3525 1951 3580 incre—

376 3615 559 3660 menta
602 3610 834 3664 creverit
888 3611 1151 3668 munditia
1202 3613 1500 3680 castitatis,
1548 3615 1693 3685 quod
1747 3624 1802 3670 et
1850 3630 1949 3684 per

378 3697 671 3754 translatos
701 3698 959 3767 famulos,
1004 3710 1060 3758 et
1095 3717 1194 3772 per
1221 3705 1560 3760 ascendentis
1588 3705 1801 3761 Domini
1824 3721 1948 3776 per-

376 3802 564 3844 sonam
605 3800 857 3860 potenter
893 3793 1211 3849 ostenditur.
1244 3795 1559 3854 Translatus
1592 3800 1825 3869 namque
1864 3808 1950 3855 est

378 3879 562 3936 Euuch
599 3896 698 3951 per
725 3885 925 3939 coitum
952 3888 1194 3957 genitus,
1227 3898 1283 3944 et
1309 3904 1405 3959 per
1431 3891 1630 3945 coitum
1658 3906 1943 3962 generans.

381 3966 585 4038 Raptus
610 3970 777 4038 Elias,
802 3989 902 4043 per
924 3976 1125 4031 coitum
1154 3980 1387 4049 genitus,
1408 3980 1503 4036 sed
1527 3996 1632 4035 non
1662 3983 1825 4036 etiam
1848 3998 1947 4053 per

375 4059 580 4113 coitum
613 4076 899 4130 generans.
926 4064 1247 4137 Assumptus
1279 4077 1362 4125 est
1395 4083 1525 4125 vero
1559 4071 1816 4126 Dominus
1850 4087 1946 4126 ne-

379 4164 479 4220 que
506 4164 605 4220 per
630 4154 831 4209 coitum
859 4171 1123 4227 generans
1138 4200 1152 4226 ,
1181 4176 1354 4232 neque
1377 4177 1474 4231 per
1499 4164 1698 4218 coitum
1723 4180 1945 4234 genera-

377 4245 487 4294 tus.
526 4238 798 4307 Quieritur
835 4255 1015 4302 autem
1063 4251 1332 4318 quomodo
1378 4251 1618 4318 Eliseus,
1650 4269 1773 4308 cum
1816 4270 1947 4310 suus

378 4331 640 4401 magister
665 4333 810 4391 Elias
852 4337 1028 4395 locum
1067 4343 1371 4411 postulandi
1400 4344 1646 4412 otl'erret,
1680 4348 1944 4418 duplicem

376 4421 629 4491 spiritum
669 4426 799 4483 Elia:
839 4431 1218 4498 postulaverit,
1248 4450 1372 4490 cum
1404 4437 1661 4492 Dominus
1709 4438 1855 4493 dicat
1891 4439 1945 4493 in

378 4509 706 4584 Evangelia:
741 4536 762 4569 α
789 4517 908 4574 Non
944 4529 1028 4575 est
1071 4524 1364 4594 discipulus
1399 4540 1562 4595 super
1603 4530 1942 4600 magistrum,

376 4602 652 4691 perfectus
693 4616 875 4661 autem
915 4612 1091 4665 omnis
1114 4614 1252 4678 erit,
1292 4615 1338 4669 si
1383 4615 1456 4670 sit
1502 4618 1642 4672 sicut
1690 4620 1947 4691 magister

376 4690 498 4759 ejus
526 4691 676 4765 (Luc.
703 4695 803 4768 vn).
835 4714 855 4749 ι
880 4697 1045 4768 Cujus
1072 4702 1347 4770 petitionis
1375 4706 1689 4775 mysterium
1734 4709 1779 4763 si
1822 4726 1949 4765 con-

377 4784 664 4853 sideretur,
691 4802 798 4843 non
823 4788 1128 4859 importuna
1149 4833 1164 4858 ,
1196 4792 1288 4849 sed
1314 4796 1616 4851 necessaria
1656 4798 1945 4867 postulatio

378 4887 500 4929 esse
521 4875 847 4933 decernitur.

457 4983 477 5015 ‹
510 4966 658 5021 Dixit
679 4983 809 5037 ergo
852 4969 996 5026 Elias
1024 4973 1092 5027 ad
1136 4973 1371 5029 Eliseum
1400 4994 1415 5029 :
1445 4975 1662 5032 Postula
1692 4978 1835 5049 quod
1858 4981 1945 5035 vis

389 5069 410 5103 ι
454 5062 513 5108 ut
539 5052 735 5112 faciam
764 5059 859 5114 tibi
885 5068 1175 5130 antequam
1213 5063 1369 5118 tollar
1393 5080 1423 5118 a
1453 5073 1525 5119 te.
1552 5067 1805 5137 Dixitque
1834 5067 1944 5123 Eli-

384 5165 410 5198 ί
455 5161 578 5202 seus
603 5166 615 5202 :
645 5149 881 5206 Obsecro
904 5160 964 5206 ut
988 5152 1083 5207 ﬁat
1106 5155 1328 5224 spiritus
1360 5165 1482 5211 tuus
1522 5159 1711 5228 duplex
1754 5160 1806 5213 in
1837 5176 1941 5216 me.

386 5257 411 5290 ‹
455 5238 555 5307 Qui
584 5244 887 5310 respondit:
913 5244 1044 5299 Rem
1069 5246 1336 5301 diﬁicilem
1364 5248 1668 5318 postulaSti.
1696 5248 1945 5305 Attamen

389 5350 410 5381 ε
453 5332 498 5386 si
531 5333 730 5389 videris
754 5349 861 5402 me,
891 5338 1107 5407 quando
1138 5338 1299 5393 tollar
1341 5356 1370 5392 a
1404 5348 1489 5405 te,
1538 5340 1642 5394 erit
1683 5340 1775 5395 tibi
1805 5340 1946 5410 quod

389 5439 410 5471 ι
452 5422 655 5492 petisti.
701 5422 757 5478 Si
803 5436 980 5480 autem
1010 5442 1115 5482 non
1154 5427 1383 5493 videris,
1413 5445 1520 5483 non
1565 5429 1689 5483 erit.
1728 5449 1746 5481 ι
1776 5429 1947 5496 Quem

378 5512 529 5568 enim
552 5513 606 5569 in
628 5513 731 5570 hoc
757 5514 876 5570 loco
892 5517 1162 5587 signiﬁcat
1182 5519 1344 5585 Elias,
1369 5519 1472 5574 nisi
1498 5527 1662 5588 caput
1682 5528 1947 5587 nostrum,

384 5600 674 5659 Dominum
702 5606 908 5662 scilicet
938 5608 1391 5679 Redemptorem?
1419 5609 1486 5664 Et
1528 5625 1688 5681 quem
1720 5611 1947 5676 Eliseus,

386 5694 493 5749 nisi
511 5710 706 5764 corpus
732 5696 868 5765 ejus,
895 5699 1035 5765 quod
1075 5708 1159 5754 est
1200 5698 1473 5759 Ecclesia?
1516 5701 1617 5754 Dat
1648 5701 1823 5757 locum
1864 5717 1953 5772 po—

2045 3248 2168 3320 quis
2194 3255 2355 3303 rectae
2392 3248 2515 3304 ﬁdei
2539 3248 2727 3304 oculos
2761 3247 2814 3303 in
2845 3248 2994 3304 illum
3046 3259 3230 3320 ponat,
3260 3259 3320 3307 ut
3353 3252 3542 3307 credat
3567 3251 3635 3307 ﬁ-

2046 3326 2237 3394 deliter
2278 3339 2609 3408 passionem,
2638 3347 3094 3396 resurrectionem
3142 3348 3201 3399 et
3247 3341 3628 3399 ascensionem

2044 3425 2163 3495 ejus
2188 3427 2255 3482 ad
2280 3427 2518 3495 Patrem,
2541 3429 2820 3500 petitionis
2842 3444 2953 3485 sure
2990 3427 3229 3489 fructum
3278 3446 3387 3491 non
3416 3432 3628 3502 capiet;

2047 3518 2192 3590 quod
2213 3517 2547 3590 subsequens
2574 3520 2715 3576 ratio
2744 3519 3010 3592 designat.

2119 3607 2262 3663 Elias
2310 3610 2475 3674 enim,
2527 3624 2709 3664 secum
2757 3611 3051 3665 comitante
3101 3609 3301 3677 Eliseo,
3347 3610 3417 3665 ad
3458 3625 3632 3681 aquas

2045 3695 2296 3752 Iordanis
2340 3699 2582 3763 veniens,
2616 3718 2634 3749 ι
2665 3698 2789 3755 tulit
2833 3698 3052 3770 pallium
3097 3715 3287 3766 suum,
3315 3708 3370 3756 et
3400 3700 3628 3756 involvit

2053 3808 2071 3840 ι
2115 3788 2266 3853 illud,
2320 3796 2374 3843 et
2424 3789 2689 3859 percussit
2742 3804 2927 3859 aquas,
2971 3805 3091 3861 qure
3142 3789 3330 3845 divisa:
3384 3798 3510 3845 sunt
3568 3789 3625 3846 in

2052 3897 2070 3930 ι
2116 3886 2400 3949 utramque
2449 3874 2676 3951 partem,
2717 3888 2771 3935 et
2828 3882 3160 3937 transierunt
3189 3884 3348 3939 ambo
3393 3897 3492 3951 per
3524 3883 3633 3939 sio-

2052 3994 2071 4027 ‹
2115 3990 2259 4031 cum.
2299 3995 2317 4026 ι
2352 3974 2593 4045 Cumque
2616 3974 2761 4029 Elias
2788 3987 2974 4046 raptus
2995 3984 3156 4039 esset,
3181 3976 3393 4031 Eliseus
3422 3976 3625 4031 levavit

2045 4065 2267 4134 pallium
2292 4065 2444 4132 Elite,
2468 4065 2609 4135 quod
2635 4065 2903 4120 ceciderat
2925 4066 2995 4120 ei.
3027 4086 3045 4116 ι
3082 4067 3456 4135 Reversusque
3476 4065 3629 4121 stetit

2053 4174 2073 4207 ι
2117 4171 2280 4226 super
2314 4157 2484 4226 ripam
2532 4155 2805 4223 Iordanis,
2853 4165 2907 4211 et
2946 4157 3108 4235 pallio
3134 4154 3286 4221 Elize,
3313 4156 3454 4226 quod
3479 4156 3625 4212 ceci-

2054 4264 2074 4299 c
2118 4249 2273 4302 derat
2298 4246 2368 4310 ei,
2402 4246 2669 4316 percussit
2690 4261 2876 4315 aquas,
2908 4253 2962 4302 et
3003 4262 3109 4301 non
3142 4255 3267 4302 sunt
3312 4245 3514 4307 divisae.
3556 4247 3628 4302 Et

2053 4360 2072 4393 ‹
2115 4339 2279 4396 dixit:
2300 4338 2400 4394 Ubi
2423 4347 2508 4394 est
2532 4339 2675 4393 Deus
2698 4339 2828 4394 Elim
2848 4339 3012 4394 etiam
3036 4339 3213 4394 nunc?
3245 4339 3630 4409 Percussith

2056 4450 2076 4483 ‹
2121 4446 2311 4500 aquas,
2349 4438 2405 4486 et
2431 4430 2618 4485 divisa:
2642 4438 2767 4484 sunt
2794 4429 2900 4485 huc
2945 4439 3106 4501 atque
3156 4429 3305 4495 illuc,
3329 4438 3383 4485 et
3412 4430 3630 4487 transiit

2057 4542 2076 4573 ‹
2121 4521 2348 4585 Eliseus,
2390 4529 2494 4577 etc.
2535 4540 2552 4571 ι
2587 4520 2727 4587 Quid
2771 4519 3038 4591 signiﬁcat
3077 4520 3299 4590 pallium
3341 4520 3491 4583 Elim,
3522 4520 3629 4575 nisi

2052 4611 2480 4667 lncarnationem
2505 4610 2741 4676 Domini,
2772 4625 2868 4681 per
2900 4625 3062 4680 quam
3096 4610 3420 4680 Redemptor
3440 4618 3631 4664 noster

2054 4702 2181 4757 lethi
2205 4702 2424 4757 ﬁuvium
2462 4701 2709 4772 disrupit,
2738 4701 3001 4770 nobisque
3031 4692 3316 4755 transitum
3364 4701 3430 4754 ad
3455 4700 3627 4754 vitam

2050 4795 2405 4865 pneparavit'i
2442 4793 2554 4848 Hoc
2583 4807 2710 4864 ergo
2754 4793 2975 4862 pallium
3025 4793 3232 4848 Eliseus
3285 4801 3406 4867 post
3449 4802 3630 4848 trans-

2052 4884 2185 4938 itum
2212 4882 2340 4937 Elia:
2381 4882 2620 4943 retinuit,
2650 4881 2775 4951 quia
2819 4881 2978 4937 ﬁdem
3007 4881 3393 4937 incarnationis
3425 4879 3627 4937 Christi

2047 4973 2283 5028 Ecclesia
2326 4980 2448 5043 post
2474 4972 2842 5027 ascensionem
2872 4970 2987 5040 ejus
3012 4972 3077 5025 ad
3104 4970 3271 5026 caelos
3298 4973 3626 5037 reservavit,

2047 5080 2145 5136 per
2170 5079 2330 5134 quam
2373 5065 2654 5134 praesentis
2701 5063 2828 5119 vita:
2866 5062 3061 5118 [luctus
3115 5063 3347 5117 transire
3401 5064 3625 5134 satagit.

2050 5156 2156 5212 Sed
2202 5157 2343 5211 sicut
2391 5155 2599 5210 Eliseus
2638 5156 2944 5225 percutiens
2972 5154 3132 5224 pallio
3161 5152 3404 5219 ﬂuvium,
3454 5169 3631 5224 aquas

2050 5263 2157 5302 non
2187 5245 2369 5301 divisit
2405 5252 2690 5314 antequam
2745 5243 2921 5298 dixit:
2961 5262 2980 5294 ι
3023 5242 3125 5299 Ubi
3176 5251 3261 5298 est
3307 5242 3449 5297 Deus
3495 5241 3632 5299 Elia:

2050 5339 2212 5393 etiam
2239 5336 2418 5391 nunc?
2454 5355 2471 5387 ι
2500 5345 2553 5390 et
2578 5335 2658 5390 sic
2679 5334 2949 5405 percussit
2976 5349 3165 5404 aquas,
3193 5342 3248 5388 et
3266 5334 3451 5390 divisa:
3478 5341 3629 5403 sunt,

2048 5429 2122 5483 ita
2146 5427 2407 5486 Ecclesia,
2438 5426 2539 5480 nisi
2572 5440 2670 5495 per
2716 5425 3103 5481 invocationem
3133 5424 3366 5480 nominis
3389 5424 3627 5492 Domini,

2049 5520 2277 5573 virtutes
2308 5516 2462 5571 'ulias
2510 5515 2688 5571 facere
2727 5531 2832 5570 non
2882 5522 3089 5585 potest,
3140 5516 3289 5585 quia,
3334 5516 3476 5571 sicut
3513 5515 3632 5585 ipse

2053 5609 2220 5673 dixit,
2263 5627 2282 5658 ‹
2312 5606 2441 5661 Sine
2467 5621 2554 5661 me
2585 5606 2718 5661 nihil
2758 5605 2984 5675 potestis
3027 5602 3208 5661 facere
3234 5604 3416 5675 (Joan.
3455 5603 3569 5675 xv).
3605 5621 3625 5655 ο

2054 5699 2198 5755 Nihil
2225 5708 2311 5754 est
2350 5697 2492 5753 enim
2541 5697 2834 5751 humanum
2877 5694 3135 5762 studium,
3180 5695 3285 5750 nisi
3314 5695 3453 5751 adsit
3481 5695 3633 5765 adju—
