3912 6160
194 274 303 330 235

1018 269 1367 328 COMMENT.
1407 267 1473 323 IN
1512 266 1758 323 LlBROS
1795 266 1860 321 IV'
1900 266 2162 322 REGlTM.
2204 297 2270 305 —
2308 266 2374 322 IN
2409 266 2535 321 ΜΒ.
2578 265 2663 320 IV.

3346 266 3452 324 2‘26

192 388 399 443 torium
441 385 703 442 divinum.
746 383 900 440 Unde
941 392 995 438 et
1034 382 1324 455 Apostolus
1367 382 1503 437 dixit
1533 377 1606 434 ι’(
1644 380 1783 434 Deus
1811 383 1858 442 Α
1886 375 2078 443 Ellum,
2127 389 2314 433 contra
2364 378 2539 434 Moab;
2583 378 2978 449 Consultusque
3016 380 3083 436 ab
3119 379 3200 437 eis
3249 380 3459 438 Eliseus

192 488 300 545 est,
325 478 421 548 qui
464 484 722 546 operatur
747 476 800 530 in
842 475 998 529 nobis
1032 482 1086 528 et
1120 474 1256 528 velle
1289 482 1343 527 et
1375 471 1636 543 perﬁcere
1682 488 1780 541 pro

192 572 343 626 bona
374 569 655 624 voluntate
675 564 897 638 (Philip.
924 565 1006 636 ιι).
1045 584 1066 616 ι
1100 564 1168 619 Et
1202 564 1470 634 Propheta
1500 564 1568 618 ad
1596 563 1780 617 Domi-

192 674 326 713 num
350 658 430 712 ait
460 673 475 710 :
513 675 532 709 ι
567 657 625 711 ln
648 664 702 711 te
721 655 969 710 inimicos
990 663 1203 710 nostros
1227 653 1624 718 ventilabimus,
1648 664 1701 707 et
1730 655 1779 707 in

197 750 421 804 nomine
461 755 555 803 tuo
592 761 914 818 spernemus
964 745 1309 817 insurgentes
1360 746 1416 800 in
1467 760 1589 811 nos,
1620 755 1724 800 etc.
1759 766 1777 798 )

199 837 375 907 (Psal.
400 836 582 909 xuii.)

277 946 296 978 ι
336 927 598 998 Dixerunt
643 940 856 995 quoque
919 926 1020 980 viri
1081 926 1319 981 civitatis
1380 927 1448 981 ad
1503 928 1779 981 Elisenm:

201 1038 226 1068 ς
270 1018 414 1073 Ecce
443 1017 708 1073 habitatio
733 1019 968 1073 civitatis
998 1016 1156 1086 hujus
1186 1020 1388 1089 optima
1416 1028 1518 1083 est,
1548 1021 1689 1074 sicut
1727 1029 1781 1073 tu

205 1130 227 1161 ς
272 1110 420 1180 ipse,
459 1110 693 1174 domine,
722 1110 1016 1180 perspicis;
1048 1112 1141 1164 sed
1176 1126 1331 1179 aqua:
1364 1112 1610 1181 pessima:
1637 1120 1782 1175 sunt,

208 1221 227 1251 ι
271 1209 329 1256 et
352 1210 497 1255 terra
536 1201 754 1256 sterilis.
779 1200 963 1255 Atille
992 1202 1110 1255 ait:
1150 1201 1352 1256 Atlertc
1391 1202 1524 1255 mihi
1548 1217 1645 1255 vas
1684 1219 1783 1257 no-

206 1309 228 1341 ι
270 1305 426 1355 vum,
452 1298 507 1345 et
529 1291 726 1345 mittite
751 1291 805 1344 in
832 1291 961 1344 illud
984 1290 1081 1344 sal.
1120 1308 1138 1341 ι
1172 1289 1485 1345 Postulabat
1519 1292 1726 1345 Eliseus
1754 1308 1785 1346 a

200 1378 403 1449 populo
433 1386 493 1433 ut
529 1394 698 1448 aquas
725 1378 943 1433 Jericho
979 1379 1192 1434 steriles
1230 1388 1283 1434 et
1322 1378 1585 1449 malignas
1627 1395 1786 1434 sana-

207 1480 309 1524 ret.
345 1469 569 1541 Accepit
597 1485 692 1524 vas
722 1485 919 1524 novum
958 1469 1145 1535 ﬁctile,
1181 1479 1236 1524 et
1265 1469 1397 1539 jecit
1430 1471 1482 1524 in
1514 1485 1579 1524 eo
1607 1470 1704 1533 sal,
1731 1480 1788 1525 et

205 1562 472 1617 demersit
498 1561 627 1615 illud
654 1559 979 1626 in'llumine,
1007 1570 1061 1616 et
1088 1563 1273 1616 statim
1306 1564 1359 1616 in
1384 1562 1601 1619 tlnmiue
1631 1579 1787 1634 aqua:

202 1660 415 1707 sanata:
442 1660 586 1706 sunt.
608 1649 726 1719 Quo
761 1651 906 1707 facto
933 1652 1332 1721 praenuntiabat
1359 1654 1617 1722 prapheta
1657 1654 1783 1724 quia

1882 468 2168 535 pr0pheta,
2199 477 2318 539 post
2342 468 2445 522 alia
2470 470 2584 523 haec
2609 469 2861 533 subdidit,
2904 471 3088 527 dicens
3115 489 3129 525 :

1959 574 1978 607 ‹
2015 555 2199 612 Facite
2235 557 2443 611 alveum
2479 560 2732 613 torrentis
2753 559 2929 626 hujus,
2976 561 3148 616 fossas
3172 569 3227 616 et
3263 560 3455 618 fossas.

1888 666 1907 699 ‹
1952 646 2077 702 Haec
2105 649 2249 722 enim
2288 649 2417 703 dicit
2445 649 2704 704 Dominus
2735 668 2747 704 :
2782 649 2899 706 Non
2928 651 3182 707 videbitis
3215 662 3459 719 ventum,

1888 760 1906 791 ε
1952 755 2128 809 neque
2167 741 2435 811 pluviam;
2488 750 2540 796 et
2577 742 2761 796 alveus
2801 743 2901 797 iste
2956 742 3250 813 replebitur
3279 743 3457 815 aquis,

1888 851 1905 882 ι
1952 842 2006 886 et
2037 834 2231 889 bibetis
2278 849 2390 898 vos,
2423 844 2477 887 et
2517 834 2731 889 familiai
2755 844 2964 897 vestrae,
2997 843 3053 889 et
3088 833 3332 902 jumenta
3372 850 3462 889 ve-

1888 942 1905 973 (
1953 934 2085 979 stra.
2130 927 2431 995 Parumque
2466 928 2567 981 hoc
2600 936 2679 981 est
2712 926 2765 980 in
2795 933 3085 994 conspectu
3119 924 3353 989 Domini,
3381 925 3463 979 in-

1888 1034 1908 1067 ι
1955 1032 2118 1086 super
2166 1018 2337 1071 tradet
2386 1017 2548 1070 etiam
2597 1016 2751 1070 Moab
2795 1016 2846 1069 in
2893 1030 3086 1070 manus
3122 1024 3348 1070 vestras.
3395 1015 3463 1070 Et

1889 1123 1907 1155 ι
1951 1108 2261 1176 percntietis
2292 1121 2505 1160 omnem
2544 1106 2814 1160 civitatem
2855 1106 3142 1169 munitam,
3169 1113 3223 1157 et
3246 1119 3462 1158 omnem

1891 1220 1908 1244 ι
1956 1197 2142 1248 urbem
2176 1196 2424 1261 electam,
2461 1205 2514 1250 et
2542 1197 2854 1251 universum
2889 1194 3092 1265 lignum
3118 1193 3460 1249 ‘l'ructiferum

1889 1304 1909 1335 ι
1957 1286 2262 1348 succidetis,
2306 1296 2637 1356 cunctosque
2679 1286 2852 1342 fontes
2886 1302 3146 1357 aquarum
3187 1286 3461 1343 obturabi-

1891 1394 1910 1427 ι
1956 1378 2043 1442 tis,
2081 1386 2137 1432 et
2186 1388 2399 1433 omnem
2436 1395 2625 1451 agrum
2674 1372 2946 1451 egregium
2990 1380 3247 1450 operielis
3273 1378 3466 1450 lapidi-

1891 1487 1910 1518 (
1952 1469 2073 1533 bus,
2112 1480 2216 1524 etc.
2254 1490 2271 1521 ι
2305 1470 2443 1536 Quid
2476 1488 2606 1543 ergo
2639 1472 2946 1541 signiﬁcant
2994 1481 3103 1526 tres
3169 1471 3258 1527 isti
3308 1485 3465 1542 reges

1886 1567 2072 1611 contra
2106 1558 2258 1613 Moab
2289 1560 2484 1613 bellum
2512 1571 2779 1630 gerentes,
2812 1562 2915 1616 nisi
2943 1570 3182 1616 rectores
3205 1560 3464 1626 ﬁdelium,

1887 1650 1977 1717 qui
2002 1665 2101 1719 per
2133 1660 2333 1707 sancta:
2364 1653 2644 1708 Trinitatis
2683 1653 2839 1709 ﬁdem
2873 1664 3061 1709 COIIU‘a
3093 1656 3275 1710 mundi
3319 1656 3465 1725 prin-

210 1762 233 1793 ‹
262 1742 503 1823 verbum
524 1758 652 1798 caro
674 1742 848 1807 ﬁeret,
864 1752 921 1797 et
942 1743 1210 1798 habitaret
1234 1744 1286 1797 in
1301 1743 1457 1798 nobis
1479 1744 1658 1815 (Joan.
1680 1746 1738 1815 l).
1763 1765 1780 1797 ι
1814 1738 1861 1796 Β
1888 1742 2064 1811 cipcm
2092 1751 2147 1796 et
2174 1752 2359 1797 contra
2397 1744 2648 1815 p0pulum
2680 1744 2814 1813 ejus,
2843 1746 2945 1799 hoc
2972 1753 3071 1809 est,
3098 1745 3466 1814 philosophos,

206 1833 340 1888 lude
361 1833 414 1888 in
438 1832 846 1888 similitudinem
872 1834 1030 1889 Verbi
1048 1834 1237 1899 salem,
1263 1835 1317 1889 id
1341 1844 1447 1900 est,
1469 1837 1788 1905 sapientiam

207 1924 359 1979 dedit
382 1924 440 1978 in
477 1938 574 1979 vas
597 1923 791 1989 ﬁctile;
837 1924 890 1977 in
932 1938 1128 1993 corpus
1157 1924 1365 1979 scilicet
1392 1926 1709 1991 humanum,
1739 1935 1794 1981 et
1829 1911 1833 1915 ’

209 2015 514 2069 immittens
544 2015 599 2069 in
642 2029 837 2084 aquam
875 2014 1152 2070 demersit.
1195 2014 1348 2082 Quod
1376 2017 1591 2086 quidem
1621 2019 1791 2088 signi-

210 2105 434 2171 ﬁcabat,
466 2105 592 2175 quia
614 2118 804 2160 omnes
834 2105 1034 2176 populi,
1063 2104 1153 2176 qui
1192 2107 1293 2162 sub
1330 2109 1502 2178 ﬁgura
1530 2123 1792 2178 aquarum

210 2201 268 2254 in
295 2207 414 2254 toto
439 2199 643 2252 mundo
669 2197 879 2253 steriles
905 2205 1081 2263 erant,
1114 2212 1213 2267 per
1237 2196 1438 2252 Christi
1467 2198 1795 2255 lncarnatio-

211 2305 340 2347 nem
388 2289 775 2345 fecunditatem
820 2298 876 2344 et
921 2288 1348 2345 benedictionem
1392 2290 1665 2359 accepturi
1702 2306 1792 2346 es-

208 2390 339 2439 sent

291 2493 311 2525 ι
345 2471 604 2527 Ascendit
623 2478 803 2525 autem
835 2469 959 2524 inde
983 2468 1193 2523 Eliseus
1221 2469 1274 2522 in
1304 2468 1513 2524 Bethel.
1554 2469 1796 2540 Cumque

221 2585 239 2615 ι
285 2564 611 2619 ascenderet
631 2577 732 2633 per
766 2562 933 2626 viam,
960 2561 1111 2632 pueri
1157 2561 1310 2631 parvi
1348 2562 1551 2631 egressi
1576 2573 1702 2617 sunt
1730 2564 1797 2619 de

219 2672 240 2704 ι
286 2653 529 2721 civitate,
556 2660 611 2706 et
638 2651 933 2705 illudebant
967 2651 1017 2704 ei
1039 2651 1300 2718 dicentes,
1326 2650 1592 2718 Ascende,
1622 2655 1791 2710 calve.

222 2764 240 2795 ι
284 2743 561 2807 Ascende,
591 2742 760 2796 calve.
791 2742 892 2809 Qui
926 2757 1050 2797 cum
1089 2745 1418 2813 respexisset
1441 2745 1577 2799 vidit
1603 2760 1715 2810 eos,
1743 2754 1798 2800 et

221 2859 240 2886 ε
287 2835 573 2890 maledixit
600 2835 680 2891 eis
700 2835 754 2889 in
786 2835 1007 2890 nomine
1040 2837 1271 2890 Domini.
1303 2836 1625 2907 Egressique
1672 2846 1798 2893 sunt

221 2946 242 2976 ι
289 2925 402 2980 duo
422 2926 537 2980 ursi
579 2925 648 2980 de
673 2925 833 2991 saltu,
865 2935 916 2980 et
941 2926 1318 2982 laceraverunt
1356 2942 1421 2982 ex
1451 2928 1531 2982 eis
1572 2931 1799 2999 quadra-

222 3035 242 3063 c
289 3014 444 3084 ginta
471 3021 529 3068 et
559 3014 694 3068 duos
713 3029 928 3084 pueros,
962 3025 1068 3070 etc.
1118 3035 1137 3067 ›
1172 3015 1381 3071 Eliseus
1414 3031 1627 3086 quoque
1665 3033 1794 3087 pro-

220 3106 384 3172 pheta
425 3103 589 3174 (sicut
615 3117 756 3173 saepe
782 3105 1036 3175 diximus)
1082 3104 1307 3175 ﬁguram
1355 3105 1557 3161 Christi
1608 3108 1794 3178 gessit.
1824 3089 1868 3150 C

219 3193 471 3263 Denique
491 3194 807 3248 vocabulum
821 3194 962 3249 istud
984 3194 1128 3249 salus
1145 3196 1352 3250 Domini
1394 3197 1795 3266 interpretatur.

223 3285 389 3339 Salus
430 3291 612 3338 autem
639 3283 735 3338 Dei
765 3285 886 3353 quis
922 3292 1007 3339 est
1033 3285 1185 3347 alius,
1219 3286 1324 3339 nisi
1356 3285 1522 3339 Filius
1545 3284 1679 3352 ejus,
1707 3288 1799 3357 qui

223 3386 281 3431 et
304 3376 560 3431 Salvator
578 3376 777 3446 ubique
793 3377 1052 3431 vocatur?
1077 3377 1291 3432 Parvuli
1315 3392 1445 3432 vero
1476 3377 1550 3432 illi
1576 3378 1804 3436 illuden-

1891 1829 2195 1896 hmreticos,
2223 1834 2617 1898 schismaticos,
2649 1844 2808 1904 atque
2835 1850 3023 1890 omnes
3051 1835 3265 1904 iniquos
3292 1853 3311 1886 ι
3343 1851 3466 1891 cum

1892 1924 2045 1977 scuto
2088 1922 2210 1979 ﬁdei
2251 1932 2414 1995 atque
2462 1928 2626 1981 armis
2667 1927 3036 1996 spiritualihus
3076 1926 3291 1997 (Ephes.
3319 1927 3396 1998 vr)
3444 1948 3464 1980 ι

1892 2013 2220 2083 confligunt?
2246 2015 2399 2071 Moab
2423 2031 2573 2088 ergo,
2600 2019 2690 2088 qui
2738 2018 2804 2073 de
2834 2019 3037 2073 incesto
3063 2028 3166 2083 est,
3196 2028 3251 2073 et
3296 2020 3469 2074 inter-

1890 2111 2137 2172 pretatur
2157 2104 2222 2159 de
2247 2116 2417 2176 patre,
2444 2106 2579 2161 bene
2602 2108 2708 2162 illis
2730 2110 3002 2174 convenit,
3031 2110 3099 2164 ad
3125 2123 3261 2179 quos
3284 2109 3469 2166 Domi-

1892 2210 1995 2250 nus
2022 2194 2159 2250 dixit
2183 2212 2196 2249 :
2225 2215 2245 2247 ι
2272 2197 2385 2252 ’Vos
2413 2192 2481 2252 de
2523 2199 2736 2253 diabolo
2760 2207 2917 2268 patre
2946 2199 3098 2263 estis,
3124 2207 3179 2253 et
3205 2201 3469 2256 desideria

1892 2285 2062 2354 patris
2088 2286 2253 2341 vestri
2294 2288 2455 2343 vultis
2480 2286 2661 2344 facere
2689 2287 2870 2357 (Joan.
2898 2288 3039 2360 vni).
3079 2309 3098 2340 ι
3134 2287 3200 2343 Hi
3227 2305 3357 2360 ergo
3378 2291 3475 2344 ad-

1892 2387 2178 2431 versantur
2206 2377 2482 2444 Ecclesiai,
2514 2380 2709 2450 partim
2763 2380 2945 2447 minis,
2976 2382 3172 2452 partim
3217 2395 3472 2451 persecu-

1894 2467 2146 2529 tionibus,
2198 2468 2393 2537 partim
2429 2469 2550 2524 dolo
2587 2486 2651 2525 ac
2680 2469 2830 2525 falsis
2866 2471 3202 2537 ﬁctionibus;
3237 2471 3334 2526 sed
3369 2486 3469 2543 per

1894 2555 2095 2612 Christi
2118 2558 2392 2622 virtutem,
2417 2561 2508 2629 qui
2530 2569 2690 2630 caput
2716 2568 2801 2616 est
2819 2560 3000 2631 populi
3031 2560 3349 2629 Christiani,
3382 2580 3474 2619 su-

1893 2655 2153 2715 perantur
2181 2658 2343 2719 atque
2381 2649 2715 2719 effugantur;
2759 2644 2954 2721 quibus
2976 2654 3052 2707 ait
3078 2654 3337 2724 propheta
3366 2654 3475 2710 Do-

1898 2736 2027 2791 mini
2064 2755 2077 2790 :
2124 2755 2143 2788 ι
2184 2738 2377 2795 ‘Facite
2431 2739 2641 2794 alveum
2680 2743 2934 2797 torrentis
2979 2741 3158 2813 hujus,
3201 2742 3376 2800 fossas
3423 2755 3481 2801 et

1896 2825 2102 2892 fossas;
2132 2843 2238 2882 non
2266 2829 2517 2885 videbitis
2552 2838 2770 2885 ventum
2808 2847 2982 2901 neque
3012 2833 3280 2902 pluviam;
3314 2843 3370 2889 et
3402 2835 3481 2888 al-

1895 2931 2026 2971 veus
2063 2917 2163 2971 iste
2192 2919 2484 2987 replebitur
2513 2920 2694 2989 aquis;
2739 2929 2794 2975 et
2817 2922 3010 2976 bibetis
3037 2939 3149 2987 vos,
3175 2930 3231 2978 et
3259 2923 3475 2980 familiai

1898 3014 2107 3062 vestrae.
2148 3027 2166 3060 ›
2196 3009 2336 3064 Ecce
2364 3013 2623 3081 propheta
2652 3012 2861 3087 Domini
2892 3015 3086 3084 popqu
3122 3016 3211 3070 siti
3253 3014 3479 3087 fatigato

1900 3112 1997 3166 per
2021 3087 2337 3153 miraculum
2362 3098 2560 3155 factum
2584 3118 2615 3156 a
2641 3086 2871 3157 Domino
2894 3104 3154 3171 consulit;
3184 3105 3263 3160 sic
3282 3086 3480 3176 et

1898 3187 2112 3254 phetica
2137 3186 2294 3242 'dicta
2342 3190 2627 3245 consilium
2674 3192 2914 3262 praebent
2956 3193 3220 3261 ﬁdelibus,
3248 3195 3483 3267 qualiter

1902 3279 2167 3349 spirituali
2194 3283 2433 3337 doctrina
2458 3284 2601 3338 sitim
2629 3300 2779 3340 suam
2802 3286 3146 3357 exstinguant
3170 3295 3332 3357 atque
3359 3288 3483 3344 ani-

1903 3386 2050 3425 mum
2079 3372 2345 3431 reﬁciant.
2377 3373 2536 3431 Jubet
2585 3392 2714 3448 ergo
2740 3376 2913 3434 fossas
2934 3378 3113 3435 facere
3141 3381 3194 3435 in
3225 3384 3483 3438 torrentis

227 3478 311 3522 ωε
336 3467 498 3521 galati
534 3467 652 3531 Dei,
704 3467 758 3521 id
798 3476 880 3521 est
901 3507 917 3532 ,
978 3467 1176 3532 Ειίεθο,
1219 3466 1524 3523 ,ιυᾱωοι-ιιω
1548 3469 1803 3525 habuere
1903 3463 2075 3529 alveo,
2107 3473 2161 3519 et
2191 3466 2265 3520 ita
2298 3468 2541 3536 praidicit
2588 3471 2790 3540 absque
2825 3473 3000 3527 ventis
3025 3482 3080 3528 et
3092 3473 3282 3555 pluvia
3311 3490 3482 3545 aqua-

228 3573 541 3630 personam,
562 3558 655 3627 qui
681 3558 750 3612 ad
782 3571 999 3612 erucem
1020 3558 1247 3612 Domino
1276 3556 1539 3612 Salvatori
1570 3560 1801 3614 subsan-
1902 3570 2023 3608 rum
2054 3556 2390 3627 largitatem.
2417 3558 2554 3625 Quid
2600 3571 2682 3616 cst
2708 3561 2880 3617 fossas
2923 3563 2976 3616 in
3032 3563 3186 3619 alveo
3223 3566 3482 3623 torrentis

230 3649 461 3712 nabant,
490 3648 583 3718 qui
610 3648 794 3702 dicunt
830 3665 842 3700 :
880 3647 1172 3711 «Ascende,
1200 3647 1381 3711 calve;
1406 3650 1655 3715 ascende,
1685 3650 1800 3704 cal-
1863 3649 1867 3654 ’
1902 3644 2100 3712 facere,
2139 3648 2241 3702 nisi
2270 3649 2531 3718 prorunda
2572 3651 2824 3722 mysteria
2864 3652 2918 3705 in
2970 3653 3141 3709 sacris
3184 3652 3481 3723 Scripturis

230 3756 320 3803 ve,
353 3757 373 3791 ι
408 3739 535 3808 quia
556 3738 613 3793 in
641 3737 902 3793 Calvariie
924 3737 1040 3793 loco
1060 3736 1305 3793 Christus
1331 3754 1654 3795 ascensurus
1680 3749 1804 3796 erat
1902 3738 2045 3793 bono
2076 3741 2254 3794 studio
2296 3744 2572 3811 quaerere?
2601 3742 2730 3809 Qua:
2780 3745 2983 3812 absque
3031 3746 3209 3815 pluvia
3237 3753 3293 3800 et
3321 3754 3483 3802 vento

226 3833 285 3885 in
312 3844 551 3885 crucem.
589 3829 742 3896 Quod
781 3844 908 3884 vero
944 3844 1235 3884 conversus
1269 3829 1547 3886 maledixit
1585 3833 1664 3886 eis
1701 3831 1806 3905 Eli-
1904 3845 2041 3899 aqua
2089 3831 2385 3901 replentur,
2414 3834 2541 3903 quia
2585 3849 2725 3905 Step0
2777 3835 2980 3904 absque
3010 3829 3246 3891 hiimano
3288 3837 3482 3894 solatio

228 3937 380 3987 scus,
408 3929 468 3976 et
497 3922 751 3977 exierunt
775 3921 881 3975 duo
905 3921 1014 3975 ursi
1044 3922 1112 3975 de
1145 3921 1301 3986 silva,
1336 3930 1389 3976 et
1419 3903 1807 3978 interfecerunt
1905 3921 2224 3990 sapientiam
2255 3924 2462 3978 confert
2494 3925 2608 3979 suis
2635 3903 3104 3994 investigatoribus
3127 3929 3366 3996 potentia
3394 3930 3481 3985 di-

228 4017 593 4088 quadraginta
621 4017 755 4070 duos
778 4028 976 4084 pueros
1003 4012 1457 4081 blasphemantcs,
1490 4013 1563 4066 ita
1587 4022 1642 4067 et
1661 4012 1809 4069 Chri-
1904 4010 2051 4064 vina.
2090 4009 2239 4066 Unde
2261 4012 2390 4066 dicit
2428 4010 2663 4069 Joannes
2691 4013 2980 4085 Apostolus
3009 4035 3021 4070 :
3062 4035 3080 4067 ι
3113 4016 3232 4072 Non
3262 4034 3486 4076 necesse

231 4117 351 4163 suis
374 4116 499 4177 post
538 4107 841 4177 passionem
866 4112 920 4158 et
948 4104 1403 4158 resurrectionem
1450 4118 1516 4158 ex
1555 4105 1804 4171 mortuis,
1906 4099 2118 4154 habetis
2146 4108 2205 4153 ut
2255 4099 2450 4171 aliquis
2490 4100 2679 4157 doceat
2718 4119 2829 4169 vos,
2870 4106 2965 4159 sed
2994 4105 3135 4160 sicut
3158 4106 3340 4162 unctio
3368 4107 3485 4179 ejus

228 4205 523 4267 postquam
550 4195 795 4249 ascendit
818 4194 871 4247 in
908 4192 1096 4256 caelos,
1133 4191 1276 4246 sicut
1311 4190 1519 4246 Eliseus
1564 4193 1807 4247 ascendit
1908 4190 2065 4245 docet
2093 4191 2283 4245 vosde
2308 4193 2560 4247 omnibus
2588 4192 2639 4265 (1
2662 4193 2822 4248 Joan.
2853 4194 2936 4266 ιι).
2974 4215 2992 4248 ι

230 4289 287 4342 in
314 4286 522 4351 Bethel,
550 4286 602 4339 id
621 4294 725 4350 est,
754 4285 805 4339 in
836 4285 1053 4339 domum
1074 4283 1193 4345 Dei,
1220 4296 1512 4338 conversus
1538 4283 1810 4338 maledixit
1962 4279 2132 4335 ‘Unde
2177 4281 2365 4335 bibunt
2390 4281 2636 4340 homines
2670 4295 2724 4339 et
2754 4285 3017 4355 juiuenta,
3049 4289 3103 4344 id
3144 4298 3245 4355 est,
3280 4287 3478 4347 doctri-

226 4376 456 4442 Jndmis,
487 4387 542 4431 et
564 4375 974 4447 quadragesimo
1003 4375 1239 4430 secundo
1282 4390 1423 4429 anno
1459 4376 1808 4432 Asconsionis
1839 4428 1884 4450 η
1910 4384 2035 4423 nam
2086 4370 2357 4440 accipiunt
2394 4372 2655 4442 ingeniosi
2687 4374 2883 4445 Quique
2911 4386 2966 4432 et
3009 4378 3299 4449 simplices.
3346 4382 3485 4450 Quia

229 4487 349 4526 sum
376 4468 606 4524 immisit
630 4469 765 4524 duos
790 4482 948 4522 ursos
972 4469 1038 4522 de
1064 4466 1215 4522 silvis
1243 4468 1499 4534 gentium,
1528 4468 1809 4537 Vespasla-
1835 4464 1884 4488 ν
1910 4472 2170 4530 quantum
2218 4464 2409 4518 idonea
2448 4474 2529 4520 εει
2559 4469 2737 4522 anima
2776 4469 3123 4539 θεοίυίεηῑίεν
3156 4481 3362 4529 lanium
3408 4475 3483 4531 ibi

231 4576 368 4615 num
396 4559 604 4615 scilicet
632 4565 686 4614 et
706 4557 909 4624 Titum,
926 4557 1019 4627 qui
1043 4571 1135 4612 eos
1160 4557 1363 4613 crudeli
1388 4565 1569 4628 strage
1599 4558 1807 4629 dejece—
1910 4551 2145 4607 inveniet
2170 4553 2547 4609 documentum
2570 4572 2679 4612 suae
2708 4558 2915 4616 salutis.
2949 4560 3230 4632 Sequitur:

232 4661 383 4708 mm.
1984 4658 2003 4692 ι
2038 4640 2342 4712 Parumque
2392 4645 2495 4700 hoc
2539 4646 2592 4699 in
2637 4658 2925 4718 conspectu
2976 4652 3216 4718 Domini,
3266 4656 3487 4728 insuper

842 4738 1067 4795 CAPUT
1103 4738 1188 4792 lll.
1915 4750 1934 4781 ‹
1969 4731 2129 4786 etiam
2160 4732 2314 4788 Moab
2352 4734 2406 4789 in
2438 4751 2627 4791 manus
2652 4747 2877 4793 vestras.
2917 4760 2935 4792 ι
2969 4741 3085 4797 Non
3112 4745 3256 4799 enim
3286 4745 3484 4804 sutllcit

232 4858 321 4914 De
366 4854 499 4911 bello
527 4855 684 4909 ,ήκω
718 4869 917 4924 regum,
955 4852 1133 4924 54488,,
1160 4851 1317 4924 Iuda,
1372 4861 1421 4924 ει
1457 4850 1630 4924 Imm,
1656 4861 1809 4924 aqua
1911 4822 2091 4924 servis
2109 4823 2202 4878 Dei
2233 4826 2413 4924 abdita
2464 4829 2720 4898 mysteria
2759 4830 2918 4924 scire,
2949 4833 3245 4903 quinetiam
3286 4837 3487 4894 debent

313 4926 519 5007 Edam;
548 4933 727 5005 contra
770 4913 938 4993 {egent
967 4913 1144 4987 Moab,
1173 4931 1222 4975 et
1268 4921 1332 4975 de
1358 4922 1574 4976 victoria
1619 4913 1811 4976 coll'ata
1911 4913 2123 5007 ea_t\|iis
2148 4915 2461 4983 praedicare,
2490 4924 2544 4970 et
2575 4936 2593 4966 ι
2619 4919 3047 4977 contradicentes
3073 4937 3137 4978 ea
3166 4927 3488 5000 redarguere

306 4996 386 5052 eis
416 5013 453 5049 a
474 4993 714 5048 Domino.
1916 5000 2052 5073 (Tit.
2077 5003 2148 5073 i);
2189 5024 2206 5055 ι
2238 5005 2431 5073 quibus
2453 5008 2715 5075 promissa
2734 5016 2833 5068 est
2861 5019 3011 5066 certa
3044 5014 3112 5070 de
3140 5016 3296 5073 hoste
3315 4993 3489 5077 v'icio.

312 5106 471 5178 (Car.
500 5102 606 5173 ιιι.)
634 5121 654 5153 ι
687 5101 857 5155 Porro
888 5098 1054 5163 Mesa,
1084 5115 1179 5154 rex
1207 5098 1380 5163 Moab,
1411 5097 1686 5153 nutriebat
1718 5114 1813 5168 pc-
1913 5093 2015 5157 ria,
2056 5114 2074 5144 ι
2107 5102 2167 5148 ut
2217 5097 2520 5163 percutiant
2563 5113 2779 5154 omnem
2815 5100 3088 5159 civitatem
3136 5110 3396 5165 munitam
3431 5121 3489 5169 οι

236 5218 259 5248 ι
307 5210 439 5251 cora
477 5193 665 5258 multa,
688 5199 744 5246 et
784 5189 1021 5246 solvebat
1045 5191 1156 5261 regi
1186 5190 1347 5245 Israel
1398 5198 1612 5244 centum
1646 5188 1813 5244 millia
1913 5196 2126 5236 omnem
2150 5184 2335 5238 urbem
2360 5185 2604 5240 electam.
2635 5206 2655 5239 ›
2688 5187 2945 5247 Civitates
2966 5190 3199 5252 munitas
3224 5206 3277 5254 et
3297 5214 3492 5259 omnes

238 5307 260 5338 α
312 5301 603 5357 agnorum,
626 5292 683 5339 et
711 5290 925 5339 centum
974 5280 1140 5336 millia
1168 5281 1395 5335 arietum
1434 5295 1576 5343 cum,
1593 5279 1810 5335 velleri-
1913 5270 2073 5327 urbes
2111 5273 2327 5340 0190135.
2357 5288 2641 5344 Possumus
2670 5280 2982 5337 Simulare!!!
3023 5287 3363 5354 prudentiam
3400 5291 3485 5346 iu-

233 5403 259 5431 ,
310 5382 414 5433 bus
440 5378 572 5432 suis,
599 5375 840 5446 cumque
875 5386 1120 5430 manuus
1154 5373 1343 5429 fuisse;
1367 5372 1570 5436 Achab,
1603 5387 1810 5442 praem-
1917 5362 2177 5433 telligere,
2211 5362 2265 5418 in
2289 5378 2392 5433 qua
2423 5367 2656 5422 maxime
2682 5369 2984 5442 philosophi
3014 5382 3071 5429 et
3094 5376 3332 5434 haeretici
3358 5396 3489 5436 con-

241 5490 264 5519 σ
311 5469 621 5523 ricatusest
647 5466 821 5522 fmdus
856 5468 997 5537 quod
1024 5466 1255 5521 habebat
1281 5480 1403 5521 cum
1447 5478 1574 5535 rege
1628 5463 1813 5527 Israel.
1919 5452 2108 5507 ﬁdum-
2156 5452 2247 5508 Ητῐε
2285 5470 2411 5526 δι’εο
2447 5471 2542 5526 Per
2581 5459 2961 5528 Ρηθάίοδῑοΐθε
3004 5466 3176 5521 sane“
3214 5467 3485 5538 Ενειηεειίί

243 5581 265 5611 ι
308 5568 418 5615 etc.
453 5578 471 5610 ι
508 5557 675 5628 Igitur
711 5566 834 5628 post
872 5557 1005 5620 haec,
1033 5554 1226 5610 bellum
1269 5555 1555 5625 gerebatur
1584 5568 1682 5623 per
1708 5563 1817 5607 tres
1919 5548 2318 5614 subvertentur,
2349 5550 2488 5604 unde
2518 5550 2645 5605 dicit
2665 5550 2952 5621 Apostolus
2980 5569 2995 5608 :
3028 5574 3047 5606 ι
3073 5555 3240 5612 Arma
3283 5556 3489 5613 militia

238 5664 421 5718 rcges,
456 5649 557 5703 hoc
587 5656 671 5702 est
710 5661 891 5717 regem
929 5644 1110 5708 Israel,
1137 5659 1315 5713 regem
1353 5641 1488 5696 Juda
1544 5651 1596 5696 et
1634 5656 1816 5710 regem
1922 5647 2118 5695 nostra
2158 5655 2266 5696 non
2295 5641 2567 5707 carnalia,
2618 5642 2712 5699 sed
2742 5645 2980 5713 potentia
3020 5645 3129 5701 Deo
3156 5646 3232 5701 ad
3273 5645 3486 5704 destru-
