3912 6160
374 367 476 432 227

360 486 594 540 ctionetn
642 478 1020 540 munitionum,
1066 475 1291 531 consilia
1330 475 1687 537 destruentes,
1730 480 1785 526 et
1823 485 1932 524 om-
1962 470 2010 529 Α

362 591 485 632 nem
514 570 852 627 altitudinem
887 566 1234 623 extollentem
1269 581 1329 621 se
1355 565 1617 619 adversus
1653 561 1934 618 scientiam

360 662 480 731 Dei,
524 672 579 720 et
618 662 673 716 in
715 660 1083 732 captivitatem
1122 658 1429 729 redigentes
1477 668 1693 710 omnem
1735 650 1939 707 intelle-

364 765 509 811 ctum
552 754 607 807 in
642 750 959 820 obsequium
985 748 1210 811 Christi,
1238 758 1293 802 et
1316 748 1369 801 in
1398 752 1648 816 promptu
1678 742 1939 797 habentes

365 848 550 903 ulcisci
571 860 786 903 omnem
815 843 1233 898 inobedientiam
1263 840 1365 914 (ΙΙ
1394 840 1515 895 Cor.
1551 838 1646 911 χ).
1683 859 1702 891 ι

443 956 462 987 ι
492 937 752 992 Universa
786 933 929 1006 ligna
955 931 1232 988 fructifera
1263 930 1626 987 succidentur.
1651 950 1669 980 ›
1705 927 1822 982 Non
1851 927 1938 982 illa

363 1027 529 1100 ligna,
565 1040 685 1095 qua:
725 1023 928 1079 faciunt
965 1022 1203 1077 fructum
1230 1022 1452 1085 bonum,
1482 1019 1575 1074 sed
1603 1034 1723 1088 (iure
1752 1019 1942 1072 morti-

367 1118 538 1173 ferum
582 1123 843 1188 generant
874 1123 1125 1184 pastum,
1169 1127 1288 1182 quae
1314 1111 1583 1166 radicibus
1618 1110 1784 1165 divini
1810 1125 1939 1165 exa-

367 1208 528 1262 minis
560 1205 789 1270 succisa,
814 1202 1069 1274 pabulum
1096 1202 1226 1256 ﬁent
1251 1200 1392 1272 ignis
1421 1198 1628 1253 :eterni.

436 1296 722 1367 Cunctique
749 1295 917 1371 fontes
951 1309 1207 1364 aquarum
1244 1292 1572 1355 oblurautur,
1611 1304 1731 1343 cum
1774 1289 1944 1343 hatre-

370 1387 621 1449 siarchze,
647 1383 809 1440 simul
836 1398 958 1438 cum
994 1383 1108 1436 suis
1139 1378 1479 1449 sequacibus,
1517 1392 1615 1448 per
1645 1376 1942 1432 catholicos

367 1477 617 1532 doctorcs
641 1474 980 1528 damnantur.

440 1566 509 1620 Et
540 1582 715 1620 omnes
759 1564 873 1634 agri
909 1560 1099 1633 egregii
1146 1552 1408 1631 lapidibus
1446 1558 1776 1629 aperientur,
1820 1571 1943 1611 cum

369 1668 627 1713 venustas
678 1653 967 1711 locutionis
1023 1651 1289 1707 bmrcticae
1346 1659 1508 1719 atque
1561 1647 1945 1719 philosophica:

368 1749 730 1805 anathematis
778 1746 1013 1817 pondere
1048 1745 1345 1807 obruetur;
1399 1739 1531 1797 nihil
1569 1739 1849 1793 remanebit
1887 1739 1943 1792 in

1013 365 1074 420 B.
1117 362 1375 419 RABANI
1411 361 1631 419 MAURl
1665 350 1983 414 ARCHIEI’.
2028 355 2333 411 MOGL'NT.
2375 355 2656 411 OPERUM
2698 354 2875 409 PARS
2907 356 2948 409 ι.

3503 348 3618 433 ω

2633 468 2857 524 CAPUT
2913 468 3000 522 IV.

2035 600 2113 655 De
2141 618 2202 654 eo
2234 601 2371 671 quod
2410 601 2615 654 Eliseus
2651 601 2920 654 mulierem
2951 601 3007 671 in
3045 599 3400 671 benedictione
3436 605 3544 656 tlei
3569 610 3620 657 et

2106 668 2360 725 creditore
2383 671 2638 732 liberauit,
2666 687 2757 724 nec
2781 686 2883 724 non
2902 681 2949 723 et
2970 670 3033 723 de
3053 669 3268 723 muliere
3285 668 3621 726 Sunamitide

2107 741 2258 810 cujus
2310 739 2748 810 ﬁliuthliseus
2804 740 3170 810 resuscitqvit;
3233 738 3298 810 de
3351 743 3620 810 pulmento

2108 804 2291 862 oritura
2310 804 2455 878 'quod
2485 806 2693 863 Eliseus
2713 825 2806 878 per
2829 804 3200 862 immissionem
3232 804 3421 878 farina:
3443 812 3624 864 indu!-

2108 880 2260 943 cavit,
2291 877 2455 949 deque
2482 877 2739 932 oblatione
2762 878 2863 932 viri
2893 878 3137 932 venientis
3164 878 3234 932 ad
3263 877 3518 934 Eliseum.

2110 1008 2270 1083 (CAP.
2320 1009 2431 1080 Iv.)
2458 1029 2476 1060 ι
2515 997 2704 1064 Mulier
2755 1015 2934 1063 autem
2974 1008 3222 1078 qumdam
3260 1008 3327 1064 de
3358 1010 3625 1065 uxorilms

2046 1121 2065 1152 ι
2100 1100 2486 1171 prophetarum
2526 1096 2796 1154 clamabat
2826 1099 2893 1152 ad
2914 1094 3181 1161 Eliseum,
3217 1099 3404 1155 dicens
3441 1117 3454 1152 :
3495 1100 3625 1156 Ser-

2045 1211 2065 1243 ι
2103 1207 2201 1246 vus
2240 1200 2384 1256 tuus,
2432 1191 2513 1244 vir
2544 1205 2720 1252 meus,
2748 1199 2994 1244 mortuus
3021 1198 3123 1253 est,
3154 1197 3210 1244 et
3237 1197 3295 1245 tu
3326 1191 3467 1246 nosti
3494 1192 3623 1260 quia

2047 1300 2065 1332 ε
2102 1296 2288 1337 servus
2328 1290 2450 1335 tuus
2478 1278 2580 1333 fuit
2604 1280 2804 1335 timens
2841 1266 3144 1333 Dominum.
3176 1278 3244 1332 Et
3267 1293 3397 1333 ecce
3443 1280 3623 1337 credi-

2047 1391 2066 1423 ‹
2102 1381 2188 1426 tor
2215 1372 2385 1436 venit,
2433 1377 2493 1424 ut
2528 1369 2682 1423 tollat
2730 1368 2864 1423 duos
2908 1367 3047 1423 ﬁlios
3081 1383 3230 1423 meos
3252 1368 3331 1445 ad
3383 1370 3624 1424 servien-

2047 1479 2067 1513 ι
2104 1461 2227 1516 dum
2275 1458 2396 1515 sibi.
2445 1458 2543 1513 Cui
2580 1458 2717 1513 dixit
2757 1456 3004 1511 Eliseus:
3038 1456 3178 1524 Quid
3213 1452 3297 1513 vis
3332 1464 3391 1512 ut
3423 1457 3625 1513 faciam

2050 1573 2069 1606 ι
2105 1553 2239 1609 tibi?
2286 1552 2384 1608 Dic
2412 1551 2570 1618 mihi,
2621 1550 2749 1622 quid
2794 1550 2961 1605 habes
2986 1551 3039 1603 in
3068 1550 3228 1605 domo
3258 1549 3386 1604 tua?
3425 1549 3498 1605 At
3528 1550 3623 1607 illa

2050 1666 2068 1698 ι
2109 1644 2386 1715 respondit
2418 1663 2429 1696 :
2458 1642 2576 1697 Non
2624 1642 2800 1697 habeo
2837 1641 3031 1697 ancilla
3080 1649 3174 1694 tua
3221 1641 3514 1711 quidquam
3566 1643 3625 1696 in

2051 1757 2070 1789 ‹
2102 1740 2263 1796 domo
2310 1752 2429 1793 mea
2449 1779 2464 1804 ,
2496 1737 2600 1793 nisi
2631 1754 2822 1808 parum
2851 1736 2956 1792 olei
2992 1751 3097 1807 quo
3123 1750 3313 1805 ungar.
3366 1734 3463 1791 Cui
3496 1736 3577 1791 ait
3604 1753 3617 1786 :

368 1804 506 1897 terra
538 1840 714 1903 Moab,
744 1804 847 1893 nisi
884 1837 1020 1891 muri
1044 1846 1246 1889 tantum
1278 1804 1485 1904 ﬁctiles,
1524 1834 1630 1889 hoc
1661 1838 1764 1896 est,
1797 1829 1944 1885 falsae
1972 1804 2017 1861 Β
2051 1852 2069 1884 ι
2110 1832 2283 1899 Vade,
2323 1839 2448 1904 pete
2490 1804 2682 1887 mutuo
2707 1832 2775 1887 ah
2808 1804 3057 1886 omnibus
3102 1804 3297 1885 vicinis
3341 1830 3448 1885 tuis
3492 1844 3631 1884 vasa

369 1931 809 1987 ratiocinationes
835 1927 1107 2001 fragilium
1140 1926 1531 1990 doctrinarum,
1558 1938 1677 1993 quae
1705 1939 1736 1975 a
1763 1921 1945 1992 [undi—

370 2021 610 2087 bulariis,
662 2020 716 2074 id
769 2027 882 2086 est,
939 2019 1142 2075 sanctis
1193 2016 1639 2088 praedicatoribus
1689 2012 1947 2069 Ecclesiae

367 2111 736 2183 circumdata),
772 2109 1007 2164 maxima
1034 2123 1101 2163 ex
1138 2115 1289 2179 parte
1314 2105 1637 2171 refutantur,
1682 2112 1737 2171 et
1764 2102 1833 2158 ad
1863 2101 1944 2157 ni-

368 2202 538 2258 hilum
566 2201 898 2277 rediguntur.
932 2199 1084 2267 Quod
1126 2206 1309 2252 autem
1348 2195 1613 2261 Moabitae,
1662 2202 1783 2251 orto
1810 2193 1942 2261 sole,

367 2307 434 2347 ex
474 2292 700 2346 adverso
736 2303 1018 2361 aquarum,
1068 2286 1251 2345 videre
1288 2293 1479 2359 contra
1519 2298 1688 2357 aquas
1729 2286 1941 2349 rubras,

367 2382 523 2453 quasi
577 2380 888 2451 sanguinem
946 2378 1106 2448 gladii
1157 2377 1646 2440 existimaverunt,
1704 2375 1947 2443 dicentes

368 2472 511 2543 quod
546 2481 655 2526 tres
678 2485 854 2541 rcges,
887 2469 978 2539 qui
1004 2475 1193 2522 contra
1223 2482 1281 2522 se
1304 2474 1567 2522 venerunt
1587 2465 1656 2519 ad
1685 2479 1943 2535 pugnam,

373 2561 602 2623 invicem
651 2575 712 2615 se
761 2559 1110 2623 occidissent,
1160 2566 1215 2612 et
1250 2557 1329 2612 sic
1370 2554 1543 2612 delosi
1590 2563 1737 2621 sunt,
1779 2556 1852 2609 ita
1892 2563 1946 2609 et

369 2649 672 2721 phiIOSOphi
713 2649 936 2703 verbum
971 2648 1148 2702 crucis
1193 2645 1395 2703 Christi
1426 2643 1713 2700 stultitiam
1757 2643 1947 2699 existi-

369 2750 609 2804 mantes,
666 2737 911 2794 derident
960 2737 1264 2809 passionem
1314 2735 1547 2801 Christi,
1593 2742 1649 2788 et
1690 2733 1945 2791 Ecclesia

368 2831 688 2899 martyrium
720 2829 1046 2884 dementiam
1086 2827 1418 2882 existimant.
1466 2823 1573 2881 Sed
1615 2823 1943 2896 (secundum

370 2918 721 2991 Apostolum)
752 2938 769 2969 ι
806 2917 949 2988 quod
996 2917 1216 2973 stultum
1257 2924 1340 2971 est
1381 2916 1477 2971 Dei
1518 2915 1813 2986 sapientius
1862 2922 1945 2969 est

371 3008 711 3073 hominibus,
757 3014 812 3062 et
853 3006 996 3076 quod
1045 3006 1320 3060 inﬁrmum
1362 3015 1448 3061 est
1478 3006 1576 3061 Dei
1626 3004 1819 3061 fortius
1861 3014 1946 3060 est

370 3098 699 3163 hominibus,
729 3096 986 3168 quoniam
1013 3096 1296 3164 prudentia
1318 3095 1497 3151 carnis
1516 3110 1663 3151 mors
1689 3103 1794 3160 est,
1813 3110 1943 3165 pru-

370 3190 553 3244 dentia
608 3197 787 3244 autem
833 3189 1053 3259 spiritus
1086 3189 1193 3243 vita
1238 3196 1294 3242 et
1325 3203 1431 3258 pax
1458 3187 1522 3262 (ι
1549 3186 1671 3242 Cor.
1707 3204 1758 3253 l;
1788 3186 1940 3241 Rom.

369 3291 465 3330 vnn
488 3274 527 3344 ).
564 3296 582 3326 ι
615 3276 633 3349 (
664 3275 745 3328 Ex
769 3274 986 3330 Hieron.
1017 3276 1036 3349 )
1070 3275 1151 3332 Ad
1185 3277 1526 3347 probandum
1572 3284 1752 3332 autem
1802 3275 1947 3346 quod

372 3366 527 3421 Meas
566 3383 618 3420 ιιι
644 3367 893 3436 praesenti
933 3366 1052 3422 loco
1084 3381 1243 3438 super
1276 3366 1720 3438 philosophorum
1750 3364 1945 3421 intelli-

373 3465 531 3524 gatur
580 3458 854 3527 superbia,
903 3458 970 3512 de
1025 3458 1220 3529 quibus
1267 3457 1470 3513 dicitur
1502 3476 1515 3512 ε
1549 3477 1568 3509 ‹
1599 3456 1830 3512 Perdam
1863 3472 1949 3513 sa-

373 3546 628 3618 pientiam
652 3549 996 3619 sapientium,
1017 3559 1071 3604 et
1094 3548 1504 3620 intelligentiam
1533 3548 1947 3619 intelligendum

375 3638 675 3707 reprobaho
714 3637 860 3709 (Ira.
879 3637 1201 3709 xxix;lCor.
1232 3638 1295 3712 ι),
1334 3658 1353 3690 ι
1380 3652 1548 3709 pauca
1578 3641 1646 3697 de
1670 3638 1948 3710 pmpbetis

373 3727 614 3797 exempla
640 3727 953 3796 explicanda
979 3736 1124 3782 sunt.
1157 3727 1321 3784 Amos
1349 3730 1625 3800 loquitur:
1660 3749 1679 3781 ι
1713 3726 1838 3783 Haec
1866 3728 1947 3782 di-

373 3819 449 3872 cit
487 3818 780 3872 Dominus:
811 3818 983 3887 Super
1028 3818 1203 3873 tribus
1252 3818 1617 3888 impietatihus
1665 3817 1845 3881 Moab,
1893 3827 1948 3873 et

378 3920 539 3977 super
572 3916 804 3978 quatuor
853 3923 958 3962 non
1014 3908 1312 3963 adversabo
1356 3923 1503 3975 eum,
1552 3924 1653 3979 pro
1693 3924 1763 3963 eo
1802 3909 1947 3979 quod

378 3998 674 4052 combussit
702 4013 826 4052 ossa
853 3998 995 4070 regis
1021 3996 1252 4052 ldumea:
1279 3998 1335 4051 in
1359 3998 1573 4053 cineres
1612 3996 1805 4070 (Amos
1828 3998 1942 4071 u).i

447 4085 586 4141 Vere
606 4088 749 4142 enim
777 4087 1036 4158 quidquid
1072 4087 1126 4141 in
1156 4085 1353 4143 saeculo
1387 4087 1695 4159 dogmatum
1724 4101 1946 4157 perver-

376 4192 579 4246 sorum,
619 4180 877 4251 quidquid
915 4180 980 4234 ad
1023 4187 1292 4234 terrenam
1336 4179 1656 4249 sapientiam
1688 4179 1943 4249 pertinet,

374 4280 594 4346 putatur
622 4284 740 4325 esse
784 4271 1094 4336 robustum,
1144 4271 1247 4325 hoc
1275 4269 1555 4325 dialectica
1593 4269 1946 4335 subvertitur,

376 4372 429 4418 et
458 4363 629 4416 instar
659 4361 911 4427 incendii,
953 4362 1005 4415 in
1036 4361 1246 4417 cineres
1271 4360 1587 4430 favillasque
1614 4360 1943 4424 dissolvitur,

1969 3145 2016 3209 C

2049 1942 2069 1975 ι
2099 1937 2269 1978 vacua
2307 1937 2415 1977 non
2455 1936 2648 1992 pauca,
2696 1929 2751 1977 et
2778 1920 3060 1993 ingredere
3103 1928 3160 1976 et
3184 1920 3377 1976 claude
3418 1920 3622 1977 ostium

2047 2033 2067 2065 ‹
2104 2022 2256 2069 tuum
2302 2029 2426 2069 cum
2474 2012 2801 2069 intrinsecus
2840 2012 3009 2067 fueris
3063 2021 3120 2067 tu
3170 2019 3227 2065 et
3275 2010 3372 2066 ﬁlii
3410 2012 3523 2077 tui,
3563 2020 3623 2067 ct

2048 2124 2068 2158 ι
2098 2105 2253 2162 mitte
2291 2104 2416 2160 inde
2443 2104 2498 2158 iu
2526 2102 2710 2159 omnia
2736 2117 2863 2157 vasa
2893 2101 3033 2167 haec,
3082 2109 3139 2157 et
3167 2116 3288 2157 cum
3318 2101 3476 2172 plena
3505 2100 3624 2156 fue-

2049 2214 2068 2247 ι
2102 2195 2232 2261 rint,
2261 2193 2446 2259 tolles,
2485 2200 2589 2248 etc.
2616 2212 2635 2244 ι
2672 2190 2798 2266 (Ea:
2831 2187 3139 2264 Gregorio.)
3168 2190 3309 2260 Quid
3344 2207 3442 2262 per
3472 2192 3627 2248 hanc

2042 2286 2346 2350 mulierem,
2384 2285 2489 2345 nisi
2526 2292 2714 2340 sancta
2761 2282 3004 2338 Ecclesia
3041 2282 3350 2353 designatur
3389 2283 3625 2339 duorum

2041 2378 2358 2450 populorum
2381 2418 2395 2442 ,
2439 2376 2492 2431 id
2530 2384 2645 2441 est,
2685 2374 2895 2431 Judaici
2932 2382 2987 2429 et
3023 2374 3273 2445 gentilis,
3304 2375 3457 2444 quasi
3489 2376 3626 2431 duos

2045 2487 2167 2526 rum
2198 2470 2431 2525 ﬁliorum
2470 2469 2678 2524 mater?
2723 2467 2854 2535 Qua:
2886 2467 3040 2538 prius
3063 2483 3129 2523 ex
3157 2481 3412 2537 perverso
3433 2482 3620 2538 opere,

2045 2562 2434 2620 consentieudo
2498 2560 2680 2615 callidi
2745 2559 2965 2631 spiritus
3026 2558 3405 2629 persuasigni,
3465 2560 3622 2629 quasi

2050 2653 2336 2723 quemdam
2358 2652 2568 2722 peccati
2586 2664 2861 2704 nummum
2887 2664 2918 2704 a
2944 2649 3212 2704 creditore
3233 2634 3536 2719 acceperat,
3569 2658 3625 2703 ct
3658 2697 3665 2703 .

2044 2745 2198 2809 duos,
2240 2760 2378 2814 quos
2424 2743 2479 2798 in
2508 2743 2613 2797 ﬁde
2652 2741 2859 2812 genuit,
2911 2740 3163 2797 amittere
3204 2742 3433 2797 timebat
3460 2740 3625 2796 ﬁlios:

2046 2834 2154 2891 Sed
2180 2834 2453 2905 prophetat
2479 2833 2690 2898 verbis,
2722 2832 2777 2887 id
2804 2840 2909 2897 est,
2950 2830 3246 2901 Scriptum
3281 2847 3451 2887 sacrm
3480 2848 3622 2903 pne-

2044 2928 2216 2998 ccptis
2257 2926 2533 2990 obediens,
2572 2940 2636 2980 ex
2667 2940 2836 2995 parvo
2860 2925 3004 2994 quod
3042 2923 3273 2979 habebat
3308 2924 3414 2981 olei
3450 2940 3628 2981 vacua

2046 3032 2177 3072 vasa
2203 3015 2460 3082 infundit,
2502 3016 2630 3087 quia
2660 3016 2784 3071 dum
2814 3016 2882 3070 ab
2911 3014 3072 3070 unius
3108 3030 3203 3070 ore
3233 3015 3472 3071 doctoris
3496 3031 3627 3085 paro

2045 3123 2173 3164 vum
2212 3108 2431 3177 quidem
2473 3123 2714 3164 amorem
2760 3108 3061 3163 divinitatis
3107 3107 3400 3165 multorum
3437 3124 3629 3165 vacua!

2048 3204 2256 3252 mentes
2303 3197 2582 3263 hauriunt,
2631 3199 2959 3253 exuberante
2992 3192 3200 3268 gratia,
3237 3208 3514 3269 unguento
3543 3200 3625 3255 di-

2045 3286 2160 3341 vini
2198 3286 2400 3341 amoris
2449 3301 2621 3357 usque
2675 3286 2743 3340 ad
2779 3300 3052 3342 summum
3100 3287 3399 3357 replentur.
3440 3287 3630 3345 Etiam

2046 3391 2192 3432 nunc
2236 3376 2527 3432 multorum
2583 3376 2768 3441 corda,
2826 3391 2945 3446 qua:
2988 3377 3139 3446 prius
3189 3375 3406 3435 fuerant
3452 3393 3631 3433 vacua

2046 3465 2287 3532 vascula,
2317 3475 2593 3538 unguento
2622 3465 2857 3536 Spiritus
2885 3466 3040 3536 plena
3070 3474 3218 3531 sunt,
3248 3482 3369 3536 qua:
3395 3481 3463 3522 ex
3492 3482 3628 3537 pau-
3665 3491 3668 3495 ν

2046 3558 2210 3615 citate
2238 3558 2342 3614 olei
2374 3559 2711 3614 solummodo
2739 3557 2913 3614 infusa
2939 3558 3278 3614 videbantur.
3311 3558 3462 3627 Quod
3493 3559 3624 3615 dum

2046 3648 2170 3705 aliis
2194 3659 2355 3719 atque
2397 3649 2519 3704 aliis
2556 3649 2736 3713 datur,
2777 3656 2832 3703 et
2868 3648 2935 3704 ab
2968 3649 3302 3704 auditoribus
3329 3649 3460 3705 ﬁdes
3487 3650 3630 3704 acci-

2044 3741 2219 3811 pitur,
2251 3748 2435 3809 erepta
2472 3740 2696 3806 mulier,
2728 3739 2980 3796 videlicet
3008 3749 3195 3796 sancta
3221 3740 3483 3805 Ecclesia,
3522 3742 3628 3796 sub

2045 3830 2329 3885 creditoris
2355 3830 2439 3884 sui
2460 3828 2573 3898 jam
2597 3829 2777 3885 debito
2803 3844 2909 3885 non
2934 3837 3165 3886 tenetur.

2123 3938 2142 3969 α
2164 3918 2342 3973 'Facta
2363 3927 2446 3974 est
2467 3927 2649 3973 autem
2673 3919 2918 3988 quaedam
2947 3919 3064 3973 dies
3081 3959 3097 3984 ,
3138 3928 3194 3975 et
3221 3921 3492 3976 transibat
3522 3919 3627 3973 Eli-

2052 4027 2070 4060 ι
2107 4024 2233 4065 scus
2260 4023 2357 4079 per
2403 4009 2608 4064 Sunam
2637 4010 2932 4064 civitatem.
2966 4010 3094 4063 Erat
3118 4017 3296 4065 autem
3327 4009 3399 4064 ibi
3427 4009 3626 4063 mulier

2052 4118 2071 4150 ε
2106 4114 2334 4170 magna,
2384 4113 2505 4168 quae
2544 4098 2719 4152 tenuit
2751 4113 2908 4164 eum,
2952 4107 3013 4153 ut
3058 4098 3364 4154 comederet
3401 4113 3621 4170 panem.

2052 4210 2070 4243 ι
2105 4190 2346 4259 Cumque
2374 4188 2686 4259 frequenter
2727 4190 2852 4245 inde
2889 4189 3174 4254 transiret,
3216 4189 3520 4245 divertebat
3555 4195 3626 4243 ad

2052 4298 2071 4331 α
2104 4295 2243 4343 eam,
2302 4286 2361 4333 ut
2412 4278 2720 4334 comederet
2772 4294 2986 4348 panem.
3026 4299 3046 4330 ι
3078 4278 3266 4334 Mulier
3316 4293 3447 4348 ergo
3497 4279 3625 4343 ista,

2047 4385 2168 4441 quae
2195 4369 2516 4438 prophetam
2546 4369 2779 4439 hospitio
2806 4369 3062 4438 suscepit,
3090 4370 3228 4426 bene
3253 4378 3429 4440 potest
3456 4370 3624 4441 orig“;—

376 4463 435 4508 ut
459 4454 717 4524 probetur
744 4452 898 4517 nihil,
927 4452 1067 4521 quod
1094 4453 1388 4521 putabatur
1413 4466 1532 4506 esse
1559 4448 1941 4506 fortissimum.
1972 4499 2026 4558 D
2051 4476 2173 4516 nem
2198 4460 2469 4514 insinuare
2496 4459 2676 4529 populi
2704 4459 3002 4524 Israelitici,
3031 4475 3151 4529 qua}
3177 4460 3278 4514 fuit
3303 4460 3359 4514 in
3386 4461 3629 4531 patriar-

378 4546 483 4602 Sed
509 4557 563 4602 et
591 4545 757 4601 Isaias
791 4546 1096 4616 superbiam
1127 4544 1282 4600 Moab
1311 4546 1491 4617 arguit
1517 4546 1703 4600 dicens
1736 4564 1748 4598 :
1784 4565 1802 4596 ‹
1837 4545 1949 4599 Au-

377 4637 608 4691 divimus
653 4633 1031 4689 contumeliam
1078 4630 1249 4697 Moab,
1291 4634 1709 4689 contumeliosus
1746 4644 1831 4690 est
1866 4636 1950 4690 ni-

379 4725 500 4779 mis.
543 4721 862 4793 Superbiam
894 4722 1008 4792 ejus
1036 4721 1229 4776 abstuli
1262 4721 1425 4791 (Isai.
1457 4723 1589 4795 xvi).
1630 4742 1648 4775 ι
1682 4723 1948 4780 Jeremias

379 4834 592 4890 quoque
629 4826 818 4873 contra
849 4831 1036 4871 omnes
1070 4818 1370 4872 vaticinans
1410 4817 1687 4883 nationes,
1730 4820 1947 4888 pr0prie

381 4911 616 4980 loquitur
652 4910 717 4964 ad
760 4909 913 4964 Moab
947 4927 960 4962 :
994 4929 1011 4959 ‹
1047 4907 1198 4974 Quod
1245 4907 1554 4963 conﬁdebas
1593 4909 1645 4963 in
1695 4910 1947 4964 munitio-

381 4998 539 5057 nibus
588 5002 693 5055 tuis
717 4999 861 5073 (Jer.
896 5001 1105 5073 xcvm).
1144 5021 1162 5052 ι
1197 5001 1264 5054 Et
1294 5010 1414 5071 post
1461 5015 1631 5070 pauca
1663 5018 1676 5054 :
1707 5020 1726 5053 ‹
1770 5000 1949 5055 Habes

382 5092 631 5147 ﬁduciam
661 5092 714 5145 in
740 5092 907 5162 gleria
947 5100 1057 5146 tua.
1086 5111 1105 5144 ι
1141 5092 1210 5147 Ει
1237 5094 1433 5148 iterum
1465 5111 1478 5147 :
1517 5113 1534 5145 ‹
1573 5094 1836 5160 Quoniam
1869 5093 1952 5147 di-

381 5183 504 5238 citis
554 5182 718 5237 fortes
771 5197 969 5239 ramos.
1009 5202 1026 5236 ›
1058 5182 1137 5238 Ac
1185 5183 1376 5239 deinde
1407 5202 1419 5238 :
1456 5204 1473 5236 ‹
1510 5184 1670 5240 Juxta
1709 5193 1794 5240 est
1833 5185 1950 5240 dies

385 5273 560 5334 Moab,
592 5281 650 5327 ut
678 5272 890 5340 veniat,
922 5282 976 5329 et
1016 5273 1219 5329 malitia
1257 5276 1372 5345 ejus
1419 5276 1596 5330 nimis.
1637 5295 1654 5327 ι
1688 5275 1756 5329 Et
1779 5276 1950 5330 mani-

384 5364 572 5420 festius
601 5362 733 5419 dicit
761 5379 776 5417 :
814 5384 830 5414 ‹
867 5363 1143 5430 Quomodo
1170 5365 1436 5420 contritus
1465 5373 1548 5421 est
1578 5365 1805 5421 baculus
1829 5366 1948 5435 glo-

384 5454 581 5517 riosus,
613 5455 762 5524 virga
791 5453 1233 5525 magniﬁcentiae?
1263 5474 1281 5506 ι
1316 5456 1382 5509 Et
1410 5455 1605 5509 iterum
1635 5473 1647 5509 :
1684 5474 1702 5507 ι
1734 5453 1947 5513 Contri-

384 5552 501 5600 tum
524 5551 607 5598 est
632 5557 800 5598 cornu
831 5543 1004 5599 Moab.
1041 5564 1060 5596 ι
1090 5543 1216 5598 Ηωο
1241 5553 1419 5599 autem
1449 5546 1698 5601 dicuntur
1722 5547 1822 5602 sub
1848 5562 1947 5601 no-

391 5634 537 5688 mine
571 5633 747 5699 Moab,
787 5640 845 5687 ut
881 5633 1046 5688 stulta
1082 5631 1261 5688 sazculi
1283 5673 1299 5700 ,
1342 5634 1476 5688 etin
1506 5634 1705 5690 coelum
1739 5650 1953 5706 semper

388 5722 567 5779 ferens
593 5724 796 5780 malitia
816 5731 1142 5779 conteratur.

2051 4554 2187 4609 chis.
2221 4552 2373 4608 Unde
2399 4551 2540 4606 sicut
2569 4552 2673 4605 ista
2700 4551 2934 4606 Eliseum
2961 4553 3304 4621 prophetam,
3332 4551 3407 4606 ita
3434 4560 3492 4607 et
3533 4553 3627 4623 illa

2050 4648 2335 4702 Dominum
2388 4646 2772 4714 prophetarum
2822 4646 3054 4716 hospitio
3093 4647 3369 4716 suscipere
3406 4648 3624 4703 meruit.

2050 4737 2183 4792 Nam
2223 4736 2494 4791 Abraham
2535 4743 2589 4789 et
2624 4735 2757 4789 Sara
2798 4744 2906 4789 tres
2951 4736 3097 4791 viros
3131 4737 3285 4806 juxta
3320 4735 3624 4792 convallem

2051 4828 2305 4882 Mambrae
2346 4812 2635 4895 suscipere
2687 4835 2739 4879 et
2796 4841 3017 4894 pascere
3058 4820 3385 4882 meruerunt
3454 4824 3623 4897 (Gen.

2052 4915 2228 4987 xvm).
2270 4914 2405 4971 Huic
2432 4931 2559 4986 ergo
2601 4915 2834 4981 mulieri,
2879 4932 2984 4972 non
3016 4916 3233 4971 habenti
3276 4917 3469 4985 filium,
3497 4935 3628 4989 pro-

2055 5009 2215 5078 pheta
2244 5005 2493 5076 promisit
2519 5006 2705 5060 dicens
2737 5023 2749 5058 :

2132 5114 2150 5147 ι
2181 5095 2240 5149 ln
2270 5105 2512 5164 tempore
2540 5095 2642 5149 isto
2683 5103 2739 5149 et
2771 5095 2825 5149 in
2859 5095 2963 5161 hac
2988 5097 3179 5153 eadem
3222 5099 3391 5164 hora,
3434 5099 3483 5154 si
3512 5100 3625 5154 vita

2062 5207 2079 5238 ι
2115 5200 2298 5242 comes
2324 5186 2506 5250 fuerit,
2536 5184 2761 5240 habebis
2789 5186 2844 5240 in
2871 5198 3026 5243 utero
3056 5188 3245 5244 ﬁlium.
3286 5188 3385 5244 Cui
3416 5191 3504 5245 illa
3549 5208 3632 5245 re.

2062 5296 2081 5329 ι
2118 5276 2377 5359 spondit_:
2410 5274 2547 5342 Noli,
2597 5291 2798 5346 quaeso,
2836 5277 3053 5333 domine
3084 5280 3193 5344 mi,
3234 5280 3318 5335 vir
3358 5280 3477 5347 Dei,
3518 5284 3628 5338 noli

2061 5385 2079 5417 ‹
2110 5364 2327 5419 mentiri
2355 5363 2563 5418 ancilla:
2594 5371 2718 5418 ture.
2762 5363 2830 5417 Et
2852 5366 3101 5437 concepit
3134 5366 3363 5435 mulier,
3387 5377 3445 5423 et
3470 5385 3631 5440 pepe-

2060 5477 2079 5508 ‹
2115 5457 2187 5511 rit
2211 5454 2376 5509 ﬁlium
2401 5455 2454 5510 in
2485 5464 2743 5524 tempore,
2775 5463 2830 5509 et
2854 5457 2908 5509 in
2937 5458 3067 5512 hora
3094 5459 3307 5527 eadem,
3344 5476 3449 5532 qua
3477 5461 3633 5516 dixe-

2061 5567 2081 5599 ι
2114 5557 2201 5602 rat
2222 5546 2450 5601 Eliseus.
2481 5566 2499 5597 ι
2529 5545 2624 5601 His
2648 5562 2861 5617 quoque
2878 5548 3074 5603 similia
3097 5550 3353 5607 Dominus
3372 5552 3441 5608 ad
3462 5552 3631 5610 Abra-

2058 5636 2182 5690 ham
2213 5633 2416 5701 retulit,
2440 5634 2625 5689 dicens
2654 5652 2666 5688 :
2704 5654 2721 5687 σ
2759 5635 3054 5692 Revertens
3079 5632 3291 5695 veniam
3314 5640 3384 5695 ad
3405 5650 3459 5695 te
3486 5649 3627 5696 temo

2058 5739 2188 5795 pore
2225 5727 2329 5781 isto
2348 5765 2365 5791 ,
2393 5725 2502 5792 vita
2532 5725 2751 5791 comite,
2780 5734 2836 5780 et
2864 5726 3084 5783 habebit
3118 5727 3286 5783 ﬁliam
3315 5728 3451 5785 Sara
3488 5745 3631 5786 uxor
