3912 6160
271 334 380 388 2‘29

1078 325 1433 385 COMMENT.
1474 327 1538 381 ΙΝ
1580 326 1828 383 ιιιιιιυε
1863 326 1926 382 ιν
1966 326 2231 383 REGUM.
2272 358 2339 365 —
2378 326 2443 381 IN
2483 327 2609 382 LIB.
2652 325 2737 382 IV.

3423 332 3530 403 3250

272 464 366 508 tua
398 450 553 523 (Gen.
596 448 770 521 xviii).
802 448 919 517 Quo
948 445 1154 512 audito,
1181 446 1334 513 Sara,
1367 446 1481 499 risit
1510 453 1632 516 post
1659 446 1853 500 ostium
1882 448 1934 507 Α
1960 454 2049 498 ιιιι·
2077 443 2381 497 testimonia
2408 441 2525 511 ejus
2547 483 2562 507 ,
2609 443 2662 495 in
2700 448 2815 496 toto
2846 443 3008 498 corde
3038 444 3380 514 exquirentes
3403 460 3528 502 eum

272 539 634 606 tabernaculi,
664 537 875 594 occulte
906 537 1091 591 dicens
1127 555 1138 589 :
1168 536 1460 606 Postquam
1487 535 1763 598 consenui,
1799 544 1853 588 et

271 633 527 689 dominus
558 646 709 685 meus
746 627 954 683 vetulus
994 635 1095 690 est,
1137 626 1393 696 voluptati
1434 640 1651 694 cperam
1682 624 1855 677 dabo?

272 726 527 782 \‘isitavit
574 733 752 778 autem
798 719 1059 775 Dominus
1089 716 1299 782 Saram,
1351 717 1491 771 sicut
1534 715 1855 785 promiserat

269 818 348 883 ei,
375 825 429 872 et
459 814 704 885 implevit
732 828 855 882 qua:
894 812 1105 865 locutus
1137 816 1239 862 est.
1279 806 1639 877 Concepitque
1677 813 1732 858 et
1764 822 1856 875 pe-

270 910 418 982 perit
463 910 632 963 ﬁlium
665 908 717 960 in
752 911 1028 962 senectute
1057 917 1152 956 sua
1182 909 1422 968 tempore
1459 914 1566 969 quo
1591 897 1853 967 praedixe-

273 1011 363 1056 rat
390 1000 442 1055 ei
474 999 678 1053 dicens.
717 1014 737 1047 ι

350 1111 369 1143 ι
398 1091 571 1161 Igitur
611 1092 896 1157 postquam
935 1081 1107 1137 crevit
1145 1092 1303 1149 puer,
1348 1084 1525 1161 tactus
1553 1074 1736 1130 dolore
1763 1088 1855 1126 ca-

264 1200 295 1233 ‘s
327 1144 490 1251 pitig,
539 1178 593 1231 in
634 1189 811 1230 messe
859 1173 1001 1228 circa
1042 1170 1324 1225 meridiem
1373 1144 1658 1222 ddfunctus
1692 1171 1792 1218 est.
1829 1182 1847 1213 ι

264 1272 410 1328 Cum
440 1267 668 1340 populus
692 1263 1056 1326 lsraeliticus,
1096 1268 1382 1330 postquam
1419 1257 1472 1310 in
1502 1254 1736 1325 Egypto
1763 1251 1853 1307 de-

266 1364 468 1429 crevit,
503 1370 560 1416 et
586 1375 683 1431 per
713 1357 928 1427 Moysen
957 1354 1011 1408 in
1041 1353 1315 1407 desertum
1340 1349 1600 1412 eductus,
1641 1342 1853 1399 Domini

268 1471 465 1512 vocem
511 1454 759 1507 audierat
797 1449 851 1502 in
892 1448 1013 1518 igne
1043 1454 1097 1501 et
1125 1446 1179 1500 in
1222 1443 1481 1515 caligine,
1515 1438 1730 1510 quando
1773 1436 1854 1489 lu-

272 1548 421 1603 mine
448 1545 690 1600 scientia:
717 1538 903 1595 debuit
933 1536 1215 1602 illustrari,
1233 1550 1356 1589 mox
1386 1532 1566 1586 animo
1595 1530 1661 1584 ad
1690 1528 1856 1582 idolo-

270 1637 493 1691 latriam
522 1645 830 1694 recurrens,
861 1635 1108 1683 mortuus
1132 1634 1216 1681 est
1247 1622 1454 1695 (Exod.
1488 1637 1598 1688 xix,
1630 1618 1756 1689 xx).

350 1764 368 1796 ι
398 1744 469 1798 Et
491 1743 569 1796 ait
594 1741 807 1797 Eliseus
826 1738 898 1792 ad
920 1736 1092 1802 Giezi,
1120 1750 1351 1806 puerum
1375 1748 1534 1788 suum
1578 1750 1590 1785 :
1621 1729 1853 1799 Accinge

274 1855 294 1886 ι
332 1833 545 1888 lumbos
571 1840 714 1895 tuos,
743 1836 801 1883 et
825 1827 953 1883 tolle
980 1826 1231 1882 baculum
1253 1839 1434 1880 meum
1463 1824 1519 1878 in
1549 1837 1709 1876 manu
1736 1828 1849 1886 tua,

273 1947 294 1977 ι
333 1934 391 1980 et
413 1923 569 1977 vade.
602 1920 662 1975 Si
688 1918 992 1975 occurrerit
1011 1917 1107 1972 tibi
1133 1918 1316 1983 homo,
1345 1932 1453 1971 non
1479 1915 1681 1971 salutes
1707 1929 1852 1969 eum.

273 2036 295 2068 ι
332 2016 400 2071 Ει
430 2016 477 2070 si
505 2013 822 2070 salutaverit
844 2019 899 2066 te
925 2009 1216 2080 quispiam,
1261 2023 1369 2063 non
1403 2007 1730 2079 reSpondeas
1756 2004 1851 2070 illi,

274 2124 295 2157 ι
334 2114 390 2160 et
416 2118 584 2173 pones
623 2100 871 2157 baculum
900 2114 1064 2169 super
1088 2097 1284 2153 faciem
1304 2098 1486 2167 pueri.
1518 2116 1537 2149 ι
1570 2096 1589 2168 (
1616 2095 1703 2150 Ea:
1726 2094 1856 2150 Gre-

260 2194 473 2266 gorio.)
506 2192 648 2260 Quid
675 2198 853 2247 autem
882 2188 1169 2259 significat,
1213 2188 1358 2258 quod
1406 2202 1541 2258 puer
1574 2186 1643 2241 ab
1677 2186 1857 2241 Eliseo

271 2289 476 2344 missus
519 2301 645 2343 cum
670 2283 864 2341 baculo
897 2297 1006 2341 non
1032 2282 1320 2339 resuscitat
1362 2298 1461 2353 per
1482 2283 1853 2353 semetipsum,

252 2393 465 2441 verum
494 2376 705 2435 Eliseus
732 2375 975 2439 veniens,
1008 2388 1176 2444 seque
1209 2388 1374 2444 super
1414 2382 1683 2430 mortuum
1719 2382 1858 2429 ster-

270 2483 432 2535 nens.
459 2477 622 2538 ataui:
651 2467 718 2522 ad
745 2463 863 2534 ejus
887 2465 1131 2523 membra
1164 2478 1226 2523 se
1246 2463 1527 2535 colligens,
1572 2464 1679 2520 huc
1707 2463 1857 2535 illuc-

266 2576 382 2631 qtte
409 2558 795 2623 deambulans,
822 2566 879 2613 et
920 2557 977 2613 in
1002 2572 1097 2614 ore
1118 2557 1320 2613 mortui
1360 2558 1559 2626 septies
1587 2557 1853 2626 aspirans,

274 2653 422 2707 hunc
464 2650 532 2705 ad
568 2648 863 2705 redivivam
896 2645 1069 2702 lucem
1098 2647 1349 2718 protinus
1370 2661 1470 2716 per
1498 2645 1857 2701 ministerium

271 2740 668 2811 compassionis
719 2738 1016 2802 animavit,
1064 2737 1169 2793 nisi
1221 2737 1366 2807 quod
1411 2745 1600 2792 auctor
1636 2737 1853 2792 humani

266 2831 488 2903 generis
522 2832 682 2895 Deus,
720 2829 876 2900 quasi
921 2837 1191 2886 mortuum
1232 2842 1457 2898 puerum
1489 2827 1692 2892 doluit,
1733 2841 1857 2881 cum

272 2923 574 2979 exstinctos
611 2936 712 2977 nos
737 2919 1036 2989 iniquitatis
1072 2917 1260 2974 aculeo
1290 2919 1580 2972 miseratus
1611 2915 1857 2985 aspexit?

270 3026 331 3072 et
346 3015 475 3085 quia
496 3029 595 3084 per
619 3014 838 3083 Moysen
863 3021 1126 3067 terrorem
1150 3009 1284 3081 legis
1308 3007 1549 3078 protulit,
1579 3008 1733 3077 quasi
1760 3020 1858 3076 per

266 3120 502 3176 puerum
548 3105 756 3172 virgam
811 3102 979 3157 misit.
1037 3100 1141 3155 Per
1189 3099 1365 3171 legem
1407 3098 1604 3169 quippe
1649 3098 1856 3168 virgam

273 3199 422 3254 Deus
451 3203 713 3260 tenuerat,
747 3210 870 3251 cum
892 3194 1102 3251 dicebat
1126 3212 1141 3248 :

404 3307 465 3363 Si
506 3307 628 3376 quis
656 3307 773 3361 haec
810 3305 896 3360 vel
930 3305 1023 3359 illa
1054 3304 1261 3369 fecerit,
1307 3310 1480 3357 morte
1518 3302 1801 3357 moriatur.
1834 3321 1852 3354 ι

277 3403 324 3456 Δ
350 3400 559 3471 peccati
602 3399 764 3467 igitur
792 3406 966 3452 morte
1004 3397 1168 3450 timor
1203 3408 1303 3450 nos
1341 3395 1607 3450 suscitare
1634 3409 1741 3449 non
1767 3409 1861 3448 va-

271 3492 397 3556 luit,
432 3490 526 3545 sed
551 3489 619 3544 ad
648 3496 849 3543 statum
874 3488 997 3542 vitae
1020 3486 1262 3556 aspirata
1291 3485 1718 3541 mansuetudinis
1743 3499 1859 3554 gra-

281 3588 357 3641 tia
381 3585 576 3642 erexit.
610 3582 716 3639 Sed
744 3597 881 3654 puer
906 3597 1031 3638 cum
1072 3581 1263 3637 baculo
1295 3588 1566 3636 mortuum
1595 3581 1861 3636 suscitare

278 3691 390 3729 nun
440 3673 644 3728 valuit:
680 3689 703 3723 ‹
740 3671 899 3739 Quia,
927 3691 947 3724 ι
981 3671 1145 3725 Paulo
1194 3677 1484 3725 attestante
1510 3710 1525 3735 ,
1561 3687 1581 3721 ι
1620 3669 1753 3725 nihil
1792 3670 1862 3726 ad

279 3764 578 3837 perfectum
607 3762 830 3817 adduxit
853 3762 958 3815 lex.
991 3782 1010 3814 ι
1041 3761 1158 3831 Ipse
1181 3770 1359 3816 autem
1388 3774 1487 3830 per
1512 3761 1861 3831 semetipsum

278 3855 526 3918 veniens,
562 3860 619 3907 et
644 3866 807 3922 super
830 3852 1063 3906 cadaver
1089 3849 1362 3905 humiliter
1386 3858 1658 3914 sternens,
1690 3858 1743 3903 et
1767 3864 1861 3903 su-

278 3962 379 4017 per
435 3942 771 4015 exaquanda
817 3941 920 3996 sibi
973 3941 1171 3995 mortui
1221 3940 1461 3994 membra
1512 3955 1571 3994 se
1616 3939 1860 4010 collegit,

282 4039 408 4109 quia
436 4054 456 4088 ι
483 4049 608 4091 cum
634 4033 690 4088 in
710 4031 882 4087 forma
913 4032 1008 4086 Dei
1034 4038 1199 4097 esset,
1226 4045 1333 4085 non
1357 4030 1600 4100 rapinam
1630 4031 1862 4085 arbitra-

282 4139 370 4185 tus
394 4137 482 4184 est
509 4140 635 4182 esse
662 4139 721 4180 se
738 4123 999 4195 aequalem
1026 4123 1155 4188 Deo,
1180 4123 1274 4178 sed
1297 4122 1645 4190 semetipsum
1680 4122 1865 4176 exina-

280 4218 442 4282 irivit,
472 4216 707 4272 formam
736 4214 875 4268 servi
913 4212 1204 4282 accipiens,
1243 4212 1299 4266 in
1327 4211 1732 4267 similitudinem
1760 4211 1862 4267 ho-

278 4308 494 4363 minum
527 4303 725 4368 factus,
744 4310 801 4357 et
828 4302 1014 4357 habitu
1041 4303 1291 4357 inventus
1313 4308 1374 4354 ut
1402 4301 1584 4355 homo.
1609 4320 1629 4353 ι

359 4438 381 4468 σ
419 4415 538 4472 Huc
581 4414 815 4484 illucque
854 4412 1266 4477 deambulabat,
1306 4431 1324 4464 ι
1368 4414 1492 4482 quia
1528 4420 1581 4467 et
1618 4411 1859 4468 Judteam

1957 536 1979 608 (
2000 535 2143 591 Psal.
2172 535 2381 606 cxviu),
2407 555 2425 587 ι
2454 537 2505 589 in
2534 537 2818 607 praesentia
2841 537 3052 592 Domini
3073 536 3368 595 Salvatoris
3391 531 3532 597 sem4

1952 642 2052 696 per
2082 626 2283 679 vivunt.

2029 738 2046 769 ι
2080 716 2369 788 Egreditur
2411 731 2543 786 puer
2594 716 2649 770 in
2700 732 2908 787 agrum,
2964 722 3023 771 ut
3062 715 3278 789 colligat
3335 719 3534 776 herbas

1960 828 1978 859 c
2014 815 2275 876 agrestes,
2297 812 2564 875 quatenus
2596 805 2720 859 inde
2757 807 3313 876 coquat‘pnlmentum
3339 823 3355 875 ;
3386 808 3535 865 inve-

1960 917 1977 948 ‹
2006 898 2192 967 nitque
2212 895 2365 966 quasi
2391 895 2552 949 vitem
2592 893 2917 960 silvestrem,
2952 904 3006 949 et
3030 896 3244 966 collegit
3267 911 3331 950 ex
3355 912 3418 953 ea
3444 914 3534 954 co.

1958 1006 1977 1038 ‹
2006 986 2344 1057 locynthidas
2374 985 2508 1054 agri.
2534 983 2679 1049 Quas
2700 984 2988 1039 concidens
3021 986 3076 1040 in
3104 986 3262 1040 ollam
3288 976 3564 1056 pulinen-'

1959 1098 1978 1130 ‹
2014 1088 2129 1133 tum
2174 1078 2322 1142 facit,
2358 1093 2515 1131 icum
2556 1077 2677 1145 quis
2728 1075 2920 1131 littera:
2963 1076 3097 1147 legis
3143 1079 3398 1144 intentus,
3449 1079 3536 1135 vel

1953 1166 2446 1238 philosophicarum
2503 1165 2905 1233 disciplinarum
2959 1166 3263 1231 studiosus,
3319 1176 3531 1237 pastum

1953 1257 2107 1311 verbi
2157 1270 2433 1325 quarens,
2484 1255 2896 1308 amaritudinem
2944 1254 3399 1327 litteraallegalis,
3450 1257 3534 1313 vel

1955 1342 2295 1399 mortiferum
2340 1345 2593 1414 quiddam
2623 1345 2676 1397 in
2708 1344 3146 1415 philosophorum
3191 1347 3342 1401 libris
3386 1348 3535 1402 inve-

1955 1436 2144 1501 niens,
2194 1434 2530 1489 intermiscet
2586 1434 2800 1487 veritati
2841 1434 3186 1505 evangeliczn,
3234 1446 3289 1490 et
3332 1437 3386 1490 in
3430 1437 3535 1491 olla

1956 1520 2136 1574 cordis
2172 1519 2254 1574 sui
2285 1533 2520 1586 coquens
2548 1518 2654 1572 tale
2693 1519 3044 1588 pulmentum,
3094 1523 3196 1578 hoc
3239 1535 3342 1590 est,
3374 1525 3538 1579 docu-

1958 1618 2197 1663 mentum
2233 1616 2502 1677 prmparat
2532 1609 2601 1662 ad
2636 1608 2985 1665 refectionem
3033 1611 3370 1668 auditoribus
3400 1613 3533 1668 suis.

1959 1698 2100 1755 Dicit
2130 1701 2275 1754 enim
2303 1698 2589 1769 Apostolus
2622 1716 2634 1751 :
2679 1718 2697 1749 ι
2730 1698 2934 1754 Littera
2962 1700 3106 1754 enim
3126 1701 3345 1767 occidit,
3372 1703 3537 1771 spiri-

1883 1786 1928 1845 B
1960 1801 2044 1846 tus
2089 1801 2269 1846 autem
2305 1792 2541 1845 viviticat
2583 1788 2672 1862 (ll
2686 1790 2809 1845 Cor.
2856 1795 2970 1863 ιιι).
3004 1812 3022 1843 ι
3057 1792 3123 1846 Et
3151 1794 3317 1848 item:
3353 1813 3371 1846 ι
3402 1793 3537 1848 Pru-

1954 1886 2154 1951 dentia,
2208 1885 2402 1955 inquit,
2456 1884 2635 1939 carnis
2669 1900 2815 1939 mors
2855 1894 2957 1939 est.
3004 1885 3299 1941 Prudentia
3352 1896 3534 1942 autem

1953 1976 2198 2045 spiritus,
2223 1977 2333 2030 vita
2376 1983 2429 2030 et
2453 1990 2559 2045 pax
2585 1974 2775 2047 (Rom.
2798 1976 2940 2046 viii).
2978 1995 2997 2026 ι
3033 1976 3146 2031 Hoc
3186 1977 3369 2047 itaque
3404 1993 3531 2032 sen-

1954 2065 2154 2119 tientes
2174 2063 2363 2119 ﬁdeles
2382 2064 2563 2135 p0puli
2592 2072 2821 2119 mortem
2850 2064 2904 2117 in
2932 2063 3038 2119 olla
3064 2064 3390 2131 exclamant,
3410 2081 3535 2120 cum

1954 2157 2118 2211 talem
2146 2156 2468 2221 doctrinam,
2497 2155 2655 2225 quasi
2685 2155 3056 2224 deceptionem
3087 2155 3413 2222 animarum,
3444 2157 3538 2210 de-

1953 2255 2216 2303 testantes
2241 2246 2623 2302 vociferantur.
2658 2242 2787 2322 Sed,
2810 2244 3035 2313 jubente
3059 2245 3257 2311 Ellseo,
3282 2246 3453 2300 farina
3483 2246 3537 2300 in

1953 2335 2113 2392 ollam
2148 2336 2401 2402 mittitur,
2442 2349 2566 2390 cum
2594 2335 2819 2389 scientia
2861 2333 3120 2404 spiritalis
3142 2337 3197 2389 in
3224 2334 3325 2390 tale
3353 2336 3538 2392 condi-

1952 2437 2194 2482 mentum
2242 2425 2643 2491 intromittitur,
2694 2433 2771 2490 ut,
2811 2425 3048 2480 .exclusa
3091 2426 3237 2479 omni
3268 2425 3531 2481 amaritu-

1953 2520 2078 2575 dine
2104 2518 2406 2589 pravitatis,
2446 2528 2633 2587 pastus
2664 2516 2786 2572 inde
2815 2515 3061 2570 ﬁdelibus
3085 2526 3419 2586 praeparetur
3447 2533 3536 2572 sa-

1954 2611 2125 2665 lubris
2222 2676 2227 2680 δ

2033 2722 2050 2753 ‹
2081 2702 2177 2757 Vir
2204 2710 2383 2755 autem
2413 2700 2631 2771 quidam
2656 2701 2804 2754 venit
2834 2700 2900 2754 de
2928 2698 3243 2763 Baalsalisa,
3288 2697 3536 2755 deferens

1961 2812 1980 2844 ‹
2014 2794 2132 2848 viro
2167 2793 2264 2848 Dei
2292 2806 2462 2861 panes
2491 2792 2872 2861 primitiarum,
2901 2799 2955 2844 et
2978 2790 3168 2859 viginti
3210 2805 3379 2859 panes
3405 2790 3537 2844 hor-

1962 2906 1980 2938 (
2017 2885 2265 2947 dcaceos,
2316 2891 2369 2937 et
2409 2880 2738 2936 frumentum
2770 2895 2966 2934 novum
2994 2881 3047 2933 in
3086 2896 3212 2949 pera
3242 2895 3360 2945 sua,
3387 2889 3492 2935 etc.
3514 2898 3533 2933 ι

1956 2976 2198 3044 Denique
2242 2975 2324 3028 vir
2353 2974 2420 3027 de
2458 2971 2750 3026 Baalsalisa
2782 2970 2966 3024 venire
3007 2970 3351 3037 describitur,
3389 2969 3539 3025 defe-

1958 3083 2084 3122 rens
2131 3068 2247 3120 viro
2290 3063 2383 3119 Dei
2413 3078 2580 3134 panes
2608 3061 2991 3132 primitiarum,
3035 3070 3089 3115 et
3132 3060 3323 3132 viginti
3367 3076 3541 3131 panes

1884 3146 1927 3207 C
1962 3159 2313 3222 hordeaceus,
2340 3163 2395 3210 et
2418 3155 2746 3208 frumentum
2776 3166 2976 3206 novum
3000 3150 3053 3204 in
3073 3165 3202 3220 pera
3228 3166 3344 3205 sua.
3367 3150 3540 3219 Quem

1964 3259 2145 3304 autem
2169 3248 2361 3303 melius
2391 3247 2565 3300 virum
2596 3245 2758 3299 istum
2787 3243 3032 3311 accipere
3067 3243 3354 3312 possimus,
3378 3256 3541 3312 quam

1962 3357 2163 3403 emtum
2206 3353 2518 3400 sanctorum
2546 3342 2787 3405 Patrum,
2817 3340 2908 3410 qui
2936 3341 3134 3394 virtute
3163 3338 3331 3392 animi
3355 3345 3411 3393 et
3445 3337 3543 3392 bo-

1961 3450 2152 3491 norum
2193 3448 2417 3504 operum
2456 3430 2701 3502 pollent?
2728 3429 2829 3497 Qui
2861 3430 2997 3485 bene
3024 3428 3092 3483 de
3115 3426 3412 3482 Baalsalisa
3447 3440 3539 3481 ve.

1962 3528 2109 3581 nisse
2135 3526 2350 3580 dicitur.
2395 3522 2689 3577 Baalsalisa
2714 3522 2858 3575 enim
2884 3519 3080 3573 habens
3125 3520 3336 3572 tertium
3372 3519 3542 3572 inter-

1959 3628 2224 3692 pretatur.
2249 3618 2417 3672 Recte
2442 3632 2571 3686 ergo
2601 3617 2666 3671 de
2692 3612 2986 3669 Baalsalisa
3014 3620 3097 3666 est
3124 3610 3216 3681 qui
3242 3610 3541 3665 ternarium

1962 3723 2248 3763 numerum
2292 3707 2346 3761 in
2375 3705 2691 3761 credulitate
2718 3712 2775 3759 et
2802 3702 3138 3758 confessione
3186 3707 3384 3755 sancta:
3421 3698 3541 3753 Tri-
3578 3682 3591 3689 1

1962 3799 2149 3853 uitatis
2177 3805 2371 3852 servat.
2405 3795 2505 3850 llic
2546 3809 2674 3849 vero
2706 3794 2788 3847 vir
2816 3793 2933 3846 viro
2967 3792 3061 3846 Dei
3087 3804 3254 3861 panes
3278 3789 3541 3858 primitia-

1963 3903 2081 3941 rum
2135 3885 2310 3950 offert,
2360 3899 2483 3938 cum
2529 3880 2873 3952 Redemptori
2934 3888 3121 3934 nostro
3166 3893 3263 3948 per
3310 3878 3543 3949 gratiam

1963 3977 2080 4046 eius
2155 3975 2451 4043 inspiratus
2515 3971 2670 4026 oﬂ‘ert
2723 3971 2890 4025 libros
2949 3969 3016 4023 de
3069 3968 3277 4038 origine
3333 3976 3544 4021 creatu-

1964 4085 2150 4124 rarum
2212 4068 2561 4139 compositos.
2623 4063 2793 4120 Ollert
2844 4060 3034 4134 viginti
3081 4076 3250 4131 panes
3308 4062 3541 4116 hordea-

1963 4175 2090 4215 ceos
2114 4199 2129 4226 ,
2186 4159 2290 4213 hoc
2341 4164 2458 4222 est,
2512 4153 2836 4224 Decalogum
2866 4153 2996 4224 legis
3037 4152 3092 4205 in
3123 4150 3290 4221 Moysi
3328 4160 3385 4205 et
3419 4167 3546 4221 pro-

1965 4252 2248 4324 phetarum
2278 4247 2493 4317 scriptis
2519 4245 2987 4315 comprehensum.
3019 4242 3188 4297 Oll‘ert
3216 4242 3545 4296 frumentum

1969 4356 2164 4396 novum
2202 4341 2257 4394 in
2298 4354 2428 4408 pera
2458 4352 2577 4403 sua,
2611 4350 2733 4391 cum
2762 4334 2968 4389 Novum
3000 4334 3400 4389 Testamentum
3426 4343 3547 4402 post

1974 4429 2280 4487 Mediatoris
2324 4428 2495 4483 nostri
2545 4426 2835 4481 adventum
2871 4424 2926 4478 in
2967 4424 3140 4478 sancti
3180 4423 3456 4493 Evangelii
3493 4432 3548 4477 ct

254 4508 435 4580 'juxta
478 4517 535 4563 et
567 4508 725 4577 longe
766 4506 970 4576 positas
1011 4511 1195 4574 gentes
1239 4512 1414 4559 vocat.
1453 4524 1470 4555 ι
1500 4503 1676 4574 Super
1717 4521 1858 4560 mor-

1969 4520 2333 4593 apostolorum
2383 4517 2598 4587 scriptis
2651 4515 2806 4582 profe
2841 4524 2878 4568 t.
2936 4512 3096 4568 lubet
3151 4528 3280 4582 ergo
3333 4485 3547 4568 liliseus

283 4614 437 4656 tuum
463 4600 665 4670 septies
707 4597 956 4667 inspirat,
993 4615 1009 4646 ι
1037 4596 1162 4664 quia
1205 4610 1301 4665 per
1325 4596 1658 4665 apertionem
1699 4597 1866 4651 divini

282 4691 529 4746 muneris
583 4689 811 4762 gratiam
874 4686 1201 4756 septiformis
1259 4685 1491 4754 Spiritus
1552 4686 1607 4739 in
1658 4687 1867 4755 peccati

284 4789 462 4836 morte
481 4779 787 4850 iacentibus
812 4777 1035 4845 aspirat.
1073 4794 1091 4825 ι
1113 4774 1341 4844 Moxque
1368 4775 1555 4829 vivens
1582 4775 1860 4845 erigitur,»

281 4873 415 4943 quia
458 4870 507 4924 is
552 4884 713 4940 quem
750 4868 973 4923 terroris
1019 4867 1172 4937 virga
1210 4867 1472 4921 suscitare
1512 4882 1619 4922 non
1659 4869 1864 4937 potuit,

278 4978 385 5035 per
418 4961 623 5016 amoris
648 4959 898 5030 spiritum
928 4972 1062 5026 puer
1089 4957 1154 5010 ad
1183 4957 1348 5010 vitam
1375 4957 1533 5012 redit.

363 5093 384 5125 ι
412 5071 546 5128 Erat
574 5082 751 5127 autem
792 5069 960 5124 fames
989 5069 1045 5123 in
1075 5076 1239 5134 terra,
1272 5077 1325 5122 et
1350 5067 1444 5123 filii
1479 5060 1901 5143 prophetarum"

285 5186 308 5217 ε
342 5165 661 5221 habitabant
685 5178 868 5218 coram
893 5176 977 5216 eo.
1005 5160 1255 5229 Dixitque
1284 5162 1376 5215 uni
1403 5161 1469 5215 de
1494 5161 1676 5231 pueris
1706 5161 1818 5216 suis
1848 5175 1866 5215 :

289 5279 310 5309 ε
348 5254 504 5311 Pone
546 5254 708 5309 ollam
745 5252 1027 5323 grandem,
1073 5261 1128 5307 et
1162 5266 1331 5320 coque
1373 5251 1704 5320 pulmentum
1746 5252 1870 5307 filiis

292 5366 310 5397 ι
347 5344 765 5416 prophetarum,
802 5350 904 5397 etc.
940 5360 959 5392 ι
1006 5340 1157 5405 Erat,
1187 5341 1382 5410 inquit,
1425 5340 1589 5410 fames
1627 5343 1871 5407 interra,

288 5454 406 5494 non
432 5436 607 5492 fames
627 5435 808 5505 utique
827 5435 1006 5506 panis,
1030 5448 1131 5488 nec
1152 5432 1271 5487 sitis
1296 5447 1470 5503 aquae,
1506 5433 1599 5487 sed
1628 5432 1876 5487 audiendi

288 5526 527 5583 verbum
581 5525 788 5580 Domini
821 5522 1010 5597 (Amos
1062 5520 1203 5593 vni).
1258 5520 1326 5574 Et
1367 5519 1468 5589 ﬁlii
1508 5520 1877 5591 prophetarum

291 5618 608 5674 habitabant
631 5624 807 5669 coram
829 5596 1026 5678 Eliseo,
1053 5626 1175 5668 cum
1208 5611 1302 5665 lilii
1333 5622 1642 5666 sanctorum
1687 5596 1880 5682 praedi-

256 5715 269 5723 '
294 5717 574 5771 ceterum,
612 5723 630 5756 σ
657 5704 749 5775 qui
776 5702 1052 5758 ambulant
1078 5700 1132 5755 in
1157 5700 1531 5772 lege‘Domini,
1558 5711 1612 5757 et
1637 5710 1879 5756 scrutan-

1813 5841 1829 5869 l

1967 4621 2152 4668 noster
2195 4608 2459 4663 ministris
2495 4606 2631 4672 suis,
2667 4606 2871 4661 sanctis
2894 4603 3142 4659 videlicet
3177 4603 3545 4674 praedicatori-

1966 4703 2087 4765 bus,
2139 4709 2197 4754 ut
2242 4699 2382 4753 hanc
2423 4696 2751 4751 oblationem
2794 4695 2991 4765 populo
3040 4692 3279 4749 fidelium
3326 4693 3547 4763 dispen-

1967 4801 2108 4857 sent,
2136 4792 2190 4845 id
2218 4798 2322 4857 est,
2371 4797 2449 4855 ut,
2479 4788 2771 4842 secundum
2801 4787 2932 4840 illud
2956 4785 3252 4852 Evangelii,
3286 4803 3304 4836 ‹
3342 4785 3405 4840 de
3432 4786 3547 4838 the-

1967 4882 2277 4947 sauro'suo,
2327 4878 2472 4934 velut
2502 4878 2681 4933 scriba
2725 4878 2933 4942 doctus,
2984 4877 3039 4930 in
3065 4890 3233 4945 regno
3285 4874 3544 4929 caelorum

1969 4970 2245 5042 proferant
2284 4984 2424 5024 nova
2466 4976 2521 5022 et
2556 4975 2740 5021 vetera
2789 4965 3013 5036 (Matth.
3059 4963 3205 5035 xm),
3235 4982 3253 5015 ι
3281 4971 3546 5034 quatenus

1970 5060 2167 5132 pabulo
2192 5059 2342 5114 verbi
2382 5056 2552 5113 divini
2595 5055 2925 5111 reficiantur.
2957 5053 3111 5120 Quod
3151 5052 3465 5124 mysterium
3492 5051 3547 5105 in

1973 5149 2263 5221 Evangelio
2290 5149 2541 5202 iteratum
2566 5147 2813 5216 legimus,
2845 5159 2966 5199 cum
2996 5145 3049 5196 in
3071 5143 3332 5197 fractione
3359 5160 3377 5191 ι
3397 5141 3549 5211 quin-

1976 5255 2081 5312 que
2104 5254 2324 5310 panum,
2355 5238 2594 5309 quinque
2620 5235 2787 5291 millia
2816 5234 3094 5289 hominum
3122 5231 3337 5305 (Matth.
3365 5230 3501 5303 xiv),
3523 5249 3542 5281 ι

1978 5344 2035 5390 et
2062 5335 2207 5395 item,
2256 5350 2275 5383 ι
2297 5342 2499 5401 septem
2527 5344 2746 5401 panum,
2776 5336 3008 5398 quatuor
3048 5325 3215 5380 millia
3251 5325 3546 5389 hominum,

1978 5425 2173 5480 satiata
2222 5435 2343 5477 esse
2387 5426 2897 5479 commemorantur,
2930 5435 2949 5467 ‹
2989 5426 3044 5471 et
3094 5416 3303 5471 satiatis
3359 5413 3548 5478 turbis,

1982 5532 2105 5573 cum
2155 5514 2485 5584 collegerunt
2533 5509 2815 5566 duodecim
2867 5508 3127 5578 cophinos
3183 5508 3295 5562 sive
3347 5514 3552 5574 septeni

1984 5615 2196 5677 sportas
2246 5602 2668 5675 fragmentorum
2703 5599 2934 5673 (Matth.
2983 5599 3164 5671 xv)”
3199 5598 3322 5666 quia
3374 5594 3553 5649 nullus

1986 5711 2070 5755 est
2098 5703 2188 5771 qui
2225 5706 2561 5755 sacramenta
2586 5696 2880 5765 Scriptura:
2903 5695 3094 5749 divina:
3128 5704 3225 5762 per
3252 5688 3429 5744 omnia
3465 5707 3555 5745 c..-
