3902 6146
378 396 482 453 251

1021 383 1082 440 Β.
1128 379 1381 440 RABANI
1419 376 1638 433 MAURI
1679 370 1996 431 ARCIIIEP.
2042 364 2353 429 MOGUNT.
2394 367 2680 426 OPEIIUM
2716 364 2895 425 PARS
2932 364 2971 423 Ι.

3532 367 3645 429 ἳῧί

372 522 502 581 pere
538 508 730 577 possit,
755 502 883 574 quin
914 499 1010 555 sibi
1042 497 1236 552 satiato
1259 493 1526 564 supererit
1548 491 1703 562 juxta
1727 490 1951 547 verbum
1981 489 2029 550 Α
2056 486 2246 543 salutis
2290 498 2399 541 suae
2433 501 2592 542 causa
2623 487 3038 553 conveniebant,
3068 490 3220 558 quasi
3247 489 3647 563 blasphemiam

374 600 609 655 Domini.
1006 677 1065 684 Μ
1092 676 1223 684 Μη-
1268 676 1310 684 ﬂ
1827 650 1898 684 Γ,

998 676 1223 732 CAPUT
1268 676 1331 729 Υ.

375 783 452 837 De
485 781 728 836 Naaman
763 775 914 845 Syro,
955 772 1106 845 cujus
1152 769 1351 845 Ξερναηι
1376 767 1598 845 _curavit
1646 764 1855 819 Eliseus
1900 763 1956 816 in

932 838 1136 895 nomine
1177 838 1406 893 Domini.

446 959 604 1033 (CAP.
631 955 715 1029 v.)
744 974 761 1007 ς
794 953 1056 1018 Naaman,
1081 951 1331 1020 princeps
1358 948 1563 1003 militiae
1590 946 1733 1017 regis
1756 943 1950 1015 Syria),

380 1074 398 1106 ‹
436 1060 551 1109 erat
576 1052 660 1105 vir
689 1063 915 1119 magnus
958 1045 1098 1115 apud
1130 1043 1403 1097 dominum
1441 1045 1706 1102 suum,.et
1732 1037 1959 1091 honora-

380 1168 398 1198 ι
432 1153 538 1200 tus.
562 1143 668 1198 Per
696 1124 844 1195 illum
872 1138 1018 1193 enim
1049 1135 1307 1190 Dominus
1333 1132 1481 1186 dedit
1508 1129 1736 1184 salutem
1762 1126 1955 1199 Syriae.

380 1258 399 1289 ι
438 1238 568 1290 Erat
595 1244 775 1288 autem
804 1230 887 1285 vir
911 1228 1068 1283 fortis
1095 1235 1150 1281 et
1184 1226 1355 1290 dives,
1386 1224 1480 1279 sed
1512 1222 1778 1291 leprosus,
1804 1229 1910 1274 etc.
1935 1237 1954 1270 ι

374 1328 482 1383 Iste
508 1337 686 1381 autem
733 1322 994 1385 Naaman,
1035 1320 1126 1389 qui
1159 1318 1411 1388 princeps
1452 1315 1658 1370 militia:
1686 1314 1830 1386 regis
1861 1312 1962 1383 Sy-

378 1418 472 1471 rim
512 1430 634 1470 esse
681 1413 1025 1475 describitur,
1076 1423 1238 1478 quem
1279 1406 1471 1461 melius
1511 1404 1823 1476 signiﬁcare
1865 1418 1963 1474 po-

381 1516 507 1569 test,
544 1520 703 1576 quam
736 1502 988 1573 populum
1018 1500 1294 1571 gentilem,
1327 1497 1419 1568 qui
1450 1496 1501 1550 in
1530 1495 1662 1550 orbe
1688 1494 1962 1564 triquadro

376 1613 473 1668 per
497 1597 746 1649 virtutem
788 1592 1049 1647 bellorum
1092 1588 1451 1659 principatum
1499 1585 1745 1656 gerebat,
1783 1599 1848 1639 ac
1879 1597 1964 1637 re-

379 1706 498 1744 rum
524 1689 717 1743 decore
763 1682 1082 1740 fruebatur?
1110 1680 1346 1751 quodin
1386 1676 1618 1733 nominis
1653 1674 1769 1744 ejus
1801 1676 1966 1729 inter-

377 1779 679 1850 pretatione
723 1775 1065 1847 exprimitur.
1098 1771 1487 1841 Interpretatur
1516 1775 1697 1822 autem
1724 1764 1963 1820 Naaman

2058 577 2451 642 existimantes,
2507 577 2827 631 vestimenta
2871 592 2967 631 sua
3015 578 3352 648 scindebant,
3401 582 3541 638 sicut
3587 585 3649 640 in

2056 667 2348 738 Evangelio
2400 668 2699 737 principem
2770 669 3137 735 sacerdotum,
3206 670 3389 726 audita
3442 672 3652 731 Christi

2057 759 2458 829 praedicatione,
2513 757 2705 813 fecisse
2752 758 2982 829 legimus
3029 758 3263 831 (Matth.
3318 761 3509 835 xxvr)?
3538 763 3653 819 Sed

2060 847 2183 902 licet
2225 863 2315 901 rex
2356 846 2519 901 Israel
2568 847 2621 901 in
2677 848 2769 901 tali
2808 849 2993 903 auditu
3040 849 3415 918 pertimescat,
3466 860 3654 909 tamen

2057 936 2321 1005 propheta
2353 936 2446 989 Dei
2472 951 2607 1004 quos
2635 936 2703 990 ad
2735 950 2793 991 se
2824 938 3090 1008 migrasse
3117 950 3467 1011 cognoverat,
3497 944 3565 998 ad
3588 956 3655 999 se

2058 1027 2341 1098 pervenire
2364 1028 2641 1092 suadebat,
2675 1028 2860 1083 dicens
2887 1046 2899 1082 :

2137 1116 2361 1170 tVeniat
2387 1117 2455 1171 ad
2482 1132 2588 1182 me.
2613 1124 2674 1170 ut
2696 1118 2833 1172 sciat
2857 1133 2977 1174 esse
2998 1120 3321 1189 prophetam
3350 1121 3403 1179 in
3425 1121 3648 1188 Israel»

2060 1206 2187 1276 quia
2216 1206 2474 1261 Dominus
2507 1214 2693 1260 noster
2722 1225 2740 1256 ι
2780 1223 2917 1278 quos
2944 1210 3215 1279 prmscivit
3236 1251 3251 1275 ,
3285 1211 3383 1267 hos
3407 1221 3461 1267 et
3491 1228 3658 1269 voca-

2061 1299 2161 1363 vit,
2183 1310 2237 1353 et
2260 1313 2396 1367 quos
2425 1299 2657 1364 vocavit,
2688 1298 2809 1354 illos
2831 1298 3219 1369 etjustilicavit
3249 1302 3443 1376 (Rom.
3475 1304 3649 1377 VIII).I

2138 1409 2157 1441 ι
2198 1390 2355 1444 Venit
2392 1404 2520 1461 ergo
2556 1388 2796 1445 Naaman
2843 1406 2964 1446 cum
3006 1394 3163 1463 equis
3197 1402 3253 1449 et
3284 1396 3555 1463 curribus,
3598 1407 3658 1453 et

2069 1499 2087 1532 ι
2120 1482 2269 1535 stetit
2322 1481 2389 1534 ad
2429 1483 2627 1536 ostium
2678 1481 2873 1537 domus
2910 1482 3094 1540 Elisei.
3140 1484 3388 1556 Misitque
3424 1489 3491 1544 ad
3529 1504 3657 1545 eum

2070 1589 2089 1622 ι
2124 1570 2331 1625 Eliseus
2374 1571 2623 1625 nuntium
2673 1572 2857 1628 dicens
2889 1589 2903 1625 :
2936 1572 3084 1629 Vade
3128 1585 3184 1629 et
3230 1575 3410 1631 lavare
3454 1578 3658 1647 septies

2070 1680 2088 1713 ε
2127 1664 2180 1717 in
2210 1661 2463 1727 Jordane,
2497 1647 2553 1717 ei
2597 1663 2825 1734 recipiet
2852 1679 2982 1718 caro
3026 1674 3117 1719 tua
3168 1666 3457 1721 sanitatem
3487 1677 3657 1737 atque

2074 1771 2092 1803 ι
2134 1752 2500 1807 mundabcris.
2542 1751 2718 1805 Iratus
2772 1751 3012 1807 Noaman
3067 1755 3372 1821 recedebat,
3421 1757 3654 1812 dicens:

378 1836 558 1936 decus,
593 1869 708 1923 sive
735 1865 1010 1922 commotio
1036 1879 1235 1918 eorum.
1267 1860 1373 1915 Sed
1402 1859 1503 1913 iste
1528 1858 1631 1923 vir,
1656 1857 1780 1911 licet.
1806 1854 1962 1911 fortis

2077 1860 2091 1892 ι
2122 1839 2385 1895 Putabam
2422 1843 2567 1911 quod
2607 1842 2958 1913 egrederetur
2995 1843 3208 1911 ad-me,
3238 1854 3293 1900 et
3318 1855 3469 1903 stans
3506 1847 3662 1902 invo-

380 1969 435 2015 et
484 1959 633 2015 dives
674 1956 857 2021 fuerit,
908 1964 1087 2007 tamen
1137 1951 1383 2020 leprosus
1435 1963 1556 2003 esse
1608 1953 1963 2009 memoratur,

377 2051 505 2122 quia
534 2048 780 2120 quamvis
819 2060 918 2116 per
945 2041 1242 2114 potentiam
1277 2040 1428 2111 regni
1468 2053 1532 2093 ac
1561 2052 1745 2092 rerum
1792 2037 1965 2091 abun-

379 2141 620 2196 dantiam
651 2134 916 2191 dominari
958 2132 1270 2194 videretur,
1315 2136 1495 2183 tamen
1520 2140 1618 2197 per
1644 2126 1847 2181 erroris
1874 2140 1968 2179 ne-

377 2231 604 2302 quitiam
633 2236 688 2283 et
714 2224 1031 2282 idololatria:
1060 2222 1266 2292 lepram
1299 2220 1477 2275 ftedns
1507 2219 1773 2289 apparuit.

456 2338 474 2371 ‹
512 2319 681 2373 Porro
727 2317 794 2371 de
841 2313 1001 2385 Syria
1050 2311 1257 2384 egressi
1294 2308 1508 2365 fuerant
1553 2307 1859 2373 latrunculi,
1912 2315 1972 2363 et

384 2432 404 2463 ι
439 2412 707 2481 captivam
751 2408 1020 2462 duxerant
1071 2403 1139 2459 de
1176 2410 1324 2456 terra
1362 2398 1529 2454 Israel
1567 2398 1800 2469 puellam
1840 2412 1969 2467 par-

390 2523 409 2556 ‹
445 2504 643 2567 vulam,
675 2515 794 2570 qua:
822 2506 941 2552 erat
970 2497 1023 2550 in
1047 2495 1305 2562 obsequio
1336 2491 1523 2547 uxoris
1551 2490 1811 2546 Naaman.
1841 2488 1972 2556 Qua;

389 2611 411 2645 ε
449 2592 526 2646 ait
569 2592 635 2643 ad
680 2586 951 2643 dominam
994 2598 1147 2638 suam
1182 2601 1195 2635 :
1236 2581 1451 2637 Utinam
1498 2577 1689 2633 fuisset
1721 2577 1973 2633 dominus

392 2700 411 2733 ι
450 2695 600 2735 meus
637 2679 705 2732 ad
732 2674 1047 2746 prophetam
1092 2672 1184 2741 qui
1211 2678 1293 2726 est
1318 2670 1372 2724 in
1410 2668 1690 2725 Samaria!
1727 2666 1973 2737 profecto

392 2792 411 2825 ι
449 2778 695 2827 curasset
724 2783 847 2822 eum
872 2783 903 2820 a
933 2766 1082 2834 lepra
1113 2778 1273 2834 quam
1310 2762 1498 2827 habet,
1544 2770 1650 2817 etc.
1686 2780 1705 2812 ι
1733 2760 1969 2815 Latrun-

384 2862 492 2918 culi
522 2861 720 2931 quippe
759 2859 824 2912 de
852 2855 1042 2926 Syria,
1086 2869 1205 2924 quae
1240 2854 1628 2922 interpretatur
1652 2850 1971 2917 sublimitas,

385 2951 589 3022 egreSsi
620 2957 766 3013 sunt,
809 2962 929 3003 cum
969 2945 1265 3015 cupiditate
1302 2944 1483 3009 ducti,
1531 2950 1587 2998 et
1613 2941 1843 2998 diversis
1874 2955 1972 2996 ne-

384 3042 546 3115 gotiis
571 3039 838 3111 impliciti,
866 3044 1146 3107 sperantes
1180 3035 1233 3088 in
1256 3034 1464 3089 incerto
1488 3034 1818 3098 divitiarum,
1849 3048 1955 3104 gen

384 3133 506 3188 tiles
533 3148 630 3203 per
660 3139 828 3185 totam
862 3138 1060 3185 terram
1086 3127 1442 3198 vagabantur.
1488 3125 1629 3180 Hinc
1677 3125 1744 3180 ad
1772 3132 1973 3179 terram

2073 1951 2092 1983 ε
2127 1940 2279 1987 caret
2308 1946 2500 1986 nomen
2548 1932 2758 1986 Domini
2806 1933 2903 1987 Dei
2949 1934 3055 1999 sui,
3098 1942 3155 1989 et
3200 1942 3444 2006 tangeret
3492 1952 3662 1992 manu

2074 2041 2093 2073 ι
2135 2037 2232 2077 sua
2261 2022 2439 2076 locum
2483 2020 2667 2091 leprte,
2717 2030 2773 2077 et
2804 2031 3019 2076 curaret
3052 2037 3174 2077 me.
3204 2043 3222 2075 ι
3260 2024 3490 2080 Veniens
3532 2027 3660 2097 qui-

2069 2112 2192 2167 dem
2233 2112 2449 2183 gentilis
2494 2112 2722 2182 populus
2750 2113 2817 2166 ad
2854 2114 3075 2168 domum
3098 2114 3265 2170 Elisei
3300 2117 3495 2183 nostri,
3535 2132 3662 2172 san—

2070 2211 2216 2258 ctam
2258 2202 2509 2257 videlicet
2557 2202 2851 2258 Ecclesiam
2873 2243 2888 2268 ,
2927 2204 3151 2259 missum
3185 2206 3255 2262 ab
3297 2221 3365 2261 eo
3408 2210 3663 2263 nuntium

2062 2289 2352 2347 consilium
2386 2291 2614 2360 accepit,
2656 2298 2717 2345 ut
2758 2305 2818 2346 se
2847 2292 2903 2346 in
2930 2290 3169 2349 Iordane
3196 2296 3395 2364 septies
3428 2294 3662 2363 levaret,

2070 2389 2128 2435 et
2152 2380 2233 2436 sic
2274 2381 2563 2437 sanitatem
2588 2382 2869 2451 reaperet
2911 2391 3074 2453 atque
3104 2386 3483 2454 mandaretur,
3528 2388 3664 2459 quia

2072 2484 2169 2540 per
2223 2470 2493 2542 angelieas
2538 2471 2922 2541 predieatores
2962 2473 3222 2537 Dominus
3269 2477 3402 2533 dicit
3435 2492 3451 2533 :
3480 2478 3665 2535 «Nisi

2062 2560 2196 2630 .quis
2229 2569 2451 2616 renatus
2475 2559 2641 2616 fuerit
2665 2574 2734 2617 ex
2758 2577 2905 2632 aqua
2945 2572 3004 2618 et
3040 2563 3252 2636 Spiritu
3295 2576 3503 2634 sancto,
3550 2584 3664 2625 non

2062 2660 2254 2723 potest
2277 2652 2505 2708 introire
2530 2653 2586 2708 in
2614 2655 2956 2725 regnum-Dei
2984 2654 3167 2727 (loco.
3202 2657 3307 2728 ut).
3339 2677 3359 2710 ι
3390 2658 3460 2713 Et
3485 2660 3617 2714 item
3644 2676 3660 2714 :

2064 2760 2100 2792 .r
2131 2740 2234 2808 Qui
2261 2742 2556 2797 crediderit
2583 2750 2638 2798 et
2664 2743 2975 2814 baptizatus
3000 2744 3182 2812 fuerit,
3205 2747 3387 2804 salvus
3408 2749 3529 2804 erit.
3553 2749 3664 2817 Qui

2075 2848 2205 2888 vero
2226 2848 2333 2888 non
2366 2834 2678 2900 crediderit,
2713 2836 3162 2893 eondemnabitur
3204 2838 3410 2911 (Nare.
3453 2843 3604 2913 xvi).
3633 2861 3656 2897 ι

2066 2921 2329 2981 Jordanis
2369 2923 2552 2994 itaque
2590 2940 2749 2994 aqua:
2782 2927 3292 2998 sacrumbaptisma
3332 2931 3660 3003 signiﬁcant,

2074 3015 2205 3083 quia
2246 3014 2302 3069 in
2345 3016 2427 3069 eis
2454 3015 2713 3073 Salvator
2746 3024 2934 3072 noster
2970 3017 3237 3088 baptisma
3285 3022 3440 3077 nobis
3470 3037 3666 3078 coarse-

2077 3105 2269 3160 cravit.
2306 3105 2459 3172 Quod
2485 3115 2668 3161 autem
2700 3107 2973 3172 Naaman,
3020 3110 3308 3181 indignans
3335 3112 3403 3168 de
3439 3112 3533 3168 tali
3572 3129 3672 3171 re-

384 3226 666 3281 venientes
705 3221 972 3291 captivam
1003 3219 1375 3274 mulierculam
1421 3219 1712 3273 duxerunt.
1760 3216 1890 3284 Quae
1913 3218 1966 3272 in

2077 3212 2293 3267 sponso,
2324 3197 2646 3254 lavationem
2691 3215 2844 3269 aqua:
2870 3199 3171 3258 Jordaniea:
3204 3204 3493 3275 despexit:
3524 3207 3663 3262 sim-

383 3314 697 3385 captivitate
721 3312 894 3382 posita
934 3313 1000 3365 de
1042 3311 1305 3380 propheta
1336 3309 1393 3363 in
1432 3308 1598 3364 Israel
1650 3310 1972 3374 testabatur,

380 3407 517 3476 quia
544 3404 688 3458 fama
715 3404 782 3457 de
805 3401 965 3456 Israel
994 3416 1091 3471 per
1118 3399 1483 3470 negotiatores
1516 3399 1757 3469 gentium
1800 3407 1977 3453 trans-

387 3496 494 3550 lata
531 3495 585 3548 in
616 3502 731 3549 toto
766 3491 897 3548 orbe
939 3490 1239 3546 curiositati
1283 3490 1581 3555 hominum,
1636 3503 1798 3557 quam
1839 3502 1977 3541 uxor

386 3584 631 3640 Naaman
664 3581 949 3652 significat,
987 3595 1174 3635 verum
1214 3580 1532 3650 prophetam
1566 3586 1622 3633 et
1651 3578 1974 3633 salvatorem

385 3676 626 3730 onminm
658 3673 710 3727 in
732 3670 913 3727 Iudaea
943 3684 1164 3725 manere
1187 3668 1459 3739 patefecit.

464 3783 483 3815 ‹
512 3764 795 3831 Ingressus
822 3770 905 3816 est
924 3762 1106 3829 itaque
1131 3759 1370 3815 Naaman
1398 3759 1466 3814 ad
1492 3758 1766 3814 dominum
1795 3772 1973 3822 suum,

393 3875 412 3907 ι
445 3864 500 3911 et
526 3854 792 3909 nuntiavit
834 3853 882 3909 ei
914 3853 1137 3908 dicens:
1171 3852 1262 3906 Sic
1290 3860 1345 3905 et
1371 3851 1450 3906 sic
1484 3851 1661 3906 locuta
1690 3858 1775 3904 est
1800 3847 1975 3919 puella

385 3945 454 4001 de
481 3954 624 4002 terra
662 3944 849 4010 Israel,
888 3963 906 3997 ›
941 3959 1064 3999 cum
1090 3942 1166 4008 hi,
1196 3942 1263 3996 ad
1306 3956 1442 4011 quos
1480 3941 1670 3996 notitia
1698 3939 1848 3996 verbi
1879 3939 1976 3995 Dei

384 4037 650 4108 pervenit,
698 4036 777 4091 eis
803 4035 896 4105 qui
940 4034 1043 4089 sibi
1085 4040 1345 4103 prmsunt,
1395 4039 1689 4103 suggerunt
1734 4029 1977 4087 scientia:

386 4127 650 4200 spiritalis
693 4126 1136 4197 magnitudinem.
1171 4143 1189 4175 ‹
1227 4124 1391 4179 Mittit
1426 4138 1521 4177 rex
1558 4122 1729 4192 Syria:
1769 4121 1977 4177 litteras

393 4236 413 4270 ι
457 4219 524 4273 ad
546 4234 728 4289 regem
750 4216 914 4273 Israel
935 4233 1032 4287 pro
1060 4216 1234 4271 salute
1262 4215 1403 4270 servi
1431 4214 1535 4280 sui,
1569 4234 1587 4266 ι
1623 4229 1746 4268 cum
1768 4214 1972 4284 prima-

2066 3287 2373 3357 ,plicitatem
2401 3288 2673 3359 signiﬁcat
2704 3291 2939 3357 rudium,
2970 3293 3079 3362 ,qni
3109 3293 3406 3363 spiritalem
3435 3309 3543 3353 non
3572 3311 3668 3367 po-

2079 3383 2297 3431 tuerunt
2314 3377 2622 3447 intelligere
2646 3378 2974 3447 ellicaciam,
3007 3382 3132 3452 quia
3172 3403 3191 3435 ι
3212 3384 3463 3443 animalis
3482 3387 3666 3461 homo

2078 3481 2185 3521 non
2204 3467 2441 3537 percipit
2466 3484 2533 3523 ea
2558 3480 2833 3537 quaesout
2884 3469 3121 3541 Spiritus
3157 3473 3251 3530 Dei
3288 3475 3351 3547 (1
3376 3474 3617 3549 Camn).
3638 3496 3661 3530 ι

2157 3578 2176 3610 ι
2211 3558 2347 3615 Cum
2384 3575 2516 3632 ergo
2549 3562 2805 3623 vertisset
2831 3578 2910 3628 se,
2942 3571 3000 3620 et
3026 3565 3203 3623 abiret
3227 3566 3536 3638 indignans,
3562 3585 3664 3626 ac-

2086 3670 2104 3702 (
2134 3659 2418 3707 cesserunt
2450 3652 2519 3707 ad
2539 3667 2663 3709 eum
2684 3654 2830 3711 servi
2861 3656 3056 3720 sui,.et
3079 3656 3243 3712 locuti
3274 3660 3487 3717 suntsi
3515 3677 3530 3713 :
3560 3659 3666 3720 Pa-

2085 3761 2104 3793 ‹
2138 3750 2241 3804 ter,
2271 3742 2318 3797 si
2343 3758 2458 3798 rem
2483 3744 2741 3813 grandem
2772 3744 3000 3809 dixiset
3036 3747 3468 3818 tibi-propheta,
3511 3760 3667 3809 certe

2085 3852 2102 3884 ι
2134 3832 2314 3888 facere
2338 3832 2639 3899 debueras;
2696 3845 2901 3905 quanto
2956 3837 3129 3909 magis
3178 3839 3309 3911 quia
3340 3855 3485 3899 nunc
3512 3840 3670 3900 dixit

2085 3942 2104 3975 ο
2138 3924 2236 3979 tibi
2269 3942 2281 3976 :
2310 3923 2517 3979 Lavare
2540 3933 2597 3980 et
2638 3926 3019 3987 mundabenis?
3042 3928 3408 3989 Deswnditet
3434 3933 3584 3991 lavit
3610 3935 3665 3991 in

2085 4030 2104 4063 ι
2134 4013 2369 4069 Iordane
2402 4015 2776 4085 septiesjuxta
2808 4031 3115 4077 sermonem
3137 4020 3389 4087 viri.Dei,
3413 4032 3471 4077 et
3496 4024 3664 4083 resti-

2084 4123 2102 4155 ι
2141 4112 2255 4169 tuta
2301 4114 2386 4160 est
2418 4121 2548 4160 caro
2576 4103 2710 4173 eius,
2737 4108 2880 4165 sicut
2921 4124 3050 4165 caro
3101 4111 3255 4180 pueri
3284 4114 3511 4181 parvuli
3537 4154 3554 4180 ,
3608 4124 3666 4171 et

2083 4212 2103 4245 ι
2140 4195 2427 4250 mundatus
2458 4202 2561 4250 est.
2595 4213 2612 4246 ι
2644 4195 2793 4251 Bene
2829 4212 2958 4267 ergo
2984 4200 3131 4257 servi
3168 4199 3660 4263 Naamanmoliori

389 4317 475 4364 tus
508 4285 748 4380 gentium
783 4285 1004 4362 audiens
1035 4306 1203 4361 Deum
1224 4321 1347 4361 esse
1377 4303 1617 4360 in'Israel
1639 4306 1797 4377 (quia
1834 4324 1851 4355 ι
1881 4321 1977 4361 ηο-
2078 4285 2307 4341 consul"
2332 4286 2407 4341 ίιιί
2434 4287 2503 4341 ad
2528 4288 2918 4380 ρωβεὶθηὼιω
2946 4291 3263 4351 mandatum
3285 4294 3664 4365 propheticum

390 4409 475 4456 tus
512 4379 564 4454 in
606 4398 786 4461 Judzea
828 4399 992 4463 Deus,
1041 4399 1095 4453 in
1138 4398 1301 4453 Israel
1347 4413 1601 4468 magnum
1634 4413 1830 4453 nomen
1859 4397 1966 4467 ejus

2077 4384 2461 4445 persuaserunt
2486 4416 2502 4441 ,
2548 4379 2672 4446 quia
2724 4394 2867 4448 saepe
2913 4380 3172 4439 Dominus
3207 4384 3412 4454 juniori
3458 4388 3668 4451 revelat

392 4489 568 4563 [Ρεαι.
600 4488 762 4561 Lxxv]
783 4488 839 4561 ι)
872 4489 1028 4544 saluti
1046 4504 1266 4543 suorum
1298 4488 1619 4557 prtevidens,
1651 4487 1966 4556 legationem

2078 4469 2221 4538 quod
2250 4470 2440 4525 melius
2466 4479 2575 4533 est,
2622 4480 2698 4536 et,
2726 4474 3024 4529 secundum
3070 4476 3214 4532 Petri
3244 4490 3451 4539 vocem,
3486 4494 3666 4553 cper-

389 4555 442 4635 in
493 4579 734 4635 Iudaeam
781 4580 964 4643 mittit,
1019 4587 1079 4632 ut
1130 4594 1227 4646 per
1275 4579 1627 4647 apostolicam
1669 4580 1971 4634 doctrinam
1996 4555 2050 4614 D
2076 4580 2330 4620 5003mm
2361 4574 2611 4633 acceptor
2641 4566 2780 4621 Deus
2802 4580 2911 4621 Ποη
2936 4576 3020 4622 θεῖ
3046 4608 3063 4634 ν
3116 4569 3211 4624 sed
3243 4569 3298 4623 in
3324 4571 3668 4644 οωηίβθιιιιθ

392 4669 692 4724 Salvatoris
729 4668 888 4721 iidem
920 4667 1166 4734 accipiat.
1218 4666 1369 4721 Unde
1399 4668 1683 4723 Cornelius
1724 4670 1971 4725 centurio

391 4760 457 4815 de
489 4759 734 4813 Caesarea
768 4757 820 4811 in
846 4755 1052 4826 Joppen
1088 4757 1158 4811 ad
1194 4756 1416 4813 Petrum
1448 4759 1594 4814 misit
1622 4759 1641 4827 (
1659 4758 1773 4811 Act.
1807 4760 1886 4831 x,)
1916 4769 1971 4815 et

391 4848 556 4904 Paulo
598 4863 696 4919 per
721 4847 985 4901 visionem
1022 4846 1106 4901 vir
1138 4846 1358 4903 Macedo
1394 4847 1677 4918 apparuit,
1713 4850 1802 4919 qui
1847 4865 1969 4905 eum

388 4938 797 5000 exhortabatur,
836 4944 892 4990 ut
920 4938 1143 4991 veniens
1173 4935 1451 5005 adjuvaret
1480 4953 1572 4992 eos
1602 4938 1693 5007 qui
1722 4948 1877 4994 erant
1914 4942 1971 4996 in

391 5028 720 5092 Macedonia,
778 5027 918 5081 sicut
967 5027 1024 5081 in
1066 5026 1293 5084 Actibus
1342 5027 1722 5096 Apostolorum
1777 5029 1971 5100 legitur

390 5118 537 5192 (Act.
569 5133 655 5173 xvi
677 5117 717 5190 ).

470 5226 487 5259 ι
521 5206 761 5276 Cumque
786 5207 1003 5278 legisset
1028 5221 1121 5262 rex
1150 5206 1315 5261 Israel
1356 5207 1584 5272 litteras,
1628 5209 1786 5264 scidit
1809 5209 1974 5265 vesti-

399 5316 419 5349 t
448 5305 627 5351 menta
658 5312 770 5358 sua,
803 5304 859 5350 et
885 5297 978 5361 ait,
1025 5295 1273 5365 Nunquid
1309 5297 1450 5352 Deus
1484 5314 1583 5370 ego
1608 5315 1746 5365 sum,
1792 5309 1852 5354 ut
1875 5314 1969 5355 oc-

400 5410 420 5442 ι
458 5391 639 5445 cidere
660 5390 857 5459 possim
879 5396 930 5444 et
945 5390 1253 5447 vivilicare?
1274 5412 1291 5441 ι
1320 5391 1457 5458 Quid
1479 5392 1745 5463 signiﬁcat
1760 5410 1850 5449 rex
1868 5394 1970 5449 iste

393 5481 579 5546 Israel,
624 5482 734 5550 qui,
784 5481 964 5535 audita
990 5480 1253 5549 legatione
1283 5483 1452 5552 Syria:
1487 5482 1553 5538 de
1591 5484 1762 5538 salute
1787 5501 1816 5538 a
1845 5501 1969 5555 pro-

393 5574 552 5644 pheta
574 5571 737 5628 Israel
760 5579 1053 5640 quaerente,
1080 5572 1315 5640 expavit,
1341 5572 1443 5627 nisi
1462 5574 1788 5639 sacerdotes,
1821 5574 1970 5630 Scri-

393 5663 492 5725 bas
515 5672 570 5719 et
601 5661 920 5725 Pharisaaos,
951 5668 1190 5717 rectores
1217 5661 1523 5717 Iudaeorum
1543 5703 1559 5730 ,
1604 5663 1695 5733 qui
1722 5666 1967 5722 conside-

396 5760 579 5807 rantes
596 5752 739 5822 quod
759 5751 991 5821 undique
1005 5750 1189 5820 plebes
1209 5751 1274 5805 ad
1288 5750 1700 5821 Redemptorem
1722 5764 1963 5810 nostrum

2060 4654 2165 4725 qui
2193 4656 2343 4710 timet
2371 4656 2560 4720 Deum,
2585 4663 2642 4708 et
2684 4656 3253 4726 operaturjustitiam,
3284 4668 3538 4730 acceptus
3577 4671 3669 4717 est

2072 4749 2153 4803 illi
2181 4750 2319 4820 (Act.
2349 4748 2425 4821 χ).
2459 4769 2476 4801 ι
2507 4748 2654 4807 Abiit
2680 4756 2734 4803 et
2763 4748 2893 4805 lavit
2940 4749 3138 4821 septies
3165 4747 3320 4818 juxta
3350 4766 3660 4808 sermonem

2072 4847 2174 4900 viri
2208 4844 2340 4909 Dei;
2380 4853 2435 4899 et
2460 4843 2709 4899 restituta
2745 4854 2831 4900 est
2859 4859 2986 4901 caro
3009 4843 3144 4913 ejus,
3176 4845 3320 4900 sicut
3346 4861 3474 4901 caro
3502 4845 3658 4917 pueri

2071 4935 2299 5004 parvuli,
2324 4934 2450 5003 quia
2476 4934 2767 4987 mundatus
2815 4935 2971 5004 aquis
3010 4935 3354 5006 baptismatis
3378 4951 3477 5006 per
3504 4936 3664 4993 invo-

2076 5024 2345 5081 cationem
2392 5022 2720 5092 septiformis
2742 5024 2961 5093 spiritus
2997 5025 3224 5103 quisque
3254 5026 3479 5097 recipiet
3519 5026 3665 5097 sani-

2078 5126 2264 5179 tatem,
2288 5124 2342 5169 et
2371 5116 2437 5170 ad
2460 5116 2761 5170 innocentis
2790 5117 2914 5173 vitae
2936 5115 3218 5171 infantiam
3250 5117 3512 5188 redigitur
3535 5159 3553 5184 ,
3596 5126 3663 5173 ut

2075 5208 2198 5262 vita:
2225 5214 2442 5261 aeternae
2470 5204 2770 5276 ingressum
2820 5206 3098 5277 percipere
3156 5208 3448 5263 mereatur.
3501 5207 3662 5265 Unde

2077 5299 2192 5367 ipsa
2218 5296 2432 5351 Veritas
2474 5296 2588 5351 suis
2613 5296 2890 5366 discipulis
2918 5299 3030 5352 ait:
3068 5316 3087 5349 α
3122 5297 3236 5354 Nisi
3262 5299 3509 5353 conversi
3534 5296 3659 5355 fue-

2076 5389 2215 5450 ritis,
2237 5395 2292 5441 et
2322 5386 2650 5452 elliciamini,
2676 5388 2814 5442 sicut
2867 5388 3109 5460 parvuli,
3157 5405 3265 5444 non
3296 5389 3570 5445 intrabitis
3599 5391 3658 5447 in

2074 5495 2297 5551 regnum
2328 5479 2588 5535 etelorum
2616 5479 2828 5551 (Matth.
2846 5481 3046 5555 _X\‘lll)..
3069 5500 3088 5535 ο

2146 5569 2387 5640 Denique
2415 5587 2433 5620 ι
2471 5585 2721 5648 reversus
2773 5568 3012 5625 Naaman
3059 5571 3129 5626 ad
3171 5571 3347 5629 virum
3394 5572 3491 5633 Dei
3526 5586 3658 5627 cum

2080 5680 2098 5713 ι
2134 5662 2386 5717 universo
2414 5661 2673 5716 comitatu
2711 5677 2830 5727 suo,
2859 5662 3005 5716 venit
3046 5671 3103 5717 et
3152 5663 3301 5720 stetit
3329 5676 3512 5717 coram
3544 5675 3656 5727 eo,

2080 5772 2098 5805 ι
2132 5763 2187 5810 et
2223 5752 2334 5808 ait:
2364 5752 2504 5807 Vere
2528 5750 2641 5806 seio
2674 5752 2816 5820 quod
2861 5767 2968 5809 non
3002 5752 3073 5808 sit
3123 5752 3263 5809 Deus
3292 5752 3348 5808 in
3397 5751 3657 5808 universa
