3902 6146
290 231 403 285 233

1117 241 1466 304 COMMENT.
1508 250 1577 306 IN
1612 251 1859 308 LIBROS
1895 251 1959 306 IV
2001 252 2261 310 REGUM.
2300 287 2368 298 —-
2405 259 2470 314 IN
2516 262 2643 318 LIB.
2679 265 2763 321 IV.

3442 289 3547 348 ειδι

294 360 314 389 ι
350 351 520 406 terra,
544 342 646 397 nisi
687 352 892 402 tantum
917 348 968 404 in
997 350 1180 410 Israel.
1212 375 1230 407 ι
1260 356 1385 413 Ilaec
1409 368 1493 415 est
1519 361 1662 415 enim
1683 361 1872 415 catho—
1900 361 1951 420 Α
1976 358 2176 432 lignum
2201 365 2429 437 desuper
2480 372 2549 426 ab
2577 372 2752 431 Eliseo
2791 381 3090 453 projectum
3133 405 3410 455 reversum
3429 414 3549 470 est,

294 428 393 470 lina
418 431 686 470 nrnfaccin
740 438 882 470 num!
924 457 941 470 .
978 440 1114 470 nm...
1156 443 1414 470 ιιι-ηιμ...
1471 448 1608 470 δη--
1646 451 1792 470 πμ---
1829 459 1876 470 -.
1982 453 2042 470 μμ
2115 455 2150 470 ,ι
2415 461 2428 470 .
2527 464 2539 470 -
2636 465 2658 470 _

290 428 394 485 lica
417 431 702 500 professio,
739 438 882 507 quod
923 457 941 491 ι
977 440 1117 497 Deus
1146 443 1436 512 Abraham,
1471 448 1612 506 Deus
1646 451 1796 506 Isaac
1823 459 1881 506 et
1980 428 2053 507 ita
2078 455 2243 511 etiam
2266 473 2297 513 c

288 521 435 577 Deus
460 520 646 589 Jacob,
679 543 786 581 non
814 539 899 584 est
945 530 1085 587 Deus
1122 544 1457 593 mortuorum
1485 578 1501 603 ,
1549 542 1643 596 sed
1695 541 1877 596 viven-

287 612 424 667 tium
456 614 671 684 (Matth.
719 623 880 686 xm),
914 641 932 672 ι
989 624 1244 692 quoniam
1282 643 1473 684 omnes
1523 631 1594 685 dii
1636 632 1873 702 gentium

284 702 572 770 daemonia,
606 705 866 764 Dominus
896 721 1074 767 autem
1106 716 1273 773 ctelos
1298 717 1427 774 fecit
1456 718 1628 782 (Psal.
1669 723 1812 794 xcv).
1848 743 1868 775 ο

282 792 351 847 Et
371 802 429 848 ut
455 807 648 852 cuncta
676 799 766 855 hic
790 801 1130 871 baptismatis
1158 808 1328 864 scires
1356 821 1696 867 sacramenta
1735 792 1872 882 prte-

281 895 609 952 monstrata,
628 892 682 945 in
715 908 825 960 quo
854 895 1235 953 abrenuntiare
1261 899 1476 956 Satanae
1499 917 1563 957 ac
1588 902 1745 959 ﬁdem
1776 904 1869 960 Dei
1970 910 2239 976 profunda
2283 916 2580 987 descendit,

276 977 528 1033 conﬁteri
576 983 943 1053 praecipimur,
975 997 1137 1056 negat
1188 1005 1249 1045 se
1290 991 1530 1048 Naaman
1586 995 1727 1050 ultra
1769 996 1871 1052 diis
1970 1006 2226 1069 tanquam
2252 1007 2319 1060 ad
2350 1014 2598 1067 manubri

276 1065 473 1121 alienis
499 1068 802 1139 litatnrum,
834 1073 931 1129 soli
953 1092 1052 1146 per
1078 1079 1261 1134 omnia
1290 1082 1519 1137 Domino
1545 1086 1865 1142 serviturus.

272 1156 499 1213 Partem
526 1176 743 1232 quoque
778 1174 936 1221 terrae
980 1178 1183 1224 sancte
1212 1187 1395 1227 secum
1427 1174 1614 1231 tollere
1648 1179 1864 1247 gaudet,

271 1250 399 1317 quia
434 1251 739 1322 baptizatos
789 1267 1002 1326 oportet
1049 1262 1312 1319 Dominici
1364 1281 1579 1337 quoque
1623 1271 1867 1341 corporis
1966 1287 2025 1326 re
2055 1283 2158 1341 est,
2188 1250 2353 1346 prave
2399 1250 2621 1354 agentes
2658 1250 2747 1347 inc

270 1342 691 1411 participatione
711 1349 970 1403 conﬁrma
980 1351 1042 1404 ri.

353 1449 372 1480 ε
410 1431 667 1505 Dixitque
708 1435 858 1491 Giezi
885 1453 1019 1507 puer
1044 1441 1146 1496 viri
1172 1443 1302 1498 Dei:
1333 1444 1583 1515 Pepercit
1606 1448 1865 1505 Dominus
1965 1464 2051 1525 pta
2079 1459 2266 1514 eadem

277 1539 297 1568 ε
334 1536 490 1578 meus
520 1523 764 1582 Naaman
797 1529 935 1600 Syro
990 1532 1100 1596 isti,
1128 1543 1188 1588 ut
1215 1551 1321 1590 non
1371 1539 1641 1607 acciperet
1685 1543 1756 1598 ab
1798 1556 1865 1596 eo
1961 1523 2129 1612 ditur,
2156 1552 2281 1619 qnia

274 1630 296 1661 ι
334 1627 457 1681 quae
481 1617 679 1671 attulit.
712 1619 855 1674 Vivit
882 1621 1161 1689 Dominus,
1184 1626 1307 1694 quia
1332 1642 1546 1682 curram
1586 1637 1706 1699 post
1737 1644 1860 1685 eum
1891 1703 1922 1706 _
1963 1633 2134 1700 Quam
2161 1617 2310 1706 prole

274 1720 295 1752 σ
325 1712 384 1757 et
430 1706 693 1776 accipiam
720 1709 789 1763 ab
825 1726 889 1766 eo
921 1712 1141 1783 aliquid.
1178 1734 1197 1767 ι
1227 1714 1357 1771 Post
1384 1717 1499 1772 lucc
1527 1726 1706 1774 autem
1736 1735 1861 1774 nar—
1890 1703 1936 1762 Β

268 1803 360 1848 rat
391 1793 673 1866 Scriptura
701 1798 844 1868 quod
875 1800 1025 1858 Giezi
1065 1819 1201 1873 puer
1249 1806 1391 1861 servi
1421 1806 1515 1861 Dei
1542 1809 1864 1877 concupive-
1963 1815 2060 1870 tui.
2094 1817 2247 1875 Unde
2276 1831 2330 1877 et
2360 1835 2506 1882 recte
2534 1829 2580 1885 is
2611 1834 2702 1902 qui

264 1892 354 1938 rat
390 1886 460 1941 de
502 1891 746 1957 pecuniis
791 1907 927 1961 quas
954 1895 1246 1963 praedictus
1291 1895 1459 1970 Syrus
1503 1899 1709 1954 homini
1764 1902 1858 1957 Dei

260 1978 561 2047 obtulerat,
592 1983 708 2049 sed,
735 1998 800 2040 eo
832 1985 1047 2042 nolente
1074 1988 1278 2058 aliquid
1309 1990 1433 2047 inde
1456 1992 1720 2061 recipere,
1746 1993 1860 2063 ipse

260 2084 364 2140 per
403 2073 744 2129 mendacium
786 2077 1019 2147 turpiter
1047 2080 1354 2149 acquisivit,
1402 2082 1547 2152 quod
1582 2098 1712 2138 suus
1743 2099 1858 2138 ma-

260 2162 440 2232 gister
476 2178 573 2233 per
596 2163 755 2221 ﬁdem
781 2168 1031 2238 accipere
1055 2171 1252 2225 renuit.
1284 2170 1435 2227 Giezi
1463 2187 1708 2242 quoque,
1764 2174 1856 2244 qui

258 2252 658 2322 interpretatur
699 2268 1029 2328 praeruptum
1060 2261 1258 2325 videns,
1293 2263 1407 2318 sive
1435 2264 1585 2320 vallis
1613 2266 1761 2332 visio,
1784 2268 1857 2322 si-

258 2341 485 2411 gnificat
518 2341 792 2400 Iudairum
822 2348 1102 2418 populum,
1128 2351 1222 2420 qui
1243 2352 1534 2423 aliquando
1567 2353 1708 2409 Puer
1736 2356 1852 2420 Dei,

257 2434 524 2502 propheta
572 2444 885 2505 attestante,
936 2442 1260 2509 vocabatur,
1315 2445 1455 2500 sicut
1493 2445 1632 2502 Osee
1678 2446 1850 2505 dicit:

262 2544 284 2576 ι
312 2524 461 2580 Puer
487 2527 669 2592 Israel,
700 2537 755 2584 et
797 2529 957 2585 dilexi
1009 2547 1131 2587 eum
1161 2533 1305 2605 (Ose.
1350 2536 1453 2606 χι).
1493 2556 1513 2589 ι
1566 2536 1671 2594 Sed
1704 2549 1853 2610 post-

255 2633 427 2687 quam
471 2629 655 2688 sprcto
687 2621 996 2694 Evangelio,
1028 2634 1083 2680 et
1136 2629 1397 2683 cruciﬁxo
1424 2630 1558 2686 Filio
1589 2631 1677 2688 Dei
1702 2674 1717 2699 ,
1767 2649 1854 2691 se-

252 2796 513 2866 cipitans,
555 2802 904 2869 cupiditatem
948 2814 1166 2864 secutus
1209 2819 1293 2864 est
1341 2818 1631 2878 terrenam,
1685 2830 1848 2899 quam
1950 2823 2147 2885 terant,
2180 2821 2451 2882 debitores
2490 2796 2757 2890 tenentur.

252 2885 350 2941 ﬁlii
385 2888 479 2944 Dei
510 2904 611 2959 per
636 2891 962 2963 baptismum
1012 2900 1183 2954 renati
1215 2913 1567 2972 spreverunt,
1603 2919 1701 2975 per
1726 2898 1850 2963 sen-
1947 2911 2127 2980 perdit
2171 2913 2398 2972 clamat:
2448 2938 2466 2971 t
2538 2885 2777 2983 Ileuvlmh

256 2978 483 3032 tetttiam
514 2978 867 3051 justijudicis
896 2986 1015 3052 Dei,
1045 2988 1248 3059 lepram
1280 2994 1501 3059 erroris,
1533 3012 1695 3066 quam
1722 3013 1839 3054 cre-

251 3063 445 3121 dentes
492 3068 877 3139 deposuerant,
910 3077 1023 3146 ipse
1052 3079 1154 3133 sibi
1186 3084 1468 3138 conscivit.
1512 3063 1624 3143 Nec
1664 3104 1768 3144 non
1791 3101 1846 3146 et

251 3171 444 3214 omnes
477 3162 573 3231 qui
616 3173 740 3232 post
787 3166 1150 3237 baptismum,
1201 3183 1259 3228 et
1293 3177 1713 3235 emendatiorem
1768 3181 1846 3237 vi-

255 3256 385 3315 tam,
406 3252 479 3306 ad
508 3254 739 3322 pristina
768 3257 901 3311 vitia
951 3269 1317 3330 revertuntur,
1349 3266 1616 3333 sordibus,
1645 3272 1844 3339 quibus

253 3354 311 3396 se
338 3352 540 3398 exutos
571 3346 881 3416 sperabant,
936 3350 1130 3425 iterum
1188 3353 1431 3425 impliciti
1480 3358 1842 3418 involvuntur.

257 3429 409 3487 Unde
437 3435 705 3504 scriptum
745 3449 871 3493 est:
906 3458 924 3490 t
961 3439 1123 3497 Canis
1175 3460 1426 3501 reversus
1473 3450 1539 3503 ad
1584 3453 1845 3507 vomitum

254 3535 430 3586 suntm,
460 3533 518 3578 et
555 3541 651 3581 sus
677 3526 787 3582 lota
822 3530 878 3585 in
908 3532 1190 3588 volutabro
1217 3535 1344 3601 luti;
1376 3539 1455 3593 sic
1502 3541 1718 3608 stultus,
1754 3544 1845 3616 qni

258 3612 415 3669 itcrat
443 3616 734 3673 stultitiam
767 3636 920 3676 suam
951 3622 1036 3695 (11
1067 3622 1211 3680 Petr.
1243 3643 1312 3694 ll;
1345 3627 1505 3686 Prov.
1539 3635 1709 3706 xxw).
1750 3655 1769 3688 ι

887 3737 1111 3796 CAPUT
1151 3740 1237 3798 VI.

254 3820 343 3913 De.
372 3824 507 3907 ﬁiiis
555 3828 927 3913 prophetarum
978 3836 1408 3913 conquerentibus
1462 3847 1847 3913 prgauguatia

322 3893 443 3957 loci,
469 3905 522 3949 et
544 3893 613 3950 ile
644 3893 967 3954 revocatione
995 3893 1123 3970 ferri
1146 3905 1211 3958 ab
1240 3924 1378 3977 aqua
1405 3893 1498 3978 pe'r
1518 3893 1771 3969 Eliseu'm.

325 3985 477 4057 (Car.
506 3988 607 4059 vi.)
642 4007 659 4039 ι
696 3989 955 4046 Dixerunt
980 4003 1158 4051 autem
1210 3997 1301 4053 ﬁlii
1344 4002 1726 4071 prophetarum
1778 4008 1848 4063 ad

260 4100 281 4128 ι
308 4077 548 4134 Eliseum
573 4097 588 4132 :
621 4078 759 4136 Ecce
800 4081 969 4149 locus,
1001 4085 1055 4139 in
1081 4102 1186 4156 quo
1217 4088 1524 4147 habitamus
1549 4108 1733 4149 coram
1772 4104 1845 4163 te,

259 4184 281 4218 ι
310 4177 572 4239 angustus
608 4179 691 4224 est
715 4172 888 4227 nobis.
926 4175 1126 4231 Eamus
1151 4194 1321 4249 usque
1356 4181 1423 4236 ad
1453 4180 1765 4252 Iordanem,
1793 4195 1850 4243 et

260 4277 280 4308 ι
313 4260 503 4313 tollant
530 4260 729 4332 singuli
762 4263 831 4317 de
852 4264 986 4319 silva
1015 4269 1270 4324 materias
1318 4272 1575 4343 singulas,
1618 4284 1679 4330 ut
1725 4278 1851 4334 aedi-

259 4368 279 4400 t
308 4351 535 4406 ticemus
559 4353 721 4407 nobis
756 4352 828 4408 ibi
859 4354 1033 4411 locum
1068 4360 1135 4413 ad
1157 4360 1526 4419 habitandum.
1563 4366 1663 4434 Qui
1692 4369 1843 4430 dixit.

259 4458 279 4487 ι
314 4439 408 4495 Ite.
444 4440 515 4494 Et
546 4441 628 4495 ait
654 4457 794 4498 unus
824 4460 889 4499 cx
917 4446 1023 4500 illis
1052 4466 1065 4477 ·
1102 4449 1233 4504 Veni
1258 4466 1387 4523 ergo
1413 4463 1467 4509 et
1493 4464 1546 4509 tu
1579 4473 1701 4512 cum
1732 4474 1848 4514 ser-

258 4546 278 4577 ι
310 4529 389 4584 vis
410 4531 543 4585 tuis.
578 4529 876 4602 Respondit
903 4553 915 4588 :
947 4536 1058 4608 Ego
1087 4541 1320 4595 veniam.
1355 4544 1423 4598 Et
1448 4545 1579 4601 abiit
1608 4564 1729 4605 cum
1745 4552 1845 4607 eis.

260 4636 280 4667 ι
313 4618 561 4688 Cumque
592 4623 871 4679 venissent
916 4628 983 4680 ad
1036 4627 1348 4697 Iordanem,
1371 4635 1650 4692 cmdebant
1679 4639 1841 4711 ligna.

259 4728 279 4759 ε
315 4710 531 4766 Accidit
555 4723 740 4769 autem
767 4725 826 4770 ut
850 4734 970 4772 cum
998 4736 1139 4777 unus
1166 4726 1447 4782 materiam
1493 4710 1844 4800 succidisset,

259 4821 279 4851 σ
317 4805 537 4859 caderet
566 4804 768 4861 ferrum
799 4811 1006 4865 securis
1038 4812 1091 4866 in
1140 4829 1357 4884 aquam.
1408 4819 1848 4894 Exclamavitque

258 4912 277 4943 σ
318 4894 426 4950 ille.
475 4895 545 4950 Et
573 4898 688 4951 ait:
721 4897 870 4954 Heu!
908 4901 1043 4957 heu!
1076 4906 1208 4961 heu!
1240 4908 1465 4966 Domine
1518 4913 1611 4967 mi.
1643 4914 1711 4969 Et
1747 4917 1850 4973 hoc

259 5004 279 5036 α
318 4986 495 5057 ipsum
522 4997 712 5046 mutuo
742 5008 1082 5064 acceperam.
1116 4998 1261 5054 Dixit
1301 5011 1479 5059 autem
1508 5005 1669 5063 homo
1706 5010 1798 5064 Dci
1831 5028 1845 5064 :

258 5097 277 5129 I
318 5078 421 5134 Ubi
456 5082 692 5137 cecidit?
715 5082 786 5139 At
832 5085 918 5141 ille
963 5092 1284 5146 monstravit
1310 5094 1361 5149 ei
1394 5095 1591 5152 locum.
1626 5098 1850 5157 Prtesci-

256 5190 279 5223 t
315 5172 397 5225 dit
424 5189 556 5243 ergo
587 5175 812 5245 lignum,
844 5189 896 5233 et
929 5181 1075 5236 misit
1102 5182 1247 5249 illuc,
1280 5189 1591 5259 natavitque
1620 5190 1844 5249 ferrum.

258 5282 277 5314 ι
308 5262 379 5316 Et
407 5264 484 5318 ait
509 5284 523 5319 :
558 5265 728 5322 Tolle.
755 5269 855 5335 Qui
884 5274 1126 5328 extendit
1160 5292 1399 5344 manum,
1426 5289 1481 5336 et
1503 5282 1626 5337 tulit
1646 5282 1798 5350 illud,
1825 5304 1845 5338 ι

250 5364 367 5409 etc.
415 5354 542 5411 Hac
600 5357 785 5428 itaque
849 5363 990 5418 actio
1052 5364 1189 5420 bene
1259 5366 1600 5441 Redemptori
1663 5386 1851 5432 nosne

251 5448 513 5503 convenit
542 5463 645 5518 per
670 5451 1143 5522 signiﬁcationem.
1174 5457 1283 5529 (Ea:
1307 5458 1564 5534 Isidoro.)
1591 5463 1726 5520 Cum
1751 5465 1851 5537 igi—

252 5545 350 5591 tur
369 5540 655 5595 securibus
682 5540 824 5612 ligna
849 5544 1201 5615 caederentur,
1237 5550 1304 5604 de
1332 5548 1477 5623 ligno
1505 5551 1709 5610 ferrum
1757 5572 1849 5612 ex-

251 5629 464 5700 siliens,
494 5633 552 5689 in
582 5634 914 5702 profundum
957 5635 1192 5695 fluminis
1217 5656 1450 5697 mersum
1476 5654 1583 5712 est,
1608 5655 1768 5712 atque
1793 5650 1844 5703 in

586 5726 864 5787 I’ATRUL.
908 5727 1077 5789 CIX.

2413 461 2604 533 impios
2627 465 2838 527 Indicos
2849 488 3152 551 percorpus
3171 499 3390 557 operata
3415 461 3553 564 prae;

1977 543 2147 597 sentia
2172 544 2392 613 Christi,
2424 559 2676 622 tanquam
2728 543 3089 626 infructuosa-8
3114 543 3556 647 arboresjcgde-

1978 642 2079 699 ret,
2105 636 2232 706 quia
2274 639 2341 695 de
2366 641 2453 697 illa
2480 642 2714 705 Joannes
2742 653 2970 726 dixerat,
3002 680 3022 713 ι
3060 665 3198 724 Ecce

1974 727 2184 784 radices
2222 732 2473 789 arborum
2512 740 2685 806 posita
2716 754 2800 800 est
2851 747 3065 820 (Matth.
3112 759 3220 831 tn),

1971 819 2153 874 niente
2195 825 2462 892 passione,
2503 845 2698 903 corpus
2744 819 2918 907 ipsum
2960 819 3231 919 deseruit,
3285 867 3445 929 atque
3494 866 3551 922 in

2612 929 2753 993 quod
2798 930 2854 986 in
2898 938 3173 1004 sepultura
3210 946 3549 1025 depositum,

2603 1032 2692 1070 um
2723 1020 2914 1089 spiritu
2955 1030 3234 1103 redeunte,
3291 1020 3545 1118 resurgit.

1966 1089 2169 1159 Aliter,
2217 1095 2419 1154 ferrum
2471 1103 2525 1157 in
2572 1112 2857 1168 manubrio
2900 1118 3099 1177 donum
3140 1089 3548 1197 intellectual);

1966 1184 2129 1240 corde
2154 1195 2257 1242 est.
2298 1188 2405 1261 (Ea:
2434 1190 2727 1269 Gregorio.)
2757 1201 2922 1273 Ligna
2957 1225 3084 1266 vero
3110 1230 3209 1284 per
3234 1184 3544 1286 boe'csed;

2751 1309 2960 1365 repare,
2988 1306 3129 1372 quod
3157 1325 3545 1389 nonnunquam

1963 1362 2091 1419 dum
2118 1365 2260 1424 Iluxe
2285 1373 2485 1441 agitur,
2514 1378 2640 1433 dum
2669 1362 2851 1452 lapsus
2881 1362 3032 1447 vana:
3062 1396 3250 1467 gloria:
3288 1402 3344 1461 in
3382 1362 3546 1469 ἔαξε-

2300 1465 2527 1522 scientia
2559 1486 2667 1526 non
2696 1475 2915 1545 vitatur,
2942 1465 3143 1542 ferrum
3176 1492 3231 1546 in
3257 1511 3397 1567 aqua
3419 1518 3544 1572 per-

2317 1568 2383 1607 ex
2413 1555 2673 1617 dissoluto
2706 1580 2868 1635 opere
2897 1571 3250 1648 intelligentia
3281 1555 3539 1650 fatuartur.

2314 1651 2403 1698 cto
2430 1645 2837 1721 intelligentiam
2874 1661 2942 1715 ad
2972 1645 3093 1721 hoc-
3117 1673 3366 1733 novimus

1963 1733 2023 1779 ut
2049 1737 2175 1783 ante
2203 1731 2379 1789 dantis
2406 1738 2592 1794 oculos
2619 1757 2685 1797 ex
2726 1745 2869 1803 bona
2909 1751 3103 1811 debeat
3137 1731 3358 1821 actione
3385 1731 3546 1828 cesti,-

2738 1836 2940 1896 ferrum
2962 1847 3219 1906 amiserat
3240 1856 3541 1920 clamabat:

1966 1923 1985 1956 ε
2025 1906 2172 1963 Heu!
2210 1911 2349 1969 heu!
2401 1917 2538 1974 heu!
2571 1922 2795 1984 Domine
2843 1933 2939 2001 mi,
2978 1946 3033 1992 et
3059 1940 3163 1998 hoc
3207 1946 3382 2017 ipsum
3424 1972 3545 2012 mu-

1964 2014 1985 2047 t
2020 2004 2114 2097 tuo
2148 2015 2482 2103 acceperam.
2523 2030 2541 2062 ι
2591 2011 2801 2074 Habent
2862 2025 3006 2082 enim
3066 2031 3167 2089 hoc
3210 2004 3381 2097 tilectiw

1957 2086 2155 2194 prium,
2203 2091 2247 2144 si
2278 2097 2492 2162 quando
2535 2103 2616 2157 eis
2646 2105 2699 2159 in
2729 2123 2826 2165 sua
2873 2116 3097 2174 scientia
3146 2123 3346 2187 furtive
3388 2086 3542 2194 vlanaz

1956 2173 2141 2244 glorise
2172 2178 2325 2250 culpa
2357 2185 2631 2258 subrepit,
2681 2195 2748 2249 ad
2776 2212 2873 2252 cor
2900 2173 3159 2263 velociter
3192 2173 3542 2286 redeant-lt:

1955 2267 2212 2370 quidquid
2244 2273 2298 2327 in
2343 2289 2403 2329 se
2441 2287 2566 2335 ante
2592 2282 2822 2345 districti
2854 2290 3061 2352 Iudicis
3093 2267 3536 2370 oculos

1954 2357 2063 2463 bile
2091 2359 2386 2433 inveniunt,
2408 2367 2660 2443 lacrymis
2686 2379 3063 2453 insequuntur.
3092 2392 3193 2461 Qui
3219 2357 3536 2463 ﬁentes—non

1953 2447 2127 2503 solum
2163 2463 2322 2511 caute
2351 2457 2641 2530 inspiciunt
2668 2484 2789 2539 quas
2819 2447 2978 2534 —mala
3005 2447 3413 2559 commiserunt,
3443 2498 3536 2552 sed

1952 2552 2020 2595 ex
2051 2553 2273 2614 accepto
2310 2563 2533 2608 munere
2558 2571 2677 2625 quas
2701 2562 2929 2622 reddere
2951 2571 3112 2627 etiam
3148 2576 3289 2635 bona
3313 2552 3420 2639 ﬁde
3444 2586 3537 2643 de-

1951 2632 2203 2703 buerant,
2235 2641 2361 2709 quia
2392 2645 2645 2704 nimirum
2684 2664 2838 2712 tanto
2871 2674 2930 2714 se
2955 2665 3184 2734 amplius

2783 2932 2879 2985 eu!
2917 2933 3052 2991 heu!
3110 2949 3167 2995 et
3218 2943 3320 3000 hoc
3359 2947 3535 3017 ipsum

1871 3049 1918 3112 ο
1950 3008 2138 3104 mutuo
2158 3017 2505 3076 acceperam;
2545 3032 2564 3064 ι
2596 3030 2660 3071 ac
2681 3018 2724 3071 si
2751 3019 2933 3079 dicat:
2972 3043 2990 3075 ι
3026 3026 3158 3084 Illud
3187 3044 3286 3102 per
3306 3008 3534 3096 dissolu-

1953 3091 2155 3200 tiopem
2187 3098 2525 3171 negligentia:
2551 3109 2776 3176 perdidi,
2824 3117 2967 3184 quod
2995 3129 3055 3173 ut
3081 3091 3343 3190 per-bona

1952 3182 2260 3253 redderem,
2288 3203 2354 3243 ex
2369 3192 2542 3260 gratia
2569 3182 2856 3258 creditoris
2870 3182 3116 3279 accepi.-t
3134 3211 3239 3269 Sed
3261 3182 3534 3289 nunqitam

1953 3274 2096 3330 Deus
2118 3286 2355 3335 mentem
2399 3282 2623 3355 deserit,
2653 3307 2772 3363 qua:
2816 3295 2869 3350 in
2917 3274 3157 3367 peccatis
3179 3319 3238 3361 se
3266 3274 3534 3369 veraciter

1952 3368 2216 3437 agnoscit.
2236 3369 2388 3427 Unde
2416 3381 2471 3429 et
2516 3393 2641 3434 mox
2661 3382 2872 3441 Elisens
2899 3391 3123 3449 veniens
3148 3395 3348 3467 lignum
3381 3368 3537 3461 deor-

1952 3469 2071 3510 sum
2102 3459 2286 3525 mittit,
2320 3469 2373 3517 et
2407 3463 2607 3524 ferrum
2632 3471 2684 3527 in
2708 3478 3048 3546 superﬁciem
3076 3459 3279 3556 attulit,
3302 3494 3428 3562 quia
3454 3459 3533 3551 vi-

1952 3547 2487 3626 delicetlletlemptor
2509 3572 2708 3629 noster,
2728 3567 2813 3636 pie
2835 3585 2934 3627 nos
2961 3547 3279 3647 respiciens,

1950 3641 2152 3697 caloris
2178 3645 2442 3712 humiliat.
2474 3660 2528 3706 et
2552 3668 2872 3728 cam,quam
2916 3641 3196 3736 amiserat,
3232 3641 3537 3746 intelligen-

1952 3730 2081 3785 tiam
2106 3735 2383 3794 reformat.

2029 3842 2047 3873 ι
2069 3824 2296 3897 Lignum
2324 3837 2611 3907 mergit,et
2628 3839 2831 3897 ferrum
2860 3845 2912 3900 in
2928 3849 3267 3917 superﬁciem
3282 3856 3485 3924 attulit,
3509 3878 3528 3913 ι

1951 3914 2076 3983 quia
2106 3917 2358 3976 videlicet
2402 3924 2732 3999 Redemptor
2780 3914 3068 4002 noster,'et
3118 3955 3214 3997 cor
3245 3944 3447 4004 elatum
3471 3914 3530 4007 in

1951 4005 2279 4076 cogitatione
2330 4013 2577 4072 humiliat
2605 4060 2620 4085 ,
2679 4030 2734 4077 et
2779 4025 3060 4084 scientiam
3102 4044 3338 4103 reparat.
3382 4005 3534 4096 Unde

1952 4094 2091 4152 bene
2112 4098 2217 4154 alia
2249 4105 2605 4164 translatione
2624 4110 2843 4180 dicitur,
2872 4119 3016 4186 quod
3038 4094 3292 4195 confregit
3307 4094 3530 4199 lignum,

1953 4194 2114 4257 atque
2130 4190 2372 4259 jactavit,
2394 4205 2450 4251 et
2473 4198 2552 4254 sic
2590 4200 2790 4270 ferrum
2836 4209 3071 4267 sustulit.
3102 4190 3535 4286 Lignum'nam;

1951 4292 2059 4348 que
2082 4281 2425 4354 confringere
2460 4298 2560 4353 est,
2604 4306 2700 4347 cor
2727 4296 2797 4349 ab
2823 4297 3056 4358 elatione
3098 4281 3401 4364 conterere.
3438 4310 3535 4366 Li-

1879 4399 1927 4459 D
1952 4384 2114 4439 gnum
2148 4371 2215 4425 ad
2238 4373 2343 4429 ima
2364 4374 2573 4444 jactare
2600 4390 2705 4451 est,
2725 4386 2925 4443 elatum
2960 4406 3056 4446 cor
3103 4394 3159 4449 in
3192 4399 3532 4468 cognitione,

1950 4471 2009 4514 ut
2039 4462 2272 4521 diximus
2297 4506 2312 4532 ,
2362 4472 2595 4540 propria:
2635 4475 2967 4537 inﬁrmitatis
3015 4462 3320 4546 humiliare.
3353 4462 3533 4564 Atque

1951 4550 2154 4609 ferrum
2182 4557 2248 4610 ad
2274 4561 2614 4629 superﬁciem
2643 4569 2800 4634 redit,
2830 4572 2954 4639 quia
2977 4575 3046 4630 ad
3079 4591 3237 4633 usum
3272 4550 3509 4639 exercita

1952 4644 2114 4703 tionis
2135 4650 2378 4718 pristina:
2407 4654 2770 4728 intelligentia:
2798 4666 3051 4720 recurrit.
3082 4666 3249 4739 Igitur
3273 4675 3531 4742 quoniam

1950 4734 2149 4791 donum
2181 4739 2503 4810 intellectus,
2545 4748 2688 4815 quod
2724 4752 3003 4821 accipitur,
3033 4734 3130 4812 vi;
3146 4774 3268 4815 cum
3293 4734 3376 4818 tot
3396 4764 3543 4820 ἀξίη-ι

1952 4827 2243 4886 cultatibus
2277 4835 2600 4901 custoditur,
2625 4841 2922 4897 curandum
2956 4845 3109 4903 valde
3146 4858 3225 4905 est
3251 4891 3268 4918 ,
3316 4868 3386 4909 ne
3420 4857 3535 4911 otio

1951 4924 2192 4986 torpeat;
2219 4924 2519 4979 curandum
2560 4942 2629 4981 ne
2671 4929 2987 4991 incitatione
3026 4940 3229 5007 operis,
3263 4943 3396 5000 vitio
3419 4947 3532 5002 ela-

1951 5006 2114 5063 tionis
2139 5023 2447 5069 evanescat.
2478 5015 2661 5073 Sancti
2697 5038 2928 5094 namque
2955 5006 3077 5084 virii
3100 5032 3324 5091 minime
3348 5039 3535 5093 exsul-

1954 5108 2088 5166 tant,
2119 5118 2241 5157 cutn
2268 5119 2597 5177 cognoscunt
2622 5129 2742 5183 quae
2771 5114 2996 5173 faciunt.
3027 5120 3133 5179 Sed
3157 5140 3279 5181 cum
3305 5127 3530 5196 faciunt,

1952 5204 2074 5258 quae
2103 5206 2470 5264 cognoverunt
2526 5201 2627 5255 etsi
2674 5204 3017 5279 intelligendo
3063 5210 3268 5281 largius
3299 5232 3531 5291 congau-

1952 5278 2078 5334 dent
2098 5296 2128 5333 a
2150 5297 2373 5339 munere
2395 5285 2665 5360 largitoris
2691 5332 2706 5356 ,
2754 5278 3047 5355 merentes
3081 5278 3262 5359 tamen
3289 5278 3534 5363 conside-

1953 5382 2076 5429 rant
2102 5376 2340 5443 debitum
2385 5381 2583 5449 operis,
2618 5393 2675 5439 ut
2705 5388 2953 5447 videlicet
2983 5394 3195 5451 actione
3222 5398 3531 5467 persolvant

1950 5467 2093 5535 quod
2140 5470 2219 5524 eis
2262 5486 2621 5547 prterogatum
2681 5489 2761 5535 est
2825 5483 2879 5536 in
2946 5488 3271 5556 cognitione.
3323 5488 3535 5546 Stultus

1951 5573 2185 5630 namque
2228 5572 2313 5617 est
2354 5565 2586 5634 debitor,
2616 5573 2705 5639 qui
2734 5574 2975 5642 gaudens
3018 5577 3275 5645 pecunias
3312 5587 3534 5636 mutuas

1949 5651 2164 5722 accipit,
2198 5661 2252 5709 et
2280 5661 2486 5712 tcmous
2516 5673 2623 5728 quo
2653 5663 2874 5720 reddere
2911 5665 3103 5722 debeat
3129 5681 3235 5724 non
3263 5669 3525 5736 attendit;
