3912 6160
345 265 450 322 255

990 264 1047 317 Β.
1087 260 1338 316 ΒΑΒᾹΝΙ
1382 257 1604 315 ιιΑυιιι
1645 255 1911 314 ΑΜΖΗΙΕ]

2021 255 2314 315 ilOGUNT.
2359 259 2643 318 OPERUM
2681 260 2860 316 PARS
2900 262 2938 315 l.

3508 266 3615 322 236

340 383 653 439 moderatur
687 389 863 435 autem
907 378 1093 433 laititia
1123 375 1436 446 accipiendi,
1477 374 1693 445 quando
1737 373 1923 429 solerti
1952 377 2000 435 Α
2029 381 2249 427 eruatur
2284 382 2339 427 et
2382 375 2701 445 pmjiciatur
2749 376 2816 432 ab
2857 375 2936 429 eis
2989 348 3201 447 (illati/1.
3234 374 3311 442 v),
3345 388 3616 447 quatenus

340 474 677 546 providentia
701 473 865 528 etiam
905 471 1258 525 constitutum
1300 477 1510 537 tempus
1548 466 1803 522 reddendi
1827 480 1921 520 co-

337 568 559 635 gitatur.

945 650 1174 709 CAPUT
1207 652 1316 709 Vll.

502 749 578 803 De
604 766 662 802 eo
690 741 948 819 quod-rea:
973 743 1146 815 Syria:
1181 741 1532 796 insidiabatur
1566 738 1762 793 Elissa.

411 861 427 890 ι
463 841 580 895 Rex
613 847 792 893 autem
819 836 990 907 Syria:
1014 833 1283 904 pugnabat
1302 841 1489 887 contra
1519 829 1704 894 Israel,
1743 828 1922 885 consi-

343 953 359 983 ι
390 934 627 1003 linmque
656 930 775 984 iniit
802 942 925 983 cum
956 926 1130 980 servis
1165 925 1301 987 suis,
1339 924 1523 977 dicens
1552 940 1564 975 :
1605 921 1659 975 In
1682 922 1800 976 loco
1830 920 1920 975 illo

340 1048 359 1080 ι
392 1036 448 1082 et
471 1027 563 1081 illo
606 1038 868 1096 ponamus
912 1020 1157 1075 insidias.
1211 1016 1354 1071 Misit
1385 1016 1564 1083 itaque
1599 1015 1685 1068 vir
1719 1012 1816 1068 Dei
1851 1014 1919 1067 ad

339 1140 358 1172 ι
390 1134 571 1191 regem
624 1114 811 1179 lsrael,
843 1113 1065 1167 dicens:
1098 1110 1273 1173 Cave,
1322 1122 1391 1161 ne
1436 1114 1683 1161 transeas
1732 1105 1785 1159 in
1828 1105 1919 1160 illo

337 1231 357 1264 ι
389 1213 526 1273 loco,
550 1225 678 1279 quia
710 1207 783 1262 ibi
812 1204 936 1276 Syri
960 1205 1014 1258 in
1042 1201 1256 1256 insidiis
1297 1207 1442 1254 sunt.
1471 1197 1616 1269 Misit
1647 1196 1830 1266 itaque
1851 1212 1915 1251 ex

338 1324 357 1355 ι
390 1301 554 1361 lsrael
592 1300 659 1354 ad
691 1299 891 1360 locum,
922 1309 1081 1364 quem
1116 1293 1325 1348 dixerat
1347 1291 1398 1345 ei
1424 1290 1508 1344 vir
1535 1288 1651 1351 Dei,
1676 1297 1732 1342 et
1777 1302 1917 1356 prae-

336 1415 355 1447 ‹
381 1391 665 1462 occupavit
689 1405 831 1451 eum,
861 1396 915 1443 et
964 1386 1273 1441 observavit
1316 1399 1374 1440 se
1417 1383 1508 1446 ibi,
1543 1402 1561 1434 ι
1601 1389 1707 1438 etc.
1742 1380 1915 1448 Quem

331 1483 718 1556 congruentius
752 1481 844 1536 hic
869 1494 962 1534 rex
989 1477 1180 1550 Syriae,
1219 1492 1380 1548 quam
1409 1482 1731 1547 potestatem
1751 1473 1919 1544 signi-

334 1579 459 1633 ﬁcat
479 1587 773 1638 terrenam,
794 1587 915 1642 qum
948 1585 1090 1641 saepe
1115 1569 1343 1638 superbe
1376 1568 1613 1622 sentiens
1660 1564 1913 1635 populum

333 1672 448 1735 Dei,
483 1671 590 1725 hoc
617 1675 731 1733 est,
774 1666 912 1720 ﬁlios
941 1664 1076 1718 lucis
1104 1660 1476 1733 persequitur?
1528 1658 1635 1714 Sed
1671 1657 1773 1728 ipsi
1819 1673 1917 1727 per

329 1761 488 1816 Elisei
537 1757 749 1813 Domini
776 1754 1026 1811 videlicet
1046 1754 1213 1808 nostri
1242 1752 1541 1808 doctrinam
1571 1750 1791 1804 insidias
1817 1750 1914 1804 ini-

329 1846 591 1905 miaorut’n
616 1859 922 1918 praecavere
964 1844 1279 1907 edocentur,
1304 1852 1364 1895 ut
1388 1848 1471 1895 est
1502 1840 1629 1895 illud
1655 1859 1668 1894 :
1708 1860 1725 1891 ι
1756 1840 1913 1895 Esto-

329 1952 402 2007 te,
453 1940 648 2010 inquit,
678 1937 970 2008 prudentes
1018 1936 1159 1989 sicut
1189 1941 1485 2003 serpentes,
1536 1940 1592 1987 et
1639 1933 1911 2003 simplices

324 2034 462 2086 sicut
489 2029 749 2085 columba
775 2024 991 2095 (Matth.
1038 2025 1116 2095 χ).
1162 2045 1179 2076 ι
1222 2023 1290 2078 Et
1342 2024 1503 2079 item:
1541 2042 1560 2074 ε
1597 2023 1792 2079 Cavete
1817 2040 1913 2078 au-

325 2135 431 2179 tem
460 2122 529 2176 ab
582 2118 894 2175 hominibus
947 2115 1158 2188 (Ibid.).
1189 2137 1206 2169 ι
1251 2116 1317 2171 Et
1345 2115 1470 2170 alihi
1500 2131 1514 2168 :
1549 2134 1566 2166 α
1602 2115 1910 2184 Attendite,

320 2214 417 2276 ait,
446 2228 473 2264 a
507 2211 657 2266 falsis
679 2207 955 2282 pr0phetis
975 2205 1188 2279 (Matth.
1208 2205 1324 2277 vn).
1341 2226 1358 2258 ι
1385 2205 1497 2260 lloc
1516 2207 1711 2276 quippe
1741 2222 1912 2278 agno-

302 2315 480 2355 scens
536 2300 806 2355 mundana
841 2297 1082 2367 potentia
1137 2296 1310 2367 ipsum
1345 2296 1662 2367 prophetam
1701 2296 1910 2352 interﬁ-

317 2409 440 2449 cere
471 2393 730 2463 disponit,
759 2406 883 2445 cum
920 2390 1195 2445 Christum
1239 2389 1293 2442 in
1321 2388 1571 2445 cordibus
1617 2389 1910 2445 electorum

316 2485 664 2555 exstinguere
693 2482 929 2536 festinat.

398 2595 414 2626 ι
454 2575 748 2643 Misitergo
776 2573 904 2626 illuc
955 2584 1049 2624 rex
1096 2569 1266 2641 Syria:
1311 2584 1478 2639 equos
1524 2578 1577 2622 et
1619 2586 1815 2625 currus
1858 2578 1913 2624 et

324 2689 343 2719 ‹
375 2668 541 2720 robur
566 2662 858 2718 exercitus.
893 2661 994 2729 Qui
1019 2676 1141 2716 cum
1169 2661 1443 2716 venissent
1474 2669 1651 2725 nocte,
1683 2661 1912 2716 circum-

322 2777 339 2807 ι
372 2755 637 2810 dederunt
664 2753 959 2809 civitatem.
1009 2772 1027 2804 ι
1061 2751 1249 2807 Omnis
1274 2766 1423 2820 ergo,
1460 2751 1552 2821 qui
1583 2751 1635 2806 in
1660 2751 1913 2821 nequitiae

320 2845 487 2900 armis
508 2844 790 2900 conﬁdens
811 2842 1014 2898 Christi
1067 2842 1283 2897 famulis
1327 2841 1556 2897 insidias
1605 2851 1907 2912 przeparat.

316 2945 474 2992 nocte
503 2935 745 3006 perfidi-.e
769 2942 1098 2998 cxczccatus,
1143 2933 1341 2989 bellum
1369 2943 1559 2988 contra
1609 2933 1910 2989 Ecclesiam

317 3027 480 3097 gerit.
675 3020 692 3040 ⁸

390 3137 408 3168 ι
441 3117 786 3187 Consurgens
840 3124 1022 3170 autem
1069 3113 1304 3170 diluculo
1349 3114 1598 3170 minister
1633 3114 1746 3171 veri
1805 3115 1902 3170 Dei
1931 3084 1978 3147 Ο

320 3229 339 3261 ι
377 3224 631 3279 egressus
656 3216 771 3274 est;
826 3209 1067 3278 viditque
1094 3208 1390 3263 exercitum
1420 3209 1472 3262 in
1501 3208 1733 3264 circuitu
1764 3209 1900 3263 civi-

327 3319 347 3351 ι
375 3300 527 3366 tatis,
550 3300 927 3368 nuntiavitque
969 3299 1018 3353 ei
1051 3298 1271 3354 dicens:
1305 3296 1454 3353 Ileu!
1493 3299 1628 3353 heu!
1677 3298 1903 3356 Domine

324 3409 343 3441 ι
375 3390 470 3453 mi,
498 3391 626 3461 quid
656 3389 952 3444 faciemus?
986 3408 1005 3442 ι
1062 3397 1169 3444 etc.
1199 3387 1325 3445 Haec
1378 3390 1645 3444 sententia
1684 3390 1906 3446 denotat

317 3482 439 3537 illos
462 3482 555 3551 qui
588 3491 809 3551 propter
831 3479 1329 3550 pusillanimitatem
1360 3480 1540 3534 cordis
1576 3483 1683 3546 sui,
1710 3496 1903 3551 poenas

318 3583 577 3629 verentur
607 3571 1047 3642 curporales.Cui
1079 3571 1346 3641 propheta
1377 3570 1692 3639 respondit:
1730 3589 1748 3621 ι
1784 3570 1904 3626 Noli

319 3687 338 3718 ι
375 3668 584 3723 timere.
634 3665 827 3721 Plures
865 3665 1012 3720 enim
1050 3664 1329 3718 nobiscum
1373 3671 1531 3729 sunt,
1570 3678 1733 3732 quam
1781 3679 1904 3718 cum

319 3778 337 3809 ι
374 3758 497 3813 illis.
520 3778 539 3810 ι
571 3758 639 3813 Ει
662 3757 912 3813 Salvator
937 3755 1214 3825 discipulis
1235 3755 1311 3809 ait
1339 3773 1351 3808 :
1377 3755 1434 3809 In
1464 3756 1664 3810 mundo
1687 3770 1905 3824 pressu-

314 3862 432 3902 ram
457 3846 747 3910 habebitis.
784 3847 877 3902 sed
911 3845 1185 3910 conﬁdite,
1217 3845 1342 3914 quia
1369 3860 1470 3916 ego
1506 3845 1613 3900 vici
1645 3846 1904 3900 mundum

317 3940 498 4011 (loan.
533 3939 666 4012 xvi).
698 3940 766 3995 Et
813 3939 980 3995 item:
1019 3958 1037 3990 ι
1086 3937 1264 3994 Nolite
1288 3979 1303 4003 ,
1356 3938 1553 4009 inquit,
1584 3940 1773 3994 timere
1810 3954 1906 3994 eos

314 4028 406 4099 qui
432 4027 687 4085 occidunt
706 4043 924 4099 corpus,
941 4037 996 4084 et
1018 4037 1142 4099 post
1169 4028 1285 4083 haec
1306 4044 1411 4083 non
1438 4029 1639 4084 habent
1663 4029 1793 4098 quid
1821 4029 1903 4083 fa-

317 4119 675 4185 ciantvobis;
708 4120 842 4189 quin
875 4119 1055 4189 potius
1094 4133 1216 4174 eum
1261 4120 1466 4183 timete,
1511 4118 1601 4189 qui
1629 4126 1806 4189 potest
1851 4127 1908 4173 ct

318 4210 554 4264 animam
582 4221 639 4264 et
661 4225 858 4281 corpus
881 4210 1109 4280 perdere
1130 4211 1184 4264 in
1214 4210 1514 4282 gehennam
1538 4209 1753 4281 (Matth.
1772 4209 1848 4280 χ).
1879 4228 1898 4261 ι

317 4301 384 4355 Et
411 4300 574 4357 Petro
608 4301 871 4356 Dominus
920 4302 975 4356 in
1021 4303 1274 4372 passione
1321 4317 1419 4357 sua
1476 4300 1592 4355 ait:
1629 4320 1646 4351 ι
1692 4298 1775 4353 An
1804 4314 1905 4369 pu~
1954 4332 1957 4337 -

320 4401 426 4457 tas,
442 4390 579 4460 quia
602 4406 709 4446 non
736 4406 959 4461 possum
1008 4377 1208 4462 rogare.
1226 4390 1446 4446 Patrem
1489 4404 1694 4454 meum,
1720 4396 1775 4444 et
1803 4403 1901 4442 ex-

320 4481 525 4537 hibebit
553 4481 685 4536 mihi
708 4481 829 4551 plus
845 4497 1010 4552 quam
1032 4482 1314 4537 duodecim
1336 4481 1576 4554 legiones
1590 4480 1907 4553 angelorum

319 4568 537 4641 (Matth.
559 4569 747 4640 xxvi)?
764 4589 785 4621 ι

393 4678 412 4711 α
445 4660 689 4729 Cumque
741 4666 951 4714 orasset
1003 4657 1256 4726 Eliseus,
1303 4659 1415 4715 ait:
1450 4660 1708 4731 Domine,
1757 4667 1905 4736 aperi

322 4770 341 4802 ι
373 4750 558 4806 oculos
586 4750 726 4822 ejus,
752 4757 811 4804 ut
831 4749 1029 4805 videat.
1059 4749 1127 4804 Et
1164 4751 1375 4822 aperuit
1416 4752 1675 4809 Dominus
1720 4756 1907 4812 oculos

323 4860 342 4892 ι
378 4844 553 4911 pueri,
580 4843 812 4899 etvidit.
849 4842 916 4898 Et
957 4856 1086 4901 ecce
1112 4859 1270 4902 mons
1316 4846 1507 4917 plenus
1544 4863 1806 4919 equorum
1851 4861 1905 4907 et

322 4953 340 4985 ι
370 4948 629 4989 curruum
673 4935 952 5006 igneorum
984 4936 1038 4991 in
1083 4938 1312 4993 circuitu
1352 4938 1536 4996 Elisei.
1578 4961 1607 4994 ι
1637 4942 1705 4998 Et
1746 4942 1903 5000 valde

317 5039 538 5081 necesse
563 5033 648 5081 est
696 5034 758 5081 ut
793 5027 1001 5082 Eliseus
1038 5038 1223 5084 noster
1247 5032 1453 5100 aperiat
1498 5033 1685 5090 oculos
1725 5036 1906 5092 cordis

318 5116 521 5181 nostri,
585 5125 645 5171 ut
706 5118 1112 5175 consideremus
1167 5128 1224 5174 et
1285 5126 1676 5193 cognoscamus
1726 5144 1743 5177 ι
1777 5126 1907 5196 quia

315 5223 524 5274 omnes,
571 5211 662 5279 qui
698 5210 977 5265 conﬁdunt
1010 5212 1064 5266 in
1114 5212 1297 5279 illum,
1347 5230 1456 5269 non
1511 5215 1911 5273 confundentur

317 5299 490 5369 (I’sal.
519 5300 724 5369 cxxrv).
756 5319 776 5353 ι

393 5408 412 5441 ι
445 5389 618 5445 Porro
639 5390 848 5445 Eliseus
868 5391 1042 5446 oravit
1072 5391 1379 5460 Dominum,
1405 5393 1625 5449 dicens:
1657 5394 1910 5461 Percutc,

328 5501 347 5532 α
371 5484 631 5546 obsecro,
656 5491 870 5552 gentem
925 5483 1064 5538 hanc
1093 5485 1353 5539 caacitate.
1399 5476 1781 5557 Percussittfue
1817 5504 1912 5548 eos

325 5593 344 5623 ο
384 5576 644 5632 Dominus
680 5591 747 5631 ne
771 5576 1015 5631 viderent
1057 5573 1214 5645 juxta
1254 5577 1478 5632 verbum
1530 5578 1712 5633 Elisei.
1752 5600 1769 5633 ι
1807 5580 1911 5636 Βο-

325 5683 450 5720 num
475 5682 603 5740 ergo
634 5667 737 5723 illis
779 5677 861 5724 est
909 5683 1046 5737 quos
1085 5667 1273 5724 oculus
1305 5682 1433 5725 suus
1475 5669 1803 5725 scandalizat
1852 5682 1909 5727 ut

2026 463 2252 520 intuitus
2280 466 2545 534 superbia:
2568 476 2624 521 et
2650 466 2870 521 malitia:
2894 468 3198 533 obturetur,
3222 476 3276 522 et
3297 469 3486 524 oculus
3528 487 3619 525 sa-

2025 572 2108 610 me
2128 555 2250 611 ﬁdei
2289 572 2352 610 ac
2385 556 2743 626 simplicitatis
2776 557 3065 626 aperiatur.
3097 557 3251 613 Unde
3295 559 3427 614 dicit
3476 560 3611 631 Apo

2024 647 2231 702 stolas:
2270 665 2288 697 ι
2328 645 2385 701 Si
2413 648 2535 717 quis
2558 632 2698 703 inter
2719 664 2814 702 vos
2841 648 3052 703 videtur
3071 648 3289 718 sapiens
3310 665 3452 717 esse,
3478 651 3621 706 stul-

2024 748 2112 793 tus
2139 738 2233 793 ﬁat
2260 747 2320 792 ut
2344 739 2415 792 sit
2444 739 2660 809 sapiens
2679 738 2730 809 (l
2757 737 2878 793 Cor.
2906 740 3012 796 ιιι).
3041 759 3061 790 9

2098 848 2117 879 ι
2153 828 2406 898 Dixitque
2439 844 2531 883 rex
2559 829 2801 884 lsraelad
2817 831 3222 896 Eliseum,'cum
3246 832 3470 888 vidisset
3490 850 3609 890 eos.

2027 937 2048 969 σ
2082 916 2332 987 Nunquid
2359 920 2657 989 percutiam
2685 935 2801 985 eos,
2822 919 2986 975 Pater
3013 921 3106 974 mi.
3134 921 3199 975 Et
3230 921 3317 976 ille
3345 923 3424 976 ait
3450 942 3461 975 :
3492 923 3613 979 Non

2025 1030 2046 1062 ι
2080 1012 2368 1081 percuties.
2407 1009 2589 1081 Neque
2614 1012 2756 1065 enim
2824 1012 3014 1080 cepisti
3057 1026 3151 1067 eos
3178 1012 3374 1083 gladio,
3401 1021 3496 1068 aut
3523 1030 3619 1069 ar-

2025 1120 2044 1153 ι
2076 1118 2141 1157 cu
2167 1110 2282 1169 tuo,
2307 1113 2364 1159 ut
2387 1104 2662 1174 percutias
2689 1127 2701 1157 :
2728 1102 2873 1158 Pone
2894 1119 3089 1174 panem
3126 1115 3183 1158 et
3203 1119 3397 1174 aquam
3421 1121 3613 1161 coram

2025 1210 2044 1242 ‹
2080 1192 2178 1255 eis,
2209 1193 2571 1249 utcomedant
2593 1202 2648 1247 et
2681 1193 2887 1257 bibant,
2922 1200 2978 1247 et
2998 1192 3200 1248 vadant
3226 1194 3295 1247 ad
3318 1194 3612 1251 Dominum

2025 1305 2043 1338 ι
2076 1302 2250 1341 suum.
2284 1307 2302 1339 ι
2333 1285 2623 1356 Postquam
2662 1301 2799 1357 ergo
2840 1285 3049 1342 Eliseus
3094 1287 3278 1342 hostes
3324 1288 3377 1343 in
3410 1287 3613 1344 Sama-

2020 1378 2156 1432 riam
2189 1377 2433 1443 adduxit,
2464 1392 2571 1432 non
2595 1392 2689 1432 eos
2708 1377 2879 1432 occidi
2899 1377 3163 1448 permisit,
3193 1378 3287 1432 sed
3311 1378 3615 1435 confectio-

2019 1486 2143 1526 nem
2200 1486 2448 1540 magnam
2499 1471 2745 1525 ciborum
2796 1468 2899 1524 illis
2952 1484 3263 1538 praeparans
3305 1469 3511 1525 dimisit
3552 1474 3610 1526 in

2018 1578 2169 1635 pace.
2210 1563 2277 1617 Et
2324 1562 2549 1618 Saulum
2581 1564 2670 1618 diu
2710 1571 2894 1616 contra
2925 1563 3200 1618 stimulum
3229 1563 3610 1620 caleitrantcm

2017 1653 2249 1723 primum
2280 1655 2542 1709 Dominus
2575 1654 2833 1718 ctecavit;
2864 1652 3058 1708 deinde
3099 1654 3323 1709 scientia
3372 1656 3608 1725 spiritali

1941 1729 1987 1788 Β
2016 1745 2298 1817 magniﬁce
2324 1746 2568 1817 replevit,
2602 1746 2776 1816 adque
2805 1745 3205 1814 [medicandum
3249 1745 3607 1817 Evangelium

2015 1850 2171 1890 suum
2196 1835 2249 1888 in
2273 1836 2523 1906 gentibus
2550 1836 2749 1891 direxit
2785 1835 2923 1907 (Act.
2951 1835 3061 1903 ix);
3111 1836 3372 1906 nobisque
3400 1852 3609 1906 prtece-

2013 1927 2110 1995 pit,
2135 1928 2207 1981 ita
2238 1928 2421 1982 dicens
2451 1946 2462 1981 :
2502 1946 2520 1979 ι
2555 1927 2768 1998 Diligite
2797 1928 3045 1983 inimicos
3086 1938 3314 1993 vestros,
3345 1937 3400 1983 et
3440 1930 3606 1984 bene-

2013 2021 2176 2076 facite
2205 2021 2290 2075 his
2309 2021 2401 2091 qui
2426 2036 2524 2075 vos
2548 2021 2796 2086 oderunt,
2821 2029 2879 2074 ut
2905 2020 3025 2075 sitis
3052 2020 3143 2075 lilii
3190 2020 3369 2075 Patris
3408 2023 3604 2088 vestri,

2013 2113 2104 2183 qui
2133 2113 2186 2167 in
2223 2112 2374 2167 caalis
2410 2120 2493 2167 cst
2529 2110 2744 2184 (Matth.
2777 2113 2852 2185 v).
2893 2132 2912 2164 ι

2602 2223 2832 2281 CAPUT
2874 2224 3002 2279 Vlll.

2012 2312 2092 2368 De
2110 2313 2253 2386 fame
2283 2313 2425 2386 facta
2459 2315 2514 2369 in
2536 2312 3019 2386 Samariagpmpter
3046 2315 3393 2371 obsessionem
3421 2316 3605 2373 Bena-

2082 2384 2189 2437 dad
2215 2384 2346 2454 regis
2384 2383 2574 2454 Syria’,
2607 2394 2654 2438 et
2680 2386 2744 2439 de
2780 2383 3085 2440 libermione
3111 2387 3339 2441 mirabili
3385 2386 3605 2443 Israeli-

2084 2464 2259 2508 tarum
2287 2471 2378 2524 per
2396 2456 2621 2525 gratiam
2644 2454 2877 2510 Domini.

2092 2586 2109 2616 ι
2144 2566 2367 2621 Factum
2406 2576 2490 2622 est
2516 2577 2694 2623 autem
2721 2579 2843 2640 post
2888 2570 3020 2635 haec,
3051 2574 3400 2644 congregavit
3429 2574 3605 2629 Bena-

2021 2675 2041 2709 ι
2082 2657 2188 2713 dad
2247 2674 2341 2713 rex
2390 2658 2561 2731 Syria:
2610 2662 2922 2716 universum
2975 2666 3276 2719 exercitum
3340 2682 3496 2721 suum
3548 2677 3606 2723 et

2021 2769 2040 2801 ι
2072 2752 2313 2807 ascendit
2344 2763 2397 2807 et
2427 2754 2640 2809 obsedit
2669 2752 2990 2809 Samariam.
3022 2757 3291 2829 Factaque
3318 2769 3401 2814 est
3430 2760 3607 2817 fames

2022 2859 2041 2892 ι
2074 2857 2267 2912 magna
2319 2842 2371 2896 in
2411 2841 2675 2908 Samaria,
2715 2864 2733 2896 ›
2775 2854 2881 2899 etc.
2918 2846 3117 2902 Narrat
3150 2846 3427 2919 Scriptura
3457 2853 3607 2921 quod

2014 2931 2267 2986 Benadad
2306 2947 2401 2986 rex
2440 2931 2609 3004 Syria:
2636 2936 2908 2991 obsideret
2940 2935 3267 2992 Samariam.
3298 2939 3465 2995 Facta
3508 2957 3611 2998 au-

2017 3032 2126 3078 tem
2158 3023 2323 3098 fame,
2352 3023 2579 3079 afﬂictus
2603 3037 2687 3080 cst
2720 3028 2949 3097 populus
3001 3029 3191 3094 valde;
3226 3032 3339 3092 sed,
3372 3032 3608 3091 Domino

2008 3112 2321 3177 miserante,
2349 3115 2643 3169 revelatum
2674 3125 2758 3170 est
2794 3118 2972 3173 Eliseo
3016 3122 3242 3174 verbum
3276 3122 3512 3189 Domini,
3548 3132 3609 3179 et

2006 3204 2258 3275 prtedixit
2293 3206 2489 3275 populo
2517 3206 2706 3261 solatia
2738 3205 2938 3273 futura,
2974 3208 3048 3263 ita
3087 3210 3312 3265 dicens:

2078 3297 2227 3369 (CAP.
2258 3296 2378 3369 vn.)
2413 3317 2430 3348 ι
2467 3297 2592 3353 Ιῐερο
2619 3299 2749 3354 dicit
2776 3299 3033 3356 Dominus
3060 3320 3072 3355 :
3100 3301 3158 3355 ιιι
3208 3311 3450 3372 tempore
3494 3303 3605 3359 hoc

2012 3409 2031 3441 ε
2068 3407 2189 3446 cras
2216 3391 2426 3445 modius
2456 3392 2646 3446 simila:
2675 3408 2782 3446 uno
2827 3403 3029 3448 statere
3057 3395 3182 3458 erit,
3217 3403 3272 3449 et
3303 3396 3409 3451 duo
3434 3399 3609 3469 modii

2014 3501 2032 3534 ι
2063 3482 2251 3538 hordei
2280 3492 2480 3537 statere
2504 3499 2609 3537 uno
2653 3483 2705 3537 in
2754 3493 2906 3554 porta
2940 3483 3220 3541 Samarias.
3267 3487 3420 3555 Quod
3476 3504 3609 3544 cum

2014 3591 2032 3623 ι
2062 3589 2169 3627 non
2192 3573 2441 3627 crederet
2472 3589 2608 3629 unus
2629 3573 2695 3628 de
2722 3574 2970 3638 ducibus,
3002 3592 3166 3646 super
3195 3578 3350 3648 cujus
3380 3595 3605 3634 manum

2014 3681 2032 3714 ι
2063 3679 2156 3717 rex
2190 3664 2537 3719 incumbebat
2564 3666 2765 3720 homini
2790 3666 2880 3721 Dei
2904 3667 3008 3721 ait:
3046 3666 3101 3722 Si
3126 3667 3385 3724 Dominus
3412 3666 3608 3725 fecerit

2013 3772 2032 3804 ι
2065 3754 2233 3810 etiam
2284 3764 2592 3809 cataractas
2635 3756 2688 3810 in
2729 3757 2906 3822 coelo,
2960 3759 3203 3829 nunquid
3246 3762 3446 3830 poterit
3476 3778 3609 3818 esse

2015 3861 2034 3894 ι
2063 3844 2205 3914 quod
2236 3843 2510 3913 loqueris?
2540 3844 2639 3911 Qui
2664 3845 2770 3900 ait:
2806 3847 3012 3902 videbis
3044 3849 3214 3903 oculis
3243 3851 3373 3916 luis,
3399 3860 3454 3905 ct
3477 3851 3607 3907 inde

2015 3952 2033 3983 ‹
2067 3950 2175 3990 non
2203 3936 2473 3990 comedes.
2503 3955 2521 3987 ι
2553 3937 2738 3991 Potest
2790 3939 2895 3993 hoc
2935 3939 3053 3995 loco
3084 3940 3330 3995 Benadad
3356 3959 3479 3997 cum
3506 3959 3611 3998 suo

2008 4026 2251 4080 exercitu
2303 4025 2547 4082 diabolus
2576 4028 2802 4098 mystice
2839 4030 3036 4099 accipi,
3065 4031 3157 4100 qui
3195 4031 3360 4087 corda
3391 4032 3607 4103 iniquo-

2010 4132 2127 4170 rum
2164 4131 2261 4186 νεε-
2291 4117 2549 4173 invidiam
2596 4127 2787 4173 contra
2818 4119 3116 4175 Ecclesiam
3168 4122 3365 4177 bellum
3414 4139 3611 4193 gerere

2009 4209 2232 4262 excitat.
2264 4208 2378 4263 Sub
2406 4209 2510 4263 hoc
2534 4210 2751 4280 quidem
2786 4226 2911 4282 rege
2939 4222 3068 4266 sunt
3092 4213 3254 4284 modo
3284 4212 3405 4268 falsi
3432 4212 3606 4271 Judaei

2011 4295 2078 4350 de
2106 4296 2302 4366 quibus
2328 4297 2382 4350 in
2418 4296 2739 4371 Apocalypsi
2777 4302 3037 4370 scriptum
3078 4310 3196 4357 est:
3236 4322 3253 4353 ι
3291 4304 3393 4371 Qui
3419 4305 3610 4361 dicunt

2012 4399 2071 4439 se
2100 4381 2312 4439 Judtcos
2341 4401 2483 4453 esse,
2510 4395 2566 4442 et
2608 4404 2714 4443 non
2746 4400 2889 4456 sunt,
2922 4392 3016 4447 sed
3047 4403 3175 4447 sunt
3202 4410 3470 4466 synagoga
3500 4395 3609 4451 Sa-

2014 4481 2154 4529 tana:
2186 4474 2368 4546 (Apoc.
2395 4476 2475 4550 ιι).
2519 4497 2538 4528 ι
2576 4477 2690 4534 Sub
2715 4479 2818 4535 hoc
2843 4496 2967 4552 rege
2997 4491 3124 4537 sunt
3151 4486 3372 4554 pagani,
3396 4495 3524 4540 sunt
3551 4495 3608 4541 et

2010 4567 2270 4621 hteretici.
2297 4567 2462 4624 Facta
2496 4585 2625 4643 ergo
2664 4576 3042 4643 persecutione
3088 4579 3157 4633 ab
3187 4580 3411 4650 antiquo
3452 4581 3609 4639 hoste

2009 4673 2106 4728 per
2141 4658 2277 4714 tales
2306 4659 2557 4733 allligitur
2578 4664 2807 4735 populus
2833 4666 2966 4731 Dei,
3017 4669 3109 4738 qui
3159 4678 3244 4724 est
3294 4672 3501 4740 positus
3551 4674 3606 4729 in

2011 4751 2278 4816 Samaria,
2311 4753 2414 4808 hoc
2442 4762 2559 4820 est,
2609 4755 2663 4810 in
2685 4759 2931 4813 custodia
2963 4759 3099 4831 legis
3142 4761 3357 4817 divinae.
3410 4763 3608 4834 Fitque

2010 4841 2181 4898 fames
2198 4842 2397 4909 valida,
2420 4860 2541 4899 cum
2581 4861 2687 4900 non
2719 4848 3048 4917 permittitur
3092 4849 3406 4907 doctoribus
3434 4853 3608 4911 libere

2004 4934 2226 4991 verbum
2252 4936 2346 4991 Dei
2398 4937 2713 5006 prtedicare.
2765 4938 2873 4994 Sed
2920 4941 3092 4995 Eliseo
3141 4942 3461 5010 revelante,
3502 4945 3607 5000 hoc

2006 5031 2108 5087 est,
2143 5022 2500 5094 Redemptore
2556 5036 2743 5081 nostro
2787 5043 2885 5097 per
2912 5028 3256 5099 Evangelium
3289 5029 3605 5100 judicante,

2014 5136 2031 5168 ι
2068 5116 2233 5181 salus,
2269 5135 2286 5168 ι
2317 5132 2437 5186 qua:
2466 5136 2484 5168 ι
2517 5119 2890 5187 peccatoribus
2911 5117 3066 5186 longe
3081 5118 3552 5189 esl(Psal.cn-m),
3582 5141 3600 5173 ι

2011 5209 2328 5265 timentibus
2355 5209 2521 5265 Deum
2547 5225 2715 5280 prope
2737 5226 2857 5266 esse
2893 5211 3249 5282 dignoscitur.
3280 5212 3419 5266 Dicit
3458 5212 3606 5266 enim

2019 5302 2281 5359 Dominus
2320 5311 2502 5359 noster
2551 5304 2619 5359 ad
2663 5315 2850 5359 servos
2892 5318 3056 5360 suos:
3090 5323 3110 5355 ε
3143 5302 3200 5358 In
3230 5313 3472 5374 tempme
3503 5304 3607 5357 huc

2017 5411 2140 5451 cras
2169 5394 2379 5452 modius
2408 5396 2599 5451 similae
2625 5412 2733 5451 uno
2781 5404 2983 5450 statere
3030 5395 3171 5461 erit,
3214 5403 3269 5448 et
3297 5394 3403 5448 duo
3440 5393 3606 5449 modii

2018 5489 2204 5544 hordei
2229 5496 2430 5545 statere
2466 5505 2574 5544 uno
2611 5490 2664 5543 in
2710 5496 2864 5559 porta
2901 5487 3182 5543 Samariae.
3215 5506 3233 5539 ι
3282 5486 3419 5553 Quid
3458 5487 3607 5540 enim

2018 5579 2229 5634 modius
2261 5579 2473 5644 SlllilltB,
2503 5580 2603 5633 nisi
2637 5580 2932 5650 perfectam
2963 5594 3273 5633 mensuram
3296 5577 3491 5632 divina:
3517 5592 3611 5630 sa-

2016 5673 2254 5741 pientiae,
2281 5687 2400 5741 qua:
2428 5679 2511 5727 est
2542 5670 2593 5725 in
2618 5669 2766 5726 Novo
2796 5669 3178 5725 Testamento?
3226 5668 3295 5724 Et
3341 5666 3469 5738 quid
3498 5667 3608 5724 duo
