3912 6160
264 302 368 358 257

1076 294 1432 353 (ΖΟΜΜΕΝΤ.
1471 294 1535 349 IN
1578 292 1825 348 LIBROS
1861 280 1930 348 Ν
1969 290 2231 347 REGUM.
2270 319 2342 332 -
2379 288 2447 344 lN
2489 288 2615 344 LIB.
2653 289 2739 343 ιν.

3438 293 3539 346 Ξόἳ

263 418 429 475 modii
454 415 666 478 hordei,
691 413 794 469 nisi
821 412 1105 469 scientiam
1135 411 1269 483 legis
1292 420 1352 466 et
1377 408 1762 480 prophetarum
1786 405 1857 461 si-
1886 413 1936 472 Α
1963 404 2072 460 lum
2098 416 2152 461 et
2169 404 2555 476 evangelistam
2583 403 2712 459 fecit
2740 402 2954 473 (Matth.
2983 404 3096 473 rx);
3132 426 3147 453 ι
3188 407 3544 476 apparuitque

263 510 555 583 gnificant?
584 509 676 578 qui
701 516 1089 579 comparantur
1116 515 1322 561 statere
1344 520 1472 569 uno,
1504 506 1606 559 hoc
1625 512 1726 568 est,
1751 502 1856 558 fide

261 604 547 661 catholica.
586 621 604 654 r
646 601 703 656 ln
755 611 912 670 porta
959 598 1252 655 Samarite:
1285 617 1304 649 ›
1348 598 1403 652 in
1446 596 1850 667 przedicatione,

262 696 513 751 videlicet
557 691 853 765 apostolica
881 733 895 757 ,
940 706 1042 763 per
1075 706 1236 761 quam
1281 690 1514 745 intratur
1562 689 1615 743 in
1668 688 1856 743 Eccle-

264 791 420 846 siatn.

339 900 357 933 ι
396 880 452 935 ln
482 891 743 948 tempore,
784 876 976 946 inquit,
1006 875 1109 930 hoc
1151 889 1273 929 cras
1303 871 1515 927 modius
1538 870 1727 926 srmrlae
1746 885 1854 925 uno

269 993 287 1025 ‹
323 981 527 1028 statere
575 964 700 1025 erit.
733 989 750 1021 ι
788 968 869 1023 Ac
920 968 965 1023 si
1026 967 1287 1022 dixisset:
1325 963 1588 1020 Cessante
1639 964 1854 1018 turbine

264 1062 689 1133 persecutionis.
720 1076 842 1129 quae
874 1059 935 1113 fit
980 1058 1163 1123 hodie,
1196 1057 1345 1113 dabit
1394 1056 1655 1111 Dominus
1698 1070 1850 1119 cras,

264 1157 366 1210 hoc
394 1163 499 1219 est,
526 1162 772 1222 tempore
797 1151 1003 1215 futuro,
1030 1149 1267 1220 quietem
1294 1156 1348 1203 et
1385 1148 1849 1218 tranquillitatem,

265 1259 320 1302 ut
344 1246 665 1318 praedicatio
717 1243 992 1314 Evangelii
1034 1240 1274 1312 perfecte
1318 1239 1666 1294 credentibus
1707 1253 1855 1294 com-

265 1340 496 1409 pleatur.
520 1322 645 1392 Fuit
670 1336 813 1391 enim
839 1344 1080 1403 tempore
1100 1330 1368 1402 passionis
1390 1329 1684 1384 Dominica:
1699 1328 1853 1397 quasi

268 1432 437 1486 fames
459 1430 613 1485 verbi
660 1427 894 1491 Domini,
922 1441 1046 1481 cum
1084 1423 1334 1494 apostoli,
1365 1422 1556 1477 relicto
1604 1435 1693 1486 eo,
1732 1436 1853 1476 om-

268 1539 361 1578 nes
386 1521 637 1593 fugerunt
664 1519 882 1591 (Matth.
913 1518 1085 1589 xxvi),
1110 1524 1167 1572 et
1206 1515 1352 1571 domi
1393 1530 1451 1571 se
1480 1522 1701 1585 prOpter
1742 1530 1855 1569 me-

268 1623 380 1669 tum
412 1612 720 1667 Judmorum
748 1612 1102 1666 inclusemut.
1126 1609 1195 1663 Et
1224 1609 1419 1663 iterum
1450 1608 1712 1677 scriptum
1734 1615 1849 1663 est:

273 1725 291 1756 ι
327 1705 463 1772 Quia
495 1719 656 1758 nemo
697 1702 872 1774 palam
918 1700 987 1757 de
1038 1701 1129 1756 illo
1160 1715 1323 1755 ausus
1358 1707 1442 1754 est
1489 1698 1634 1768 loqui
1669 1698 1852 1770 (Joan.

268 1796 392 1870 vn);
425 1816 442 1848 ι
488 1778 585 1850 sed
632 1794 905 1850 relucente
937 1794 1023 1849 die
1067 1791 1481 1848 resurrectionis
1521 1791 1634 1861 jam
1668 1791 1858 1847 aderat

269 1895 481 1958 tempus
507 1901 614 1956 quo
644 1887 869 1941 comites
893 1883 1093 1940 Christi
1124 1883 1272 1937 illum
1295 1883 1540 1938 videntes
1566 1882 1767 1947 vivere,
1800 1889 1857 1936 et

268 1978 611 2048 postmodum
640 1976 806 2031 caelos
839 1976 1151 2040 ascendere,
1180 1983 1432 2046 percepta
1469 1973 1703 2045 Spiritus
1726 1990 1853 2030 san-

268 2070 336 2123 cti
369 2069 567 2139 gratia,
598 2068 765 2123 libere
796 2069 1017 2123 verbum
1066 2067 1161 2121 Dei
1192 2068 1563 2136 prmdicabaut
1605 2076 1716 2122 tam
1762 2068 1856 2123 Ju-

269 2159 396 2216 dteis
419 2174 581 2228 quam
607 2156 769 2214 etiam
810 2157 1059 2229 gentibus
1088 2156 1270 2229 (Joan.
1300 2154 1429 2227 xx);
1470 2164 1525 2211 et
1576 2156 1853 2227 impletum

269 2260 349 2307 est
376 2251 509 2305 illud
535 2252 686 2306 Isaia:
707 2249 1024 2304 vaticinium
1053 2268 1065 2301 :
1105 2268 1121 2299 ε
1154 2248 1288 2315 Quia
1315 2247 1497 2301 scissa:
1541 2256 1667 2301 sunt
1687 2247 1741 2301 in
1766 2247 1858 2303 de-

270 2356 416 2400 serto
465 2360 640 2414 aqum,
671 2351 726 2399 et
764 2350 1033 2397 torrentes
1070 2341 1121 2394 iu
1168 2339 1476 2402 solitudine,
1504 2349 1558 2392 et
1585 2355 1704 2408 qua:
1738 2349 1859 2394 erat

271 2439 440 2497 arida,
474 2435 528 2487 in
574 2444 864 2505 stagnum;
898 2442 956 2486 et
983 2430 1175 2486 sitiens
1210 2429 1265 2481 in
1292 2428 1477 2481 fontes
1501 2439 1788 2496 aquarum.
1824 2440 1843 2473 ο

274 2528 429 2585 lJude
462 2530 724 2583 Dominus
753 2540 847 2596 per
881 2525 1056 2594 ipsum
1088 2523 1413 2592 prepbetam
1462 2517 1690 2596 loquens
1718 2515 1797 2570 ait
1828 2531 1845 2569 :

275 2622 428 2687 (lsai.
459 2622 573 2686 ιν.)
598 2595 830 2673 «υυηὶυε
863 2615 1332 2678 sitientes,veuite
1356 2610 1421 2666 ad
1453 2595 1642 2680 aquas,
1672 2616 1728 2662 et
1752 2607 1845 2677 qui

270 2715 374 2757 non
408 2701 622 2755 habetis
644 2709 949 2770 argentum,
971 2711 1276 2771 properate,
1306 2701 1469 2757 emite
1499 2709 1552 2757 et
1574 2704 1857 2761 comedite.

272 2790 486 2855 Venite,
516 2790 691 2845 emite
716 2791 920 2860 absque
955 2799 1181 2860 argento
1217 2799 1272 2845 et
1308 2792 1513 2860 absque
1563 2792 1668 2846 ulla
1713 2809 1862 2848 com-

273 2882 574 2936 mutatione
604 2882 785 2937 vinum
815 2892 870 2937 et
912 2881 1014 2937 lac.
1047 2881 1226 2949 Quare
1253 2883 1554 2953 appenditis
1579 2891 1861 2955 argentum

273 2988 377 3027 non
411 2973 465 3026 in
492 2973 744 3040 panibus,
773 2981 829 3027 et
864 2973 1104 3029 laborem
1136 2983 1376 3028 vestrum
1417 2990 1522 3029 non
1567 2975 1621 3029 in
1661 2976 1863 3030 saturi-

275 3064 422 3117 tate?
448 3064 668 3128 Audite,
705 3063 988 3119 audientes
1016 3080 1133 3131 me,
1158 3072 1214 3120 et
1241 3065 1503 3121 comedite
1527 3065 1726 3120 bonum
1750 3107 1765 3132 ,
1809 3075 1865 3122 et

271 3151 633 3206 delectabitur
674 3152 728 3206 in
757 3154 1115 3210 crassitudine
1141 3156 1320 3210 anima
1351 3164 1552 3212 vestra.
1600 3156 1861 3213 lnclinate

264 3257 461 3297 aurem
492 3251 752 3309 vestram,
777 3252 831 3299 et
856 3245 1035 3300 venite
1058 3245 1126 3299 ad
1152 3259 1238 3299 me
1255 3287 1270 3312 ,
1328 3247 1511 3302 audite
1532 3288 1547 3312 ,
1604 3255 1659 3301 et
1718 3248 1863 3301 vivet

275 3333 455 3388 anima
482 3340 685 3387 vestra.
728 3352 746 3384 ι
781 3332 1118 3389 Perturbatis
1170 3336 1451 3401 hostibus,
1494 3344 1549 3390 et
1577 3337 1629 3391 in
1677 3335 1860 3405 fugam

276 3422 467 3487 versis,
513 3421 788 3494 subjungit
833 3422 1145 3493 Scriptura,
1196 3426 1340 3495 quod
1368 3435 1603 3495 quatuor
1641 3428 1741 3481 viri
1786 3427 1862 3483 le-

274 3515 421 3585 prosi
454 3515 688 3569 abierint
716 3516 769 3569 in
806 3523 983 3570 castra
1015 3515 1301 3588 Syrorum,
1328 3527 1383 3572 et
1430 3518 1633 3572 nullttm
1677 3519 1750 3572 ibi
1779 3534 1864 3574 re-

276 3605 549 3673 perientes
572 3605 906 3659 comederint
929 3614 987 3661 et
1005 3606 1259 3672 biberint,
1292 3608 1593 3679 ablatisque
1616 3608 1739 3663 inde
1765 3626 1863 3663 au-

276 3711 340 3750 ro
372 3704 430 3751 et
455 3707 679 3765 argento
705 3711 767 3752 ac
796 3698 1035 3752 vestibus
1078 3710 1133 3753 et
1162 3700 1460 3765 absconsis,
1484 3709 1671 3771 postea
1724 3716 1866 3756 com-

274 3790 463 3859 puncti
486 3789 542 3842 iu
563 3790 837 3843 civitatem
866 3790 967 3845 hoc
1004 3791 1457 3855 annuntiaverint,
1485 3801 1647 3861 atque
1676 3791 1867 3846 salutis

280 3879 440 3950 hujus
469 3881 665 3935 indicia
695 3881 1064 3950 praestiterint.
1085 3881 1186 3949 Qui
1208 3897 1340 3952 ergo
1367 3891 1491 3935 sunt
1514 3882 1712 3951 leprosi
1742 3882 1866 3948 isti,

280 3974 381 4026 nisi
417 3972 509 4042 qui
543 3972 711 4026 variis
763 3973 908 4026 vitiis
957 3972 1155 4037 dediti,
1203 3974 1287 4028 vel
1337 3973 1566 4028 diversis
1594 3975 1869 4028 erroribus

279 4064 562 4134 impliciti,
612 4064 909 4119 foeditatem
949 4081 1017 4120 ex
1075 4067 1286 4121 interna
1342 4074 1497 4136 peste
1544 4065 1867 4132 educentes,

272 4156 574 4212 ostendunt
599 4156 652 4209 in
680 4165 822 4211 cute.
848 4154 957 4211 llos
983 4155 1244 4212 Dominus
1272 4172 1414 4228 smpe
1455 4167 1776 4214 convertens
1803 4160 1868 4213 ad

280 4245 467 4311 fidem,
490 4254 546 4301 et
566 4249 834 4301 mundans
867 4248 936 4302 ab
977 4262 1163 4302 errore
1188 4256 1243 4302 et
1293 4249 1461 4315 vitiis,
1490 4264 1633 4305 verae
1683 4249 1871 4306 salutis

278 4337 505 4390 nuntios
529 4335 730 4391 effecit.

358 4450 377 4481 ι
407 4428 639 4501 lngressi
662 4431 829 4500 igitur
856 4430 1053 4500 leprosi
1090 4432 1141 4484 in
1184 4439 1362 4486 castra
1418 4430 1678 4503 Syrorum
1719 4448 1869 4487 com-

284 4542 307 4573 ι
339 4523 570 4577 ederunt
596 4530 654 4577 et
680 4522 952 4586 biberunt,
970 4530 1024 4577 ct
1039 4538 1229 4576 aurum
1260 4535 1420 4593 atque
1440 4533 1721 4595 argentum
1748 4525 1871 4583 inde

283 4632 307 4664 ‹
341 4620 784 4681 asportaverunt,
805 4631 822 4663 ›
842 4627 964 4667 cum
989 4612 1226 4682 despecti
1256 4612 1412 4668 istius
1433 4614 1615 4667 mundi
1647 4614 1873 4668 medita-

281 4701 421 4755 tioni
444 4700 795 4771 philosophim
818 4716 1039 4772 cperam
1064 4703 1276 4765 dantes,
1299 4711 1353 4756 et
1385 4718 1574 4758 sensus
1605 4704 1872 4759 subtilita-

283 4801 392 4847 tem
424 4803 480 4847 et
499 4793 787 4848 locutionis
824 4802 1164 4849 venustatem
1217 4795 1539 4865 acquirunt,
1588 4797 1727 4851 unde
1773 4797 1873 4851 Ec-

281 4884 466 4940 clesia:
491 4886 680 4940 usibus
716 4888 851 4941 bene
882 4888 1131 4942 instructi
1158 4887 1435 4943 deservire
1478 4889 1722 4958 possint;
1771 4889 1877 4943 fre—

282 4986 521 5048 quenter
543 4992 672 5049 ergo
697 4978 893 5033 talibus
919 4978 1176 5035 Dominus
1212 4986 1271 5034 et
1320 4980 1517 5051 ingenii
1548 4996 1799 5046 acumen,
1824 4991 1879 5035 et

282 5084 434 5124 verte
480 5070 762 5138 sapientia:
812 5071 1010 5125 donum
1062 5070 1305 5142 largitur.
1334 5072 1435 5139 Qui
1467 5073 1603 5127 bene
1649 5082 1876 5142 quatuor

281 5175 410 5214 esse
458 5168 833 5215 memorantur
855 5201 871 5226 ,
916 5171 974 5216 ut
1002 5170 1237 5232 quatuor
1264 5162 1676 5234 Evangeliorum
1703 5164 1883 5219 erudi-

287 5248 440 5303 tione
487 5248 704 5314 imbuti,
735 5250 788 5304 in
844 5260 1078 5320 quatuor
1132 5253 1313 5308 mundi
1362 5262 1548 5324 partes
1593 5254 1880 5310 veritatem

283 5339 606 5407 praedicent.
632 5340 852 5412 Legitur
877 5330 1019 5398 enim
1049 5340 1422 5420 i'n‘Evangelio
1450 5347 1595 5417 quod
1622 5348 1881 5405 Dominus

282 5446 416 5485 cum
446 5433 751 5503 publicanis
778 5444 833 5490 et
860 5438 1237 5507 peccatoribus
1286 5441 1659 5505 manducaret,
1687 5450 1741 5495 et
1764 5458 1882 5496 mu-

285 5524 392 5577 lier
422 5538 545 5593 qua:
573 5534 693 5579 erat
727 5528 780 5580 in
816 5528 1033 5582 civitate
1059 5530 1329 5598 peccatrix
1374 5530 1626 5600 lacrymis
1664 5533 1779 5603 ejus
1809 5533 1883 5586 ri-

287 5626 447 5683 garet
476 5620 662 5687 pedes,
696 5629 750 5672 et
783 5621 987 5690 capillis
1037 5622 1151 5677 suis
1208 5631 1482 5691 tergeret,
1526 5631 1580 5677 et
1609 5634 1882 5694 unguento

294 5717 523 5771 erigeret
553 5706 706 5761 (Luc.
745 5711 860 5768 vu).
891 5711 1199 5768 Matthzeum
1230 5728 1295 5768 ex
1341 5712 1627 5783 publicano
1672 5726 1885 5785 aposto—

1900 4474 1951 4533 D

1957 504 2081 565 post
2110 495 2560 551 resurrectionem
2589 509 2743 548 suam
2776 494 2950 562 primo
2978 493 3160 547 Marim
3191 491 3541 563 lllagdalenze,

1956 588 2024 643 de
2053 603 2157 658 qua
2178 586 2413 655 ejecerat
2439 595 2646 655 septem
2673 584 2956 639 dminonia.
2981 584 3073 638 llla
3104 584 3293 640 videns
3323 588 3510 641 nuntia
3538 624 3541 627 -

1956 679 2035 733 vit
2064 680 2150 734 his
2175 679 2265 750 qui
2296 694 2419 734 cum
2467 693 2533 733 eo
2583 676 2800 732 fuerant
2845 676 3148 747 lugentibus
3194 686 3249 731 et
3292 676 3544 733 flentibus

1957 770 2294 842 (MachVl).
2329 771 2495 825 Porro
2526 770 2716 823 ducem
2754 767 2901 822 illum
2931 783 3096 838 super
3126 768 3279 838 cujus
3321 785 3541 824 manutn

1957 877 2051 917 rex
2081 862 2420 928 incubuerat,
2466 870 2522 915 et
2549 861 2822 930 prophetae
2850 861 3030 913 verbis
3060 858 3334 914 difﬁdebat
3353 900 3366 924 ,
3409 878 3544 915 cou-

1956 954 2201 1009 stitutum
2233 954 2301 1008 ad
2329 963 2563 1023 portam,
2599 970 2617 1002 ‹
2644 951 2983 1005 conculcavit
3028 949 3183 1004 turba
3214 951 3267 1004 in
3296 952 3539 1015 introitu,

1962 1064 1980 1097 ι
2022 1054 2077 1100 et
2124 1052 2368 1098 mortuus
2425 1052 2508 1097 est
2548 1041 2704 1112 juxta
2753 1041 2897 1110 quod
2960 1040 3169 1094 locutus
3230 1040 3405 1094 fuerat
3462 1041 3542 1094 vir

1961 1156 1979 1188 ι
2019 1137 2133 1191 Dei.
2174 1155 2192 1188 ι
2232 1136 2347 1188 Dux
2372 1135 2474 1189 iste
2522 1141 2705 1203 typum
2736 1140 2881 1185 tenet
2909 1129 3224 1186 Scribarum
3260 1139 3315 1186 et
3340 1131 3537 1185 Phari-

1956 1243 2209 1292 sceorum,
2238 1226 2349 1295 qui,
2395 1225 2656 1279 habentes
2692 1223 2898 1278 clavem
2948 1222 3229 1287 scientim,
3285 1238 3385 1277 nec
3440 1222 3543 1292 ipsi

1956 1316 2278 1371 introierunt
2340 1330 2437 1384 per
2495 1315 2653 1368 fidem
2692 1313 2743 1366 in
2773 1312 3069 1367 Ecclesium
3120 1312 3461 1375 catholicam,
3491 1322 3547 1365 et

1956 1424 2051 1463 eos
2103 1408 2195 1478 qui
2245 1407 2472 1462 introire
2519 1406 2773 1460 volebant
2822 1405 3232 1473 impediverant.
3276 1403 3358 1457 Ad
3409 1420 3546 1473 quos

1956 1500 2073 1570 ipsa
2102 1500 2311 1553 Veritas
2360 1499 2485 1552 ait:
2536 1517 2552 1548 ι
2589 1497 2682 1552 Vae
2724 1495 2898 1560 vobis,
2954 1494 3157 1550 Scriba:
3208 1505 3261 1549 et
3288 1494 3545 1549 Pharisaei

1957 1593 2269 1664 hypocriue,
2299 1594 2424 1663 quia
2474 1592 2722 1647 clauditis
2753 1607 2978 1662 regnum
3007 1590 3267 1646 caelorum
3295 1600 3421 1645 ante
3452 1593 3548 1645 ho-

1957 1686 2152 1741 mines.
2188 1686 2297 1741 V’os
2331 1686 2473 1741 enim
2496 1700 2600 1738 nou
2628 1684 2857 1748 intratis,
2888 1676 2991 1739 nec
3030 1683 3364 1738 introeuntes
3409 1685 3544 1739 sini-

1884 1761 1931 1821 Β
1963 1777 2030 1831 tis
2056 1776 2282 1831 introire
2312 1775 2528 1848 (Matth.
2562 1775 2742 1847 xxm).
2782 1794 2799 1826 ι
2828 1775 2998 1842 Quem
3020 1774 3359 1829 conculcavit
3389 1776 3546 1830 turba

1960 1867 2013 1921 in
2040 1877 2216 1938 porta,
2258 1860 2522 1923 inutiliter
2546 1875 2670 1922 ante
2707 1868 2904 1921 ostium
2938 1866 3057 1921 tidei
3090 1868 3285 1931 stabat,
3319 1877 3372 1920 et
3398 1882 3547 1936 gres-

1959 1974 2079 2013 sum
2113 1959 2499 2014 introeuntium
2534 1958 2875 2027 impediebat.
2908 1957 3063 2012 Unde
3108 1957 3301 2011 merito
3334 1956 3549 2013 cancul-

1959 2060 2132 2115 catus,
2159 2051 2261 2105 hoc
2284 2060 2385 2113 est,
2422 2050 2673 2105 examine
2705 2048 2837 2118 justi
2852 2048 3054 2119 judicis
3080 2050 3387 2114 damnatus,
3420 2065 3547 2120 per-

1959 2149 2151 2210 petuas
2195 2141 2439 2193 mittetur
2490 2140 2541 2193 in
2589 2139 2861 2194 tenebras.
2910 2136 3044 2191 Nam
3092 2146 3147 2191 et
3192 2137 3452 2191 Dominus
3493 2138 3547 2191 ia

1961 2230 2253 2300 Evangelio
2283 2231 2393 2284 ait:
2427 2250 2445 2281 ι
2477 2228 2532 2284 Si
2560 2230 2637 2284 sal
2669 2230 2979 2289 evanuerit,
3028 2229 3094 2282 ad
3139 2228 3367 2282 nihilum
3406 2228 3549 2282 valet

1960 2323 2122 2389 ultra,
2150 2323 2251 2379 nisi
2284 2332 2341 2377 ut
2371 2323 2614 2378 mittatur
2659 2321 2805 2377 foras
2825 2364 2839 2387 ,
2891 2331 2944 2376 et
2972 2320 3319 2377 conculcetur
3351 2322 3419 2377 ab
3447 2323 3548 2375 1ιο-

1962 2416 2197 2472 minibus
2227 2416 2441 2489 (Matth.
2474 2416 2547 2487 v).
2587 2435 2600 2466 ι

2570 2506 2797 2562 CAPUT
2836 2506 2925 2560 IX.

2349 2599 2427 2656 De
2467 2602 2710 2654 unctione
2729 2600 2865 2654 Jeltu
2893 2600 2946 2652 in
2982 2616 3168 2669 regem.

2034 2690 2184 2763 ((ΖΑῐ».
2217 2693 2318 2763 Ix.)
2340 2711 2358 2741 ‹
2389 2691 2597 2745 Eliseus
2623 2699 2802 2743 autem
2824 2690 3114 2760 prophetes
3135 2689 3350 2746 vocavit
3383 2706 3550 2746 unum

1969 2801 1986 2832 ι
2021 2782 2088 2836 de
2114 2781 2238 2836 ﬁliis
2278 2783 2684 2850 prophetarum,
2713 2789 2766 2834 et
2795 2782 2872 2834 ait
2898 2778 2972 2833 illi
3003 2798 3015 2834 :
3055 2778 3295 2851 Accinge
3341 2779 3553 2835 lumbos

1970 2892 1989 2924 r
2027 2883 2165 2934 tuos,
2194 2882 2247 2927 et
2284 2871 2410 2927 tolle
2439 2870 2751 2926 [cuticulam
2778 2870 2883 2926 olei
2918 2870 3058 2926 hanc
3107 2872 3163 2925 in
3208 2887 3367 2926 manu
3399 2880 3558 2931 tua.ct

1971 2982 1989 3014 ‹
2026 2963 2160 3017 vade
2196 2962 2249 3017 in
2303 2961 2739 3033 Itamothgalaat.
2770 2959 3014 3032 Cumque
3038 2962 3254 3017 veneris
3303 2961 3448 3027 illuc,
3477 2962 3557 3015 vi-

1973 3074 1991 3105 ι
2028 3054 2180 3109 dehis
2200 3052 2338 3108 Jehu
2379 3052 2548 3107 filium
2578 3051 2858 3123 Josaphat,
2890 3052 2984 3107 lilii
3013 3051 3217 3119 Namsi,
3247 3061 3303 3107 et
3346 3053 3554 3124 ingres-

1971 3170 1989 3202 ι
2022 3167 2111 3206 sus
2139 3150 2431 3206 suscitabis
2481 3165 2604 3205 cum
2653 3151 2719 3204 de
2755 3148 2932 3203 medio
2971 3147 3198 3202 fratrum
3231 3163 3475 3213 suorum,
3499 3156 3559 3201 et

1969 3262 1987 3293 ‹
2026 3243 2336 3297 introduccs
2369 3241 2423 3296 in
2456 3242 2685 3296 interius
2715 3239 3041 3306 cubiculum,
3077 3248 3371 3310 teneasque
3398 3238 3558 3293 lenti-

1970 3356 1988 3387 ‹
2018 3335 2193 3391 culam
2238 3336 2362 3402 olei,
2396 3335 2587 3390 futtiles
2624 3350 2787 3405 super
2815 3344 2995 3404 caput,
3033 3342 3088 3388 et
3127 3332 3293 3387 dices.
3325 3329 3452 3387 llaec
3478 3330 3561 3386 di-

1970 3446 1989 3478 ‹
2023 3427 2098 3481 cit
2135 3427 2436 3482 Dominus:
2484 3426 2622 3482 qui
2654 3434 2705 3480 te
2732 3441 2915 3496 regem
2965 3440 3127 3493 super
3171 3423 3358 3489 Israel,
3396 3444 3414 3475 ι
3449 3433 3555 3478 etc.

1965 3516 2172 3573 Dehinc
2202 3516 2435 3572 refertur
2478 3517 2530 3572 in
2562 3516 2789 3572 historia
2815 3517 2917 3571 hac
2943 3516 3148 3589 Regum
3170 3515 3402 3585 qualiter
3420 3512 3556 3569 Jchu

1966 3606 2227 3662 Dominus
2240 3607 2678 3673 ordinaverit,ad
2702 3608 3107 3678 exstirpandam
3137 3607 3354 3661 domum
3370 3604 3557 3659 Achab

1966 3711 2020 3755 et
2067 3702 2381 3757 sacerdotes
2422 3701 2550 3756 Baal
2582 3701 3002 3756 interficiendos.
3062 3699 3162 3767 Qui
3194 3710 3251 3752 et
3292 3698 3559 3768 percussit

1967 3790 2148 3846 Joram
2176 3808 2354 3860 regem
2385 3793 2567 3856 Israel,
2597 3801 2653 3845 et
2675 3791 2967 3848 Ochoziam
2998 3805 3178 3859 regem
3213 3788 3368 3851 Juda,
3397 3798 3453 3843 ct
3469 3787 3559 3843 Je-

1969 3884 2119 3937 zabel
2156 3884 2530 3953 impiiSsimam
2569 3884 2811 3954 reginam
2847 3884 2911 3945 de
2953 3883 3154 3952 palatio
3207 3882 3260 3936 in
3311 3879 3560 3941 Jezrahel

1967 3972 2305 4042 praecipitare
2339 3971 2487 4028 fecit.
2528 3970 2665 4026 .lehu
2691 3974 2834 4027 enim
2872 3971 3053 4042 typice
3076 3979 3256 4042 potest
3278 3972 3561 4044 designare

1970 4066 2209 4137 gentium
2238 4065 2621 4136 principatum,
2648 4080 2809 4135 quem
2838 4064 3101 4120 Dominus
3138 4080 3203 4118 ac
3232 4064 3563 4135 Redemptor

1969 4167 2154 4213 noster
2182 4159 2490 4224 destinavit,
2519 4159 2657 4214 utin
2698 4158 2962 4227 sacrilega
3014 4158 3234 4213 civitate
3272 4173 3391 4228 quae
3431 4172 3562 4227 pro-

1970 4251 2163 4319 phetas
2191 4258 2245 4304 et
2280 4250 2453 4320 ipsum
2490 4250 2658 4304 Deum
2690 4250 3083 4319 prophetarum
3106 4250 3327 4314 occidit,
3357 4258 3414 4303 et
3435 4263 3565 4319 apo-

1971 4340 2140 4395 stolos
2168 4337 2285 4407 ejus
2316 4349 2603 4410 persecuta
2628 4351 2728 4405 est,
2749 4339 2954 4408 judicia
2984 4348 3285 4404 exerceret,
3313 4346 3368 4395 et
3396 4355 3565 4394 temu-

1977 4431 2177 4487 latione
2201 4429 2349 4500 justa
2380 4431 2690 4501 perimeret,
2735 4441 2895 4502 atque
2943 4431 3303 4487 sacerdotium
3340 4447 3559 4491 vanum.

1978 4523 2120 4594 quod
2164 4533 2285 4594 post
2312 4523 2512 4579 Christi
2548 4525 2836 4578 adventum
2882 4524 3113 4579 inaniter
3156 4523 3441 4586 habuerat,
3474 4522 3563 4576 de-

1978 4626 2233 4681 strueret,
2264 4617 2629 4688 templumque
2676 4618 3051 4681 subverteret,
3103 4631 3345 4670 necnon
3386 4623 3443 4669 et
3467 4613 3565 4668 im-

1978 4711 2123 4780 piam
2147 4707 2505 4781 Syuagugam,
2528 4726 2649 4780 qua:
2671 4710 2987 4780 sanguinem
3017 4719 3329 4765 sanctorum
3353 4722 3565 4778 semper

1980 4802 2215 4867 sitiebat,
2253 4803 2317 4856 de
2348 4802 2495 4870 regni
2523 4798 2758 4855 culmine
2800 4800 3198 4870 prtecipitaret,
3221 4815 3286 4854 ac
3325 4806 3566 4855 rectores

1983 4897 2153 4966 ipsius
2177 4895 2526 4950 interficeret.

2606 4987 2832 5059 CAPUT
2873 4986 2940 5039 Χ.

2120 5078 2190 5132 Dc
2220 5078 2495 5149 tyrannide
2523 5080 2744 5133 Αιίιειίὶω
2792 5080 2976 5132 matris
3007 5077 3250 5132 Oeftozitr
3274 5077 3428 5147 regis.

2057 5172 2208 5243 (Car.
2249 5172 2352 5244 xl.)
2393 5190 2412 5221 ι
2449 5171 2666 5225 Athalia
2697 5187 2846 5234 vero,
2879 5180 3053 5226 mater
3078 5170 3350 5234 Oclmzite,
3381 5169 3569 5224 videns

1993 5282 2010 5313 ι
2056 5261 2524 5317 mortuumfilium
2552 5277 2732 5328 suum,
2754 5263 2992 5319 surrexit
3027 5270 3083 5319 et
3112 5260 3385 5316 interfecit
3407 5274 3567 5315 omne

1992 5371 2010 5403 ι
2057 5367 2242 5407 semen
2276 5352 2504 5423 regium.
2539 5371 2559 5405 ι
2593 5352 2851 5423 Sequitur
2883 5354 2971 5407 hic
2998 5352 3225 5407 historia
3252 5366 3372 5421 quae
3397 5348 3569 5402 Atba-
3662 5352 3669 5373 '

1985 5443 2071 5513 lia:
2098 5443 2288 5497 matris
2311 5442 2562 5500 chozize
2590 5444 2734 5514 regis
2772 5445 3110 5515 tyrannidem
3155 5446 3566 5499 commemorat,

1987 5550 2107 5606 qua:
2142 5534 2330 5628 videns
2362 5544 2634 5589 mortuum
2677 5535 2845 5588 filium
2885 5550 3063 5599 suum,
3105 5531 3348 5588 surrexit
3393 5537 3447 5582 ct
3489 5529 3571 5582 in-

1990 5625 2205 5681 terfecit
2233 5640 2394 5680 omne
2421 5640 2605 5680 semen
2637 5626 2865 5696 regium.

2066 5735 2085 5766 ι
2134 5716 2238 5771 Sed
2271 5714 2488 5781 los:ba,
2531 5712 2637 5768 filia
2679 5714 2825 5784 regis
2859 5712 3067 5777 Joram,
3114 5724 3271 5765 soror
3295 5706 3564 5768 Ochoziae.
