3902 6146
305 340 410 395 SM

1135 335 1486 392 COMMENT.
1633 332 1878 390 LIBROS
1915 333 1983 389 IV
2022 333 2282 390 REGUM.
2320 363 2390 373 ——
2426 332 2494 387 IN
2531 331 2657 387 LIB.
2698 332 2784 387 IV.

3480 332 3585 387 242

305 447 481 504 simul
526 446 809 517 disciplina
860 446 994 515 legis
1019 446 1113 501 Dei
1149 446 1413 501 servanda
1455 445 1898 507 committeretur,
1932 449 1980 506 A
2007 444 2133 514 quia
2164 444 2281 499 hate
2308 454 2393 499 est
2432 444 2659 499 intentio
2686 444 3007 510 electorum,
3035 445 3127 514 qui
3168 459 3265 514 per
3296 445 3452 500 ﬁdem
3502 448 3585 502 in-

306 549 374 594 ut
397 539 492 609 qui
535 554 594 593 se
626 536 906 606 praelatum
946 535 1141 606 populo
1177 535 1411 604 regendo
1437 534 1665 599 videret,
1696 534 1809 603 ipse
1842 549 1901 588 se

309 632 608 703 regendum
652 630 852 685 divinis
885 628 1091 700 legibus
1130 629 1286 683 subdi
1315 628 1512 683 debere
1548 628 1900 683 meminisset.

918 741 1145 797 CAPUT
1185 741 1297 795 XII.

350 815 428 868 De
450 815 629 867 studio
650 812 863 867 Joiadre
888 813 1149 883 pontiﬁcis
1186 813 1240 865 iu
1268 814 1644 867 restauratione
1664 813 1862 883 templi.

385 903 540 973 (Cn.
567 912 693 972 xu.)
724 922 749 954 ι
770 904 1023 972 Dixitque
1048 902 1178 958 Joas
1203 904 1271 956 ad
1298 903 1645 959 sacerdotes:
1672 903 1902 960 Omnem

317 1015 337 1046 ι
381 997 669 1065 pecuniam
692 1006 1159 1066 sanctorum,qua2
1183 995 1344 1050 allata
1377 994 1534 1051 fuerit
1565 997 1618 1051 in
1642 997 1901 1066 templum

317 1107 339 1138 α
386 1088 601 1142 Domini
628 1104 660 1142 a
680 1088 1156 1158 praetereuntibus,
1187 1103 1308 1158 qua:
1343 1087 1569 1143 offertur
1595 1103 1695 1159 pro
1728 1087 1901 1158 pretio

316 1197 337 1227 ι
380 1179 600 1244 animae,
632 1189 690 1233 et
728 1194 890 1247 quam
920 1187 1112 1247 sponte
1138 1187 1194 1233 et
1219 1178 1447 1234 arbitrio
1481 1180 1659 1235 cordis
1703 1180 1786 1235 sui
1820 1180 1903 1235 in-

315 1288 335 1319 c
382 1267 567 1323 ferunt
598 1269 655 1322 in
691 1268 949 1338 templum
975 1269 1209 1335 Domini,
1240 1270 1512 1340 accipiant
1539 1270 1684 1324 illam
1714 1286 1900 1325 sacer-

314 1381 333 1412 ι
378 1362 539 1416 dotes
559 1360 714 1430 juxta
742 1362 986 1416 ordinem
1015 1378 1194 1427 suum,
1220 1371 1278 1417 et
1305 1362 1610 1417 instaurent
1638 1370 1784 1417 sarta
1824 1370 1901 1416 te-

315 1473 336 1503 σ
380 1462 469 1507 cta
496 1453 717 1517 domus,
747 1454 793 1507 si
824 1453 953 1522 quid
999 1454 1368 1509 necessarium
1414 1454 1649 1510 viderint
1695 1456 1901 1510 instau-

314 1560 333 1593 ι
380 1543 614 1607 ratione,
654 1564 670 1595 ι
706 1553 815 1599 etc.
864 1544 1083 1598 Mandat
1128 1561 1224 1601 rex
1266 1554 1453 1602 noster
1492 1548 1558 1603 de
1586 1548 1901 1603 doctoribus

308 1633 442 1695 suis,
472 1642 536 1687 ut
564 1634 834 1703 accipiant
880 1650 1095 1690 omnem
1137 1638 1441 1705 pecuniam,
1472 1652 1591 1707 quae
1618 1655 1647 1693 a
1675 1649 1900 1709 prmter-

306 1724 567 1778 euntibus
615 1722 845 1779 offertur
897 1726 949 1780 in
1006 1726 1262 1796 templum
1311 1726 1521 1782 Domini
1581 1744 1680 1798 pro
1717 1731 1895 1799 pretio

305 1813 505 1868 anima:
525 1821 583 1868 et
602 1824 728 1869 voto
751 1815 929 1870 cordis
954 1815 1060 1880 sui,
1079 1832 1202 1870 cum
1229 1818 1490 1888 quidquid
1510 1834 1539 1872 a
1562 1798 1894 1888 prmtereuu-
1920 1798 1968 1858 Β

214 1912 229 1917 ‘
307 1901 452 1956 tibus
493 1901 679 1971 justis,
725 1905 966 1959 scientiae
993 1905 1254 1974 spiritalis
1285 1907 1369 1961 vel
1393 1907 1659 1963 bonorum
1712 1925 1895 1965 exem-

305 1992 519 2060 plorum
569 1994 624 2047 in
656 1995 971 2049 thesaurum
994 1996 1205 2051 Domini
1251 1997 1505 2053 collatum
1556 2009 1658 2065 est,
1685 2015 1784 2070 per
1809 2017 1896 2056 sa-

303 2082 611 2149 cerdotum,
651 2084 754 2140 hoc
784 2093 890 2152 est,
920 2088 1333 2156 praedicatorum
1379 2090 1553 2145 ofﬁcia
1581 2093 1651 2148 ad
1687 2093 1896 2147 instau-

305 2172 576 2228 rationem
627 2175 808 2246 templi
857 2177 1118 2248 spiritalis
1165 2180 1498 2247 conferatur,
1523 2191 1790 2252 quatenus
1818 2185 1893 2239 ibi

301 2266 666 2336 quodcunque
699 2267 928 2323 scissum
956 2284 1055 2339 per
1078 2284 1319 2326 errorem
1347 2272 1430 2327 vel
1456 2289 1555 2343 per
1577 2274 1705 2329 vitia
1743 2276 1895 2331 inve-

301 2356 486 2411 nerint
532 2367 860 2424 restaurent,
906 2375 975 2415 ne
1011 2360 1149 2417 forte
1175 2377 1272 2432 per
1311 2364 1694 2435 negligentiam
1724 2369 1894 2439 magi-

299 2455 541 2501 strorum
570 2448 827 2518 depereat
855 2451 1142 2508 multitudo
1168 2455 1494 2510 auditorum.
1529 2457 1683 2524 Quod
1708 2469 1890 2515 autem

300 2539 587 2608 sequitur:
621 2558 640 2590 ι
669 2540 839 2612 Igitur
864 2557 1033 2613 usque
1062 2545 1131 2600 ad
1170 2547 1487 2602 vicesimum
1530 2549 1748 2604 tertium
1796 2567 1892 2607 an-

306 2646 327 2679 c
375 2646 508 2685 num
552 2632 699 2703 regis
746 2631 874 2689 Joas
928 2651 1034 2690 non
1088 2637 1528 2694 instauraverunt
1580 2642 1892 2700 sacerdotes

306 2738 326 2770 σ
370 2731 522 2776 sarta
550 2730 689 2778 tecta
723 2724 929 2795 templi,
963 2745 982 2777 ι
1025 2727 1312 2797 signiﬁcat,
1356 2730 1501 2799 quod
1536 2740 1662 2787 ante
1690 2732 1892 2789 adven-

302 2819 414 2864 tum
445 2810 750 2869 Salvatoris
779 2814 909 2870 licet
954 2816 1207 2872 doctrina
1238 2817 1372 2889 legis
1403 2819 1455 2874 in
1482 2828 1641 2891 gente
1663 2821 1889 2878 Iudaica

302 2899 485 2967 fuerit,
523 2911 703 2958 tamen
737 2920 832 2975 per
864 2906 1151 2962 doctorum
1198 2909 1581 2980 negligentiam
1617 2911 1673 2967 in
1702 2913 1890 2970 multis

298 2994 770 3063 corrumpebatur,
798 2996 973 3053 donec
1000 2999 1212 3055 veniret
1238 3000 1352 3069 ipse
1387 3002 1477 3072 qui
1513 3002 1686 3074 legem
1717 3005 1885 3071 dedit,

297 3091 353 3135 et
390 3099 492 3153 per
535 3094 739 3141 saneta:
767 3087 1051 3146 Trinitatis
1096 3090 1257 3146 ﬁdem
1285 3092 1608 3164 Decalogum
1650 3095 1787 3167 legis
1830 3096 1886 3151 iu

2001 534 2320 604 gradiuntur
2343 535 2661 599 Ecclesiam,
2692 543 2753 589 ut
2789 534 2857 590 ad
2881 546 3141 591 mternam
3169 535 3580 602 beatitudinem,

2002 640 2165 695 quam
2193 625 2381 680 dextra
2413 626 2701 697 signiﬁcat,
2741 628 3079 696 perveniant.
3129 627 3270 683 Istuc
3305 642 3433 698 ergo
3461 630 3586 682 mit-

2004 723 2126 771 tunt
2191 717 2537 782 sacerdotes,
2599 717 2691 786 qui
2741 718 3054 773 custodiunt
3108 718 3304 774 ostium
3377 718 3583 788 templi,

2002 821 2218 862 omnem
2250 809 2532 877 pecuniam
2558 814 2677 879 dine
2701 809 2942 864 defertur
2966 810 3035 864 ad
3064 810 3320 880 templum
3346 810 3582 875 Domini,

2002 912 2125 952 cum
2147 899 2527 967 praedicatores
2550 901 2745 966 sancti,
2771 901 2860 971 qui
2888 910 3108 956 servant
3130 903 3408 957 introitum
3438 903 3584 965 fidei,

2000 990 2234 1045 offerunt
2259 1002 2383 1047 vota
2412 992 2651 1059 ﬁdelium
2685 995 2737 1050 in
2766 996 2949 1051 verbis
2975 1007 3031 1050 et
3056 997 3108 1051 in
3142 998 3421 1067 operibus,
3448 1009 3502 1054 ct
3531 1000 3581 1053 in

2001 1079 2241 1135 Ecclesia
2273 1083 2377 1137 rite
2402 1084 2655 1153 precibus
2689 1087 3073 1140 commendant
3096 1088 3223 1143 Deo.

2079 1189 2099 1224 ι
2139 1171 2484 1228 Ascendebat
2531 1174 2710 1230 scriba
2763 1175 2907 1246 regis
2959 1185 3016 1229 et
3044 1176 3308 1246 pontifex,
3345 1177 3583 1251 effunde-

2007 1283 2026 1314 ‹
2071 1265 2308 1335 bantque
2350 1275 2405 1321 et
2430 1269 2796 1324 numerabant
2836 1270 3143 1339 pecuniam,
3191 1287 3308 1340 quae
3344 1271 3585 1326 invenie—

2006 1377 2027 1409 ο
2071 1359 2233 1414 batur
2269 1360 2325 1415 in
2353 1361 2514 1417 domo
2544 1362 2781 1428 Domini,
2810 1371 2865 1417 et
2885 1362 3089 1419 dabant
3131 1378 3255 1418 eam
3278 1363 3433 1433 juxta
3483 1380 3584 1418 nu-

2007 1467 2025 1499 c
2072 1465 2283 1504 merum
2334 1460 2496 1520 atque
2553 1467 2865 1506 mensuram
2924 1452 2979 1507 in
3037 1468 3198 1505 manu
3254 1467 3441 1506 eorum
3491 1454 3581 1523 qui

2007 1561 2025 1592 ι
2070 1549 2345 1611 prmerant
2370 1542 2740 1597 caementariis
2767 1543 2958 1597 domus
2985 1541 3227 1607 Domini,
3253 1542 3344 1612 qui
3376 1542 3582 1611 impen-

2008 1650 2027 1681 ι
2073 1631 2276 1686 debant
2311 1647 2375 1686 ea
2420 1632 2474 1685 in
2515 1631 2687 1687 fabris
2723 1631 3015 1703 lignorum,
3040 1641 3094 1687 et
3134 1633 3187 1686 in
3223 1634 3585 1706 crementariis

2007 1740 2026 1772 ι
2072 1720 2159 1776 his
2198 1723 2290 1791 qui
2320 1720 2688 1791 operabanlur
2729 1723 2783 1777 in
2808 1723 2968 1778 domo
2992 1722 3227 1779 Domini.
3269 1744 3287 1776 ι
3335 1722 3583 1779 Scribam

1996 1813 2141 1883 regis
2173 1820 2230 1868 et
2274 1812 2586 1882 pontiﬁcem
2632 1814 2866 1885 appellat
2890 1830 3132 1872 summos
3181 1817 3454 1881 doctores,
3489 1817 3581 1885 qui

1995 1908 2283 1977 pecuniam
2325 1907 2574 1962 collatam
2621 1907 2777 1977 juxta
2830 1923 3114 1963 numerum
3166 1916 3328 1978 atque
3367 1923 3583 1963 mensu-

1998 2015 2117 2054 ram
2148 1999 2253 2055 illis
2280 1999 2589 2056 tribuebant
2620 2002 2712 2071 qui
2741 2011 3013 2071 prazerant
3059 2001 3229 2056 fabris
3257 2009 3312 2055 et
3343 2015 3581 2056 cremen-

1996 2091 2172 2156 tariis,
2220 2092 2327 2147 hoc
2373 2100 2488 2157 est,
2539 2092 3005 2163 dispensatoribus
3052 2090 3205 2146 verbi
3249 2090 3437 2154 divini,
3489 2090 3580 2159 qui

1995 2180 2292 2251 evangelici
2341 2181 2505 2236 tritici
2553 2197 2862 2236 mensuram
2911 2182 3190 2236 conservis
3233 2182 3345 2237 suis
3377 2181 3461 2235 his
3489 2181 3579 2250 qui

1994 2280 2291 2340 operantur
2330 2271 2384 2325 in
2432 2272 2592 2326 domo
2617 2271 2850 2336 Domini,
2898 2280 2954 2326 et
2992 2271 3253 2326 virtutum
3306 2286 3472 2341 opera
3524 2270 3577 2324 in

1992 2362 2222 2418 tediﬁcio
2265 2362 2450 2418 divino
2501 2371 2850 2432 componunt,
2902 2363 3227 2418 tribuebant.
3277 2361 3417 2429 Quid
3449 2377 3581 2432 ergo

1993 2453 2139 2509 aliud
2180 2455 2425 2511 fecerunt
2469 2454 2722 2525 apostoli,
2751 2470 2888 2525 quos
2923 2453 3196 2523 principes
3241 2453 3296 2507 in
3337 2452 3579 2508 Ecclesia

1992 2544 2187 2600 electio
2226 2545 2408 2600 divina
2452 2546 2750 2611 constituit,
2778 2547 2996 2615 quando
3023 2561 3123 2616 per
3156 2544 3430 2615 subjectos
3475 2543 3578 2598 sibi

1992 2637 2284 2706 discipulos
2327 2637 2479 2693 verbi
2537 2637 2703 2692 divini
2734 2624 2957 2693 semina
3016 2653 3115 2708 per
3171 2647 3342 2693 totum
3392 2636 3577 2691 orbem

1991 2736 2312 2798 sparserunt
2344 2737 2611 2799 quatenus
2636 2729 2915 2798 operarios
2943 2728 3207 2785 voluntati
3234 2728 3327 2783 Dei
3356 2728 3579 2783 idoneos

1992 2819 2046 2874 in
2077 2820 2415 2875 auditoribus
2442 2819 2555 2875 suis
2579 2820 2921 2891 perlicerent.
2955 2819 3193 2886 Quorum
3221 2819 3311 2874 alii
3344 2818 3576 2873 fabrica-

1990 2912 2124 2967 bant
2160 2913 2326 2983 ligna,
2367 2928 2490 2969 eum
2531 2913 2851 2984 semetipsos
2891 2921 2946 2968 et
2980 2927 3075 2968 eos
3099 2912 3192 2982 qui
3225 2911 3328 2966 sibi
3359 2911 3577 2966 obedie-

1990 3005 2123 3059 bant
2165 3003 2308 3074 ligna
2334 3002 2611 3059 fructifera
2652 3003 2704 3058 in
2735 3005 2896 3058 domo
2924 3002 3136 3058 Domini
3163 3016 3358 3071 parare
3392 3000 3576 3056 stude-

1991 3096 2141 3151 bant.
2182 3095 2288 3150 Alii
2323 3106 2468 3151 sarta
2496 3104 2634 3150 teeta
2662 3094 2955 3159 faciebant,
2978 3094 3194 3165 quando
3218 3092 3305 3148 illa
3330 3108 3449 3161 qua:
3476 3107 3575 3163 per

300 3172 465 3244 Moysi
499 3183 555 3231 et
582 3179 972 3247 prophetarum
1000 3183 1218 3252 scriptis
1245 3185 1560 3254 spiritaliter
1586 3188 1886 3243 obscrvan-
1915 3169 1959 3231 (ἶ
1991 3188 2244 3243 haeresim
2272 3196 2328 3242 et
2359 3187 2662 3244 incredulos
2697 3186 2911 3243 fortiter
2941 3186 3312 3258 increpabant.
3353 3205 3370 3236 ι
3407 3186 3484 3241 Ita
3517 3197 3577 3241 ut

296 3267 422 3321 dum
454 3269 698 3325 doceret.
1260 3344 1271 3353 ‘

370 3377 389 3410 ι
439 3358 777 3434 Vocavitque
821 3381 914 3420 rex
939 3365 1066 3422 Joas
1089 3367 1333 3423 Joiadam
1362 3371 1669 3440 pontificem
1706 3379 1763 3426 et
1798 3387 1888 3428 sa-

304 3464 323 3499 t
364 3452 645 3519 eerdotes,
693 3456 880 3512 dicens
922 3459 1245 3528 cis:Quare
1290 3473 1437 3518 sarta
1480 3473 1620 3520 tecta
1663 3481 1769 3521 non
1799 3466 1885 3520 in-

304 3562 322 3592 ι
364 3548 658 3602 staurastis
695 3550 920 3621 templi?
962 3552 1138 3608 Nolite
1184 3570 1314 3625 ergo
1360 3556 1595 3627 amplius
1641 3559 1887 3630 accipere

303 3654 319 3684 ι
361 3639 652 3705 pecuniam
675 3641 830 3710 juxta
853 3645 1097 3701 ordinem
1123 3657 1384 3712 vestrum,
1410 3650 1504 3705 sed
1529 3651 1596 3705 ad
1621 3651 1888 3706 instaura-

304 3744 320 3774 ι
363 3727 566 3782 tionem
599 3731 784 3799 templi
815 3734 1023 3790 reddite
1047 3749 1188 3801 eam,
1222 3746 1327 3792 etc.
1367 3757 1385 3789 ι
1429 3739 1519 3793 Sic
1544 3747 1600 3794 et
1622 3738 1884 3796 Dominus

300 3826 480 3873 uester
505 3822 838 3891 evangelieis
862 3825 1174 3883 doctoribus
1200 3830 1465 3886 mandans
1489 3832 1566 3885 ait
1590 3872 1603 3884 .
1634 3851 1652 3882 ι
1685 3832 1887 3887 Levate

299 3909 481 3963 oculos
524 3921 763 3979 vestros,
796 3921 851 3967 et
877 3916 1056 3971 videte
1095 3919 1361 3989 regiones,
1398 3920 1525 3989 quia
1575 3920 1712 3991 albae.
1757 3930 1885 3977 sunt

295 3997 400 4067 jam
424 4001 495 4055 ad
519 4016 779 4057 messem.
826 4002 1031 4076 Rogate
1060 4008 1347 4064 Dominum
1377 4011 1594 4078 messis,
1617 4020 1679 4067 ut
1706 4013 1886 4069 mittat

300 4096 581 4162 operarios
630 4096 684 4150 in
735 4113 967 4154 messem
1017 4117 1169 4155 suam
1226 4102 1411 4175 (Joan.
1443 4103 1538 4178 tv).
1574 4124 1594 4157 ι
1625 4105 1694 4160 Et
1720 4105 1881 4162 item:

302 4201 321 4233 ι
349 4183 582 4250 Euntes,
612 4187 808 4256 inquit,
839 4192 1133 4261 praedicate
1157 4192 1509 4266 Evangelium
1534 4198 1685 4252 omni
1730 4213 1884 4253 erea-

298 4282 446 4328 turaz.
498 4276 756 4332 lnfirmos
788 4290 996 4348 curate,
1027 4293 1271 4340 mortuos
1315 4286 1594 4353 suscitate,
1642 4287 1884 4357 leprosos

295 4368 576 4423 mandate.
611 4363 796 4426 Gratis
826 4373 1132 4442 accepistis,
1165 4376 1335 4446 gratis
1362 4377 1488 4433 date
1520 4377 1714 4450 (Marc.
1758 4396 1876 4447 xvi;

296 4453 484 4513 Matth.
516 4464 600 4530 x).
644 4480 666 4512 ι

366 4568 384 4598 ι
410 4549 480 4604 Et
508 4550 635 4605 tulit
654 4550 844 4608 Joiada
870 4557 1339 4628 gazophylacium,
1368 4542 1685 4632 aper-aitque
1714 4580 1878 4618 unum

296 4659 317 4687 ι
360 4640 612 4697 foramen
654 4645 905 4716 desuper,
937 4656 993 4704 et
1028 4651 1207 4719 posuit
1255 4651 1388 4708 illud
1412 4652 1572 4720 juxta
1606 4655 1780 4710 altare
1810 4658 1876 4710 ad

300 4749 318 4781 ι
362 4732 643 4789 dexteram
700 4736 1118 4807 ingredientium
1168 4743 1385 4798 domum
1418 4745 1654 4812 Domini,
1702 4749 1880 4804 mitte-

296 4843 315 4874 ι
362 4825 603 4897 bamque
649 4829 705 4883 in
749 4846 815 4885 eo
856 4834 1166 4891 sacerdotes
1191 4837 1281 4905 qui
1314 4839 1688 4894 custodiebant
1715 4841 1876 4907 ostia,

295 4935 315 4967 ι
358 4932 578 4972 omnem
616 4922 926 4988 pecuniam,
957 4938 1077 4992 qua:
1122 4926 1467 4983 deferebatur
1508 4931 1575 4985 ad
1620 4931 1879 5000 templum

292 5030 315 5062 ¢
362 5010 598 5066 Domini.
634 5034 653 5067 ι
711 5015 952 5086 Denique
998 5020 1238 5087 pontifex
1286 5030 1492 5089 noster,
1541 5026 1632 5093 qui
1679 5034 1880 5082 semet-

290 5103 470 5170 ipsum
493 5104 691 5159 obtulit
718 5106 953 5163 hostiam
976 5109 1375 5168 immaculatam
1399 5114 1528 5176 Deo,
1553 5116 1881 5187 gazophyla—

284 5195 436 5248 cium
465 5211 635 5250 unutn
666 5199 868 5266 posuit,
899 5201 1000 5255 hoc
1029 5210 1114 5256 est
1142 5217 1304 5256 unam
1331 5204 1630 5261 Ecclesiam
1652 5207 1880 5263 catholi-

285 5303 412 5342 cam
463 5286 612 5342 fecit.
644 5288 743 5344 Cui
771 5289 1015 5347 foramen
1049 5293 1281 5363 desuper
1305 5297 1505 5363 posuit,
1534 5298 1659 5366 quia
1696 5306 1876 5353 trans-

288 5380 427 5432 itum
470 5380 596 5434 inde
639 5380 706 5433 ad
744 5380 913 5437 etelos
948 5383 1178 5453 paravit.
1222 5383 1513 5455 Posuitque
1545 5386 1675 5441 illud
1718 5386 1876 5456 juxta

284 5468 466 5525 altare
515 5469 584 5525 ad
632 5469 913 5525 dexteram
961 5473 1381 5543 ingredientium
1432 5475 1487 5528 in
1524 5475 1743 5531 domum
1770 5477 1876 5533 Do-

284 5561 444 5615 mini.
474 5561 663 5617 Altare
686 5562 937 5619 videlicet
962 5580 1164 5636 corpus
1189 5566 1402 5621 Domini
1428 5576 1532 5632 est,
1552 5566 1706 5635 juxta
1733 5571 1877 5640 quod

279 5652 739 5722 gazophylacium
767 5655 1001 5723 positum
1030 5664 1133 5722 est,
1177 5674 1298 5711 cum
1328 5658 1565 5714 Ecclesia
1589 5659 1874 5729 conjuncta

283 5754 406 5811 est;
462 5745 529 5801 ad
573 5745 861 5802 dexteram
919 5747 1334 5818 ingredientium
1370 5752 1587 5807 domum
1639 5752 1868 5818 Domini,

1995 3299 2017 3333 ι
2062 3281 2378 3352 impleretur
2420 3282 2742 3337 instauratio
2766 3281 2958 3337 domus
2986 3282 3196 3336 Domini
3226 3281 3278 3335 in
3309 3280 3575 3336 universis

1995 3391 2012 3422 ι
2058 3388 2180 3442 quae
2228 3374 2538 3444 indigebant
2567 3387 2824 3444 expensa,
2873 3373 2941 3427 ad
2979 3372 3326 3427 muniendam
3354 3372 3573 3427 domum

1995 3482 2012 3514 ι
2061 3465 2294 3519 Domini.
2335 3484 2354 3516 ι
2395 3463 2557 3519 Juxta
2606 3463 2733 3519 illud
2787 3464 2975 3533 utique
3020 3462 3285 3534 Apostoli.
3332 3476 3440 3531 quo
3465 3462 3570 3516 ait:

1992 3575 2011 3608 ι
2059 3556 2360 3627 Unicuique
2418 3565 2665 3612 nostrum
2718 3554 2844 3610 data
2903 3562 2987 3610 est
3033 3554 3206 3626 gratia
3275 3554 3572 3608 secundum

1988 3664 2295 3704 mensuram
2324 3649 2631 3705 donationis
2656 3647 2859 3705 Christi
2886 3646 3101 3718 (Ep/tes.
3134 3645 3233 3718 tv).
3266 3666 3285 3699 ι
3320 3645 3386 3700 Ει
3414 3643 3574 3715 paulo

1988 3750 2144 3811 post:
2179 3759 2196 3790 ε
2229 3740 2298 3796 Et
2325 3740 2462 3811 ipse,
2492 3741 2685 3810 inquit,
2713 3741 2861 3795 dedit
2888 3740 3153 3810 quosdam
3190 3737 3409 3809 quidem
3436 3752 3569 3806 apo-

1985 3833 2176 3899 stolos,
2193 3832 2454 3902 quosdam
2480 3842 2662 3886 autem
2685 3832 2997 3900 prophetas,
3024 3829 3158 3883 alios
3185 3841 3316 3882 vero
3342 3841 3575 3896 evange-

1984 3923 2154 3987 listas,
2201 3923 2333 3978 alios
2358 3932 2538 3979 autem
2573 3930 2819 3993 pastores
2851 3930 2907 3976 et
2935 3924 3185 3977 doctores
3217 3918 3286 3974 ad
3319 3934 3572 3974 consum-

1985 4016 2277 4070 mationem
2320 4024 2653 4075 sanctorum,
2696 4014 2749 4068 in
2791 4028 2926 4083 opus
2958 4012 3276 4077 ministerii,
3310 4011 3364 4065 in
3400 4008 3567 4065 aedifi-

1982 4107 2251 4163 cationem
2283 4105 2530 4175 corporis
2556 4104 2753 4160 Christi
2787 4103 2996 4175 (Ibid.).
3031 4123 3051 4155 ›
3091 4102 3247 4171 Quod
3277 4092 3460 4158 autem
3487 4118 3572 4158 se—

1984 4199 2187 4269 quitur.

2060 4308 2078 4341 c
2113 4290 2496 4345 Verumtamen
2528 4303 2631 4343 non
2665 4288 2865 4341 ﬁebant
2892 4301 2959 4341 ex
2989 4285 3176 4341 eadem
3208 4284 3440 4355 pecunia
3473 4284 3568 4354 hy-

1989 4402 2007 4433 ι
2053 4381 2184 4435 driae
2232 4379 2414 4450 templi
2458 4378 2691 4442 Domini,
2721 4385 2777 4433 et
2820 4376 3122 4441 fuseinulae,
3155 4383 3211 4431 et
3251 4375 3525 4430 thuribula
3550 4416 3566 4439 ,

1990 4490 2009 4523 ι
2057 4480 2111 4527 et
2153 4471 2316 4535 tubae,
2345 4479 2399 4525 et
2434 4484 2594 4522 omne
2634 4484 2730 4523 vas
2766 4482 3011 4531 aureum,
3044 4475 3099 4520 et
3135 4473 3468 4533 argenteum,
3501 4467 3569 4519 de

1991 4583 2009 4614 ι
2057 4562 2306 4633 pecunia,
2343 4575 2463 4629 qua:
2505 4556 2843 4613 inferebatur
2876 4555 2930 4610 in
2971 4554 3228 4623 templum
3272 4553 3506 4615 Domini,
3543 4574 3563 4604 ι

1983 4653 2254 4727 signiﬁcat
2297 4651 2442 4722 quod
2480 4649 2583 4704 alia
2630 4650 2790 4704 debet
2833 4662 2954 4703 esse
2990 4647 3129 4702 ratio
3159 4646 3568 4701 formandorum

1982 4762 2233 4804 vasorum
2288 4746 2343 4799 in
2385 4742 2742 4799 ministerium
2779 4741 3017 4805 Domini,
3066 4740 3169 4794 alia
3205 4739 3566 4810 parandarum

1980 4840 2251 4911 lignorum
2277 4845 2333 4892 et
2356 4850 2610 4891 saxorum
2646 4835 2700 4889 in
2730 4833 3019 4890 aediﬁcium
3046 4832 3265 4897 domus;
3305 4831 3431 4901 quia
3461 4829 3566 4884 alia

1983 4934 2142 4987 debet
2167 4943 2288 4985 esse
2312 4927 2578 4990 doctrina,
2607 4941 2712 4996 qua
2753 4925 2912 4980 rudes
2944 4924 3257 4982 imbuuntur
3286 4923 3353 4977 ad
3383 4922 3563 4986 ﬁdem,

1982 5030 2039 5078 et
2072 5021 2175 5076 alia
2202 5035 2305 5089 qua
2327 5018 2438 5089 jam
2465 5015 2691 5087 perfecti
2720 5016 3061 5070 instruuntur
3088 5016 3156 5071 ad
3180 5015 3421 5069 scientia:
3447 5014 3565 5091 plp‘:

1982 5114 2302 5170 nitudiuem.
2336 5110 2479 5166 Bene
2508 5118 2686 5164 autem
2717 5123 2844 5163 vasa
2871 5107 3064 5162 domus
3091 5107 3304 5161 Domini
3337 5105 3410 5159 illi
3439 5083 3585 5175 pos?

1981 5214 2109 5262 sunt
2136 5202 2361 5273 intelligi
2389 5201 2479 5271 qui
2516 5198 2630 5268 jam
2667 5199 2777 5269 apti
2807 5206 2933 5254 sunt
2957 5199 3022 5253 ad
3051 5198 3310 5268 capienda
3340 5210 3564 5275 munera

1979 5297 2180 5361 divina,
2219 5304 2284 5372 ‘et
2327 5295 2534 5350 habiles
2583 5294 2717 5347 ﬁunt
2764 5293 2831 5348 ad
2873 5292 3230 5349 ministerium
3262 5291 3375 5345 Dei.
3429 5288 3562 5342 Nam

1979 5388 2184 5460 hydri-.8
2212 5402 2305 5442 eos
2334 5386 2640 5457 significare
2667 5393 2890 5453 possunt
2915 5384 3004 5455 qui
3049 5399 3245 5452 aquam
3285 5379 3564 5449 sapientiae

1979 5480 2174 5535 divina:
2216 5478 2267 5532 in
2307 5492 2365 5532 se
2399 5477 2708 5541 continent;
2747 5474 3022 5530 fuseinula:
3050 5488 3282 5542 quoque,
3314 5472 3562 5526 doctores

1976 5570 2269 5641 spiritales,
2303 5584 2533 5639 quorum
2563 5566 2795 5622 oflieium
2826 5575 2908 5621 est
2936 5581 3132 5633 corpus
3168 5571 3221 5616 et
3245 5560 3559 5631 sanguinem

1978 5660 2188 5716 Domini
2213 5659 2554 5714 credentibus
2574 5656 2916 5719 distribuere,
2945 5653 3245 5708 inﬁdelibus
3268 5651 3558 5723 abnegarc,

1980 5766 2081 5805 nec
2118 5765 2225 5804 non
2248 5758 2301 5804 et
2332 5748 2629 5819 spiritalem
2652 5746 2959 5802 alimoniam
2982 5744 3131 5799 verbi
3154 5744 3370 5813 cuique,
3400 5753 3557 5816 prout
