3912 6160
304 346 414 401 245

982 339 1041 391 Bt
1085 336 1336 392 BABANI
1376 334 1592 389 MAUlil
1631 329 1948 387 ARCHIEP.
1993 327 2301 385 MOGUNT.
2342 328 2627 384 OPERUM
2662 327 2843 384 PARS
2881 329 2921 383 Ι.

3467 332 3575 387 2M

309 454 582 520 convenit,
637 451 932 522 dispertiri.
978 448 1113 515 Quia
1162 456 1288 500 sunt
1338 444 1392 499 in
1422 442 1601 498 verbis
1626 440 1721 495 Dei
1755 454 1892 494 non-
1917 440 1967 500 A
1999 456 2019 489 ι
2063 437 2190 493 iace
2215 438 2486 506 sagittam.
2541 438 2607 492 Et
2627 436 2778 507 jecit.
2832 439 2897 493 Et
2947 438 3022 494 ait
3072 439 3322 497 Eliseus:
3364 441 3575 514 Sagitta

307 548 454 603 nulla
496 561 620 617 qua:
670 552 867 599 nostrae
923 536 1211 595 humilitati
1262 535 1527 599 revelare,
1574 533 1645 588 ad
1689 538 1890 585 nostrae

304 640 494 712 epulas
520 637 828 693 refectionis
858 634 1155 689 concedere
1185 631 1434 701 dignatus
1462 637 1564 683 est.
1590 626 1731 682 Sunt
1755 627 1886 680 item

212 790 219 805 ι
306 732 411 787 alia
448 724 613 785 tanta:
637 726 1042 798 profunditatis,
1071 739 1190 793 quae
1223 722 1397 777 sancti
1426 720 1662 789 Spiritus
1686 718 1889 774 solum-

305 822 467 878 modo
496 819 737 877 scientiae
776 825 1019 888 pateant,
1050 823 1248 869 nostra:
1278 828 1407 867 vero
1434 810 1751 880 capacitatis
1790 824 1889 878 per

303 914 485 969 omnia
534 924 844 967 mensuram
900 905 1303 962 transcendant.
1362 901 1656 957 Thurihula
1705 908 1885 955 autem

302 1007 424 1062 illos
448 1004 755 1077 signiﬁcare
781 1003 1158 1057 demonstrant
1183 998 1274 1067 qui
1301 997 1555 1051 mundam
1583 995 1883 1049 orationem

301 1115 366 1153 ex
397 1096 729 1153 conscientia
754 1108 890 1165 pura
915 1099 972 1146 et
993 1090 1099 1145 ﬁde
1124 1104 1232 1145 non
1263 1088 1386 1143 ﬁcta
1409 1088 1642 1143 otierunt
1669 1086 1802 1150 Deo,
1829 1093 1886 1139 et

300 1203 424 1244 cum
451 1187 723 1257 Propheta
775 1185 959 1240 dicere
1003 1192 1267 1254 possunt:
1322 1198 1341 1231 ι
1388 1178 1662 1248 Dirigatur
1709 1177 1884 1232 oratio

301 1296 421 1336 mea
467 1280 608 1334 sicut
637 1277 919 1332 incensum
964 1274 1019 1327 in
1044 1280 1332 1341 conspectu
1365 1279 1459 1326 tuo
1488 1265 1820 1341 (Psal.cn.).
1855 1289 1876 1321 ι

299 1370 467 1425 'l‘ubte
515 1376 695 1423 autem
740 1365 872 1437 quid
922 1363 1067 1419 aliud
1115 1371 1258 1427 sunt,
1288 1377 1451 1432 quam
1500 1360 1882 1430 praedicatores

298 1458 495 1521 sancti,
527 1456 618 1527 qui
649 1457 704 1510 in
733 1464 846 1509 toto
872 1454 1005 1510 orbe
1030 1461 1317 1518 terrarum,
1347 1466 1533 1507 vocem
1559 1449 1881 1519 evangelicae

295 1546 697 1616 prtedieationis
739 1544 1037 1600 emittunt?
1072 1542 1311 1610 Quorum
1353 1556 1599 1611 persona:
1633 1556 1730 1611 per
1754 1556 1880 1611 pro-

294 1638 512 1706 phetam
552 1636 753 1691 dictum
784 1644 867 1691 est
893 1653 906 1688 :
936 1654 955 1686 ί
986 1634 1194 1700 Clama,
1225 1648 1294 1689 ne
1313 1649 1512 1700 cesses,
1536 1634 1689 1704 quasi
1731 1632 1876 1699 tuba,

295 1728 473 1785 exalia
498 1743 686 1784 vocem
719 1736 888 1793 tuam,
920 1734 976 1783 et
999 1727 1264 1782 annuntia
1297 1726 1493 1798 populo
1520 1741 1643 1782 meo
1671 1725 1878 1781 scelera

1997 549 2016 582 ι
2061 530 2253 586 salutis
2275 531 2508 597 Domini,
2541 543 2597 588 et
2637 532 2836 602 sagitta
2882 531 3072 588 salutis
3116 542 3306 588 contra
3337 533 3577 607 Syriam.

1996 640 2015 674 ι
2060 621 2446 693 Percutiesque
2483 623 2696 694 Syriam
2740 625 2794 678 in
2825 625 3034 694 Aphec,
3061 625 3235 681 donec
3278 642 3577 685 consumas

1995 733 2014 767 α
2058 732 2197 779 eam,
2213 737 2232 770 ι
2261 726 2366 771 etc.
2382 717 2520 785 Quid
2542 726 2644 783 est,
2661 717 2805 787 quod
2827 717 3087 787 propheta
3109 734 3290 789 regem
3311 720 3477 777 lsrael
3491 721 3582 790 ju-

1987 808 2080 863 bet
2107 823 2294 863 arcum
2323 817 2378 863 et
2401 809 2653 880 sagittam
2674 807 2891 875 aﬁ‘erre,
2921 809 3026 864 nisi
3054 811 3203 878 quod
3239 810 3575 880 Redemptor

1985 908 2174 953 noster
2194 899 2501 955 rectoribus
2514 900 2771 956 Ecclesia:
2795 900 2962 954 armis
2986 901 3317 971 spiritalibus
3342 919 3400 958 se
3425 905 3577 960 indui

1986 997 2043 1045 et
2070 998 2259 1045 contra
2289 991 2499 1046 hostem
2539 992 2820 1063 antiquum
2842 994 3089 1064 praecipit
3108 994 3377 1064 prteliari?
3404 999 3578 1052 Arcus

1984 1082 2128 1137 enim
2151 1098 2534 1153 nonnunquam
2557 1084 2612 1139 in
2634 1100 2788 1140 sacro
2811 1085 3026 1155 eloquio
3039 1102 3137 1157 pro
3158 1089 3275 1158 ipso
3294 1104 3453 1144 sacro
3468 1091 3579 1146 elo-

1983 1172 2112 1242 quio
2144 1175 2270 1244 poni
2294 1175 2448 1240 solet,
2462 1177 2605 1245 quod
2625 1191 2689 1231 ex
2714 1186 2942 1248 utroque
2964 1178 3327 1245 Testamento,
3342 1183 3492 1237 velut
3507 1199 3579 1239 cx

1984 1279 2151 1320 cornu
2167 1276 2221 1321 et
2241 1267 2466 1334 chorda,
2480 1276 2695 1324 constat
2712 1285 2730 1334 ;
2753 1285 2850 1339 per
2867 1269 3031 1325 Vetus
3049 1271 3247 1342 quippe
3261 1272 3582 1329 Testamen-

1983 1362 2095 1409 tum
2130 1354 2395 1427 ﬁguratur
2437 1372 2605 1412 cornu
2646 1366 2867 1427 propter
2910 1359 3204 1426 duritiam;
3231 1376 3330 1431 per
3366 1346 3578 1418 Novum

1984 1461 2132 1512 vero,
2178 1448 2320 1516 quod
2369 1448 2650 1504 incarnato
2672 1450 2903 1505 Domino
2948 1450 3149 1507 factum
3172 1462 3279 1520 est,
3330 1454 3582 1524 signatur

1982 1537 2206 1592 chorda.
2272 1538 2342 1593 Et
2407 1540 2533 1594 dum
2562 1540 2767 1596 chorda
2797 1542 3052 1607 trahitur,
3078 1559 3248 1599 cornu
3292 1554 3579 1613 curvatur,

1980 1629 2107 1699 quia
2138 1646 2261 1685 cum
2291 1630 2695 1687 Testamentum
2722 1630 2930 1688 Novum
2976 1632 3290 1702 discutitur,
3321 1651 3352 1690 a
3371 1636 3579 1693 duritia

1981 1717 2176 1775 littera:
2202 1719 2368 1775 Vetus
2400 1722 2712 1786 inclinatur,
2738 1731 2795 1778 et
2820 1723 2887 1778 ad
2921 1724 3250 1781 intellectum
3276 1727 3577 1797 spiritalem

294 1834 503 1885 eorum,
534 1828 590 1875 et
616 1819 797 1874 domui
817 1819 983 1875 Jacob
1008 1826 1231 1889 peccata
1255 1832 1444 1875 eorum
1468 1819 1646 1889 (Jtai.
1668 1818 1876 1889 ινιιι).›
1909 1804 1958 1865 Β
1985 1810 2239 1878 ﬂectitur,
2266 1814 2392 1884 quia
2424 1815 2571 1886 rigor
2592 1814 2709 1883 ejus
2727 1816 2938 1872 duritiae
2958 1832 3064 1872 non
3090 1826 3325 1873 tenetur.
3351 1818 3580 1888 Sagitta:

296 1910 364 1964 Et
391 1910 679 1965 Psalmista
705 1927 718 1963 :
755 1927 775 1960 ι
805 1908 866 1963 1n
890 1923 1107 1964 omnem
1142 1917 1366 1974 terram,
1397 1907 1494 1974 ait,
1524 1908 1693 1963 exivit
1718 1923 1884 1963 sonus

294 2018 507 2069 eorum,
535 2013 591 2057 et
622 2003 674 2056 in
719 2000 855 2056 ﬁnes
904 2000 1054 2056 orbis
1097 2009 1255 2057 terrae
1294 2000 1458 2056 verba
1487 2015 1676 2056 eorum
1707 1997 1879 2072 (Paul.

296 2093 477 2165 xvm).
513 2113 532 2145 ι
574 2091 836 2163 Sequitur
861 2110 874 2145 :

369 2206 389 2237 ι
433 2185 501 2240 Ει
527 2201 636 2241 non
670 2185 835 2240 ﬁebat
869 2186 1010 2240 ratio
1036 2185 1120 2241 his
1151 2186 1481 2254 hominibus,
1518 2186 1611 2256 qui
1647 2185 1882 2255 accipie-

296 2297 315 2329 ι
361 2279 492 2333 bant
534 2278 844 2347 pecuniam,
886 2268 946 2332 ut
973 2277 1363 2333 distribuerent
1399 2291 1521 2331 eam
1562 2276 1880 2342 artiﬁcibus,

299 2389 318 2420 ο
365 2368 458 2424 sed
496 2368 550 2423 in
580 2368 685 2424 ﬁde
719 2368 1030 2424 tractabant
1055 2384 1197 2433 eam,
1231 2388 1251 2421 ›
1286 2378 1391 2423 etc.
1426 2368 1533 2440 (Ex
1568 2367 1756 2439 Beda.)
1780 2371 1883 2425 De-

290 2460 562 2515 votionetn
605 2460 846 2515 ostendit
885 2475 1075 2514 eorum
1109 2460 1176 2514 de
1202 2460 1399 2529 quibus
1442 2474 1622 2514 sermo
1656 2469 1758 2528 est,
1786 2462 1881 2531 qui

294 2560 504 2606 tantum
535 2551 702 2629 studii
733 2551 788 2605 in
813 2549 1072 2621 religione
1098 2550 1408 2615 habuerint,
1439 2559 1500 2604 ut
1526 2550 1706 2606 nullus
1728 2552 1881 2607 dubi-

296 2645 493 2699 taverit
535 2643 664 2715 quin
701 2646 984 2714 pecuniam
1013 2644 1227 2699 Domini
1258 2643 1377 2700 sine
1421 2643 1648 2715 alicujus
1672 2643 1882 2701 fraudis

292 2737 598 2807 suspicione
637 2744 957 2803 tractarent,
996 2744 1052 2794 ct
1090 2738 1232 2793 hanc
1270 2738 1338 2794 de
1371 2738 1567 2794 aerario
1611 2737 1879 2793 sublatam

290 2827 527 2884 ﬁdeliter
557 2828 859 2885 artiﬁcibus
901 2830 968 2885 ad
995 2830 1339 2885 muniendam
1367 2831 1608 2896 domum,
1638 2839 1797 2903 prout
1824 2832 1880 2886 in

289 2920 519 2991 singulis
561 2937 699 2992 opus
735 2930 898 2987 esset,
931 2920 1206 2977 offerrent.
1236 2922 1391 2978 Unde
1426 2938 1652 2979 necesse
1694 2931 1779 2978 est
1821 2933 1880 2978 ut

287 3012 634 3068 considerent
659 3012 737 3078 hi,
763 3013 855 3083 qui
878 3014 1177 3084 spiritalem
1201 3014 1485 3082 pecuniam
1512 3014 1661 3069 verbi
1690 3015 1785 3069 Dei
1811 3015 1881 3069 ad

286 3102 715 3171 dispensandum
759 3104 1037 3159 conservis
1082 3104 1216 3171 suis,
1252 3105 1518 3174 operariis
1555 3104 1765 3161 scilicet
1797 3105 1877 3160 di-

286 3193 454 3259 vinis,
505 3195 875 3264 accipiebant;
915 3203 1118 3265 quanta
1158 3195 1283 3262 ﬁde,
1311 3204 1622 3267 quantaque
1666 3198 1873 3253 discre-

286 3284 436 3339 tione
471 3284 577 3340 illis
618 3300 755 3356 opus
783 3295 887 3351 cst,
921 3286 1117 3356 quibus
1154 3289 1292 3342 ratio
1331 3288 1397 3343 de
1427 3288 1620 3344 eadem
1646 3290 1876 3359 pecunia

290 3375 566 3430 reddenda
598 3386 704 3441 est,
729 3386 787 3430 ut
813 3378 1067 3432 studeant
1106 3392 1213 3432 non
1237 3378 1420 3434 minus
1447 3377 1633 3434 ﬁdeles
1674 3380 1728 3433 in
1768 3379 1877 3449 spi-

290 3466 541 3522 ritalibus
566 3467 816 3535 inveniri,
849 3483 1008 3539 quam
1056 3470 1144 3525 isti
1174 3469 1229 3524 in
1260 3469 1631 3540 corporalibus
1656 3469 1876 3549 fuerunt

289 3557 516 3611 inventi.

364 3667 382 3699 ι
427 3647 721 3704 Pecuniam
758 3665 886 3705 vero
930 3667 1028 3720 pro
1075 3651 1292 3714 delicto,
1346 3660 1402 3706 et
1444 3652 1733 3720 pecuniam
1776 3665 1875 3721 pro

294 3758 313 3791 σ
357 3740 599 3810 peccatis
628 3757 735 3797 non
767 3741 1072 3797 inferebant
1122 3743 1175 3797 in
1204 3742 1462 3814 templum
1488 3743 1720 3808 Domini,
1747 3743 1875 3813 quia

224 3836 237 3847 ‘
291 3854 309 3883 ι
357 3834 702 3889 sacerdotum
739 3846 875 3889 erat.
915 3854 933 3887 ι
982 3834 1110 3890 Hazc
1155 3836 1381 3891 scientia
1427 3837 1685 3903 ostendit,
1731 3837 1877 3906 quod

285 3937 396 3977 non
422 3924 545 3993 quis
572 3925 792 3994 proprio
820 3926 1047 3981 arbitrio
1069 3925 1225 3982 facile
1254 3941 1313 3983 se
1336 3928 1558 3982 credere
1580 3928 1756 3990 debet,
1782 3928 1877 3983 sed

288 4016 430 4071 sciat
455 4017 598 4088 quod
626 4019 796 4088 magis
820 4017 1090 4075 confessio
1123 4031 1496 4090 peccatorum,
1522 4030 1578 4074 et
1608 4022 1876 4090 paeniten-

284 4108 361 4163 tia
410 4111 750 4165 sacerdotum
789 4112 995 4183 judicio
1040 4116 1346 4184 peragenda
1388 4122 1506 4180 est;
1543 4115 1635 4185 qui
1676 4115 1878 4169 habent

284 4199 567 4255 scientiam
598 4201 941 4258 discernendi
966 4202 1111 4258 inter
1139 4205 1400 4259 mundum
1426 4216 1480 4259 et
1511 4206 1872 4270 immundum,

284 4299 339 4344 et
375 4290 541 4362 lepra:
576 4293 846 4349 maculam
886 4293 1214 4363 diiudicare,
1254 4305 1308 4350 et
1348 4306 1443 4351 aut
1486 4298 1871 4364 condemnare,

284 4390 376 4436 aut
405 4382 661 4438 mundum
687 4384 983 4440 decernere
1012 4384 1197 4458 (Leuit.
1228 4386 1304 4458 Χ).

873 4517 1102 4573 CAPUT
1142 4518 1278 4573 Xlll.

282 4630 362 4684 De
388 4634 727 4707 ajgt'otgttione
750 4631 936 4695 Elisei,
974 4632 1031 4686 in
1051 4650 1161 4707 gito
1181 4634 1424 4703 praedixit
1453 4638 1561 4707 regi
1581 4635 1732 4707 lous,
1766 4637 1875 4690 Do-

360 4703 517 4773 rniuor
533 4701 769 4773 jubente,
803 4716 1003 4773 gentem
1040 4701 1210 4771 Syrica
1243 4701 1654 4773 percutiendum.
1685 4701 1872 4762 Obitus

354 4770 520 4825 Ειίδεὶ
565 4772 790 4826 hominis
836 4772 951 4846 Dei,
997 4770 1149 4844 cujus
1202 4770 1362 4842 [unus
1413 4792 1601 4846 corpus
1643 4775 1873 4846 alicujus

352 4852 615 4895 mortuum
638 4859 757 4896 cum
780 4844 1048 4912 tetigisset,
1076 4846 1253 4898 statim
1280 4846 1484 4900 revixit.

358 4952 509 5025 (CAP.
549 4955 693 5025 xui.)
734 4975 751 5007 ι
790 4955 1000 5012 Eliseus
1026 4968 1207 5013 autem
1235 4960 1519 5031 agrotabat
1555 4960 1608 5015 in
1635 4960 1868 5016 inﬁrmi-

285 5065 305 5096 ‹
355 5052 485 5111 tate,
513 5062 619 5116 qua
663 5054 718 5100 et
758 5056 1004 5103 mortuus
1051 5058 1153 5104 est.
1196 5048 1590 5121 Descenditque
1635 5053 1702 5108 ad
1744 5068 1867 5107 eum

287 5155 304 5185 ι
352 5135 479 5190 Joas
521 5152 614 5190 rex
656 5136 845 5204 Israel,
872 5148 927 5193 et
957 5138 1117 5194 ﬁebat
1152 5156 1335 5195 coram
1360 5156 1456 5208 eo;
1502 5142 1866 5214 dicebatque:

285 5246 304 5277 ι
353 5227 514 5281 Pater
544 5227 639 5293 mi,
668 5226 830 5283 Pater
859 5228 951 5291 mi,
985 5245 1178 5284 currus
1206 5230 1392 5299 israel,
1420 5240 1476 5286 et
1512 5232 1697 5303 auriga
1729 5232 1867 5303 ejus.

286 5340 303 5368 ε
353 5318 419 5372 Et
446 5318 521 5372 ait
559 5318 809 5375 Eliseus:
863 5319 1009 5374 Alfer
1032 5336 1218 5375 arcum
1256 5331 1310 5377 et
1347 5322 1588 5392 sagittas.
1627 5324 1871 5393 Cumque

286 5433 302 5462 ι
350 5412 620 5467 attulisset
644 5413 710 5467 ad
734 5428 856 5468 eum
880 5429 1065 5468 arcum
1091 5424 1145 5469 et
1166 5416 1409 5487 sagittas,
1435 5418 1573 5473 dixit
1592 5419 1659 5473 ad
1687 5434 1870 5490 regem

288 5528 302 5555 ι
350 5505 516 5561 lsracl
563 5525 574 5560 :
630 5506 777 5561 Pone
802 5522 1022 5561 manum
1063 5517 1206 5563 tuam
1234 5525 1397 5581 super
1422 5526 1629 5566 arcum.
1659 5512 1870 5566 Etcum

290 5616 307 5647 ι
355 5601 624 5669 posuisset
670 5600 759 5655 ille
806 5616 1022 5655 manum
1052 5617 1237 5667 suam,
1279 5606 1619 5674 superposuit
1656 5604 1872 5659 Eliseus

290 5708 306 5738 ι
356 5705 546 5746 manus
571 5708 698 5747 suas
720 5694 968 5749 manibus
994 5695 1158 5764 regis,
1181 5702 1235 5748 et
1254 5694 1327 5748 ait
1355 5715 1366 5748 :
1392 5695 1552 5766 Aperi
1577 5696 1872 5752 fenestram

287 5800 307 5833 ς
359 5782 692 5839 orientalem.
744 5785 987 5857 Cumque
1040 5787 1370 5857 aperuisset,
1435 5788 1565 5843 dixit
1623 5790 1867 5845 Eliseus:

1985 1903 2130 1958 enim
2173 1913 2299 1958 sunt
2338 1905 2455 1960 haec
2494 1905 2609 1975 ipsa
2635 1906 2799 1960 verba
2829 1921 2948 1976 qua:
2977 1906 3230 1963 doctores
3268 1906 3577 1978 proferunt.

1986 1994 2142 2052 Unde
2166 1996 2304 2052 bene
2355 1998 2519 2052 etiam
2548 2000 2613 2053 de
2644 2000 2847 2054 sanctis
2876 2001 3192 2056 doctoribus
3220 2016 3317 2072 per
3342 2003 3581 2072 prophe-

1987 2094 2097 2143 tam
2122 2089 2480 2160 gentilitatem
2527 2091 2959 2162 ingredientibus
2996 2093 3195 2148 dicitur
3223 2112 3235 2147 :
3271 2113 3291 2145 ‹
3323 2093 3459 2150 Cum
3488 2111 3579 2151 sa-

1981 2177 2134 2248 gittis
2169 2187 2224 2234 et
2261 2196 2390 2235 arcu
2436 2180 2805 2251 ingredientur
2848 2181 2977 2238 illuc
3033 2182 3186 2253 (Isai.
3210 2183 3329 2256 vn).
3361 2204 3382 2237 ι
3464 2184 3578 2241 Nos

1982 2287 2113 2342 ergo
2140 2289 2263 2328 cum
2309 2273 2605 2343 Scriptura:
2652 2291 2824 2332 saera:
2869 2278 3012 2332 dicta
3041 2293 3351 2349 pensamus,
3382 2296 3575 2337 arcum

1984 2367 2334 2421 intendimus.
2382 2366 2517 2423 Cum
2560 2369 2723 2424 verba
2776 2370 3038 2426 doctrina:
3089 2372 3301 2438 damus,
3345 2374 3575 2445 sagittas

1981 2459 2300 2514 emittimus.
2359 2478 2376 2509 ι
2418 2459 2685 2530 Ponitque
2730 2460 2941 2516 Eliseus
2984 2466 3583 2521 manussuasmanibus

1981 2552 2148 2623 regis,
2189 2571 2207 2604 ι
2239 2567 2363 2606 cum
2406 2551 2622 2622 templis
2664 2552 2779 2608 suis
2805 2553 3068 2608 Dominus
3112 2554 3356 2609 actiones
3384 2553 3574 2609 docto-

1980 2656 2102 2695 rum
2128 2641 2313 2712 dirigit
2335 2650 2392 2696 et
2426 2642 2717 2698 confortat.
2750 2642 3082 2698 Orientalem
3120 2643 3414 2698 fenestram
3444 2657 3573 2711 ape-

1981 2733 2093 2788 rire
2122 2733 2366 2800 mandat,
2396 2741 2450 2789 et
2472 2732 2658 2802 jacere
2680 2734 2955 2804 sagittam,
2986 2734 3116 2805 quia
3162 2732 3366 2788 lumine
3396 2735 3574 2789 scien-

1980 2824 2072 2879 tiae
2119 2832 2171 2878 et
2208 2837 2350 2879 verte
2399 2824 2659 2880 doctrinae
2703 2840 2832 2880 suos
2873 2824 3126 2880 hortatur
3167 2824 3402 2896 primum
3452 2824 3576 2879 illu-

1980 2916 2166 2981 strari,
2197 2916 2448 2987 etjacula
2478 2915 2769 2971 verborum
2800 2917 3036 2972 mittere.

2060 3026 2078 3057 ι
2113 3005 2182 3060 Et
2207 3007 2285 3061 ait
2306 3006 2517 3062 Eliseus
2542 3024 2555 3060 :
2583 3007 2792 3078 Sagitta
2815 3006 3009 3063 salutis
3033 3007 3269 3074 Domini,
3295 3014 3352 3061 et
3376 3005 3573 3075 sagitta

1987 3117 2005 3149 ι
2051 3098 2244 3153 salutis
2287 3106 2475 3153 contra
2518 3097 2752 3169 Syriam.
2816 3098 3201 3169 Percutiesque
3244 3097 3461 3170 Syriam
3518 3099 3573 3152 in

1985 3209 2005 3242 ι
2048 3190 2253 3260 Aphcc,
2277 3191 2448 3247 donec
2464 3206 2756 3248 consumas
2775 3207 2914 3248 eam.
2954 3212 2973 3245 ι
3002 3192 3208 3261 Sagitta
3236 3207 3365 3263 ergo
3385 3190 3577 3246 salutis

1979 3283 2192 3339 Domini
2222 3293 2306 3338 est
2334 3284 2645 3354 praedicatio
2672 3293 2881 3350 sancta,
2912 3300 3034 3339 cum
3062 3285 3325 3339 decenter
3347 3283 3577 3338 exhibe-

1979 3383 2088 3441 tur,
2135 3383 2193 3429 et
2238 3374 2561 3444 spiritalium
2611 3374 2848 3429 hostium
2875 3374 3185 3430 certissima
3240 3372 3572 3439 interfectio,

1978 3469 2024 3523 si
2079 3477 2493 3539 perseveranter
2534 3468 2732 3539 agitur.
2803 3466 2915 3523 Nec
2952 3467 3035 3523 las
3073 3475 3245 3523 estut
3279 3466 3575 3537 aliquando

1978 3563 2321 3634 dispensator
2364 3563 2516 3618 verbi
2542 3562 2638 3617 Dei
2685 3562 2926 3633 segniter
2958 3569 3195 3632 torpeat,
3225 3560 3312 3617 cui
3358 3560 3574 3630 jussutn

1976 3662 2062 3709 est
2093 3662 2154 3707 ut
2200 3654 2378 3726 gregis
2409 3654 2675 3709 Dominici
2726 3669 2914 3708 curam
2967 3662 3141 3724 gerat,
3190 3652 3315 3722 quia
3337 3651 3569 3707 multum

1977 3745 2135 3801 obest
2162 3744 2370 3799 devotis
2397 3744 2766 3810 auditoribus,
2795 3745 2841 3799 si
2874 3745 3068 3800 inertia
3094 3744 3353 3816 praevalet
3382 3744 3575 3798 docto.

1980 3836 2150 3891 ribus.
2210 3836 2350 3890 Dicit
2388 3836 2537 3891 enim
2606 3836 2872 3906 propheta
2904 3852 2919 3889 :
2962 3855 2981 3887 ι
3019 3835 3230 3899 Clama,
3266 3850 3336 3889 ne
3388 3849 3575 3889 cesses

1979 3927 2136 3998 (lsai.
2171 3928 2378 3998 L\'lll).t
2406 3927 2473 3981 Et
2492 3927 2781 3997 Apostolus
2808 3927 2875 3981 ad
2902 3926 3247 3982 Timotheum
3281 3944 3295 3980 :
3331 3944 3350 3977 ι
3390 3925 3570 3980 Testi-

1982 4018 2137 4083 ﬁcor,
2170 4018 2360 4088 inquit,
2397 4033 2582 4073 coram
2614 4018 2725 4074 Deo
2750 4028 2804 4073 et
2828 4016 2957 4073 Jesu
2990 4017 3242 4085 Christo,
3289 4018 3382 4088 qui
3425 4016 3574 4086 judi-

1980 4120 2202 4166 caturus
2231 4120 2315 4164 est
2337 4110 2493 4165 vivos
2525 4125 2590 4164 ac
2617 4117 2862 4165 mortuos
2884 4150 2900 4173 ,
2953 4117 3005 4164 et
3039 4108 3331 4163 adventum
3362 4108 3531 4177 ipsius
3552 4149 3569 4173 ,

1978 4212 2034 4258 et
2060 4218 2288 4274 regnum
2316 4202 2455 4272 ejus.
2510 4202 2749 4258 Prtedica
2776 4205 2999 4258 verbum
3016 4242 3032 4267 ,
3071 4202 3214 4257 insta
3241 4208 3566 4271 opportune,

1980 4297 2308 4368 importune,
2342 4310 2528 4367 argue,
2552 4296 2801 4362 obsecra,
2840 4296 3062 4365 increpa
3093 4295 3146 4349 in
3176 4295 3327 4350 omni
3356 4295 3571 4362 patien-

1981 4391 2055 4444 tia
2095 4396 2149 4443 et
2190 4387 2437 4443 doctrina
2476 4382 2562 4459 (II
2595 4385 2731 4441 Tim.
2772 4386 2869 4458 tv).
2897 4406 2916 4438 ι
2960 4387 3114 4442 Unde
3152 4401 3261 4441 non
3295 4386 3454 4440 debet
3474 4385 3574 4440 do-

1897 4508 1953 4569 D
1980 4490 2098 4537 ctor
2123 4488 2345 4549 propter
2379 4478 2664 4532 avaritiam
2691 4518 2705 4543 ,
2730 4477 3003 4548 negligere
3024 4477 3330 4531 animarum
3353 4491 3568 4540 curam,

1980 4574 2074 4628 sed
2107 4571 2280 4643 magis
2305 4586 2402 4640 per
2431 4571 2687 4640 pietatem
2716 4569 2782 4625 ad
2809 4577 3067 4625 aeternam
3107 4566 3433 4637 pertendere
3483 4581 3572 4621 re—

1978 4664 2158 4735 quiem
2188 4704 2202 4728 ,
2234 4663 2378 4733 quod
2423 4662 2692 4733 signiﬁcat
2734 4660 2939 4730 Aphcc,
2975 4660 3364 4729 interpretatur
3419 4658 3570 4712 enim

1977 4756 2257 4810 continebit
2306 4754 2389 4808 vel
2442 4753 2804 4825 apprehendit.
2849 4751 3004 4807 Unde
3056 4751 3200 4804 idem
3251 4748 3566 4819 Apostolus,

1973 4847 2307 4905 enumeratis
2360 4846 2507 4901 vitiis
2571 4861 2694 4916 quae
2750 4845 3033 4899 avaritiam
3094 4844 3445 4907 comitantur,
3498 4844 3568 4899 ad

1972 4940 2288 5011 praedictum
2332 4936 2651 5008 discipulum
2703 4935 2905 5002 intulit,
2946 4935 3169 4989 dicens:
3207 4950 3226 4984 ι
3257 4932 3337 4987 Tu
3359 4940 3567 4998 autem,

1978 5031 2141 5086 homo
2178 5030 2295 5095 Dei,
2327 5029 2444 5085 haec
2491 5029 2634 5099 fuge.
2675 5026 2901 5085 Sectare
2937 5041 3068 5081 vero
3097 5023 3365 5093 justitiam
3391 5065 3409 5091 ,
3445 5024 3567 5094 pie-

1979 5131 2142 5178 tatem
2162 5163 2176 5187 ,
2210 5121 2369 5177 ﬁdem
2396 5162 2411 5186 ,
2444 5121 2796 5185 charitatem,
2823 5119 3166 5190 patientiam,
3196 5117 3572 5173 mansuetudi-

1980 5232 2124 5271 nem.
2145 5215 2305 5270 Certa
2325 5217 2525 5271 bonum
2549 5223 2823 5271 certamen
2847 5214 3000 5281 ﬁdei;
3028 5211 3373 5286 apprehende
3395 5212 3566 5265 vitam

1977 5319 2236 5364 aiternam
2261 5308 2314 5362 in
2338 5323 2447 5378 qua
2474 5315 2701 5363 vocatus
2729 5322 2790 5362 es
2816 5305 2867 5378 (1
2897 5304 3033 5360 Tim.
3063 5305 3164 5372 vt).
3205 5324 3224 5356 ι

2059 5443 2076 5474 ι
2110 5424 2178 5477 Et
2217 5423 2295 5477 ait
2324 5422 2531 5477 Eliseus
2572 5422 2638 5476 ad
2687 5436 2873 5492 regem
2917 5440 2929 5475 :
2965 5419 3115 5474 Tolle
3161 5416 3407 5489 sagittas.
3458 5413 3568 5483 Qui

1982 5536 2000 5569 ι
2036 5533 2158 5572 cum
2194 5515 2423 5579 tulisset,
2454 5529 2665 5569 rursum
2686 5512 2823 5567 dixit
2852 5512 2901 5567 ei
2935 5530 2949 5565 :
2983 5509 3216 5566 Percute
3248 5506 3569 5578 jaculoter-

1982 5626 2000 5659 ‹
2040 5622 2177 5662 ram.
2205 5604 2271 5661 Et
2293 5619 2415 5660 cum
2441 5603 2799 5674 percussisset
2827 5601 3002 5655 tribus
3037 5600 3267 5664 vicibus,
3306 5606 3359 5653 et
3385 5598 3572 5652 stetis-

1983 5717 2001 5750 α
2036 5705 2138 5755 set.
2175 5696 2348 5750 iratus
2374 5703 2458 5751 est
2492 5700 2681 5746 contra
2711 5706 2836 5745 eum
2861 5690 2945 5744 vir
2983 5690 3108 5754 Dei,
3130 5698 3188 5745 et
3210 5689 3284 5743 ait
3314 5702 3328 5741 :
3358 5685 3417 5742 Si
3446 5702 3572 5756 pcr-

1985 5810 2003 5841 ι
2040 5788 2302 5842 cussisses
2341 5783 2627 5856 quinquies
2661 5791 2754 5836 aut
2798 5782 2976 5837 sexies
3020 5782 3135 5836 sive
3161 5780 3361 5851 septies
3402 5796 3411 5804 ·
3444 5793 3569 5849 pcr-
