3912 6160
295 391 402 446 247
932 381 1001 435 Β.’
1035 373 1286 433 RABANI
1323 369 1556 426 MAURI-
1578 358 1895 419 ARCHIEP.
1934 356 1939 410 Ῑ

2040 350 2242 409 GUNT.
2284 344 2568 405 OPERUM
2602 342 2782 399 PARS
2818 341 2858 395 I.
3432 334 3542 389 248

298 518 427 574 rege
448 497 649 555 Israel:
670 514 688 548 ι
713 497 829 566 Ipse
845 491 1081 548 restituit
1108 488 1364 544 terminos
1383 482 1550 574 Israel
1564 476 1864 574 abintroitu
1894 476 1939 535 Α
1970 480 2056 525 tur
2073 468 2277 574 divino,
2306 465 2400 519 sed
2425 471 2506 567 ⁸ιιι
2532 459 2693 574 simul
2739 473 2864 574 cum
2899 453 3099 574 templo
3136 450 3544 574 profanarettl‘ir,

299 540 828 656 Egit-1:23
844 540 1355 637 hiare—Solitudinis
1382 571 1486 644 (IV
1517 572 1644 642 Reg.
1670 567 1804 638 xiv).
1842 588 1860 620 ι
1969 560 2190 615 studens
2216 566 2276 610 ut
2300 554 2470 624 magis
2493 552 2604 623 regi
2629 550 2869 656 placeret
2916 545 3139 616 Assyrio
3166 585 3180 609 ,
3225 558 3388 656 quam
3436 540 3550 597 Deo

298 636 526 749 Emath:
542 636 661 751 qu;
686 691 829 733 nunc
862 672 1157 744 Epiphania
1187 636 1401 731 dicitur,
1436 636 1872 734 septentrionalis
1941 661 2181 722 'patrum
2203 663 2425 705 suorum
2452 655 2507 701 et
2533 636 2782 699 Domino.
2825 641 2923 696 Cui
2961 640 3143 695 sensui
3174 637 3389 692 videtur
3412 636 3553 690 liber

299 784 419 830 erat
466 731 727 828 terminus
754 731 937 822 Israel.
962 731 1115 818 'Mare
1154 769 1332 815 autem
1370 731 1703 816 Solitudinis,
1731 751 1872 820 quod
1969 743 2415 813 Paralipomenon
2467 735 2747 807 astipulari
2772 776 2788 801 ,
2849 733 2939 789 ubi
2987 732 3063 787 ita
3099 731 3358 800 scriptum
3412 737 3501 783 est
3537 744 3552 780 :

321 863 580 923 llcbraice
610 821 823 915 dicitur
853 855 1051 919 Araba,
1104 866 1253 907 mare
1288 848 1557 903 Mortuum
1583 842 1869 910 designat,
1979 856 1997 888 ι
2035 835 2207 904 Igitur
2247 831 2428 886 Acha:
2471 827 2698 899 spoliata
2730 829 2891 880 domo
2916 823 3154 886 Domini,
3191 830 3247 874 et
3275 821 3437 875 domo
3465 833 3558 873 re-

304 916 448 1023 ὦτί
568 946 898 1019 longitudine
925 958 1024 1014 per
1038 916 1222 996 vstadia
1246 936 1350 992 580
1373 949 1541 1004 usque
1567 933 1633 987 ad
1675 930 1877 985 Zoaros
1975 943 2102 1000 gum
2124 936 2177 982 et
2195 924 2517 996 principum,
2547 921 2693 975 dedit
2716 917 2829 989 regi
2858 916 3203 989 Assyriorum
3232 927 3476 973 munera,
3504 916 3562 964 et

303 999 516 1100 Arabiae
540 1081 556 1108 ,
611 999 691 1095 ina
713 999 997 1092 latitudine
1031 1038 1245 1086 centum
1292 999 1676 1097 quinquaginta
1710 1032 1880 1088 usque
1977 999 2155 1072 tamen
2177 1014 2310 1070 nihil
2332 1013 2381 1067 ei
2412 1010 2631 1083 profuit,
2666 1009 2887 1077 insuper
2922 1006 2977 1060 in
3023 1016 3262 1074 tempore
3292 999 3562 1071 angustia:

305 1135 373 1189 ad
399 1096 599 1189 vicinia
636 1129 994 1185 Sodomorum
1020 1119 1384 1192 progreditur.
1433 1114 1595 1183 Cujus
1650 1111 1752 1166 loci
1796 1109 1882 1164 Jo—
1978 1126 2089 1165 sua:
2114 1109 2263 1163 auxit
2286 1111 2652 1174 contemptum
2682 1102 2737 1155 in
2766 1099 3075 1153 Dominum.
3097 1096 3215 1166 Ipse
3249 1109 3350 1163 per
3373 1107 3434 1147 se
3462 1105 3560 1146 rex

305 1226 505 1296 sephus
531 1224 602 1278 ita
638 1220 915 1282 meminit,
947 1216 1136 1270 dicens
1168 1229 1181 1265 :
1218 1230 1236 1262 ι
1272 1209 1428 1264 Anno
1457 1217 1637 1260 autem
1668 1202 1883 1272 quinto—
1980 1200 2164 1256 Achaz
2197 1196 2491 1253 immolavit
2523 1194 2624 1247 diis
2673 1190 2921 1245 Damasci
2953 1188 3201 1243 victimas
3229 1183 3569 1255 percussori-

1624 1294 1628 1296 .
1718 1291 1737 1296 _
1866 1288 1880 1296 .
1982 1290 1996 1296 _
2188 1288 2200 1296 .
2326 1294 2333 1296 _
2382 1285 2416 1296 ..
2462 1285 2495 1296 ._
2573 1282 2654 1296 ἢ..
2903 1278 2973 1296 ηη
3011 1278 3023 1291 .
3055 1294 3067 1296 ,
3116 1276 3438 1296 ,,,,η,,-.,,,
3466 1275 3542 1296 ,,,

307 1275 518 1371 ἀθὲίωο
544 1312 695 1383 regni
720 1308 972 1369 Amasiaa,
1000 1303 1314 1359 undecimus
1348 1296 1591 1369 regnavit
1620 1294 1674 1348 in
1718 1288 1883 1346 Israel
1982 1290 2084 1345 bus
2122 1288 2256 1352 suis,
2286 1294 2342 1341 et
2366 1285 2502 1339 dixit
2528 1301 2540 1337 :
2573 1282 2656 1337 Dii
2685 1296 2871 1351 regum
2903 1278 3076 1350 Syriae
3111 1276 3439 1331 auxiliantur
3461 1275 3564 1338 eis,

311 1404 452 1459 filius
479 1364 915 1457 JoasoJeroboam
943 1364 997 1450 in
1029 1392 1273 1449 Samaria
1307 1364 1477 1444 annos
1504 1383 1881 1457 quadraginta.
1984 1394 2120 1450 quos
2154 1392 2256 1449 ego
2299 1375 2527 1446 placabo
2569 1372 2796 1435 hostiis,
2848 1378 2903 1424 et
2943 1370 3172 1423 aderunt
3220 1364 3386 1430 mihi,
3441 1379 3570 1418 cum

316 1495 414 1549 llic
469 1500 649 1547 autem
690 1504 787 1543 rex
834 1487 977 1542 circa
1032 1485 1199 1539 Deum
1237 1480 1454 1551 quidem
1503 1475 1795 1545 iniuriosus
1832 1479 1888 1525 et
1986 1488 2017 1527 e
2046 1468 2320 1526 contrario
2350 1466 2452 1536 ipsi
2493 1463 2696 1519 fuerint
2724 1462 2879 1516 ruina
2917 1459 2967 1514 ei
3018 1466 3076 1513 et
3124 1457 3379 1511 universo
3404 1455 3575 1510 Israel

315 1585 532 1654 iniquus
558 1580 767 1636 exstitit
792 1578 1138 1632 vehementer
1168 1572 1307 1628 idola
1342 1567 1584 1632 colendo,
1623 1572 1677 1619 et
1719 1563 1887 1618 multa
1989 1562 2074 1627 (11
2091 1559 2223 1614 Par.
2240 1556 2487 1627 XXV‘lll).)

316 1680 609 1748 incongrua
634 1682 690 1729 et
710 1660 871 1742 Opera
897 1676 1155 1724 extranea
1183 1661 1447 1719 faciendo.
1481 1656 1684 1728 Populo
1709 1664 1890 1710 autem
2066 1676 2085 1709 ‹
2134 1652 2367 1723 Direptis
2397 1651 2579 1721 itaque
2603 1647 2784 1702 Achaz
2808 1644 3059 1701 omnibus
3073 1641 3218 1696 vasis
3240 1641 3431 1695 domus
3451 1637 3577 1702 Dei,

320 1731 687 1826 Israelitarum
737 1731 1027 1816 multorum
1065 1758 1329 1811 bonomm
1358 1751 1460 1807 fuit
1484 1747 1718 1806 occasio.
1754 1745 1891 1800 lluic
1922 1816 1962 1826 _
2000 1768 2018 1800 ι
2063 1756 2224 1816 atque
2249 1741 2567 1807 confractis,
2607 1738 2802 1795 clausit
2822 1736 3016 1806 januas
3047 1733 3232 1802 templi
3256 1731 3493 1794 Domini,
3525 1738 3582 1784 et

322 1856 533 1930 quidem
558 1853 722 1908 Jonas
744 1846 1099 1920 prophetavit,
1127 1845 1253 1914 quia
1277 1846 1551 1912 oporteret
1572 1853 1694 1893 eum
1722 1834 1890 1906 Syros
1921 1816 1963 1875 Β
2000 1859 2020 1890 ι
2067 1838 2195 1892 fecit
2222 1835 2325 1891 sibi
2353 1834 2544 1889 altaria
2594 1832 2648 1886 in
2684 1828 2953 1886 universis
2993 1825 3205 1896 angulis
3249 1821 3578 1878 Jerusalem.

328 1913 538 1997 \In.cere
564 1939 888 2001 dimicando,
937 1944 991 1990 et
1025 1948 1249 2004 regnum
1281 1931 1554 2003 proprium
1584 1927 1812 1981 dilatare
1838 1922 1892 1976 in
2000 1947 2018 1978 ι
2063 1929 2121 1984 1η
2152 1927 2404 1983 omnibus
2447 1937 2661 1994 quoque
2714 1920 2937 1975 urbibus
2967 1917 3104 1973 Juda
3130 1913 3402 1971 exstruxit
3457 1927 3587 1966 aras

322 2033 564 2104 partibus
611 2032 825 2103 quidem
876 2026 1156 2098 Aquilonis
1184 2038 1356 2094 usque
1380 2022 1447 2076 ad
1476 2021 1675 2076 Emaeh
1706 2017 1898 2072 civita—
2002 2040 2019 2072 ι
2064 2008 2132 2074 ad
2166 2016 2515 2073 cremandum
2548 2015 2674 2069 thus
2700 2019 2861 2081 atque
2892 2010 2960 2063 ad
3000 2006 3335 2062 iracundiam
3387 2017 3590 2073 provo-

320 2092 452 2192 tem;
479 2141 510 2181 a
541 2092 769 2179 meridie
797 2137 927 2178 vero
942 2092 1127 2191 usque
1161 2118 1228 2172 ad
1251 2092 1547 2185 Ispaltiten.
1585 2107 1898 2178 Antiquitas
2007 2131 2025 2162 ι
2071 2109 2215 2165 cavit
2248 2107 2533 2162 Dominum
2562 2103 2728 2158 Deum
2758 2108 2976 2171 patrum
3004 2112 3279 2153 suorum.»
3299 2092 3426 2147 lizcc
3447 2092 3593 2147 sicut

321 2219 466 2274 enim
510 2215 726 2273 termini
750 2213 1051 2270 .Chananaei
1090 2211 1177 2265 isti
1207 2208 1459 2271 fuerunt,
1488 2206 1626 2260 sicut
1649 2202 1901 2274 princeps
1999 2200 2198 2270 scripta
2233 2197 2533 2269 reperimus
2578 2194 2681 2249 hoc
2726 2195 2781 2246 in
2826 2190 2943 2245 loco
2985 2185 3234 2257 ponenda
3282 2198 3404 2239 esse
3458 2197 3595 2237 cen-

323 2306 481 2365 Jesus
512 2321 576 2362 ea
606 2305 723 2360 loca
766 2302 1160 2358 determinavit.
1208 2299 1375 2372 Igitur
1404 2295 1692 2352 Jeroboam
1720 2301 1902 2348 castra
2003 2291 2232 2354 suimus,
2258 2286 2455 2359 parati,
2486 2285 2531 2340 si
2568 2284 2659 2353 qui
2701 2280 2905 2352 aliquid
2933 2280 3058 2334 inde
3082 2276 3283 2332 certius
3309 2288 3588 2344 expresse-

343 2407 562 2454 nctatus
582 2406 771 2452 contra
809 2392 998 2466 Syrios
1022 2433 1036 2458 ,
1070 2371 1258 2448 eorum
1282 2404 1498 2445 omnem
1523 2384 1855 2457 provinciam
1887 2421 1903 2446 ,
2004 2385 2138 2448 rint,
2164 2395 2351 2436 eorum
2378 2376 2705 2434 sententiam
2741 2371 3069 2427 auscultare.

330 2488 474 2545 sicut
505 2484 672 2542 Jonas
692 2453 1146 2555 prophetaverat,
1179 2477 1496 2536 devastavit.
1524 2453 1555 2528 -ι
2027 2534 2042 2548 ν
2082 2491 2101 2522 ι
2147 2470 2299 2524 'l‘unc
2323 2464 2750 2522 ascenditRasin
2781 2476 2877 2516 rex
2906 2459 3098 2531 Syriae,
3124 2464 3180 2511 et
3205 2454 3422 2518 Phacee
3448 2453 3598 2509 filius

915 2614 1142 2671 CAPUT
1180 2611 1300 2671 XVI
2013 2545 2039 2612 «⁷
2080 2560 2355 2622 Romeliae,
2388 2573 2482 2612 rex
2504 2554 2689 2621 Israel,
2722 2554 2776 2606 in
2807 2550 3104 2607 Jerusalem
3129 2548 3195 2602 ad
3216 2545 3593 2606 nraeliandum.

1304 2652 1320 2666 ο
2076 2652 2203 2671 ημη-
2220 2665 2313 2671 ___-
2351 2648 2657 2671 -ι.-ε.],...,...ι
2706 2643 2875 2671 Δημω-
2971 2655 3076 2671 ηηη
3108 2637 3393 2671 νηιηοιηιηι
3438 2649 3593 2671 επηο-

2015 2673 2033 2704 ι
2075 2652 2318 2721 Cumque
2346 2648 2660 2703 obsiderent
2695 2643 2877 2697 Achaz
2906 2682 2920 2707 ,
2971 2655 3077 2693 non
3108 2637 3398 2692 valuerunt
3438 2649 3597 2705 supe-

339 2752 416 2808 Dc
465 2748 637 2804 Achab
667 2762 783 2817 rege
812 2746 986 2817 Juda,
1027 2745 1089 2800 ob
1104 2743 1295 2817 ‘cnjua
1326 2750 1539 2817 peccata
1565 2778 1579 2803 ,
1624 2737 1787 2817 Rasin
1822 2751 1913 2789 rea:

438 2748 637 2834 .Achab
662 2762 783 2834 rege
812 2743 1296 2834 Judqzoobncnjua.
1326 2750 1539 2834 peccata
1565 2778 1579 2803 ,
1624 2737 1787 2834 Βρεὶη
1822 2751 1913 2789 rea:
2017 2762 2035 2793 ι
2079 2755 2201 2797 rare
2224 2754 2367 2795 eum.
2406 2759 2425 2791 ι
2471 2737 2587 2792 Rex
2635 2734 2831 2803 impius
2859 2772 2875 2799 ,
2931 2729 3022 2800 qui
3075 2728 3360 2783 Dominum
3428 2725 3601 2779 Deum

409 2820 601 2889 Syria’,
627 2827 674 2872 et
702 2807 902 2871 paucae
925 2807 1070 2884 ﬁlias
1099 2807 1364 2876 Roinelia},
1392 2825 1483 2864 rea:
1508 2807 1701 2872 Israel,
1729 2822 1880 2861 ascen
1904 2835 1914 2845 -

409 2890 596 2947 dcrmu
631 2889 688 2941 in
716 2886 1012 2942 Jerusalem
1039 2883 1107 2939 ad
1128 2881 1500 2955 prwliandum.

2040 2841 2226 2888 tatrum
2281 2844 2499 2886 suorum
2551 2824 2882 2895 dereliquit,
2935 2830 2991 2877 et
3046 2830 3264 2876 secutus
3313 2826 3395 2874 est
3458 2818 3601 2872 idola

2040 2925 2251 2955 mut“...
2350 2922 2490 2955 :ncla
2538 2916 2746 2955 “nmini
2796 2913 2995 2955 numilin
3047 2911 3337 2955 derelictus
3380 2918 3479 2955 est-
3539 2908 3601 2955 ΕΙ

2014 2925 2252 2999 gentium
2281 2964 2297 2987 ,
2345 2922 2490 2993 juste
2538 2916 2750 2972 Domini
2796 2913 2995 2969 auxilio
3047 2911 3337 2967 derelictus
3380 2918 3480 2964 est.
3538 2908 3607 2962 Et

412 3018 562 3093 (Car.
597 3018 732 3089 xvr.)
781 3035 800 3068 ι
842 3017 999 3071 Anno
1051 3015 1281 3085 septimo
1326 3011 1536 3066 decimo
1578 3009 1786 3065 Phacee
1822 3005 1917 3062 filii

2040 3023 2475 3075 :ousurrexerunt
2503 3012 2762 3067 adversus
2787 3024 2908 3063 eum
2942 3004 3106 3060 Rasin
3158 3020 3254 3059 rex
3285 3001 3458 3073 Syria:
3489 3042 3504 3066 ,
3550 3001 3609 3055 id

348 3135 366 3166 ι
409 3087 663 3167 Ilomelize
681 3087 1134 3179 regnavitAchaz,
1149 3105 1293 3160 ﬁlius
1310 3102 1581 3165 Joatham,
1598 3100 1737 3172 regis
1757 3098 1914 3155 Juda.

2040 3120 2144 3175 est,
2188 3109 2355 3164 Aram
2380 3117 2437 3161 et
2461 3104 2675 3159 Phacee
2713 3100 2853 3155 filius
2894 3096 3173 3163 Romeliae,
3206 3111 3303 3150 rex
3341 3087 3504 3149 Israel
3550 3094 3609 3147 in

350 3225 368 3256 ι
413 3202 617 3274 Viginti
647 3214 909 3256 annorum
937 3207 1058 3252 erat
1083 3197 1282 3259 Achaz,
1330 3208 1452 3248 cum
1477 3206 1703 3264 regnare
1728 3190 1921 3260 cuspis-

2040 3200 2301 3264 Samaria;
2331 3205 2387 3252 et
2422 3200 2686 3250 venerunt
2736 3191 2790 3245 in
2836 3188 3155 3252 Jerusalem,
3212 3194 3273 3240 ut
3331 3200 3614 3256 expugna-

353 3315 371 3346 ι
416 3301 527 3359 set;
556 3301 611 3347 et
634 3290 869 3346 sedecim
901 3287 1060 3342 annis
1087 3285 1330 3357 regnavit
1358 3284 1411 3339 in
1449 3281 1768 3338 Jerusalem.
1806 3278 1922 3335 Non

355 3408 372 3437 ι
420 3385 550 3440 fecit
585 3381 731 3453 quod
771 3387 889 3435 erat
919 3377 1180 3448 placitum
1201 3377 1254 3430 in
1280 3381 1569 3444 conspectu
1596 3372 1807 3427 Domini
1829 3370 1925 3426 Dei

355 3496 374 3527 ο
417 3474 519 3538 sui,
567 3473 708 3528 sicut
758 3469 927 3525 David
961 3475 1118 3538 pater
1158 3464 1297 3534 ejus,
1327 3465 1421 3521 sed
1448 3462 1739 3519 ambulavit
1759 3462 1811 3517 in
1842 3460 1927 3515 via

359 3588 379 3620 ι
421 3580 609 3638 regunt
645 3562 827 3620 Israel.
870 3562 1094 3632 Insuper
1113 3568 1170 3615 et
1198 3559 1366 3614 filium
1392 3574 1549 3614 suum
1572 3555 1925 3621 consecravit,

359 3680 378 3712 ι
424 3655 757 3715 transferens
804 3670 902 3726 per
947 3654 1122 3723 ignem
1154 3651 1446 3707 secundum
1478 3647 1618 3704 idola
1647 3648 1883 3718 gentium
1911 3686 1927 3711 ,

361 3770 380 3800 ι
424 3764 547 3821 qua:
587 3747 870 3817 dissipavit
898 3745 1155 3799 Dominus
1179 3755 1364 3797 coram
1391 3738 1514 3794 ﬁliis
1537 3737 1704 3793 Israel
1729 3777 1745 3803 ,
1778 3756 1795 3788 ι
1824 3744 1927 3792 etc.

359 3841 495 3897 Hinc
539 3838 806 3909 Iosephus
837 3837 1020 3892 taliter
1043 3839 1228 3888 narrat
1258 3850 1271 3885 :
1307 3850 1326 3883 ι
1363 3828 1533 3886 Porro
1557 3827 1784 3884 Joathan
1812 3842 1933 3881 mu-

362 3931 494 3986 tavit
511 3930 695 3992 vitam,
712 3943 834 3983 cum
849 3925 1076 3981 vixisset
1097 3937 1269 3978 annos
1293 3936 1457 3976 unum
1479 3928 1535 3975 et
1559 3917 1931 3989 quadraginta,

359 4041 426 4081 ex
455 4024 654 4095 quibus
681 4020 927 4092 regnavit
952 4017 1233 4074 duodecim
1256 4056 1271 4081 ,
1315 4014 1555 4086 sepultus
1583 4020 1667 4068 est
1691 4011 1746 4066 in
1773 4010 1937 4080 regiis

362 4113 744 4169 monumentis.
770 4110 1036 4179 Venitque
1056 4122 1280 4179 regnum
1304 4107 1371 4162 ad
1398 4103 1514 4174 ejus
1541 4101 1707 4157 filium
1734 4100 1934 4168 Achaz,

362 4206 456 4277 qui
486 4205 685 4275 impius
708 4204 852 4259 circa
882 4202 1052 4257 Deum
1081 4200 1343 4263 existens,
1387 4206 1441 4252 et
1468 4204 1707 4267 paternae
1728 4207 1938 4263 praeva-

366 4296 569 4352 ricator
596 4295 747 4366 legis,
784 4308 939 4364 reges
963 4290 1324 4348 Israelitarum
1351 4287 1617 4352 imitatus,
1646 4286 1701 4340 in
1727 4283 1942 4340 Jeroso-

363 4391 523 4463 lymis
550 4390 816 4446 idolorum
846 4402 968 4442 aras
995 4385 1300 4450 constituit,
1325 4392 1380 4439 et
1402 4397 1565 4454 super
1600 4396 1693 4436 eas
1731 4377 1941 4435 sacrifi-

2023 3301 2144 3347 rent
2176 3306 2319 3346 eam.
2351 3289 2604 3360 Legimus
2636 3288 2689 3342 in
2719 3284 3166 3354 Paralipomenon
3198 3279 3337 3334 libro
3368 3277 3450 3350 (Il
3472 3277 3610 3332 Par.

2024 3382 2237 3456 xxvm),
2266 3381 2456 3444 Basin,
2484 3394 2666 3451 regem
2692 3375 2940 3432 Damasci
2966 3416 2980 3440 ,
3004 3373 3149 3428 victo
3169 3372 3374 3435 Achaz,
3404 3370 3616 3424 multos

2026 3474 2091 3530 de
2116 3470 2299 3528 Judaea
2331 3470 2655 3526 Damascum
2682 3464 3047 3530 transtulisse,
3075 3471 3129 3518 et
3157 3461 3372 3516 Phacee
3389 3501 3405 3527 ,
3437 3458 3611 3513 filium

2028 3563 2304 3628 Ilomeliar,
2346 3575 2527 3633 regem
2569 3560 2754 3614 decem
2788 3557 3025 3611 tribuum
3053 3570 3173 3624 quze
3200 3553 3619 3624 appellabantur

2026 3653 2238 3718 Israel,
2284 3661 2341 3709 et
2387 3652 2685 3723 regnabant
2728 3650 2782 3703 in
2823 3648 3095 3714 Samaria,
3129 3662 3236 3700 una
3271 3646 3358 3700 die
3394 3654 3618 3699 centum

2028 3746 2219 3816 viginti
2259 3744 2425 3799 millia
2464 3743 2799 3814 percussisse
2826 3741 2892 3796 de
2917 3740 3101 3796 Judaaa
3130 3740 3407 3795 hominum
3450 3739 3622 3793 bella-

2033 3843 2234 3899 torum,
2263 3843 2318 3889 et
2347 3834 2576 3905 ducenta
2604 3832 2770 3887 millia
2812 3833 3098 3888 mulierum
3124 3844 3526 3903 puerorumque
3567 3838 3625 3885 et

2034 3926 2329 3998 puellarum
2370 3942 2493 3982 cum
2536 3926 2745 3981 infinita
2768 3927 3042 3996 praedam
3073 3925 3372 3981 Samariam
3398 3922 3626 3978 duxisse

2037 4019 2269 4089 captiva.
2302 4018 2535 4072 Rursum
2566 4017 2791 4071 veniunt
2842 4017 2909 4070 ad
2942 4015 3182 4071 Judaeam
3224 4024 3280 4070 et
3319 4013 3623 4072 Jerusalem

2037 4109 2263 4178 cupiunt
2289 4107 2557 4162 debellare
2581 4148 2595 4172 ,
2619 4115 2673 4160 et
2697 4122 2802 4161 non
2825 4113 3136 4177 potuerunt,
3167 4106 3294 4176 quia
3331 4105 3627 4160 auxiliatus

2039 4210 2124 4258 est
2144 4202 2193 4256 ei
2220 4201 2478 4255 Dominus
2507 4242 2520 4265 ,
2551 4208 2610 4254 ut
2636 4199 2737 4254 sub
2762 4199 3048 4255 occasione
3076 4199 3483 4265 misericordim,
3516 4213 3627 4268 qua

2040 4296 2295 4367 populum
2337 4295 2604 4349 liberabat
2634 4295 2935 4359 obsessum,
2967 4292 3134 4348 filium
3162 4309 3318 4348 suum
3350 4294 3634 4347 nuntiaret

2045 4388 2110 4443 de
2146 4386 2366 4456 Virgine
2413 4386 2770 4450 nasciturum,
2819 4385 2961 4439 sicut
3000 4384 3153 4439 Isaia:
3185 4385 3461 4454 propheta:
3491 4382 3632 4437 liber

364 4482 528 4548 εεινίῑι
558 4482 612 4536 in
637 4480 834 4550 quibus
870 4479 1037 4534 ﬁliam
1072 4492 1228 4532 suum
1254 4476 1309 4529 in
1350 4474 1725 4528 1101003051!!!“
1748 4467 1945 4525 οὒωιίῐ
1974 4513 2021 4571 1)
2046 4484 2453 4532 commemorat.
2512 4474 2647 4529 lluic
2690 4491 2799 4528 non
2850 4472 2947 4528 suo
2988 4474 3183 4528 merito
3205 4513 3221 4537 ,
3273 4474 3368 4528 sed
3413 4472 3629 4527 Domini

366 4574 539 4630 lilium
569 4586 719 4629 more
742 4571 1167 4627 Cliananazornm
1194 4608 1210 4632 ,
1243 4575 1298 4620 et
1324 4578 1485 4634 super
1507 4564 1623 4618 haec
1646 4561 1812 4616 multa
1838 4559 1940 4613 alia

365 4667 572 4722 scelera
603 4661 957 4732 perpetravit.
1001 4657 1221 4712 Musach
1250 4670 1464 4725 quoque
1508 4653 1749 4717 sabbati,
1800 4650 1944 4721 quod

366 4754 731 4812 aediﬁcaverat
758 4751 813 4805 in
848 4747 1067 4819 templo,
1113 4753 1170 4801 et
1213 4746 1514 4816 ingressum
1536 4742 1681 4813 regis
1707 4741 1948 4795 exterius

368 4845 636 4903 convertit
664 4843 717 4898 in
744 4839 1003 4911 templum
1042 4836 1255 4893 Domini
1280 4875 1295 4901 ,
1325 4842 1548 4905 propter
1568 4845 1752 4901 regem
1779 4830 1946 4900 Assy-

370 4937 594 4996 riorum,
619 4945 724 4990 etc.
757 4954 775 4984 ι

442 5028 570 5096 Legi
598 5027 652 5080 in
683 5023 960 5092 cujusdam
994 5022 1131 5076 libro
1159 5020 1374 5074 νηπιαεή
1401 5016 1607 5072 sabbati
1642 5011 1949 5085 expositum

371 5120 549 5175 locum
578 5117 885 5188 quemdam,
915 5114 998 5171 vel
1029 5113 1317 5170 aadifieium
1358 5110 1627 5182 quoddam
1660 5122 1783 5163 esse
1805 5105 1951 5175 posi-

375 5219 489 5266 tum
515 5209 569 5264 in
598 5205 863 5264 vestibulo
889 5204 1074 5274 templi
1100 5203 1313 5259 Domini
1342 5242 1358 5267 ,
1384 5200 1473 5256 ubi
1512 5213 1687 5269 reges,
1731 5196 1952 5268 quando

374 5319 428 5358 ιιι
460 5300 686 5357 sabbato
719 5298 980 5353 orationis
1014 5312 1175 5352 causa
1223 5296 1291 5350 ad
1322 5294 1581 5363 templum
1631 5291 1801 5353 ibant,
1854 5304 1949 5358 pe-

375 5394 592 5449 cuniam
621 5406 721 5462 pro
749 5389 1090 5459 eleemosyna
1116 5387 1508 5449 immittebant;
1536 5391 1591 5439 et
1627 5383 1698 5436 ita
1732 5378 1948 5432 νηπιαεὴ

375 5483 580 5540 sabbati
607 5479 1051 5554 gazophylacium
1093 5492 1214 5533 esse
1240 5491 1425 5546 regum
1453 5515 1468 5540 ,
1503 5474 1647 5530 sicut
1669 5470 1950 5525 carbonum

376 5586 463 5633 est
493 5575 859 5633 sacerdotum.
908 5572 1135 5627 Videtur
1174 5572 1318 5625 enim
1362 5570 1542 5624 Acbaz
1578 5569 1753 5638 ipsum
1788 5563 1954 5618 aedili-

380 5667 523 5721 cium
552 5674 608 5721 et
636 5666 935 5737 ingressum
980 5662 1122 5733 regis
1162 5660 1403 5716 exterius
1431 5674 1535 5713 non
1564 5658 1685 5712 ideo
1729 5666 1955 5707 conver-

386 5756 515 5813 tisse
542 5758 596 5814 in
628 5756 881 5827 templum
909 5753 1141 5818 Domini,
1177 5753 1319 5824 quod
1349 5752 1402 5807 in
1431 5766 1500 5808 eo
1525 5745 1692 5806 cultui
1725 5744 1955 5800 servire-

2047 4567 2218 4640 gatia
2266 4567 2596 4620 ostendenda
2623 4606 2638 4630 ,
2682 4565 2867 4635 egredi
2920 4564 2973 4618 in
3010 4579 3296 4620 occursum
3336 4564 3503 4618 lsaias
3541 4563 3635 4633 ju-

2046 4660 2205 4714 betur
2240 4657 2308 4711 ad
2351 4665 2653 4713 extremum
2692 4655 3041 4725 aqua-ductus
3076 4655 3300 4725 piscina:
3335 4653 3634 4724 superioris

2050 4750 2102 4803 in
2147 4748 2227 4802 via
2263 4747 2375 4817 agri
2405 4746 2642 4811 fullonis,
2678 4755 2733 4800 et
2764 4746 2947 4800 dicere
2982 4744 3048 4798 ad
3073 4760 3195 4799 eum
3223 4758 3238 4799 :
3269 4763 3288 4795 ι
3319 4744 3456 4800 Vide
3478 4752 3539 4797 ut
3559 4743 3637 4797 si-

2049 4841 2183 4903 leas,
2211 4839 2321 4894 noli
2351 4839 2541 4893 timere
2559 4878 2572 4899 ,
2602 4848 2657 4893 et
2682 4853 2777 4892 cor
2810 4847 2961 4891 tuum
2987 4852 3056 4891 ne
3082 4836 3336 4891 formidet
3363 4851 3394 4889 a
3422 4836 3635 4890 duabus

2052 4930 2239 4984 caudis
2263 4928 2512 4982 titionnm
2550 4926 2927 4995 fumigantium
2959 4926 3184 4980 istorum
3226 4925 3280 4980 in
3324 4926 3401 4979 ira
3432 4923 3638 4980 furoris

2051 5022 2218 5076 Basin
2264 5020 2406 5090 regis
2451 5018 2660 5090 Syriae,
2719 5027 2775 5073 et
2822 5017 2915 5072 filii
2984 5018 3278 5081 Romelize,
3332 5018 3578 5073 dicentes
3616 5035 3636 5072 :

2051 5110 2423 5166 Ascendamus
2465 5109 2532 5162 ad
2571 5107 2788 5173 Judam,
2822 5118 2877 5162 et
2897 5108 3224 5163 suscitemus
3250 5123 3397 5172 eum,
3422 5117 3479 5163 et
3497 5109 3642 5164 evel-

2053 5201 2228 5255 lamus
2251 5213 2373 5252 eum
2402 5199 2467 5252 ad
2500 5213 2620 5263 nos,
2651 5206 2705 5253 et
2734 5213 3000 5268 ponamus
3031 5213 3211 5269 regem
3242 5198 3295 5252 in
3322 5200 3499 5254 medio
3518 5196 3639 5267 ejus

2053 5289 2222 5343 filium
2269 5287 2561 5342 Thabehel.
2613 5287 2738 5342 Haec
2775 5288 2908 5343 dicit
2956 5288 3216 5343 Dominus
3270 5288 3414 5343 Deus
3463 5306 3478 5343 :
3518 5288 3640 5344 Non

2051 5380 2313 5443 stabit,ut
2339 5396 2445 5435 non
2472 5380 2577 5435 erit
2602 5381 2744 5436 istud
2768 5398 2783 5447 ;
2813 5382 2907 5436 sed
2933 5392 3092 5451 caput
3119 5380 3291 5453 Syria:
3316 5381 3636 5447 Damascus,

2053 5479 2110 5525 et
2129 5478 2291 5539 caput
2318 5469 2562 5525 Damasci
2584 5471 2770 5526 Rasin.
2802 5471 2868 5525 Et
2891 5472 3067 5526 adhuc
3087 5472 3367 5542 sexaginta
3395 5482 3446 5526 et
3474 5473 3642 5542 quin-

2056 5576 2161 5633 que
2210 5562 2370 5627 anni,
2408 5572 2464 5618 et
2514 5562 2731 5618 delleiet
2770 5564 3027 5633 Ephraizn
3066 5576 3186 5617 esse
3224 5562 3451 5633 populus
3477 5562 3638 5633 (lsai.

2058 5651 2180 5727 vn).
2213 5651 2356 5706 Duas
2402 5660 2580 5707 autem
2632 5654 2830 5707 caudas
2874 5652 3147 5716 titionum,
3176 5651 3229 5707 id
3256 5660 3367 5716 est,
3409 5652 3641 5708 torrium

2062 5741 2436 5814 fumigantium
2467 5753 2621 5797 vocat
2669 5743 2865 5809 Rasin,
2920 5757 3099 5814 regem
3132 5741 3324 5812 Syrizc,
3350 5752 3404 5798 et
3427 5741 3643 5800 Phacee
