3902 6146
290 304 396 360 ξω

1086 299 1440 357 COMMENT.
1476 300 1544 356 IN
1582 300 1827 358 LIBROS
1865 299 1931 356 IV
1973 299 2235 385 REGUM.
2271 333 2341 344 —-
2379 302 2445 359 IN
2483 304 2612 360 LIB.
2648 303 2738 360 IV.

3458 314 3562 373 950

289 419 459 474 ﬁlium
498 412 771 473 Romelize
800 458 816 484 ,
863 431 1046 489 regem
1085 412 1365 481 Samariae,
1409 431 1476 472 eo
1500 416 1643 487 quod
1674 416 1730 470 in
1766 414 1875 471 illis
1900 419 1950 479 Α
1977 416 2271 485 superioris
2297 457 2313 482 ,
2332 396 2462 486 quae
2488 425 2609 473 erat
2637 418 2691 473 in
2720 432 2851 490 agro
2877 416 3115 486 fullonis,
3147 419 3237 475 ubi
3273 422 3464 478 sordes
3506 437 3567 479 et

290 511 501 564 ﬁnitum
522 508 599 564 sit
619 523 853 579 regnum
882 508 1074 580 Syriae,
1099 508 1153 563 id
1176 516 1280 574 est,
1299 508 1641 572 Damasci,et
1654 522 1881 578 regnum

289 598 554 659 Samaria:
580 639 597 663 ,
629 599 684 653 id
711 608 818 666 est,
847 601 1034 656 decem
1078 600 1337 665 tribuum,
1371 614 1492 670 qum
1528 600 1636 655 alio
1665 600 1883 656 nomine

288 689 709 760 appellabantur
731 690 1013 760 Ephraitn.
1038 688 1328 761 Sexaginta
1354 700 1532 745 autem
1562 699 1618 746 et
1643 691 1883 761 quinque

288 779 414 833 anni
441 793 550 833 non
585 794 617 832 a
658 781 993 849 temporibus
1020 778 1223 844 Aehaz,
1270 779 1363 836 sed
1399 780 1468 836 ab
1490 780 1636 836 Ozize
1659 797 1885 835 enume-

289 877 500 922 rantur.
538 868 710 938 Igitur
743 868 957 924 Hebraei
986 871 1129 925 hunc
1152 870 1330 925 locum
1352 871 1428 927 ita
1469 871 1789 935 edisserunt,
1824 879 1883 926 ut

286 957 454 1013 Amos
502 960 597 1028 qui
649 959 753 1014 sub
786 958 916 1015 Ozia
955 961 1119 1030 ccepit
1164 963 1525 1032 prophetare,
1578 964 1794 1032 quando
1828 972 1883 1018 et

286 1050 458 1103 Isaias
487 1050 784 1120 prophetiae
829 1066 941 1106 suae
967 1051 1156 1105 habuit
1188 1053 1489 1116 exordium,
1530 1054 1735 1122 primus
1756 1068 1882 1123 pro-

286 1141 599 1210 phetaverit
650 1152 838 1195 contra
882 1141 1044 1196 Israel
1081 1182 1096 1207 ,
1151 1142 1385 1197 dicens:
1422 1162 1440 1193 ι
1490 1142 1654 1198 Israel
1701 1154 1881 1198 autem

286 1234 538 1303 captivus
566 1232 797 1290 ducetur
831 1235 897 1289 de
924 1243 1067 1290 terra
1103 1251 1200 1291 sua
1251 1237 1429 1308 (Amos
1464 1238 1601 1311 vn);
1644 1258 1663 1290 ι
1696 1239 1883 1295 titulus

287 1340 509 1396 quoque
536 1328 838 1396 prophetia:
864 1325 979 1395 cjus
1005 1337 1192 1384 contra
1224 1328 1527 1385 Samariam
1556 1331 1649 1396 sit,
1678 1339 1734 1385 et
1759 1347 1884 1401 pro-

289 1417 519 1487 phetare
544 1418 775 1487 cmperit
803 1419 856 1472 in
884 1418 1072 1473 diebus
1099 1418 1243 1474 Ozize
1268 1420 1410 1490 regis
1428 1419 1589 1486 Juda,
1606 1429 1731 1475 ante
1750 1422 1885 1477 duos

290 1521 467 1561 annos
502 1516 863 1563 terrmmotus.
914 1508 1081 1575 Quem
1131 1510 1316 1565 volunt
1354 1526 1419 1565 eo
1456 1518 1700 1582 tempore
1743 1513 1886 1567 acci-

289 1596 463 1661 disse,
496 1612 608 1665 quo
636 1598 913 1669 ingressus
948 1598 1110 1655 Ozias
1153 1600 1206 1654 in
1243 1602 1502 1673 templum
1538 1601 1632 1657 Dei
1663 1602 1766 1657 sibi
1795 1618 1884 1658 sa-

289 1686 594 1741 cerdotium
623 1688 970 1756 vindicabat,
1013 1700 1069 1746 et
1100 1700 1243 1746 terra
1284 1708 1543 1763 percussa
1572 1701 1685 1759 est,
1717 1702 1773 1749 et
1800 1695 1883 1749 ci-

1984 506 2210 561 maculze
2238 508 2607 577 purgabantur
2629 506 2762 579 (Isa.
2785 507 2905 579 vn).
2929 508 3184 576 Quamvis
3204 511 3346 565 enim
3376 512 3560 568 Achaz

1984 608 2235 669 regnaret
2259 614 2421 669 super
2445 596 2660 663 Judam,
2701 608 2882 655 tamen
2920 601 3045 670 quia
3087 602 3283 671 impius
3319 612 3459 668 erat,
3506 604 3562 658 in

1983 690 2279 760 superioris
2304 690 2525 760 piscinae
2546 690 2809 745 extremis
2835 691 3029 746 liuibus
3057 693 3389 747 morabatur.
3421 695 3565 765 Ergo

1984 781 2128 837 Deus
2156 797 2264 835 non
2298 791 2407 836 tam
2437 781 2581 853 regis
2603 781 2910 846 miseretur,
2935 796 3095 851 quem
3123 782 3398 854 indignum
3421 785 3566 839 testi-

1983 875 2164 928 mabat
2188 873 2389 940 salute,
2434 890 2595 943 quam
2623 875 2803 944 populi
2832 875 2935 929 sui.
2969 875 3113 929 Duas
3143 884 3323 930 autem
3363 877 3564 932 caudas

1984 964 2212 1017 torrium
2255 963 2630 1036 fumigautium
2655 1006 2670 1030 ,
2716 974 2776 1019 ut
2818 965 2970 1035 prius
2997 965 3254 1028 diximus,
3286 976 3445 1021 vocat
3470 982 3562 1021 sa-

1981 1054 2241 1124 pientiam
2314 1054 2628 1119 saecularem
2658 1093 2674 1119 ,
2735 1054 3159 1124 hmreticumque
3205 1070 3511 1110 sermonem
3544 1097 3559 1120 ,

1982 1160 2210 1214 quorum
2249 1145 2371 1200 ﬁnis
2410 1145 2623 1200 exustio
2662 1154 2763 1200 est.
2801 1145 2902 1213 Qui
2950 1145 3147 1199 frustra
3177 1148 3564 1202 iuieruntcon-

1982 1236 2163 1289 silium
2190 1275 2205 1301 ,
2232 1244 2293 1290 ut
2322 1236 2677 1291 ascendercnt
2705 1244 2891 1290 contra
2922 1235 3113 1290 ludam
3138 1277 3153 1301 ,
3182 1246 3241 1291 et
3268 1238 3423 1306 quasi
3470 1252 3565 1292 ne—

1982 1325 2270 1396 gligentem
2295 1335 2353 1381 et
2375 1328 2732 1381 dormientem
2755 1337 3046 1396 caperent,
3072 1336 3127 1381 et
3154 1329 3267 1382 suis
3290 1329 3567 1383 erroribus

1984 1416 2338 1486 copularent,
2393 1424 2762 1485 ponereutque
2811 1433 2976 1487 super
3025 1431 3149 1470 eum
3188 1433 3368 1485 regem
3395 1417 3562 1471 ﬁlium

1986 1506 2243 1573 Tabehel,
2273 1508 2376 1563 hoc
2398 1516 2504 1570 est,
2544 1509 2745 1562 bonum
2790 1508 2980 1562 Deum.
3020 1508 3257 1577 Uterque
3286 1508 3429 1563 enim
3472 1509 3570 1563 ad-

1983 1597 2297 1662 versarius,
2345 1596 2487 1667 apud
2522 1613 2581 1653 se
2627 1600 2951 1665 veritatem,
3000 1599 3140 1667 apud
3190 1616 3247 1654 se
3306 1600 3566 1669 optimam

1985 1688 2217 1743 azstimat
2240 1703 2362 1743 esse
2391 1689 2711 1744 doctrinam.
2744 1690 2987 1759 Denique
3012 1690 3251 1745 Marcion
3281 1691 3568 1746 haereticus

288 1792 455 1831 neres
474 1777 661 1833 altaris
681 1777 835 1834 ell'usi
865 1790 1020 1846 sunt,
1050 1789 1106 1835 et
1134 1782 1251 1851 ipse
1278 1798 1370 1837 rex
1397 1799 1687 1853 percussus
1730 1784 1880 1855 lepra
1911 1769 1957 1827 Β
1982 1780 2183 1834 bonum
2212 1780 2307 1835 Dei
2329 1780 2545 1846 Filium,
2578 1782 2679 1836 boc
2709 1790 2811 1846 est,
2841 1782 3065 1836 alterius
3088 1791 3241 1852 putat
3268 1798 3388 1838 esse
3408 1782 3567 1837 Chri-

289 1866 378 1936 (Il
412 1867 543 1923 Par.
574 1869 747 1941 xxvr).
786 1871 982 1926 Volunt
1013 1881 1194 1928 autem
1244 1890 1443 1928 annum
1491 1875 1657 1931 fuisse
1685 1877 1883 1948 vigesi-

288 1976 443 2016 mum
474 1962 719 2031 quintum
749 1962 914 2028 Ozire,
952 1966 1168 2035 quando
1209 1966 1323 2020 haec
1369 1967 1702 2033 acciderunt,
1729 1966 1883 2037 cujus

286 2054 486 2124 reliqui
514 2056 640 2108 anui
669 2065 798 2110 sunt
834 2056 1020 2127 viginti
1050 2065 1276 2127 septem.
1310 2057 1511 2113 Omnes
1538 2060 1683 2114 enim
1712 2075 1882 2116 annos

286 2145 543 2214 regnavit
566 2146 959 2215 quinquaginta
1000 2147 1154 2201 duos.
1186 2148 1315 2202 Post
1337 2164 1460 2204 eum
1488 2151 1733 2221 regnavit
1754 2149 1881 2206 Joa-

285 2233 443 2287 tbam
499 2234 645 2290 ﬁlius
699 2236 818 2304 ejus
847 2276 862 2302 ,
908 2237 1064 2291 annis
1121 2239 1390 2305 sedecim;
1439 2249 1495 2295 et
1541 2240 1703 2310 hujus
1740 2241 1883 2298 ﬁlius

283 2325 471 2381 Achaz
511 2326 634 2381 aliis
661 2328 919 2382 sedecim.
952 2328 1080 2383 Post
1104 2344 1265 2398 quem
1298 2331 1545 2401 regnavit
1574 2331 1833 2387 Ezechias
1864 2373 1881 2397 ,

286 2418 446 2485 cujus
491 2428 649 2473 sexto
685 2420 896 2488 imperii
923 2435 1065 2474 anno
1107 2431 1269 2491 capta
1305 2422 1553 2476 Samaria
1583 2432 1688 2487 est,
1721 2433 1884 2493 atque

287 2509 361 2564 ita
392 2507 533 2565 elﬁci
577 2510 739 2565 simul
765 2527 939 2567 annos
966 2514 1245 2583 sexaginta
1290 2513 1549 2584 quinque.
1605 2514 1883 2586 Scriptum

284 2613 372 2659 est
393 2606 543 2659 enim
566 2605 713 2676 quod
742 2606 1262 2678 Theglatbphalasar
1290 2625 1386 2665 rex
1414 2611 1755 2682 Assyriorum
1783 2613 1884 2668 sub

285 2711 420 2767 rege
452 2696 638 2751 Acbaz
677 2698 986 2754 ascenderit
1028 2701 1081 2754 in
1132 2701 1456 2757 Damascum
1487 2712 1542 2758 et
1594 2706 1887 2760 vastaverit

284 2802 433 2851 eam,
486 2797 547 2841 et
594 2789 933 2845 transtulerit
980 2792 1315 2848 habitatores
1359 2792 1479 2863 ejus
1515 2793 1781 2865 Cyrenen,
1830 2805 1887 2851 et

286 2878 457 2933 Basin
490 2880 831 2937 interfecerit
859 2923 875 2949 ,
905 2891 959 2938 et
989 2885 1132 2955 quod
1170 2886 1462 2942 tetenderit
1496 2888 1718 2944 insidias
1748 2890 1886 2946 Pha-

284 2984 381 3024 cee
405 3011 420 3035 ,
468 2969 584 3025 ﬁlio
630 2972 920 3040 Romeliae,
952 2972 1087 3030 Osee
1115 2974 1257 3031 ﬁlius
1286 2976 1439 3044 Heia,
1470 2988 1526 3033 et
1557 2981 1886 3049 percusserit

284 3075 433 3126 eum,
480 3070 538 3116 et
583 3062 919 3119 interfecerit
965 3074 1020 3121 et
1066 3069 1376 3138 regnaverit
1398 3084 1497 3138 pro
1521 3069 1612 3124 illo
1640 3071 1694 3125 in
1720 3072 1883 3128 Israel

284 3154 443 3208 annis
466 3169 698 3220 novem;
721 3164 777 3210 et
802 3158 945 3226 quod
966 3159 1174 3214 venerit
1200 3157 1551 3217 Salmanasar
1572 3179 1667 3219 rex
1692 3164 1881 3233 Assur,

286 3254 340 3299 et
365 3247 653 3301 obsederit
679 3245 1001 3315 Samariam,
1030 3265 1150 3319 quae
1177 3269 1320 3307 nunc
1348 3252 1611 3310 Sebasten
1636 3264 1882 3324 vocatur,

287 3338 468 3392 tribus
498 3338 679 3403 annis,
708 3346 765 3392 et
792 3354 935 3395 nono
961 3355 1103 3395 anno
1135 3343 1285 3412 regni
1314 3342 1454 3399 Osee
1496 3346 1701 3414 ceperit
1729 3361 1883 3413 eam;

289 3427 609 3497 victumque
633 3425 771 3482 Osee
803 3428 857 3482 in
898 3444 1175 3484 carcerem
1205 3432 1446 3499 miserit,
1470 3441 1525 3487 et
1549 3435 1888 3491 transtulerit

288 3516 449 3572 Israel
482 3519 538 3572 in
571 3516 853 3589 Assyrios,
884 3521 1233 3591 posueritque
1264 3537 1360 3579 eos
1388 3524 1443 3579 in
1482 3524 1680 3591 Ailam,
1734 3536 1791 3581 et
1830 3527 1885 3581 in

291 3607 532 3675 Thabor,
553 3608 715 3678 juxta
739 3610 937 3665 ﬁumen
965 3611 1190 3677 Gozam,
1223 3612 1275 3667 in
1303 3614 1648 3681 civitatibus,
1673 3615 1788 3671 sive
1807 3615 1889 3687 (ut

292 3697 652 3769 Septuaginta
701 3699 1113 3770 transtulerunt)
1168 3700 1223 3755 in
1261 3702 1535 3758 montibus
1585 3702 1883 3760 Medorum.

288 3786 444 3843 Juxta
461 3804 745 3860 anagogen
760 3788 934 3844 facilis
946 3791 1318 3859 interpretatio
1329 3801 1433 3859 est,
1447 3794 1610 3864 quod,
1626 3803 1888 3863 regnante

289 3880 471 3935 Achar
506 3897 638 3950 rege
668 3881 855 3950 impio,
885 3897 976 3935 rex
1013 3881 1201 3947 Aram,
1243 3883 1336 3953 qui
1374 3884 1763 3954 interpretatur
1790 3902 1886 3939 ex-

295 3972 463 4025 celsus
490 3981 659 4039 atque
685 3971 945 4037 sublimis,
976 3980 1037 4025 ut
1063 3971 1263 4027 indicet
1283 3975 1645 4044 arrogantiam
1675 3976 1890 4045 sapien-

295 4061 377 4115 tiae
406 4061 621 4125 saeculi,
668 4071 724 4114 et
774 4060 986 4117 Phacee
1027 4061 1171 4116 ﬁlius
1218 4061 1477 4118 Romelia:
1528 4065 1640 4135 (qui
1683 4073 1738 4119 et
1773 4066 1889 4135 ipse

285 4151 443 4221 juxta
473 4152 619 4208 Osee
647 4153 964 4222 prophetam
1005 4161 1060 4207 et
1099 4151 1299 4207 tribum
1335 4155 1593 4225 Ephraim
1618 4196 1633 4221 ,
1680 4158 1746 4212 de
1782 4172 1888 4226 qua

292 4240 607 4307 Jeroboam,
640 4242 782 4297 ﬁlius
807 4242 1018 4297 Nabath
1044 4283 1059 4309 ,
1090 4242 1292 4299 vitulos
1318 4259 1511 4300 aureos
1541 4245 1594 4299 in
1621 4245 1808 4300 Bethcl
1833 4256 1889 4302 et

296 4331 405 4386 Dan
456 4333 842 4395 constituerat,
901 4342 955 4389 et
1005 4349 1036 4387 a
1068 4334 1229 4391 domo
1262 4334 1432 4391 David
1492 4335 1588 4391 Dei
1636 4337 1890 4407 populum

1983 1881 2144 1938 stum,
2176 1880 2231 1927 et
2257 1888 2366 1927 non
2385 1871 2543 1941 justi,
2567 1872 2719 1942 cujus
2741 1874 3016 1943 prophetae
3050 1881 3217 1938 sunt,
3249 1888 3410 1942 quem
3440 1888 3568 1927 san-

1981 1962 2307 2033 guinarium,
2353 1962 2624 2018 crudelem
2658 1971 2714 2016 et
2736 1962 2975 2032 judicem
3003 1971 3176 2018 vocat.
3209 1961 3336 2017 Haec
3362 1961 3469 2016 illis
3491 1963 3573 2017 di-

1983 2054 2230 2110 centibus
2269 2052 2530 2108 Dominus
2569 2054 2961 2120 comminatur,
2995 2052 3139 2123 quod
3177 2068 3284 2107 non
3314 2061 3421 2109 stet
3444 2067 3573 2108 con—

1982 2142 2164 2196 silium
2209 2157 2436 2207 eorum;
2491 2140 2586 2196 sed
2636 2141 2851 2198 interim
2898 2157 3174 2212 nunquam
3222 2142 3313 2197 diu
3342 2141 3572 2196 mundus

1983 2233 2085 2288 iste
2130 2241 2280 2296 stat,
2324 2242 2379 2286 et
2422 2247 2487 2286 ea
2533 2248 2654 2302 quae
2688 2233 2873 2287 mundi
2904 2241 3033 2288 sunt
3087 2234 3144 2287 in
3210 2232 3323 2289 suis
3373 2231 3572 2287 ﬁnibus

1982 2331 2038 2376 et
2067 2323 2120 2377 in
2150 2322 2262 2377 suis
2288 2321 2509 2376 urbibus
2533 2321 2902 2376 dominantur.
2930 2322 3067 2377 Cum
3093 2331 3274 2377 autem
3316 2337 3558 2377 consum-

1983 2415 2239 2470 mationis
2268 2424 2479 2485 tempus
2514 2415 2837 2478 advenerit,
2882 2416 3092 2484 hocque
3136 2414 3417 2485 sexaginta
3462 2413 3572 2468 duo

1984 2506 2133 2571 anni,
2155 2506 2322 2559 etiam
2354 2505 2538 2560 mundi
2566 2520 2656 2561 res
2690 2520 2811 2574 qua:
2845 2506 2898 2559 in
2933 2521 3028 2560 sex
3054 2506 3213 2559 annis
3242 2504 3396 2560 laetae
3420 2512 3570 2569 sunt,

1984 2613 2146 2667 quam
2177 2596 2355 2651 omnia
2387 2636 2401 2659 ,
2459 2611 2579 2665 qua:
2624 2596 2693 2650 ad
2732 2596 2968 2664 quinque
3018 2610 3211 2650 sensus
3254 2596 3569 2665 pertinent,

1984 2690 2149 2744 ﬁnem
2181 2687 2495 2757 acceperint
2520 2703 2535 2751 ;
2560 2695 2689 2740 tunc
2717 2686 2968 2740 universa
2998 2700 3119 2740 esse
3144 2683 3419 2749 solvenda,
3451 2700 3572 2754 quae

1985 2781 2213 2852 gentiles
2256 2789 2313 2835 et
2352 2778 2594 2834 bzeretici
2645 2778 2825 2832 futura
2856 2793 2961 2833 non
2988 2777 3237 2843 caedunt,
3268 2787 3325 2833 et
3354 2786 3574 2848 propter

1985 2870 2354 2926 inﬁdelitatem
2384 2884 2491 2924 non
2525 2868 2834 2939 intelligunt
2865 2882 2985 2937 qua:
3015 2868 3284 2923 dicuntur.

2555 3000 2782 3059 CAPUT
2822 3001 2982 3057 XVII.

1910 3107 1956 3170 C
1987 3115 2067 3172 De
2092 3115 2439 3171 translatione
2466 3115 2642 3187 decem
2664 3114 2893 3187 tribuum
2922 3131 3040 3186 qua:
3064 3113 3349 3187 regnabant
3376 3116 3431 3171 in
3471 3114 3572 3171 Sa—

2061 3188 2250 3252 maria,
2284 3188 2338 3240 in
2378 3185 2623 3257 Assyrios
2663 3202 2775 3257 per,
2801 3184 3146 3257 Selnianasar
3188 3202 3355 3255 regem
3406 3188 3569 3257 Assy-

2059 3258 2279 3321 riorum,
2310 3258 2365 3310 in
2392 3258 2578 3328 quibus
2609 3256 2736 3310 locis
2759 3256 2939 3309 itidem
2984 3257 3093 3326 ipse
3124 3272 3238 3328 rea:_
3262 3256 3394 3311 alios
3430 3256 3572 3328 colo-

2059 3345 2152 3383 nos
2179 3326 2435 3380 adductos
2472 3326 2745 3397 substituit
2768 3328 2855 3397 qui
2892 3328 3017 3380 deos
3062 3326 3299 3397 proprios
3343 3344 3471 3397 quos
3517 3326 3571 3382 in

2057 3408 2201 3452 terra
2229 3414 2328 3451 sua
2364 3398 2669 3463 coluerunt,
2708 3395 2787 3450 ibi
2828 3395 3091 3461 colebant,
3129 3395 3178 3451 et
3235 3395 3571 3452 nihilominus

2059 3468 2226 3521 Deum
2254 3465 2445 3521 Israel.

2060 3600 2208 3672 (Car.
2261 3600 2419 3671 xvn.)
2458 3618 2477 3650 ι
2528 3598 2808 3669 [ratusque
2828 3608 2912 3655 est
2938 3599 3197 3655 Dominus
3226 3588 3572 3657 vehementer

1995 3710 2013 3743 ι
2060 3691 2262 3755 lsmeli,
2286 3700 2342 3746 et
2363 3689 2584 3744 abstulit
2612 3704 2707 3745 eos
2733 3707 2763 3743 a
2794 3702 3083 3761 conspectu
3110 3706 3228 3756 suo,
3264 3700 3318 3745 et
3346 3706 3450 3746 non
3481 3708 3571 3748 re-

1995 3802 2014 3835 ι
2059 3784 2256 3838 mansit
2281 3783 2384 3837 nisi
2420 3783 2591 3837 tribus
2611 3781 2748 3837 Juda
2785 3783 3172 3837 tantummodo.
3200 3782 3305 3837 Sed
3331 3799 3432 3839 nec
3458 3785 3573 3854 ipse

1995 3890 2015 3922 ι
2056 3869 2223 3925 Iudas
2256 3871 2552 3926 custodivit
2582 3870 2834 3924 mandata
2859 3872 3067 3926 Domini
3100 3872 3193 3925 Dei
3225 3872 3327 3926 sui.
3348 3871 3573 3929 Verum-

1996 3979 2016 4012 ι
2064 3970 2244 4015 tamen
2274 3959 2568 4014 ambulavit
2623 3960 2678 4014 in
2708 3960 2990 4014 erroribus
3036 3960 3223 4025 Israel,
3256 3976 3391 4030 quos
3444 3978 3572 4033 ope-

1997 4071 2015 4103 ι
2061 4061 2211 4106 ratus
2250 4049 2449 4107 fuerat.
2522 4050 2866 4120 Projecitque
2942 4050 3204 4106 Dominus
3268 4067 3427 4108 omne
3483 4069 3571 4110 se—

1997 4163 2016 4195 c
2061 4159 2182 4198 men
2200 4142 2386 4209 Israel,
2403 4152 2459 4197 et
2481 4141 2668 4196 alllixit
2683 4156 2776 4196 eos
2793 4150 2849 4196 et
2871 4143 3091 4197 tradidit
3115 4157 3208 4198 eos
3235 4143 3289 4196 in
3313 4159 3476 4197 manu
3495 4145 3575 4199 di-

1998 4253 2017 4286 c
2063 4234 2369 4305 ripientium
2398 4234 2571 4289 donec
2593 4233 2878 4303 projiceret
2897 4246 2991 4289 eos
3012 4248 3042 4287 a
3064 4233 3201 4288 facie
3221 4249 3340 4298 sua,
3389 4255 3407 4287 ι
3455 4244 3566 4292 etc.

1994 4324 2286 4381 Subversio
2308 4333 2490 4379 autem
2527 4323 2917 4390 lsraelitarum,
2959 4341 3080 4394 qua:
3110 4325 3180 4380 ab
3215 4326 3449 4396 Assyria:
3490 4343 3572 4381 re-

293 4434 668 4495 separaverat,
694 4434 747 4479 et
771 4435 1058 4496 propterea
1086 4427 1321 4483 refertur
1345 4427 1412 4482 ad
1437 4428 1739 4501 haereticos)
1763 4444 1885 4484 con-

1995 4417 2148 4489 gibus
2168 4424 2474 4487 perpetrata
2495 4423 2598 4479 est,
2623 4415 2753 4484 quid
2765 4416 3053 4484 signiﬁcat,
3070 4416 3172 4470 nisi
3188 4417 3489 4471 mirabilem
3516 4426 3569 4473 et

295 4516 535 4571 sentiant
548 4513 675 4581 sibi,
694 4526 1080 4588 utexpugnent
1108 4518 1428 4574 Ecclesiam.
1457 4520 1612 4587 Quod
1640 4536 1763 4575 eum
1786 4536 1887 4576 au-

295 4607 460 4661 dierit
511 4608 709 4661 domus
757 4607 924 4662 David
955 4649 968 4673 ,
1003 4624 1162 4677 quem
1217 4610 1270 4664 in
1302 4610 1585 4666 Ezechiele
1615 4620 1888 4682 pastorem

296 4697 498 4751 bonum
533 4695 767 4767 legimus
799 4698 1120 4752 suscitatum
1150 4739 1164 4762 ,
1194 4707 1249 4753 et
1273 4701 1501 4770 populus
1525 4698 1642 4768 ejus
1683 4700 1889 4770 simpli-

296 4788 434 4843 citer
460 4788 694 4841 credens
721 4787 776 4841 in
804 4786 1034 4842 Domino
1060 4789 1397 4859 pertimescit
1422 4830 1436 4856 ,
1476 4797 1531 4843 et
1565 4791 1687 4845 ideo
1715 4794 1887 4861 perti-

299 4879 516 4945 arescit,
539 4881 667 4949 quia
698 4895 808 4934 non
832 4879 1117 4934 arboribus
1143 4879 1437 4951 frugiferis,
1466 4881 1563 4936 sed
1591 4880 1890 4936 infructuo-

297 4987 359 5027 so
414 4970 581 5027 saltui
637 4979 1007 5041 comparatur.
1080 4970 1308 5027 Eosdem
1367 4980 1546 5026 autem
1606 4971 1889 5029 haereticos

296 5075 466 5134 atque
494 5063 725 5135 gentiles
766 5072 954 5118 contra
996 5064 1212 5119 domum
1250 5063 1419 5120 David
1445 5073 1890 5136 argumentorum

296 5168 350 5213 et
396 5156 702 5211 dialectica:
754 5157 888 5211 artis
939 5155 1130 5227 gladiis
1186 5156 1445 5212 dimicare
1496 5155 1627 5211 nulli
1667 5156 1890 5212 dubium

297 5260 410 5313 est,
436 5258 496 5302 ut
515 5248 611 5318 qui
644 5247 786 5301 inter
812 5263 870 5302 se
894 5247 1221 5318 discrepant,
1252 5247 1306 5302 in
1330 5247 1586 5303 Ecclesia:
1611 5262 1890 5319 oppugna-

299 5343 454 5395 tione
483 5340 876 5405 consentiant,
919 5337 1075 5407 juxta
1131 5340 1258 5394 illud
1284 5381 1299 5405 ,
1360 5340 1503 5411 quod
1558 5338 1802 5395 Herodes
1836 5348 1892 5395 et

297 5429 510 5486 Pilatus
545 5430 691 5484 inter
735 5444 793 5485 se
841 5430 1242 5493 discordantes,
1301 5430 1356 5484 in
1391 5430 1602 5484 Domini
1638 5429 1892 5499 passione

299 5521 544 5576 amicitia
595 5519 932 5574 fmderantur
964 5519 1114 5590 (Luc.
1152 5516 1519 5589 xxtu).lmpio
1565 5520 1678 5589 regi
1726 5519 1892 5575 Isaias

295 5609 523 5683 jnbetur
551 5625 845 5667 occurrere
868 5612 1056 5665 exiens
1085 5610 1150 5663 de
1180 5610 1295 5664 loco
1325 5625 1424 5664 suo
1448 5626 1553 5664 non
1591 5610 1645 5665 in
1690 5610 1892 5679 princi-

302 5703 396 5772 pio
442 5702 834 5773 aqumductus,
883 5702 977 5756 sed
1029 5700 1082 5755 in
1122 5700 1379 5756 extremis
1425 5700 1623 5756 ﬁnibus
1669 5698 1889 5771 pisdnte

1993 4507 2157 4562 nimis
2179 4507 2477 4562 deﬂendam
2506 4507 2719 4562 ruinam
2747 4506 2927 4576 populi
2964 4507 3351 4562 ecclesiastici?
3398 4507 3570 4574 Quam

1991 4613 2087 4653 rex
2115 4598 2392 4670 Assyrius,
2441 4598 2543 4653 hoc
2589 4607 2674 4652 est
2700 4597 2968 4664 diabolus,
3013 4614 3138 4653 cum
3185 4615 3283 4654 suo
3327 4602 3570 4656 exercitu

1990 4688 2321 4743 devastando
2348 4697 2508 4758 atque
2538 4680 2833 4744 obsidendo
2861 4689 3098 4759 quotidie
3121 4688 3309 4755 efﬁcit,
3334 4707 3457 4746 cum
3478 4708 3573 4748 eos

1988 4790 2210 4853 propter
2232 4791 2455 4853 peccata
2477 4781 2765 4837 commissa
2802 4782 2868 4836 de
2901 4782 3119 4837 sedibus
3148 4784 3379 4851 propriis
3422 4784 3569 4839 evel-

1991 4872 2112 4928 lens
2134 4872 2307 4929 defert
2329 4874 2381 4927 in
2422 4882 2624 4928 terram
2654 4872 2908 4936 alienam,
2942 4888 3050 4940 quo
3077 4873 3249 4943 magis
3276 4872 3459 4943 lugere
3480 4876 3575 4927 de-

1991 4965 2227 5029 lectant,
2280 4978 2444 5032 quam
2489 4962 2700 5017 cantica
2754 4961 2953 5017 laetitiae
3004 4962 3268 5031 proferre.
3327 4961 3476 5019 Unde
3518 4972 3573 5019 et

1990 5056 2278 5112 Psalmista
2310 5055 2541 5125 mystico
2570 5053 2785 5123 eloquio
2825 5052 3117 5107 hoc-idem
3161 5061 3569 5118 commemorat,

1992 5152 2222 5207 dicens:
2259 5167 2277 5200 ι
2319 5146 2494 5217 Super
2514 5145 2736 5200 flumina
2763 5144 3053 5216 Babylonis
3084 5144 3192 5199 illic
3232 5145 3472 5199 sedimus
3518 5152 3575 5197 et
3664 5166 3685 5184 ι

1993 5240 2258 5303 llevimus,
2289 5240 2413 5294 dum
2443 5238 2857 5292 recordaremur
2885 5238 2983 5300 tui,
3017 5235 3167 5291 Sion.
3216 5235 3275 5290 In
3318 5236 3574 5291 salicibus

1997 5333 2051 5388 in
2082 5332 2257 5387 medio
2283 5330 2402 5401 ejus
2432 5328 2810 5399 suspendimus
2834 5344 3037 5400 organa
3061 5338 3267 5383 nostra.
3326 5327 3462 5395 Quia
3510 5324 3575 5379 il-

1998 5425 2068 5480 lic
2094 5424 2566 5493 interrogaverunt
2600 5436 2720 5487 nos,
2751 5421 2843 5490 qui
2870 5420 3111 5490 captivos
3136 5420 3407 5474 duxerunt
3449 5429 3571 5481 nos,

1996 5517 2165 5588 verba;
2183 5516 2512 5570 cantionum.
2541 5513 2608 5567 Et
2640 5512 2732 5582 qui
2776 5512 3115 5567 abduxerunt
3134 5524 3234 5563 nos
3262 5526 3275 5560 :
3302 5506 3574 5575 Hymnum

1998 5617 2214 5665 cantate
2236 5608 2391 5663 nobis
2432 5609 2499 5661 de
2536 5605 2765 5660 canticis
2810 5604 2959 5658 Sion.
3009 5599 3289 5666 Quomodo
3334 5595 3576 5652 cantabi-

1998 5715 2120 5757 mus
2135 5698 2400 5755 canticum
2415 5696 2625 5753 Domini
2640 5696 2693 5750 in
2709 5706 2851 5750 terra
2874 5694 3046 5748 aliena
3069 5688 3243 5762 (Psm‘.
3267 5690 3523 5747 cxxxvu?
3549 5707 3570 5741 ι
