3912 6160
293 339 393 396 ‘33!

970 334 1027 388 Il.
1070 330 1321 386 RABANI
1364 327 1581 383 MAURI
1621 324 1938 380 ARCIIIEP.
1976 321 2283 378 MOGUNT.
2324 321 2608 378 OPERUM
2645 320 2826 375 PARS
2864 319 2905 373 I.

3452 318 3560 369 952’.

295 451 449 520 Quod
474 449 672 504 dicitur
700 448 768 503 de
789 446 877 501 his
902 458 1023 513 quae
1067 445 1123 496 in
1149 439 1396 495 Samaria
1417 455 1448 493 a
1474 452 1601 509 rege
1630 435 1879 507 Assyrio—
1905 442 1955 497 Α
1987 452 2006 484 ι
2051 432 2237 497 Israel,
2271 433 2517 503 regnavit
2538 432 2820 499 Ezechias,
2853 430 2996 486 ﬁlius
3025 430 3205 484 Achaz
3230 430 3372 498 regis
3398 428 3555 484 Iuda.

296 560 416 599 rum
440 540 681 595 adductae
708 545 833 592 sunt
861 533 1172 589 nationibus
1203 549 1217 584 :

374 654 392 685 ‹
439 634 861 699 Etunaquaeque
909 620 1041 697 gens
1086 622 1348 677 fabricata
1372 631 1456 674 est
1481 618 1649 673 Deum
1678 630 1874 671 suum:

304 743 322 773 ‹
368 728 766 793 posueruntque
822 731 916 771 eos
960 714 1013 767 in
1057 712 1199 766 fanis
1249 709 1514 773 excelsis,
1559 721 1678 776 quae
1736 705 1879 759 fece—

305 834 322 865 ι
373 821 493 867 rant
521 809 803 865 Samaritae
828 822 960 877 gens
1003 813 1058 859 et
1104 819 1255 875 gens,
1289 803 1341 856 in
1388 801 1613 855 urbibus
1659 799 1794 862 suis,
1822 798 1879 851 in

304 925 323 956 ι
366 902 561 974 quibus
597 900 931 954 habitabant.
964 893 1080 949 Viri
1128 894 1272 949 enim
1318 890 1597 962 Babylonii
1638 888 1882 943 fecerunt

306 1016 323 1046 ι
368 993 568 1049 Socoth
597 989 837 1052 Benoth;
870 986 970 1040 viri
1001 994 1182 1039 autem
1212 982 1444 1037 Cutheni
1478 980 1722 1034 fecerunt
1743 976 1878 1031 Ner-

306 1107 323 1138 ι
371 1086 472 1157 gel,
504 1092 558 1139 et
609 1082 711 1137 viri
766 1082 833 1135 de
877 1078 1108 1132 Hemath
1153 1074 1399 1130 fecerunt
1447 1073 1668 1143 Asyma.
1712 1070 1883 1124 Porro

305 1193 324 1224 ι
368 1172 546 1230 lIevzei
576 1170 820 1224 fecerunt
844 1166 1055 1221 Nebaaz
1086 1173 1140 1220 et
1161 1162 1484 1226 Thartbac,»
1514 1169 1620 1214 etc.
1661 1159 1717 1214 In
1746 1158 1883 1213 libro

298 1264 513 1335 quidem
544 1263 784 1316 locorum
808 1258 1004 1328 legitur
1030 1256 1175 1325 quod
1210 1255 1420 1309 Benoth
1449 1261 1503 1306 et
1530 1250 1719 1323 Nergel
1767 1250 1883 1304 fue—

298 1357 409 1409 rint
433 1353 700 1415 civitates,
736 1365 872 1418 quas
900 1345 1300 1402 construxerint
1344 1344 1396 1398 in
1428 1343 1645 1412 regione
1686 1338 1886 1394 Iud-acte

301 1440 631 1497 Samaritani
657 1479 673 1504 ,
699 1438 792 1508 qui
838 1438 905 1491 dc
946 1435 1244 1507 Babylonia
1292 1434 1639 1488 transierant.
1684 1432 1884 1503 Asyma

297 1549 514 1604 quoque
542 1532 796 1602 oppidum
819 1569 834 1594 ,
865 1529 1006 1598 quod
1055 1527 1480 1590 :ediﬁcaverunt,
1505 1524 1597 1594 qui
1649 1523 1715 1578 ad
1766 1539 1885 1577 eam

301 1631 563 1681 venerant
602 1623 668 1677 de
697 1621 921 1683 Emath;
955 1618 1170 1674 Nabaaz
1209 1625 1264 1673 et
1305 1616 1579 1671 Tharthac
1617 1614 1883 1677 civitates,

300 1732 437 1787 quas
466 1715 644 1771 Πεισεεί
678 1715 731 1769 ἱιι
754 1712 942 1768 eadem
972 1710 1169 1766 Iudaea:
1209 1717 1353 1764 terra
1383 1707 1742 1762 condiderint.
1796 1704 1889 1758 Vi-

286 1786 462 1879 detur
488 1816 666 1860 autem
690 1804 844 1874 juxta
878 1800 1323 1870 consequentiam
1349 1813 1629 1853 sermones
1678 1804 1732 1850 et
1773 1796 1888 1849 ido.
1918 1786 1962 1844 Β

302 1897 500 1961 lorum,
532 1895 729 1964 quibus
753 1894 836 1946 hae
860 1901 1048 1963 gentes
1069 1890 1217 1960 prius
1238 1890 1292 1943 in
1320 1897 1463 1942 terra
1490 1903 1584 1941 sua
1604 1884 1894 1940 servierint

302 1987 392 2042 hic
418 2000 576 2056 posse
601 1982 859 2037 vocabula
884 1980 1127 2051 in'elligi.
1161 1978 1300 2045 Quia
1323 1992 1445 2035 cum
1477 1976 1678 2030 dictum
1709 1981 1888 2028 esset:

309 2094 329 2129 ι
370 2076 438 2130 Et
479 2088 813 2143 unaquaeque
857 2086 986 2140 gens
1037 2069 1297 2123 fabricata
1329 2074 1415 2121 est
1445 2066 1602 2119 deum
1630 2078 1784 2117 suum
1812 2102 1827 2125 ,
1865 2082 1885 2113 ι

302 2166 459 2237 quasi
509 2165 575 2219 ad
613 2163 975 2232 expletionem
1039 2158 1321 2214 sententia:
1385 2154 1727 2224 subiunctum
1775 2152 1888 2206 sit:

309 2277 329 2308 ι
367 2257 475 2311 Viri
504 2257 649 2311 enim
676 2252 953 2323 Babylonii
976 2250 1219 2304 fecerunt
1246 2246 1443 2301 Socotb
1458 2254 1512 2299 et
1530 2243 1762 2306 Benoth,
1795 2261 1812 2292 ι
1839 2240 1895 2296 id

304 2356 406 2410 est,
442 2343 791 2400 tabernacula
820 2341 1051 2396 Benoth.
1078 2340 1148 2393 Et
1179 2338 1396 2401 melius,
1426 2336 1480 2390 ni
1534 2334 1720 2399 fallor,
1751 2332 1897 2389 face-

308 2445 394 2493 ret
420 2436 710 2504 interpres,
739 2434 785 2488 si
817 2431 1017 2486 Socoth
1048 2430 1239 2484 Latine
1263 2428 1316 2482 in
1347 2425 1697 2481 tabernacula
1715 2432 1896 2479 verte-

313 2536 419 2590 ret,
450 2534 503 2579 et
542 2539 737 2579 nomen
768 2522 895 2575 idoli
929 2520 1135 2574 Benoth
1162 2517 1406 2572 absolute
1434 2523 1680 2587 poneret,
1707 2523 1765 2569 et
1789 2516 1895 2570 sic-

314 2625 376 2670 ut
407 2617 458 2669 in
489 2613 839 2682 sequentibus
874 2610 1161 2665 manifeste
1189 2608 1406 2662 dicitur.

388 2726 406 2759 ι
444 2704 508 2759 Ili
530 2712 732 2768 autem,
762 2701 853 2771 qui
883 2712 1040 2756 erant
1084 2699 1151 2753 de
1197 2696 1582 2766 Sepharvaim,
1614 2693 1898 2749 combure-

316 2818 337 2850 ι
383 2799 516 2854 bant
544 2796 682 2850 ﬁlios
706 2809 834 2849 suos
871 2792 979 2862 igni
1036 2788 1392 2844 Adramelcch
1441 2794 1497 2842 et
1546 2783 1894 2848 Anamclech,

1982 541 2000 574 ι
2045 520 2247 590 Viginti
2268 522 2506 590 quinque
2535 538 2799 577 annorum
2828 529 3081 576 eratcum
3111 536 3340 591 regnare
3369 520 3565 590 C(Bpis-

1982 632 2003 664 c
2047 620 2147 676 set,
2174 620 2229 666 et
2259 612 2450 682 viginti
2478 626 2671 666 novem
2697 612 2855 666 annis
2882 611 3124 680 regnavit
3151 611 3205 667 in
3227 608 3551 667 Jerusalem.

1982 723 2002 755 ι
2046 703 2249 758 Nomen
2279 703 2469 758 matris
2493 704 2611 774 ejus
2632 703 2766 757 Abia
2798 703 2905 756 ﬁlia
2954 702 3250 758 Zacharim.
3305 702 3564 771 Fecitque

1982 814 2000 845 ι
2046 794 2192 864 quod
2215 804 2334 847 erat
2362 794 2561 848 bonum
2590 809 2773 847 coram
2801 793 3030 848 Domino
3050 793 3202 863 juxta
3238 793 3420 848 omnia
3443 808 3564 862 quae

1985 904 2003 938 ι
2048 885 2251 942 fecerat
2282 884 2450 940 David
2474 895 2629 956 pater
2654 885 2789 954 ejus.
2818 884 2935 955 Ipse
2954 883 3483 953 dissipavitexcelsa,
3509 893 3564 938 et

1984 996 2004 1027 ‹
2047 976 2304 1030 contrivit
2333 984 2560 1038 statuas,
2586 982 2643 1030 et
2663 974 2893 1029 succidit
2926 973 3094 1036 lucos,
3123 971 3390 1043 confregit
3427 989 3567 1042 quo-

1987 1088 2004 1118 ι
2049 1083 2156 1138 que
2180 1076 2486 1138 serpentem
2512 1082 2732 1130 aereum,
2763 1081 2922 1136 quem
2951 1064 3156 1119 fecerat
3197 1064 3428 1135 Moyses.
3478 1063 3564 1119 Si-

1988 1179 2006 1211 ι
2051 1159 2268 1228 quidem
2297 1173 2467 1227 usque
2492 1157 2561 1211 ad
2599 1166 2812 1226 tenipus
2860 1155 2987 1209 illud
3033 1155 3127 1209 ﬁlii
3174 1154 3337 1209 Israel
3384 1155 3556 1209 adole-

1988 1274 2006 1305 ι
2048 1254 2179 1308 bant
2205 1254 2253 1307 ci
2285 1253 2584 1314 incensum,
2612 1252 2931 1319 vocavitque
2975 1266 3099 1305 cum
3146 1248 3416 1303 Nohestan
3449 1267 3462 1302 :
3495 1248 3565 1302 Et

1990 1363 2008 1391 σ
2054 1343 2108 1396 in
2138 1343 2365 1398 Domino
2393 1343 2504 1397 Deo
2546 1341 2710 1396 Israel
2739 1340 3030 1410 speravit,»
3071 1348 3177 1394 etc.
3222 1338 3389 1393 Recte
3437 1353 3566 1407 ergo

1986 1434 2245 1488 Ezechias
2272 1439 2597 1503 serpentem,
2632 1432 2719 1486 cui
2766 1429 3053 1485 adolebant
3108 1429 3200 1483 ﬁlii
3260 1428 3424 1483 Israel
3477 1429 3563 1482 in-

1986 1541 2231 1587 censum,
2258 1532 2311 1578 et
2338 1538 2498 1593 quem
2528 1524 2643 1591 ipse
2680 1519 2943 1592 confregit
2966 1560 2982 1585 ,
3014 1518 3286 1574 Nohestan
3330 1519 3568 1583 vocavit,

1987 1617 2113 1687 quia
2144 1616 2197 1670 in
2227 1615 2454 1669 Domino
2482 1614 2590 1668 Deo
2615 1611 2780 1667 Israel
2805 1653 2818 1676 ,
2850 1627 2954 1666 non
2997 1611 3050 1664 in
3098 1624 3249 1664 :eneo
3295 1619 3566 1677 serpente.

1992 1708 2106 1776 ipse
2140 1705 2393 1776 speravit.
2430 1703 2706 1772 Siquidem
2736 1701 3006 1756 Nohestan
3040 1700 3425 1767 interpretatur
3465 1698 3570 1751 Λῑδ

1990 1815 2191 1862 eorum,
2221 1806 2280 1850 ut
2306 1812 2466 1866 quem
2503 1795 2577 1849 illi
2603 1810 2702 1863 pro
2743 1793 2963 1847 numine
3009 1793 3260 1847 colebant
3308 1792 3362 1846 in
3409 1790 3573 1846 d'ctis

1990 1889 2127 1958 ejus,
2156 1887 2430 1942 metallum
2485 1901 2608 1940 eum
2640 1900 2776 1947 esse,
2812 1900 2917 1939 non
2976 1884 3163 1947 Deum,
3192 1890 3568 1951 agnoscerent.

1988 1979 2059 2034 Et
2082 1979 2207 2048 quia
2235 1978 2495 2033 Ezechias
2524 1976 2578 2030 in
2616 1977 2739 2039 hoc,
2770 1974 2911 2044 quod
2942 1975 3151 2029 excelsa
3177 1973 3485 2042 dissipavit,
3518 1980 3577 2028 et

1991 2076 2200 2124 statuas
2231 2066 2511 2131 contrivit,
2546 2074 2710 2134 atque
2762 2064 2992 2118 succidit
3042 2064 3209 2127 lucos,
3243 2078 3344 2116 nec
3379 2078 3485 2117 non
3515 2071 3574 2117 ct

1991 2156 2171 2212 omnia
2186 2155 2470 2209 simulacra
2491 2153 2810 2209 comminuit
2829 2192 2844 2217 ,
2868 2151 3166 2207 Salvatoris
3188 2162 3371 2222 typum
3393 2160 3573 2216 teiiet;

1992 2247 2380 2317 interpretatur
2403 2245 2546 2300 enim
2573 2243 2836 2299 Ezechias
2856 2243 3241 2313 apprehendens
3266 2242 3568 2305 Dominum,

1992 2336 2069 2393 vel
2095 2337 2346 2407 fortitudo
2386 2336 2616 2397 Domini,
2650 2335 2704 2389 in
2734 2351 2798 2390 eo
2834 2335 2951 2403 ipso
2984 2336 3202 2402 utique,
3230 2335 3373 2402 quod
3425 2334 3573 2388 illum

1994 2437 2298 2498 serpentem
2325 2442 2553 2489 aeneum,
2585 2441 2743 2495 quem
2792 2424 3003 2497 Moyses
3034 2426 3162 2480 fecit
3186 2466 3202 2490 ,
3233 2424 3573 2488 comminuit,

1995 2518 2374 2588 Redemptoris
2402 2517 2568 2571 nostri
2601 2516 2827 2587 ﬁguram
2853 2516 3238 2570 convenienter
3266 2522 3426 2570 tenet.
3452 2513 3571 2568 Non

1996 2607 2169 2664 solum
2198 2608 2343 2661 enim
2368 2606 2627 2660 Dominus
2654 2615 2839 2660 noster
2872 2620 2936 2659 ac
2980 2603 3326 2672 Redemptor,
3353 2605 3418 2658 de
3461 2618 3572 2672 quo

1993 2713 2092 2769 per
2114 2698 2438 2768 Prophetam
2469 2696 2668 2751 dicitur
2696 2714 2709 2749 :
2744 2716 2763 2746 ‹
2810 2695 3068 2749 Dominus
3093 2693 3280 2758 fortis,
3311 2691 3571 2747 Dominus

1996 2797 2189 2861 potens
2215 2789 2269 2842 in
2298 2786 2482 2858 praelio
2514 2785 2687 2858 (Psal.
2715 2787 2907 2851 mu),
2953 2806 2971 2837 ι
3013 2785 3149 2840 idola
3177 2784 3415 2854 gentium
3447 2797 3580 2837 con-

311 2889 417 2944 diis
471 2885 846 2957 Sepharvaim.
892 2903 911 2937 ι
946 2882 1048 2938 Ubi
1095 2880 1403 2936 ostenditur
1442 2876 1801 2933 Adramelech
1842 2882 1899 2930 et
1998 2880 2170 2946 trivit,
2196 2888 2251 2934 et
2277 2879 2460 2934 omnia
2489 2877 2779 2933 simulacra
2825 2892 3011 2932 eorum
3040 2875 3356 2944 dissipavit,
3387 2882 3579 2942 quate-

310 2978 641 3036 Anamelech
666 2975 807 3031 idola
827 2974 993 3029 fuisse
1020 2972 1169 3027 urbis
1190 2969 1561 3040 Sepharvaim.
1578 2966 1657 3021 Ita
1684 2964 1898 3020 videtur
1998 2988 2102 3028 nus
2129 2970 2290 3027 unius
2320 2970 2415 3024 Dei
2441 2969 2825 3039 omnipotentis
2854 2969 3101 3023 notitiam
3124 2968 3411 3028 haberent,
3437 2966 3582 3034 ejus-

316 3086 655 3143 consequens
676 3078 737 3124 ut
755 3077 811 3122 et
838 3065 1030 3137 Nergel
1091 3063 1478 3128 Cuthenorum,
1517 3060 1968 3143 AsymaHema—h
2000 3076 2108 3130 que
2132 3060 2299 3115 cultui
2345 3060 2506 3130 digne
2549 3060 2991 3129 manciparentur
3019 3075 3033 3110 :
3066 3057 3194 3126 quin
3234 3057 3399 3126 ipsam
3438 3055 3584 3108 litte-

314 3132 597 3228 thzeorum,
628 3160 842 3216 Nebaaz
873 3167 929 3212 et
950 3132 1227 3211 'I‘harthac
1254 3153 1394 3208 idola
1417 3151 1635 3207 fuerunt
1676 3151 1900 3206 Ilevceo-
1925 3132 1969 3194 C
2002 3167 2118 3206 ram
2155 3151 2288 3222 legis
2311 3149 2578 3216 Mosaicae,
2607 3165 2770 3219 quam
2810 3149 2899 3204 ille
2937 3148 3166 3219 populus
3212 3147 3399 3217 legalis
3448 3146 3586 3201 assi-

314 3271 457 3312 rum.
486 3255 614 3310 Post
637 3254 752 3307 haec
780 3251 1062 3319 Scriptura
1092 3245 1259 3302 refert
1287 3245 1352 3300 de
1382 3245 1514 3315 ipsis
1541 3242 1900 3298 Samaritanis

315 3346 463 3418 quod
488 3360 610 3399 cum
642 3343 929 3397 Dominum
954 3341 1214 3404 colerent,
1245 3337 1348 3391 diis
1374 3350 1589 3405 quoque
1630 3336 1742 3389 suis
1793 3348 1903 3389 ser-

318 3437 517 3496 virent,
568 3432 723 3501 juxta
765 3429 1207 3486 consuetudinem
1263 3427 1502 3498 gentium
1531 3466 1547 3491 ,
1591 3425 1658 3480 de
1708 3424 1905 3494 quibus

321 3524 573 3583 translati
605 3522 821 3577 fuerant
851 3522 906 3575 in
937 3518 1264 3575 Samariam.
1315 3518 1383 3572 Et
1425 3533 1530 3571 non
1568 3517 1736 3570 multo
1783 3525 1906 3586 post

320 3618 688 3687 subsequitur,
715 3616 936 3669 dicens:
968 3633 988 3664 ι
1033 3613 1271 3668 Fuerunt
1289 3611 1454 3682 igitur
1473 3619 1658 3682 gentes
1680 3610 1798 3664 ista:
1842 3608 1907 3662 ti-

330 3733 349 3766 ι
374 3721 584 3768 mentes
627 3710 844 3781 quidem
875 3710 1065 3773 Deum,
1099 3707 1193 3761 sed
1241 3703 1592 3759 nihilominus
1635 3708 1692 3755 et
1747 3699 1908 3755 idolis

331 3823 350 3857 ι
374 3805 486 3859 suis
524 3803 840 3857 servientes.
874 3798 1006 3853 Nam
1033 3809 1088 3854 et
1111 3798 1207 3852 ﬁlii
1232 3812 1419 3852 eorum
1449 3802 1504 3850 et
1539 3801 1784 3864 nepotes,
1810 3793 1910 3847 sic-

329 3918 350 3951 ι
372 3907 430 3954 ιιι
451 3898 692 3953 fecerunt
707 3906 887 3966 patres
903 3895 1011 3959 sui,
1024 3894 1096 3947 ita
1111 3892 1313 3947 faciunt
1328 3904 1499 3960 usque
1512 3889 1566 3943 in
1586 3893 1909 3958 praesentem

329 4012 350 4046 ι
377 3993 538 4048 diem.
567 4012 585 4043 ι
614 3991 680 4045 Ει
707 3989 902 4060 quiain
928 3986 1392 4041 Samaritanorum
1416 3995 1648 4052 persona
1668 3978 1910 4034 haeretici

328 4083 664 4153 accipiuntur
694 4097 709 4134 :
743 4080 797 4134 in
828 4077 1086 4147 praedicta
1109 4074 1376 4129 sententia
1407 4072 1620 4126 illorum
1667 4066 1909 4138 nequitia

328 4174 714 4231 convenienter
778 4169 1120 4240 exprimitur.
1180 4165 1391 4221 Habent
1452 4164 1597 4219 enim
1662 4159 1910 4216 baaretici

325 4265 571 4337 quaedam
599 4270 939 4316 sacramenta
966 4256 1273 4313 communia
1290 4270 1411 4311 cum
1433 4261 1620 4310 sancta
1648 4250 1908 4314 Ecclesia,

2003 3242 2106 3297 dua
2131 3240 2362 3295 lectione
2388 3241 2698 3301 resonabat,
2725 3254 2789 3293 ac
2815 3253 2914 3307 pro
2943 3252 3136 3307 magno
3167 3236 3423 3298 habebat,
3455 3250 3587 3288 con-

2004 3331 2171 3391 trivit,
2209 3345 2273 3385 ac
2310 3344 2529 3385 sensum
2577 3327 2874 3398 spiritalem
2918 3328 2972 3381 in
3022 3342 3086 3381 ea
3138 3324 3440 3396 intelligere
3488 3337 3586 3377 eos

2004 3424 2207 3481 docuit.

2079 3536 2097 3569 ι
2141 3516 2299 3570 Anno
2328 3521 2526 3587 quarto
2583 3511 2794 3568 decimo
2843 3510 2987 3582 regis
3042 3508 3289 3564 Ezechiae
3342 3506 3585 3561 ascendit

2010 3628 2029 3661 ι
2052 3669 2056 3673 η
2076 3606 2445 3662 Sennacherib
2466 3621 2559 3660 rex
2585 3603 2930 3674 Assyriorum
2970 3602 3040 3656 ad
3071 3601 3353 3656 universas
3396 3599 3588 3655 civita-

2006 3708 2089 3755 tes
2118 3697 2255 3754 Juda
2282 3696 2535 3758 munitas,
2567 3703 2621 3750 et
2657 3694 2798 3764 cepit
2822 3708 2934 3748 eas.
2966 3690 3120 3747 Tunc
3147 3692 3296 3746 misit
3323 3690 3589 3746 Ezechias

2007 3806 2102 3846 rex
2128 3789 2263 3844 Juda
2288 3788 2508 3843 nuntios
2531 3787 2600 3842 ad
2614 3800 2798 3857 regem
2822 3784 3171 3856 Assyriorum
3195 3785 3249 3838 in
3271 3783 3487 3848 Lachis,
3511 3783 3591 3837 di-

2007 3896 2135 3936 cens
2164 3898 2176 3934 :
2202 3879 2444 3943 Peccavi,
2482 3878 2674 3933 recede
2701 3892 2733 3930 a
2762 3888 2869 3940 me,
2892 3884 2948 3930 et
2968 3888 3128 3931 omne
3149 3875 3292 3944 quod
3322 3874 3591 3943 imposue-

2006 3971 2085 4025 ris
2140 3969 2272 4025 mihi
2302 4010 2317 4035 ,
2355 3968 2545 4023 feram.
2607 3966 2804 4022 Indixit
2856 3967 3038 4035 itaque
3091 3980 3189 4020 rex
3240 3963 3589 4035 Assyriorum

2006 4063 2254 4119 Ezechiae
2310 4061 2424 4131 regi
2480 4060 2604 4115 inde
2631 4067 2873 4114 trecenta
2912 4057 3115 4111 talenta
3159 4055 3390 4126 argenti,
3418 4063 3472 4110 et
3493 4054 3594 4107 tri-

2009 4153 2157 4223 ginta
2199 4151 2400 4205 talenta
2450 4150 2588 4203 auri.
2641 4148 2903 4218 Deditque
2964 4145 3229 4201 Ezechias
3284 4158 3444 4199 omne
3500 4157 3584 4195 ar-

2008 4250 2251 4311 gentum,
2280 4239 2423 4309 quod
2458 4247 2731 4309 repertum
2762 4236 2939 4291 fuerat
2967 4236 3021 4290 in
3057 4235 3218 4290 domo
3260 4230 3497 4296 Domini,
3532 4239 3590 4284 et

326 4321 384 4412 et
413 4354 673 4426 quasdam
704 4342 1000 4407 sententias
1026 4356 1333 4404 sanctarum
1363 4344 1771 4416 Scripturarum
1808 4340 1913 4395 rite
2011 4331 2065 4387 in
2093 4330 2364 4386 thesauris
2392 4328 2556 4400 regis,
2590 4347 2609 4380 ι
2642 4336 2749 4383 etc.
2774 4326 2934 4382 Clara
2960 4334 3043 4380 est
3070 4325 3298 4381 historia
3325 4364 3342 4388 ,
3367 4339 3487 4394 quae
3535 4321 3590 4375 in

330 4447 668 4517 intelligunt,
699 4444 794 4499 sed
839 4451 1020 4496 tamen
1064 4440 1414 4496 nihilominus
1460 4437 1618 4492 idolis
1661 4447 1910 4489 errorum
1936 4476 1988 4517 ἢ
2010 4421 2165 4477 libris
2200 4418 2428 4517 ῐξθευιιι,
2454 4432 2555 4517 ιιιξῦ
2578 4432 2685 4471 n0n
2717 4416 2773 4470 in
2801 4414 3246 4484 Paralipomenon
3288 4420 3345 4467 el
3373 4412 3427 4465 in
3467 4425 3596 4480 Ριό·

329 4503 549 4596 suorum
577 4535 782 4592 servire
808 4547 912 4587 non
944 4537 1179 4586 cchant.
1218 4528 1445 4583 Videtur
1473 4526 1618 4580 enim
1639 4524 1722 4579 eis
1756 4524 1911 4576 timo-
1936 4503 1988 4536 υ
2012 4513 2192 4585 phetia
2216 4511 2367 4566 Isaiae
2398 4509 2515 4581 pari
2575 4508 2735 4563 modo
2783 4506 3128 4563 describitur.
3160 4523 3178 4554 ι
3213 4503 3473 4558 Ezechias
3518 4503 3597 4556 vi-

332 4648 446 4688 rem
475 4630 570 4685 Dei
605 4628 707 4682 rite
738 4641 796 4681 se
836 4623 1109 4679 custodire
1133 4660 1147 4685 ,
1179 4635 1303 4674 cum
1346 4618 1639 4671 secundum
1692 4628 1910 4669 sensum
2012 4602 2145 4674 ginti
2169 4602 2405 4672 quinque
2429 4613 2691 4654 annorum
2719 4604 2857 4661 erat,
2888 4611 3011 4651 cum
3065 4610 3290 4664 regnare
3317 4593 3592 4662 coepisset.

332 4682 488 4778 suum
527 4682 742 4772 veritati
773 4730 832 4769 se
860 4721 1054 4783 putant
1082 4682 1282 4764 favere.
1335 4706 1442 4761 Sed
1489 4705 1581 4775 qui
1630 4704 1910 4759 catholica:
2012 4691 2279 4765 Regnavit
2304 4688 2697 4758 autemdviginti
2725 4702 2916 4742 novem
2957 4686 3117 4740 annis
3168 4685 3219 4739 in
3268 4682 3596 4743 Jerusalem,

335 4812 461 4868 ﬁdei
486 4810 750 4865 unitatem
796 4810 1059 4875 spernunt
1104 4803 1328 4866 habere,
1359 4798 1716 4869 malignorum
1752 4796 1912 4867 spiri-

336 4915 488 4962 tuum
518 4901 885 4959 voluntatibus
911 4913 970 4954 se
1003 4895 1272 4951 veraciter
1314 4889 1665 4948 manifestant
1701 4890 1913 4944 obtem-

334 5011 550 5070 perare.
575 4994 642 5049 Et
663 5009 769 5048 non
794 4991 968 5047 solum
992 4989 1300 5044 inventores
1324 4983 1481 5056 primi
1503 4994 1919 5049 errorum,quos

336 5100 518 5162 patres
536 5084 1000 5142 Samaritanorum
1018 5080 1345 5152 signiﬁcant,
1374 5077 1476 5131 hoc
1501 5074 1724 5137 faciunt,
1749 5072 1842 5127 sed
1862 5080 1919 5126 et

337 5192 599 5249 sequaces
618 5189 831 5239 eorum,
861 5188 995 5244 quos
1024 5171 1253 5227 ﬁliorum
1297 5167 1511 5223 nomine
1558 5174 1614 5220 et
1664 5171 1916 5232 nepotum

339 5282 628 5340 expressos
689 5274 837 5322 recte
905 5278 1192 5336 possumus
1274 5258 1570 5328 intelligere
1599 5296 1615 5321 ,
1669 5252 1917 5310 similiter

340 5367 523 5434 am"
911 5422 1137 5479 CAPUT
1169 5419 1349 5474 xvut.

341 5523 421 5585 De
435 5519 660 5576 Ezechia
678 5533 816 5585 rege,
830 5514 981 5584 cujus
996 5511 1312 5585 temporibus
1326 5524 1419 5585 rea:
1438 5506 1770 5576 Assyriorum
1787 5502 1918 5585 Suet-1-

411 5572 655 5647 nZéhér’ib
673 5572 814 5640 misit
827 5572 1034 5638 nuntios
1060 5572 1111 5636 in
1126 5578 1417 5647 Jerusalem
1433 5572 1557 5631 cuni
1571 5588 1730 5628 manu
1746 5572 1920 5628 valida

409 5646 466 5716 iu
490 5657 901 5727 blasphemarent
934 5651 1098 5708 Deum
1127 5646 1394 5703 viv'cntem.

413 5749 547 5815 (tiae
580 5742 759 5813 xvui.)
794 5761 812 5795 ι
853 5742 1011 5799 Anno
1046 5742 1202 5797 tertio
1230 5740 1403 5805 Oscaz,
1468 5735 1561 5791 ﬁlii
1598 5733 1727 5788 Ilcla
1775 5732 1919 5802 regis

2013 4791 2069 4837 et
2098 4780 2376 4837 rebellavit
2397 4786 2587 4832 contra
2615 4790 2793 4846 regem
2822 4775 3182 4846 Assyriorum,
3214 4781 3268 4827 et
3294 4788 3399 4827 non
3427 4772 3601 4826 servi-

2014 4873 2093 4928 vit
2125 4872 2196 4926 ei.
2226 4870 2364 4925 Ilinc
2388 4867 2757 4923 Senuacherib
2785 4865 3063 4936 ingressus
3086 4862 3350 4927 Iudaeam,
3384 4861 3613 4916 obsedit

2022 4963 2183 5019 urbes
2211 4961 2329 5032 ejus
2362 4958 2614 5014 munitas.
2645 4956 2711 5010 Et
2741 4971 2864 5012 cum
2902 4956 3183 5011 obsederet
3232 4953 3429 5008 Lachis
3453 4992 3468 5017 ,
3497 4953 3602 5007 mi-

2022 5056 2094 5111 sit
2117 5052 2185 5109 ad
2208 5070 2332 5109 eum
2361 5051 2630 5108 Ezechias
2658 5058 2902 5104 trecenta
2931 5048 3133 5107 talenta
3164 5046 3399 5116 argenti,
3421 5053 3477 5100 et
3503 5044 3602 5099 tri-

2021 5146 2172 5217 ginta
2201 5143 2344 5208 auri,
2374 5141 2563 5195 fractis
2582 5139 2762 5210 ianuis
2799 5137 3004 5208 templi,
3034 5145 3088 5190 et
3115 5136 3329 5191 laminis
3357 5133 3474 5202 ejus
3515 5134 3604 5188 de-

2023 5234 2236 5299 tractis,
2267 5248 2404 5304 quas
2427 5232 2545 5302 ipse
2570 5229 2776 5284 adﬁxit.
2810 5229 2951 5284 Misit
2986 5235 3165 5283 autem
3217 5241 3312 5281 rex
3354 5223 3607 5295 Assyrio-

2025 5341 2145 5380 rum
2174 5323 2415 5379 Tbartan
2443 5332 2496 5378 et
2523 5321 2806 5376 Rabsacen
2836 5335 2960 5375 cum
2990 5335 3150 5373 manu
3179 5317 3354 5372 valida
3377 5314 3603 5369 Jerusa-

2024 5415 2151 5470 lem.
2180 5415 2443 5484 Egressus
2462 5421 2549 5468 est
2571 5420 2751 5467 autem
2779 5412 2847 5466 ad
2871 5426 2965 5466 eos
3007 5409 3229 5464 Eliacim
3253 5449 3267 5471 ,
3297 5406 3438 5462 ﬁlius
3480 5404 3606 5459 liet-

2025 5512 2143 5577 ciaa,
2172 5512 2494 5582 prmpositus
2518 5510 2740 5575 Domus,
2767 5516 2824 5564 et
2846 5506 3025 5561 Sobna
3054 5506 3252 5568 scriba,
3283 5512 3337 5558 et
3359 5502 3529 5558 Joabe
3551 5503 3608 5554 ti-

2026 5626 2131 5681 Iius
2151 5622 2351 5692 Asaph,
2378 5615 2847 5679 acommentariis,
2870 5633 2889 5667 ι
2915 5621 3022 5669 etc.
3044 5611 3151 5667 Iste
3169 5618 3252 5666 est
3274 5608 3518 5672 Eliacim,
3538 5607 3606 5661 de

2026 5741 2133 5797 quo
2168 5723 2335 5780 Isaias
2381 5721 2434 5774 in
2485 5718 2694 5772 visione
2743 5714 2898 5769 vallis
2943 5713 3071 5770 Sion
3118 5713 3255 5769 dixit
3289 5731 3302 5772 ;
3333 5730 3350 5764 ι
3387 5707 3603 5763 Vocabo
