  <div class='ocr_page' id='page_1' title='image "/cluster/home/n/w/nwhite01/storage/ocr_20150623/109/hvd.32044054759741/132.png"; bbox 0 0 3902 6146; ppageno 0'>
   <div class='ocr_carea' id='block_1_1' title="bbox 277 272 413 351">
    <p class='ocr_par' dir='ltr' id='par_1_1' title="bbox 277 272 413 351">
     <span class='ocr_line' id='line_1_1' title="bbox 277 272 413 351; baseline 0 -70"><span class='ocrx_word' id='word_1_1' title='bbox 277 272 413 351; x_wconf 51' lang='lat'><strong>:53.</strong></span> 
     </span>
    </p>
   </div>
   <div class='ocr_carea' id='block_1_2' title="bbox 1098 255 2765 361">
    <p class='ocr_par' dir='ltr' id='par_1_2' title="bbox 1098 255 2765 361">
     <span class='ocr_line' id='line_1_2' title="bbox 1098 255 2765 361; baseline 0.005 -8"><span class='ocrx_word' id='word_1_2' title='bbox 1098 294 1456 353; x_wconf 77' lang='lat' dir='ltr'><strong>COMMENT.</strong></span> <span class='ocrx_word' id='word_1_3' title='bbox 1493 294 1561 350; x_wconf 83' lang='lat' dir='ltr'><strong>1N</strong></span> <span class='ocrx_word' id='word_1_4' title='bbox 1602 294 1849 350; x_wconf 69' lang='lat' dir='ltr'><strong>LIBROS</strong></span> <span class='ocrx_word' id='word_1_5' title='bbox 1887 294 1952 350; x_wconf 86' lang='lat' dir='ltr'><strong>IV</strong></span> <span class='ocrx_word' id='word_1_6' title='bbox 1994 296 2257 354; x_wconf 68' lang='lat' dir='ltr'><strong>HEGUM.</strong></span> <span class='ocrx_word' id='word_1_7' title='bbox 2295 331 2368 343; x_wconf 89' lang='lat'>—</span> <span class='ocrx_word' id='word_1_8' title='bbox 2404 255 2473 359; x_wconf 82' lang='lat' dir='ltr'><strong>lN</strong></span> <span class='ocrx_word' id='word_1_9' title='bbox 2509 305 2637 360; x_wconf 81' lang='lat' dir='ltr'><strong>LIB.</strong></span> <span class='ocrx_word' id='word_1_10' title='bbox 2677 299 2765 361; x_wconf 84' lang='grc' dir='ltr'><strong>ιν.</strong></span> 
     </span>
    </p>
   </div>
   <div class='ocr_carea' id='block_1_3' title="bbox 3452 316 3558 374">
    <p class='ocr_par' dir='ltr' id='par_1_3' title="bbox 3452 316 3558 374">
     <span class='ocr_line' id='line_1_3' title="bbox 3452 316 3558 374; baseline 0.019 -2"><span class='ocrx_word' id='word_1_11' title='bbox 3452 316 3558 374; x_wconf 65' lang='grc' dir='ltr'><strong>9.Ξᾶ</strong></span> 
     </span>
    </p>
   </div>
   <div class='ocr_carea' id='block_1_4' title="bbox 274 407 3555 496">
    <p class='ocr_par' dir='ltr' id='par_1_4' title="bbox 274 407 3555 496">
     <span class='ocr_line' id='line_1_4' title="bbox 274 407 3555 496; baseline 0.002 -30"><span class='ocrx_word' id='word_1_12' title='bbox 274 424 497 466; x_wconf 79' lang='lat' dir='ltr'><strong>servum</strong></span> <span class='ocrx_word' id='word_1_13' title='bbox 542 425 731 465; x_wconf 85' lang='lat' dir='ltr'><strong>meum</strong></span> <span class='ocrx_word' id='word_1_14' title='bbox 780 411 1036 477; x_wconf 87' lang='lat' dir='ltr'><strong>Eliacim,</strong></span> <span class='ocrx_word' id='word_1_15' title='bbox 1089 409 1257 464; x_wconf 85' lang='lat' dir='ltr'><strong>filium</strong></span> <span class='ocrx_word' id='word_1_16' title='bbox 1310 409 1527 474; x_wconf 82' lang='lat' dir='ltr'><strong>llelciae,</strong></span> <span class='ocrx_word' id='word_1_17' title='bbox 1571 416 1679 465; x_wconf 92' lang='lat' dir='ltr'><strong>etc.</strong></span> <span class='ocrx_word' id='word_1_18' title='bbox 1709 407 1864 481; x_wconf 77' lang='lat' dir='ltr'><strong>(Isai.</strong></span> <span class='ocrx_word' id='word_1_19' title='bbox 1898 408 1946 467; x_wconf 83' lang='lat' dir='ltr'><strong>A</strong></span> <span class='ocrx_word' id='word_1_20' title='bbox 1972 424 2027 470; x_wconf 92' lang='lat' dir='ltr'><strong>ct</strong></span> <span class='ocrx_word' id='word_1_21' title='bbox 2050 415 2231 473; x_wconf 84' lang='lat' dir='ltr'><strong>Sobna</strong></span> <span class='ocrx_word' id='word_1_22' title='bbox 2262 427 2317 473; x_wconf 88' lang='lat' dir='ltr'><strong>et</strong></span> <span class='ocrx_word' id='word_1_23' title='bbox 2335 417 2506 476; x_wconf 87' lang='lat' dir='ltr'><strong>Joabe</strong></span> <span class='ocrx_word' id='word_1_24' title='bbox 2543 421 2820 478; x_wconf 89' lang='lat' dir='ltr'><strong>humiliter</strong></span> <span class='ocrx_word' id='word_1_25' title='bbox 2848 423 3210 496; x_wconf 75' lang='lat' dir='ltr'><strong>deprecamur</strong></span> <span class='ocrx_word' id='word_1_26' title='bbox 3241 428 3555 492; x_wconf 53' lang='lat' dir='ltr'><strong>nabsace“,</strong></span> 
     </span>
    </p>
   </div>
   <div class='ocr_carea' id='block_1_5' title="bbox 273 500 1871 573">
    <p class='ocr_par' dir='ltr' id='par_1_5' title="bbox 273 500 1871 573">
     <span class='ocr_line' id='line_1_5' title="bbox 273 500 1871 573; baseline -0.003 -14"><span class='ocrx_word' id='word_1_27' title='bbox 273 502 437 573; x_wconf 77' lang='lat' dir='ltr'><strong>xm).</strong></span> <span class='ocrx_word' id='word_1_28' title='bbox 472 520 493 553; x_wconf 76' lang='grc' dir='ltr'><strong><em>ι</em></strong></span> <span class='ocrx_word' id='word_1_29' title='bbox 528 500 633 569; x_wconf 85' lang='lat' dir='ltr'><strong>Qui</strong></span> <span class='ocrx_word' id='word_1_30' title='bbox 659 500 767 556; x_wconf 85' lang='lat' dir='ltr'><strong>fuit</strong></span> <span class='ocrx_word' id='word_1_31' title='bbox 798 502 1044 572; x_wconf 87' lang='lat' dir='ltr'><strong>pontifex</strong></span> <span class='ocrx_word' id='word_1_32' title='bbox 1067 509 1191 573; x_wconf 90' lang='lat' dir='ltr'><strong>post</strong></span> <span class='ocrx_word' id='word_1_33' title='bbox 1240 502 1476 557; x_wconf 84' lang='lat' dir='ltr'><strong>Sohnam</strong></span> <span class='ocrx_word' id='word_1_34' title='bbox 1521 501 1871 572; x_wconf 63' lang='lat' dir='ltr'><strong>praepositum</strong></span> 
     </span>
    </p>
   </div>
   <div class='ocr_carea' id='block_1_6' title="bbox 274 591 1872 663">
    <p class='ocr_par' dir='ltr' id='par_1_6' title="bbox 274 591 1872 663">
     <span class='ocr_line' id='line_1_6' title="bbox 274 591 1872 663; baseline 0 -16"><span class='ocrx_word' id='word_1_35' title='bbox 274 592 484 663; x_wconf 89' lang='lat' dir='ltr'><strong>templi,</strong></span> <span class='ocrx_word' id='word_1_36' title='bbox 508 606 671 662; x_wconf 88' lang='lat' dir='ltr'><strong>quem</strong></span> <span class='ocrx_word' id='word_1_37' title='bbox 697 592 919 647; x_wconf 89' lang='lat' dir='ltr'><strong>tradunt</strong></span> <span class='ocrx_word' id='word_1_38' title='bbox 943 591 1155 647; x_wconf 64' lang='lat' dir='ltr'><strong>Hebraei</strong></span> <span class='ocrx_word' id='word_1_39' title='bbox 1176 592 1436 647; x_wconf 84' lang='lat' dir='ltr'><strong>Rabsacis</strong></span> <span class='ocrx_word' id='word_1_40' title='bbox 1455 592 1872 647; x_wconf 76' lang='lat' dir='ltr'><strong>comminatione</strong></span> 
     </span>
    </p>
   </div>
   <div class='ocr_carea' id='block_1_7' title="bbox 272 681 1871 756">
    <p class='ocr_par' dir='ltr' id='par_1_7' title="bbox 272 681 1871 756">
     <span class='ocr_line' id='line_1_7' title="bbox 272 681 1871 756; baseline -0.002 -16"><span class='ocrx_word' id='word_1_41' title='bbox 272 685 627 756; x_wconf 85' lang='lat' dir='ltr'><strong>perterritum</strong></span> <span class='ocrx_word' id='word_1_42' title='bbox 670 684 959 739; x_wconf 89' lang='lat' dir='ltr'><strong>tradidisse</strong></span> <span class='ocrx_word' id='word_1_43' title='bbox 994 699 1187 738; x_wconf 90' lang='lat' dir='ltr'><strong>manus</strong></span> <span class='ocrx_word' id='word_1_44' title='bbox 1209 682 1467 756; x_wconf 85' lang='lat' dir='ltr'><strong>Assyriis,</strong></span> <span class='ocrx_word' id='word_1_45' title='bbox 1491 692 1548 741; x_wconf 91' lang='lat' dir='ltr'><strong>et</strong></span> <span class='ocrx_word' id='word_1_46' title='bbox 1568 681 1871 754; x_wconf 83' lang='lat' dir='ltr'><strong>prodidisse</strong></span> 
     </span>
    </p>
   </div>
   <div class='ocr_carea' id='block_1_8' title="bbox 270 774 1870 847">
    <p class='ocr_par' dir='ltr' id='par_1_8' title="bbox 270 774 1870 847">
     <span class='ocr_line' id='line_1_8' title="bbox 270 774 1870 847; baseline -0.002 -14"><span class='ocrx_word' id='word_1_47' title='bbox 270 776 597 841; x_wconf 80' lang='lat' dir='ltr'><strong>Jerusalem,</strong></span> <span class='ocrx_word' id='word_1_48' title='bbox 628 783 684 830; x_wconf 89' lang='lat' dir='ltr'><strong>et</strong></span> <span class='ocrx_word' id='word_1_49' title='bbox 710 786 939 847; x_wconf 86' lang='lat' dir='ltr'><strong>excepta</strong></span> <span class='ocrx_word' id='word_1_50' title='bbox 965 790 1090 831; x_wconf 83' lang='lat' dir='ltr'><strong>arce</strong></span> <span class='ocrx_word' id='word_1_51' title='bbox 1116 775 1246 832; x_wconf 89' lang='lat' dir='ltr'><strong>Sion</strong></span> <span class='ocrx_word' id='word_1_52' title='bbox 1274 784 1331 831; x_wconf 92' lang='lat' dir='ltr'><strong>et</strong></span> <span class='ocrx_word' id='word_1_53' title='bbox 1356 775 1575 846; x_wconf 89' lang='lat' dir='ltr'><strong>templo,</strong></span> <span class='ocrx_word' id='word_1_54' title='bbox 1619 774 1870 847; x_wconf 77' lang='lat' dir='ltr'><strong>Assyrios</strong></span> 
     </span>
    </p>
   </div>
   <div class='ocr_carea' id='block_1_9' title="bbox 272 867 1869 939">
    <p class='ocr_par' dir='ltr' id='par_1_9' title="bbox 272 867 1869 939">
     <span class='ocr_line' id='line_1_9' title="bbox 272 867 1869 939; baseline -0.001 -15"><span class='ocrx_word' id='word_1_55' title='bbox 272 879 443 924; x_wconf 83' lang='lat' dir='ltr'><strong>totam</strong></span> <span class='ocrx_word' id='word_1_56' title='bbox 495 869 687 924; x_wconf 83' lang='lat' dir='ltr'><strong>urbem</strong></span> <span class='ocrx_word' id='word_1_57' title='bbox 729 868 960 939; x_wconf 83' lang='lat' dir='ltr'><strong>cepisse.</strong></span> <span class='ocrx_word' id='word_1_58' title='bbox 1024 867 1195 936; x_wconf 85' lang='lat' dir='ltr'><strong>Quem</strong></span> <span class='ocrx_word' id='word_1_59' title='bbox 1241 869 1406 924; x_wconf 91' lang='lat' dir='ltr'><strong>etiam</strong></span> <span class='ocrx_word' id='word_1_60' title='bbox 1459 867 1695 925; x_wconf 89' lang='lat' dir='ltr'><strong>Sobnam</strong></span> <span class='ocrx_word' id='word_1_61' title='bbox 1745 883 1869 923; x_wconf 91' lang='lat' dir='ltr'><strong>cum</strong></span> 
     </span>
    </p>
   </div>
   <div class='ocr_carea' id='block_1_10' title="bbox 268 958 1862 1031">
    <p class='ocr_par' dir='ltr' id='par_1_10' title="bbox 268 958 1862 1031">
     <span class='ocr_line' id='line_1_10' title="bbox 268 958 1862 1031; baseline -0.003 -14"><span class='ocrx_word' id='word_1_62' title='bbox 268 960 501 1017; x_wconf 84' lang='lat' dir='ltr'><strong>Eliacim</strong></span> <span class='ocrx_word' id='word_1_63' title='bbox 525 960 596 1016; x_wconf 87' lang='lat' dir='ltr'><strong>ad</strong></span> <span class='ocrx_word' id='word_1_64' title='bbox 625 959 912 1015; x_wconf 82' lang='lat' dir='ltr'><strong>Babsacen</strong></span> <span class='ocrx_word' id='word_1_65' title='bbox 946 959 1125 1016; x_wconf 77' lang='lat' dir='ltr'><strong>exisse</strong></span> <span class='ocrx_word' id='word_1_66' title='bbox 1157 960 1378 1031; x_wconf 89' lang='lat' dir='ltr'><strong>quidam</strong></span> <span class='ocrx_word' id='word_1_67' title='bbox 1406 968 1616 1031; x_wconf 89' lang='lat' dir='ltr'><strong>putant.</strong></span> <span class='ocrx_word' id='word_1_68' title='bbox 1656 958 1862 1015; x_wconf 79' lang='lat' dir='ltr'><strong>Rabsa-</strong></span> 
     </span>
    </p>
   </div>
   <div class='ocr_carea' id='block_1_11' title="bbox 267 1052 1868 1125">
    <p class='ocr_par' dir='ltr' id='par_1_11' title="bbox 267 1052 1868 1125">
     <span class='ocr_line' id='line_1_11' title="bbox 267 1052 1868 1125; baseline -0.002 -13"><span class='ocrx_word' id='word_1_69' title='bbox 267 1064 605 1120; x_wconf 83' lang='lat' dir='ltr'><strong>cenantem,</strong></span> <span class='ocrx_word' id='word_1_70' title='bbox 630 1055 725 1125; x_wconf 83' lang='lat' dir='ltr'><strong>qui</strong></span> <span class='ocrx_word' id='word_1_71' title='bbox 767 1053 1035 1110; x_wconf 82' lang='lat' dir='ltr'><strong>Hebraiee</strong></span> <span class='ocrx_word' id='word_1_72' title='bbox 1080 1053 1293 1110; x_wconf 91' lang='lat' dir='ltr'><strong>locutus</strong></span> <span class='ocrx_word' id='word_1_73' title='bbox 1338 1062 1464 1120; x_wconf 87' lang='lat' dir='ltr'><strong>est,</strong></span> <span class='ocrx_word' id='word_1_74' title='bbox 1496 1052 1666 1108; x_wconf 86' lang='lat' dir='ltr'><strong>filium</strong></span> <span class='ocrx_word' id='word_1_75' title='bbox 1712 1053 1868 1108; x_wconf 71' lang='lat' dir='ltr'><strong>Isaia:</strong></span> 
     </span>
    </p>
   </div>
   <div class='ocr_carea' id='block_1_12' title="bbox 268 1144 1868 1218">
    <p class='ocr_par' dir='ltr' id='par_1_12' title="bbox 268 1144 1868 1218">
     <span class='ocr_line' id='line_1_12' title="bbox 268 1144 1868 1218; baseline -0.003 -16"><span class='ocrx_word' id='word_1_76' title='bbox 268 1147 550 1218; x_wconf 70' lang='lat' dir='ltr'><strong>prophetae</strong></span> <span class='ocrx_word' id='word_1_77' title='bbox 571 1152 884 1211; x_wconf 84' lang='lat' dir='ltr'><strong>autumant,</strong></span> <span class='ocrx_word' id='word_1_78' title='bbox 915 1147 1006 1215; x_wconf 90' lang='lat' dir='ltr'><strong>qui</strong></span> <span class='ocrx_word' id='word_1_79' title='bbox 1036 1153 1091 1201; x_wconf 93' lang='lat' dir='ltr'><strong>et</strong></span> <span class='ocrx_word' id='word_1_80' title='bbox 1119 1145 1236 1216; x_wconf 87' lang='lat' dir='ltr'><strong>ipse</strong></span> <span class='ocrx_word' id='word_1_81' title='bbox 1260 1146 1504 1216; x_wconf 86' lang='lat' dir='ltr'><strong>proditor</strong></span> <span class='ocrx_word' id='word_1_82' title='bbox 1536 1144 1745 1209; x_wconf 80' lang='lat' dir='ltr'><strong>fuerat;</strong></span> <span class='ocrx_word' id='word_1_83' title='bbox 1784 1159 1868 1198; x_wconf 89' lang='lat' dir='ltr'><strong>re-</strong></span> 
     </span>
    </p>
   </div>
   <div class='ocr_carea' id='block_1_13' title="bbox 267 1237 1867 1308">
    <p class='ocr_par' dir='ltr' id='par_1_13' title="bbox 267 1237 1867 1308">
     <span class='ocr_line' id='line_1_13' title="bbox 267 1237 1867 1308; baseline 0 -16"><span class='ocrx_word' id='word_1_84' title='bbox 267 1239 571 1307; x_wconf 82' lang='lat' dir='ltr'><strong>lictumque</strong></span> <span class='ocrx_word' id='word_1_85' title='bbox 595 1237 765 1292; x_wconf 86' lang='lat' dir='ltr'><strong>filium</strong></span> <span class='ocrx_word' id='word_1_86' title='bbox 795 1237 954 1293; x_wconf 65' lang='lat' dir='ltr'><strong>Isaia:</strong></span> <span class='ocrx_word' id='word_1_87' title='bbox 981 1238 1214 1294; x_wconf 90' lang='lat' dir='ltr'><strong>alterum</strong></span> <span class='ocrx_word' id='word_1_88' title='bbox 1242 1239 1429 1294; x_wconf 90' lang='lat' dir='ltr'><strong>vocari</strong></span> <span class='ocrx_word' id='word_1_89' title='bbox 1456 1237 1639 1303; x_wconf 81' lang='lat' dir='ltr'><strong>Iasab,</strong></span> <span class='ocrx_word' id='word_1_90' title='bbox 1669 1238 1761 1308; x_wconf 89' lang='lat' dir='ltr'><strong>qui</strong></span> <span class='ocrx_word' id='word_1_91' title='bbox 1786 1238 1867 1292; x_wconf 82' lang='lat' dir='ltr'><strong>la-</strong></span> 
     </span>
    </p>
   </div>
   <div class='ocr_carea' id='block_1_14' title="bbox 268 1325 1866 1398">
    <p class='ocr_par' dir='ltr' id='par_1_14' title="bbox 268 1325 1866 1398">
     <span class='ocr_line' id='line_1_14' title="bbox 268 1325 1866 1398; baseline -0.002 -16"><span class='ocrx_word' id='word_1_92' title='bbox 268 1328 382 1383; x_wconf 83' lang='lat' dir='ltr'><strong>line</strong></span> <span class='ocrx_word' id='word_1_93' title='bbox 407 1327 653 1381; x_wconf 73' lang='lat' dir='ltr'><strong>relictum</strong></span> <span class='ocrx_word' id='word_1_94' title='bbox 685 1334 863 1381; x_wconf 87' lang='lat' dir='ltr'><strong>sonat.</strong></span> <span class='ocrx_word' id='word_1_95' title='bbox 893 1325 1001 1380; x_wconf 85' lang='lat' dir='ltr'><strong>Alii</strong></span> <span class='ocrx_word' id='word_1_96' title='bbox 1037 1336 1219 1382; x_wconf 88' lang='lat' dir='ltr'><strong>autem</strong></span> <span class='ocrx_word' id='word_1_97' title='bbox 1247 1336 1441 1398; x_wconf 89' lang='lat' dir='ltr'><strong>putant</strong></span> <span class='ocrx_word' id='word_1_98' title='bbox 1465 1342 1590 1382; x_wconf 88' lang='lat' dir='ltr'><strong>eum</strong></span> <span class='ocrx_word' id='word_1_99' title='bbox 1622 1325 1866 1381; x_wconf 87' lang='lat' dir='ltr'><strong>Samari-</strong></span> 
     </span>
    </p>
   </div>
   <div class='ocr_carea' id='block_1_15' title="bbox 270 1417 1869 1488">
    <p class='ocr_par' dir='ltr' id='par_1_15' title="bbox 270 1417 1869 1488">
     <span class='ocr_line' id='line_1_15' title="bbox 270 1417 1869 1488; baseline -0.001 -14"><span class='ocrx_word' id='word_1_100' title='bbox 270 1428 363 1475; x_wconf 85' lang='lat' dir='ltr'><strong>ten</strong></span> <span class='ocrx_word' id='word_1_101' title='bbox 396 1417 571 1474; x_wconf 79' lang='lat' dir='ltr'><strong>l’uisse</strong></span> <span class='ocrx_word' id='word_1_102' title='bbox 600 1458 616 1482; x_wconf 93' lang='lat'><strong>,</strong></span> <span class='ocrx_word' id='word_1_103' title='bbox 648 1432 713 1473; x_wconf 88' lang='lat' dir='ltr'><strong>ac</strong></span> <span class='ocrx_word' id='word_1_104' title='bbox 772 1417 895 1473; x_wconf 91' lang='lat' dir='ltr'><strong>ideo</strong></span> <span class='ocrx_word' id='word_1_105' title='bbox 936 1417 1256 1473; x_wconf 82' lang='lat' dir='ltr'><strong>llebraicam</strong></span> <span class='ocrx_word' id='word_1_106' title='bbox 1312 1418 1481 1475; x_wconf 83' lang='lat' dir='ltr'><strong>scisse</strong></span> <span class='ocrx_word' id='word_1_107' title='bbox 1527 1417 1785 1488; x_wconf 76' lang='lat' dir='ltr'><strong>linguam,</strong></span> <span class='ocrx_word' id='word_1_108' title='bbox 1813 1425 1869 1472; x_wconf 92' lang='lat' dir='ltr'><strong>et</strong></span> 
     </span>
    </p>
   </div>
   <div class='ocr_carea' id='block_1_16' title="bbox 269 1504 1868 1582">
    <p class='ocr_par' dir='ltr' id='par_1_16' title="bbox 269 1504 1868 1582">
     <span class='ocr_line' id='line_1_16' title="bbox 269 1504 1868 1582; baseline -0.001 -16"><span class='ocrx_word' id='word_1_109' title='bbox 269 1523 381 1566; x_wconf 84' lang='lat' dir='ltr'><strong>tam</strong></span> <span class='ocrx_word' id='word_1_110' title='bbox 410 1504 700 1569; x_wconf 84' lang='lat' dir='ltr'><strong>audaciter</strong></span> <span class='ocrx_word' id='word_1_111' title='bbox 723 1521 780 1566; x_wconf 88' lang='lat' dir='ltr'><strong>et</strong></span> <span class='ocrx_word' id='word_1_112' title='bbox 804 1511 969 1581; x_wconf 87' lang='lat' dir='ltr'><strong>impie</strong></span> <span class='ocrx_word' id='word_1_113' title='bbox 992 1510 1280 1566; x_wconf 89' lang='lat' dir='ltr'><strong>Dominum</strong></span> <span class='ocrx_word' id='word_1_114' title='bbox 1301 1511 1727 1582; x_wconf 88' lang='lat' dir='ltr'><strong>blasphemasse.</strong></span> <span class='ocrx_word' id='word_1_115' title='bbox 1760 1508 1868 1577; x_wconf 86' lang='lat' dir='ltr'><strong>Qui</strong></span> 
     </span>
    </p>
   </div>
   <div class='ocr_carea' id='block_1_17' title="bbox 265 1600 1865 1673">
    <p class='ocr_par' dir='ltr' id='par_1_17' title="bbox 265 1600 1865 1673">
     <span class='ocr_line' id='line_1_17' title="bbox 265 1600 1865 1673; baseline -0.001 -17"><span class='ocrx_word' id='word_1_116' title='bbox 265 1603 427 1672; x_wconf 88' lang='lat' dir='ltr'><strong>quasi</strong></span> <span class='ocrx_word' id='word_1_117' title='bbox 451 1601 685 1673; x_wconf 88' lang='lat' dir='ltr'><strong>quadam</strong></span> <span class='ocrx_word' id='word_1_118' title='bbox 711 1602 984 1657; x_wconf 89' lang='lat' dir='ltr'><strong>contraria</strong></span> <span class='ocrx_word' id='word_1_119' title='bbox 1012 1600 1327 1658; x_wconf 81' lang='lat' dir='ltr'><strong>fortitudine</strong></span> <span class='ocrx_word' id='word_1_120' title='bbox 1341 1618 1437 1658; x_wconf 87' lang='lat' dir='ltr'><strong>sua</strong></span> <span class='ocrx_word' id='word_1_121' title='bbox 1464 1610 1520 1657; x_wconf 89' lang='lat' dir='ltr'><strong>et</strong></span> <span class='ocrx_word' id='word_1_122' title='bbox 1551 1602 1865 1672; x_wconf 78' lang='lat' dir='ltr'><strong>arrogantia</strong></span> 
     </span>
    </p>
   </div>
   <div class='ocr_carea' id='block_1_18' title="bbox 1972 509 3558 591">
    <p class='ocr_par' dir='ltr' id='par_1_18' title="bbox 1972 509 3558 591">
     <span class='ocr_line' id='line_1_18' title="bbox 1972 509 3558 591; baseline 0.011 -26"><span class='ocrx_word' id='word_1_123' title='bbox 1972 519 2031 565; x_wconf 92' lang='lat' dir='ltr'><strong>ut</strong></span> <span class='ocrx_word' id='word_1_124' title='bbox 2055 509 2275 583; x_wconf 89' lang='lat' dir='ltr'><strong>Syriace</strong></span> <span class='ocrx_word' id='word_1_125' title='bbox 2296 513 2632 584; x_wconf 87' lang='lat' dir='ltr'><strong>loqueretur,</strong></span> <span class='ocrx_word' id='word_1_126' title='bbox 2659 516 2803 571; x_wconf 90' lang='lat' dir='ltr'><strong>hunc</strong></span> <span class='ocrx_word' id='word_1_127' title='bbox 2824 533 3039 578; x_wconf 89' lang='lat' dir='ltr'><strong>sensum</strong></span> <span class='ocrx_word' id='word_1_128' title='bbox 3068 523 3230 580; x_wconf 91' lang='lat' dir='ltr'><strong>nabet</strong></span> <span class='ocrx_word' id='word_1_129' title='bbox 3254 541 3267 577; x_wconf 89' lang='lat'><strong>:</strong></span> <span class='ocrx_word' id='word_1_130' title='bbox 3295 522 3435 591; x_wconf 86' lang='lat' dir='ltr'><strong>Quid</strong></span> <span class='ocrx_word' id='word_1_131' title='bbox 3464 541 3558 582; x_wconf 82' lang='lat' dir='ltr'><strong>ne-</strong></span> 
     </span>
    </p>
   </div>
   <div class='ocr_carea' id='block_1_19' title="bbox 1971 610 3557 682">
    <p class='ocr_par' dir='ltr' id='par_1_19' title="bbox 1971 610 3557 682">
     <span class='ocr_line' id='line_1_19' title="bbox 1971 610 3557 682; baseline 0.006 -17"><span class='ocrx_word' id='word_1_132' title='bbox 1971 624 2121 666; x_wconf 87' lang='lat' dir='ltr'><strong>cesse</strong></span> <span class='ocrx_word' id='word_1_133' title='bbox 2148 619 2233 665; x_wconf 89' lang='lat' dir='ltr'><strong>est</strong></span> <span class='ocrx_word' id='word_1_134' title='bbox 2259 610 2511 682; x_wconf 90' lang='lat' dir='ltr'><strong>populum</strong></span> <span class='ocrx_word' id='word_1_135' title='bbox 2544 611 2692 668; x_wconf 78' lang='lat' dir='ltr'><strong>falsis</strong></span> <span class='ocrx_word' id='word_1_136' title='bbox 2741 615 3041 671; x_wconf 87' lang='lat' dir='ltr'><strong>terroribus</strong></span> <span class='ocrx_word' id='word_1_137' title='bbox 3088 619 3448 678; x_wconf 82' lang='lat' dir='ltr'><strong>commoveri.</strong></span> <span class='ocrx_word' id='word_1_138' title='bbox 3502 628 3557 675; x_wconf 88' lang='lat' dir='ltr'><strong>et</strong></span> 
     </span>
    </p>
   </div>
   <div class='ocr_carea' id='block_1_20' title="bbox 1968 701 3555 780">
    <p class='ocr_par' dir='ltr' id='par_1_20' title="bbox 1968 701 3555 780">
     <span class='ocr_line' id='line_1_20' title="bbox 1968 701 3555 780; baseline 0.008 -27"><span class='ocrx_word' id='word_1_139' title='bbox 1968 715 2165 755; x_wconf 87' lang='lat' dir='ltr'><strong>vanam</strong></span> <span class='ocrx_word' id='word_1_140' title='bbox 2218 701 2429 771; x_wconf 91' lang='lat' dir='ltr'><strong>jactare</strong></span> <span class='ocrx_word' id='word_1_141' title='bbox 2474 705 2763 760; x_wconf 74' lang='lat' dir='ltr'><strong>virtutem?</strong></span> <span class='ocrx_word' id='word_1_142' title='bbox 2815 705 3060 776; x_wconf 88' lang='lat' dir='ltr'><strong>Loquere</strong></span> <span class='ocrx_word' id='word_1_143' title='bbox 3099 708 3362 779; x_wconf 80' lang='lat' dir='ltr'><strong>linguam,</strong></span> <span class='ocrx_word' id='word_1_144' title='bbox 3390 726 3555 780; x_wconf 84' lang='lat' dir='ltr'><strong>quam</strong></span> 
     </span>
    </p>
   </div>
   <div class='ocr_carea' id='block_1_21' title="bbox 1967 792 3556 870">
    <p class='ocr_par' dir='ltr' id='par_1_21' title="bbox 1967 792 3556 870">
     <span class='ocr_line' id='line_1_21' title="bbox 1967 792 3556 870; baseline 0.007 -25"><span class='ocrx_word' id='word_1_145' title='bbox 1967 792 2194 861; x_wconf 83' lang='lat' dir='ltr'><strong>populus</strong></span> <span class='ocrx_word' id='word_1_146' title='bbox 2232 808 2339 848; x_wconf 90' lang='lat' dir='ltr'><strong>non</strong></span> <span class='ocrx_word' id='word_1_147' title='bbox 2364 796 2533 859; x_wconf 88' lang='lat' dir='ltr'><strong>novit,</strong></span> <span class='ocrx_word' id='word_1_148' title='bbox 2557 811 2681 850; x_wconf 90' lang='lat' dir='ltr'><strong>nam</strong></span> <span class='ocrx_word' id='word_1_149' title='bbox 2717 806 2772 851; x_wconf 91' lang='lat' dir='ltr'><strong>et</strong></span> <span class='ocrx_word' id='word_1_150' title='bbox 2799 813 2896 853; x_wconf 91' lang='lat' dir='ltr'><strong>nos</strong></span> <span class='ocrx_word' id='word_1_151' title='bbox 2928 798 3123 870; x_wconf 64' lang='lat' dir='ltr'><strong>linguae</strong></span> <span class='ocrx_word' id='word_1_152' title='bbox 3146 810 3250 854; x_wconf 71' lang='lat' dir='ltr'><strong>ture</strong></span> <span class='ocrx_word' id='word_1_153' title='bbox 3291 800 3556 862; x_wconf 80' lang='lat' dir='ltr'><strong>habemus</strong></span> 
     </span>
    </p>
   </div>
   <div class='ocr_carea' id='block_1_22' title="bbox 1968 881 3471 959">
    <p class='ocr_par' dir='ltr' id='par_1_22' title="bbox 1968 881 3471 959">
     <span class='ocr_line' id='line_1_22' title="bbox 1968 881 3471 959; baseline 0.009 -22"><span class='ocrx_word' id='word_1_154' title='bbox 1968 881 2269 938; x_wconf 87' lang='lat' dir='ltr'><strong>scientiam.</strong></span> <span class='ocrx_word' id='word_1_155' title='bbox 2309 886 2390 941; x_wconf 87' lang='lat' dir='ltr'><strong>Ad</strong></span> <span class='ocrx_word' id='word_1_156' title='bbox 2416 888 2559 957; x_wconf 90' lang='lat' dir='ltr'><strong>quod</strong></span> <span class='ocrx_word' id='word_1_157' title='bbox 2582 887 2671 943; x_wconf 93' lang='lat' dir='ltr'><strong>ille</strong></span> <span class='ocrx_word' id='word_1_158' title='bbox 2698 901 3051 959; x_wconf 82' lang='lat' dir='ltr'><strong>arroganter:</strong></span> <span class='ocrx_word' id='word_1_159' title='bbox 3467 947 3471 951; x_wconf 88' lang='lat'><strong>.</strong></span> 
     </span>
    </p>
   </div>
   <div class='ocr_carea' id='block_1_23' title="bbox 2044 976 3555 1044">
    <p class='ocr_par' dir='ltr' id='par_1_23' title="bbox 2044 976 3555 1044">
     <span class='ocr_line' id='line_1_23' title="bbox 2044 976 3555 1044; baseline 0.005 -15"><span class='ocrx_word' id='word_1_160' title='bbox 2044 996 2063 1027; x_wconf 72' lang='grc' dir='ltr'><strong><em>ι</em></strong></span> <span class='ocrx_word' id='word_1_161' title='bbox 2099 976 2260 1042; x_wconf 90' lang='lat' dir='ltr'><strong>Num,</strong></span> <span class='ocrx_word' id='word_1_162' title='bbox 2289 980 2384 1044; x_wconf 90' lang='lat' dir='ltr'><strong>ait,</strong></span> <span class='ocrx_word' id='word_1_163' title='bbox 2420 981 2486 1035; x_wconf 93' lang='lat' dir='ltr'><strong>ad</strong></span> <span class='ocrx_word' id='word_1_164' title='bbox 2530 980 2805 1036; x_wconf 91' lang='lat' dir='ltr'><strong>dominum</strong></span> <span class='ocrx_word' id='word_1_165' title='bbox 2833 991 2984 1037; x_wconf 91' lang='lat' dir='ltr'><strong>tuum</strong></span> <span class='ocrx_word' id='word_1_166' title='bbox 3013 990 3069 1038; x_wconf 91' lang='lat' dir='ltr'><strong>et</strong></span> <span class='ocrx_word' id='word_1_167' title='bbox 3105 983 3172 1037; x_wconf 85' lang='lat' dir='ltr'><strong>ad</strong></span> <span class='ocrx_word' id='word_1_168' title='bbox 3203 992 3253 1038; x_wconf 91' lang='lat' dir='ltr'><strong>te</strong></span> <span class='ocrx_word' id='word_1_169' title='bbox 3292 983 3442 1039; x_wconf 87' lang='lat' dir='ltr'><strong>misit</strong></span> <span class='ocrx_word' id='word_1_170' title='bbox 3469 999 3555 1038; x_wconf 85' lang='lat' dir='ltr'><strong>me</strong></span> 
     </span>
    </p>
   </div>
   <div class='ocr_carea' id='block_1_24' title="bbox 1974 1070 3555 1143">
    <p class='ocr_par' dir='ltr' id='par_1_24' title="bbox 1974 1070 3555 1143">
     <span class='ocr_line' id='line_1_24' title="bbox 1974 1070 3555 1143; baseline 0.006 -23"><span class='ocrx_word' id='word_1_171' title='bbox 1974 1087 1993 1120; x_wconf 76' lang='grc' dir='ltr'><strong><em>ι</em></strong></span> <span class='ocrx_word' id='word_1_172' title='bbox 2022 1070 2281 1126; x_wconf 89' lang='lat' dir='ltr'><strong>Dominus</strong></span> <span class='ocrx_word' id='word_1_173' title='bbox 2303 1087 2479 1137; x_wconf 90' lang='lat' dir='ltr'><strong>meus,</strong></span> <span class='ocrx_word' id='word_1_174' title='bbox 2508 1092 2527 1124; x_wconf 85' lang='grc'><strong>›</strong></span> <span class='ocrx_word' id='word_1_175' title='bbox 2561 1080 2690 1138; x_wconf 90' lang='lat' dir='ltr'><strong>etc.,</strong></span> <span class='ocrx_word' id='word_1_176' title='bbox 2723 1089 2929 1143; x_wconf 89' lang='lat' dir='ltr'><strong>usque:</strong></span> <span class='ocrx_word' id='word_1_177' title='bbox 2966 1093 2985 1125; x_wconf 74' lang='grc' dir='ltr'>ι</span> <span class='ocrx_word' id='word_1_178' title='bbox 3020 1075 3087 1129; x_wconf 87' lang='grc' dir='ltr'><strong>Ει</strong></span> <span class='ocrx_word' id='word_1_179' title='bbox 3111 1075 3299 1130; x_wconf 88' lang='lat' dir='ltr'><strong>bibant</strong></span> <span class='ocrx_word' id='word_1_180' title='bbox 3339 1077 3555 1131; x_wconf 87' lang='lat' dir='ltr'><strong>urinam</strong></span> 
     </span>
    </p>
   </div>
   <div class='ocr_carea' id='block_1_25' title="bbox 1968 1162 3550 1234">
    <p class='ocr_par' dir='ltr' id='par_1_25' title="bbox 1968 1162 3550 1234">
     <span class='ocr_line' id='line_1_25' title="bbox 1968 1162 3550 1234; baseline 0.003 -17"><span class='ocrx_word' id='word_1_181' title='bbox 1968 1177 2119 1217; x_wconf 88' lang='lat' dir='ltr'><strong>suam</strong></span> <span class='ocrx_word' id='word_1_182' title='bbox 2152 1163 2451 1218; x_wconf 81' lang='lat' dir='ltr'><strong>vobiscum.</strong></span> <span class='ocrx_word' id='word_1_183' title='bbox 2486 1182 2506 1216; x_wconf 74' lang='grc' dir='ltr'><strong><em>ι</em></strong></span> <span class='ocrx_word' id='word_1_184' title='bbox 2535 1162 2641 1219; x_wconf 92' lang='lat' dir='ltr'><strong>Per</strong></span> <span class='ocrx_word' id='word_1_185' title='bbox 2663 1166 2807 1234; x_wconf 92' lang='lat' dir='ltr'><strong>quod</strong></span> <span class='ocrx_word' id='word_1_186' title='bbox 2830 1167 3068 1219; x_wconf 83' lang='lat' dir='ltr'><strong>ostendit</strong></span> <span class='ocrx_word' id='word_1_187' title='bbox 3093 1167 3235 1222; x_wconf 87' lang='lat' dir='ltr'><strong>fame</strong></span> <span class='ocrx_word' id='word_1_188' title='bbox 3263 1182 3356 1222; x_wconf 91' lang='lat' dir='ltr'><strong>eos</strong></span> <span class='ocrx_word' id='word_1_189' title='bbox 3382 1177 3437 1223; x_wconf 89' lang='lat' dir='ltr'><strong>et</strong></span> <span class='ocrx_word' id='word_1_190' title='bbox 3460 1167 3550 1221; x_wconf 89' lang='lat' dir='ltr'><strong>siti</strong></span> 
     </span>
    </p>
   </div>
   <div class='ocr_carea' id='block_1_26' title="bbox 1966 1234 3557 1328">
    <p class='ocr_par' dir='ltr' id='par_1_26' title="bbox 1966 1234 3557 1328">
     <span class='ocr_line' id='line_1_26' title="bbox 1966 1234 3557 1328; baseline 0.003 -20"><span class='ocrx_word' id='word_1_191' title='bbox 1966 1266 2086 1309; x_wconf 90' lang='lat' dir='ltr'><strong>esse</strong></span> <span class='ocrx_word' id='word_1_192' title='bbox 2132 1253 2438 1324; x_wconf 88' lang='lat' dir='ltr'><strong>capiendos.</strong></span> <span class='ocrx_word' id='word_1_193' title='bbox 2497 1253 2776 1323; x_wconf 89' lang='lat' dir='ltr'><strong>Simulque</strong></span> <span class='ocrx_word' id='word_1_194' title='bbox 2830 1264 2885 1311; x_wconf 88' lang='lat' dir='ltr'><strong>et</strong></span> <span class='ocrx_word' id='word_1_195' title='bbox 2937 1234 3245 1312; x_wconf 78' lang='lat' dir='ltr'><strong>illecebram</strong></span> <span class='ocrx_word' id='word_1_196' title='bbox 3280 1257 3459 1328; x_wconf 79' lang='lat' dir='ltr'><strong>jungit</strong></span> <span class='ocrx_word' id='word_1_197' title='bbox 3488 1260 3557 1313; x_wconf 84' lang='lat' dir='ltr'><strong>ti—</strong></span> 
     </span>
    </p>
   </div>
   <div class='ocr_carea' id='block_1_27' title="bbox 1966 1345 3555 1420">
    <p class='ocr_par' dir='ltr' id='par_1_27' title="bbox 1966 1345 3555 1420">
     <span class='ocr_line' id='line_1_27' title="bbox 1966 1345 3555 1420; baseline 0.005 -22"><span class='ocrx_word' id='word_1_198' title='bbox 1966 1345 2127 1410; x_wconf 87' lang='lat' dir='ltr'><strong>mori,</strong></span> <span class='ocrx_word' id='word_1_199' title='bbox 2154 1354 2215 1400; x_wconf 91' lang='lat' dir='ltr'><strong>ut</strong></span> <span class='ocrx_word' id='word_1_200' title='bbox 2243 1361 2380 1415; x_wconf 92' lang='lat' dir='ltr'><strong>quos</strong></span> <span class='ocrx_word' id='word_1_201' title='bbox 2409 1356 2619 1402; x_wconf 89' lang='lat' dir='ltr'><strong>terrore</strong></span> <span class='ocrx_word' id='word_1_202' title='bbox 2640 1362 2746 1402; x_wconf 90' lang='lat' dir='ltr'><strong>non</strong></span> <span class='ocrx_word' id='word_1_203' title='bbox 2770 1348 2937 1403; x_wconf 91' lang='lat' dir='ltr'><strong>vincit</strong></span> <span class='ocrx_word' id='word_1_204' title='bbox 2963 1390 2978 1415; x_wconf 92' lang='lat'><strong>,</strong></span> <span class='ocrx_word' id='word_1_205' title='bbox 3028 1350 3381 1420; x_wconf 81' lang='lat' dir='ltr'><strong>persuasione</strong></span> <span class='ocrx_word' id='word_1_206' title='bbox 3409 1352 3555 1406; x_wconf 89' lang='lat' dir='ltr'><strong>deci-</strong></span> 
     </span>
    </p>
   </div>
   <div class='ocr_carea' id='block_1_28' title="bbox 1963 1435 2916 1510">
    <p class='ocr_par' dir='ltr' id='par_1_28' title="bbox 1963 1435 2916 1510">
     <span class='ocr_line' id='line_1_28' title="bbox 1963 1435 2916 1510; baseline 0.004 -20"><span class='ocrx_word' id='word_1_207' title='bbox 1963 1436 2097 1505; x_wconf 88' lang='lat' dir='ltr'><strong>piat.</strong></span> <span class='ocrx_word' id='word_1_208' title='bbox 2123 1435 2189 1490; x_wconf 90' lang='lat' dir='ltr'><strong>Et</strong></span> <span class='ocrx_word' id='word_1_209' title='bbox 2220 1436 2353 1492; x_wconf 87' lang='lat' dir='ltr'><strong>dicit</strong></span> <span class='ocrx_word' id='word_1_210' title='bbox 2380 1452 2447 1492; x_wconf 88' lang='lat' dir='ltr'><strong>ex</strong></span> <span class='ocrx_word' id='word_1_211' title='bbox 2469 1453 2701 1507; x_wconf 90' lang='lat' dir='ltr'><strong>persona</strong></span> <span class='ocrx_word' id='word_1_212' title='bbox 2732 1439 2876 1510; x_wconf 83' lang='lat' dir='ltr'><strong>regis</strong></span> <span class='ocrx_word' id='word_1_213' title='bbox 2902 1456 2916 1494; x_wconf 90' lang='lat'>:</span> 
     </span>
    </p>
   </div>
   <div class='ocr_carea' id='block_1_29' title="bbox 2041 1528 3554 1599">
    <p class='ocr_par' dir='ltr' id='par_1_29' title="bbox 2041 1528 3554 1599">
     <span class='ocr_line' id='line_1_29' title="bbox 2041 1528 3554 1599; baseline 0.004 -14"><span class='ocrx_word' id='word_1_214' title='bbox 2041 1548 2061 1585; x_wconf 72' lang='grc' dir='ltr'>ι</span> <span class='ocrx_word' id='word_1_215' title='bbox 2090 1528 2278 1586; x_wconf 84' lang='lat' dir='ltr'><strong>Facite</strong></span> <span class='ocrx_word' id='word_1_216' title='bbox 2304 1546 2518 1586; x_wconf 90' lang='lat' dir='ltr'><strong>mecum</strong></span> <span class='ocrx_word' id='word_1_217' title='bbox 2548 1533 3001 1599; x_wconf 89' lang='lat' dir='ltr'><strong>benedictionem,</strong></span> <span class='ocrx_word' id='word_1_218' title='bbox 3038 1554 3057 1587; x_wconf 69' lang='grc' dir='ltr'><strong>ι</strong></span> <span class='ocrx_word' id='word_1_219' title='bbox 3113 1536 3218 1591; x_wconf 90' lang='lat' dir='ltr'><strong>hoc</strong></span> <span class='ocrx_word' id='word_1_220' title='bbox 3246 1543 3352 1599; x_wconf 84' lang='lat' dir='ltr'><strong>est,</strong></span> <span class='ocrx_word' id='word_1_221' title='bbox 3391 1534 3554 1592; x_wconf 82' lang='lat' dir='ltr'><strong>facile</strong></span> 
     </span>
    </p>
   </div>
   <div class='ocr_carea' id='block_1_30' title="bbox 1964 1622 3548 1696">
    <p class='ocr_par' dir='ltr' id='par_1_30' title="bbox 1964 1622 3548 1696">
     <span class='ocr_line' id='line_1_30' title="bbox 1964 1622 3548 1696; baseline 0.004 -19"><span class='ocrx_word' id='word_1_222' title='bbox 1964 1622 2108 1693; x_wconf 89' lang='lat' dir='ltr'><strong>quod</strong></span> <span class='ocrx_word' id='word_1_223' title='bbox 2132 1622 2186 1675; x_wconf 78' lang='lat' dir='ltr'><strong>in</strong></span> <span class='ocrx_word' id='word_1_224' title='bbox 2214 1632 2448 1679; x_wconf 87' lang='lat' dir='ltr'><strong>vestram</strong></span> <span class='ocrx_word' id='word_1_225' title='bbox 2472 1624 2904 1681; x_wconf 81' lang='lat' dir='ltr'><strong>benedictionem</strong></span> <span class='ocrx_word' id='word_1_226' title='bbox 2931 1627 3202 1696; x_wconf 75' lang='lat' dir='ltr'><strong>proficiat.</strong></span> <span class='ocrx_word' id='word_1_227' title='bbox 3237 1627 3548 1683; x_wconf 88' lang='lat' dir='ltr'><strong>Benedicite</strong></span> 
     </span>
    </p>
   </div>
   <div class='ocr_carea' id='block_1_31' title="bbox 266 1692 1858 1790">
    <p class='ocr_par' dir='ltr' id='par_1_31' title="bbox 266 1692 1858 1763">
     <span class='ocr_line' id='line_1_31' title="bbox 266 1692 1858 1763; baseline 0 -15"><span class='ocrx_word' id='word_1_228' title='bbox 266 1694 585 1749; x_wconf 81' lang='lat' dir='ltr'><strong>imitabatur</strong></span> <span class='ocrx_word' id='word_1_229' title='bbox 612 1694 929 1763; x_wconf 80' lang='lat' dir='ltr'><strong>prophetas,</strong></span> <span class='ocrx_word' id='word_1_230' title='bbox 953 1693 1045 1763; x_wconf 91' lang='lat' dir='ltr'><strong>qui</strong></span> <span class='ocrx_word' id='word_1_231' title='bbox 1071 1693 1323 1749; x_wconf 89' lang='lat' dir='ltr'><strong>dicebant</strong></span> <span class='ocrx_word' id='word_1_232' title='bbox 1350 1712 1365 1748; x_wconf 88' lang='lat'><strong>:</strong></span> <span class='ocrx_word' id='word_1_233' title='bbox 1403 1713 1422 1746; x_wconf 75' lang='grc' dir='ltr'>ί</span> <span class='ocrx_word' id='word_1_234' title='bbox 1460 1692 1587 1748; x_wconf 70' lang='lat' dir='ltr'><strong>Haec</strong></span> <span class='ocrx_word' id='word_1_235' title='bbox 1606 1693 1738 1748; x_wconf 90' lang='lat' dir='ltr'><strong>dicit</strong></span> <span class='ocrx_word' id='word_1_236' title='bbox 1758 1694 1858 1748; x_wconf 90' lang='lat' dir='ltr'><strong>Do-</strong></span> 
     </span>
    </p>
   </div>
   <div class='ocr_carea' id='block_1_32' title="bbox 1966 1692 3553 1790">
    <p class='ocr_par' dir='ltr' id='par_1_32' title="bbox 1966 1692 3553 1790">
     <span class='ocr_line' id='line_1_32' title="bbox 1966 1692 3553 1790; baseline 0.006 -25"><span class='ocrx_word' id='word_1_237' title='bbox 1966 1713 2078 1783; x_wconf 80' lang='lat' dir='ltr'><strong>regi</strong></span> <span class='ocrx_word' id='word_1_238' title='bbox 2114 1712 2353 1784; x_wconf 82' lang='lat' dir='ltr'><strong>Assyrio,</strong></span> <span class='ocrx_word' id='word_1_239' title='bbox 2389 1723 2444 1769; x_wconf 90' lang='lat' dir='ltr'><strong>et</strong></span> <span class='ocrx_word' id='word_1_240' title='bbox 2469 1730 2592 1770; x_wconf 90' lang='lat' dir='ltr'><strong>eum</strong></span> <span class='ocrx_word' id='word_1_241' title='bbox 2617 1715 2907 1771; x_wconf 78' lang='lat' dir='ltr'><strong>dominum</strong></span> <span class='ocrx_word' id='word_1_242' title='bbox 2934 1692 3293 1784; x_wconf 84' lang='lat' dir='ltr'><strong>confitemini,</strong></span> <span class='ocrx_word' id='word_1_243' title='bbox 3320 1726 3381 1773; x_wconf 92' lang='lat' dir='ltr'><strong>ut</strong></span> <span class='ocrx_word' id='word_1_244' title='bbox 3414 1736 3553 1790; x_wconf 73' lang='lat' dir='ltr'><strong>prm-</strong></span> 
     </span>
    </p>
   </div>
   <div class='ocr_carea' id='block_1_33' title="bbox 264 1764 3546 1881">
    <p class='ocr_par' dir='ltr' id='par_1_33' title="bbox 264 1764 3546 1881">
     <span class='ocr_line' id='line_1_33' title="bbox 264 1764 3546 1881; baseline -0.002 -41"><span class='ocrx_word' id='word_1_245' title='bbox 264 1787 470 1841; x_wconf 83' lang='lat' dir='ltr'><strong>iuiuus.</strong></span> <span class='ocrx_word' id='word_1_246' title='bbox 516 1806 537 1837; x_wconf 74' lang='grc' dir='ltr'><strong><em>ι</em></strong></span> <span class='ocrx_word' id='word_1_247' title='bbox 567 1786 673 1841; x_wconf 90' lang='lat' dir='ltr'><strong>lste</strong></span> <span class='ocrx_word' id='word_1_248' title='bbox 701 1786 855 1840; x_wconf 82' lang='lat' dir='ltr'><strong>dixit.</strong></span> <span class='ocrx_word' id='word_1_249' title='bbox 886 1803 905 1835; x_wconf 75' lang='grc' dir='ltr'>ι</span> <span class='ocrx_word' id='word_1_250' title='bbox 941 1785 1069 1839; x_wconf 60' lang='lat' dir='ltr'><strong>Haec</strong></span> <span class='ocrx_word' id='word_1_251' title='bbox 1090 1784 1223 1840; x_wconf 89' lang='lat' dir='ltr'><strong>dicit</strong></span> <span class='ocrx_word' id='word_1_252' title='bbox 1250 1801 1345 1840; x_wconf 89' lang='lat' dir='ltr'><strong>rex</strong></span> <span class='ocrx_word' id='word_1_253' title='bbox 1366 1800 1615 1855; x_wconf 81' lang='lat' dir='ltr'><strong>magnus,</strong></span> <span class='ocrx_word' id='word_1_254' title='bbox 1643 1800 1738 1838; x_wconf 88' lang='lat' dir='ltr'><strong>rex</strong></span> <span class='ocrx_word' id='word_1_255' title='bbox 1763 1783 1861 1838; x_wconf 86' lang='lat' dir='ltr'><strong>As-</strong></span> <span class='ocrx_word' id='word_1_256' title='bbox 1889 1764 1935 1823; x_wconf 76' lang='grc' dir='ltr'><strong>Β</strong></span> <span class='ocrx_word' id='word_1_257' title='bbox 1962 1764 2072 1858; x_wconf 56' lang='lat' dir='ltr'><strong>mi;</strong></span> <span class='ocrx_word' id='word_1_258' title='bbox 2099 1764 2532 1875; x_wconf 44' lang='grc' dir='ltr'><strong>εοηξθηηληιίηίν</strong></span> <span class='ocrx_word' id='word_1_259' title='bbox 2562 1808 2733 1863; x_wconf 70' lang='lat' dir='ltr'><strong>donec</strong></span> <span class='ocrx_word' id='word_1_260' title='bbox 2782 1818 3028 1863; x_wconf 49' lang='lat' dir='ltr'><strong>revertar</strong></span> <span class='ocrx_word' id='word_1_261' title='bbox 3052 1809 3117 1863; x_wconf 70' lang='lat' dir='ltr'><strong>de</strong></span> <span class='ocrx_word' id='word_1_262' title='bbox 3146 1764 3546 1881; x_wconf 37' lang='lat' dir='ltr'><strong>Edpmfvgi’</strong></span> 
     </span>
    </p>
   </div>
   <div class='ocr_carea' id='block_1_34' title="bbox 262 1874 1860 1950">
    <p class='ocr_par' dir='ltr' id='par_1_34' title="bbox 262 1874 1860 1950">
     <span class='ocr_line' id='line_1_34' title="bbox 262 1874 1860 1950; baseline -0.003 -16"><span class='ocrx_word' id='word_1_263' title='bbox 262 1880 563 1950; x_wconf 75' lang='lat' dir='ltr'><strong>syriorum.</strong></span> <span class='ocrx_word' id='word_1_264' title='bbox 598 1896 618 1930; x_wconf 70' lang='grc' dir='ltr'><strong><em>ι</em></strong></span> <span class='ocrx_word' id='word_1_265' title='bbox 648 1877 727 1932; x_wconf 88' lang='lat' dir='ltr'><strong>Ac</strong></span> <span class='ocrx_word' id='word_1_266' title='bbox 747 1877 984 1948; x_wconf 89' lang='lat' dir='ltr'><strong>primum</strong></span> <span class='ocrx_word' id='word_1_267' title='bbox 1009 1877 1135 1946; x_wconf 88' lang='lat' dir='ltr'><strong>quia</strong></span> <span class='ocrx_word' id='word_1_268' title='bbox 1166 1876 1306 1931; x_wconf 84' lang='lat' dir='ltr'><strong>dixit</strong></span> <span class='ocrx_word' id='word_1_269' title='bbox 1335 1893 1348 1931; x_wconf 91' lang='lat'>:</span> <span class='ocrx_word' id='word_1_270' title='bbox 1384 1896 1402 1927; x_wconf 73' lang='grc' dir='ltr'>ι</span> <span class='ocrx_word' id='word_1_271' title='bbox 1436 1874 1675 1931; x_wconf 85' lang='lat' dir='ltr'><strong>Confidis</strong></span> <span class='ocrx_word' id='word_1_272' title='bbox 1697 1889 1860 1945; x_wconf 86' lang='lat' dir='ltr'><strong>super</strong></span> 
     </span>
    </p>
   </div>
   <div class='ocr_carea' id='block_1_35' title="bbox 261 1967 1853 2042">
    <p class='ocr_par' dir='ltr' id='par_1_35' title="bbox 261 1967 1853 2042">
     <span class='ocr_line' id='line_1_35' title="bbox 261 1967 1853 2042; baseline -0.001 -18"><span class='ocrx_word' id='word_1_273' title='bbox 261 1970 583 2042; x_wconf 70' lang='lat' dir='ltr'><strong>£gyptum,</strong></span> <span class='ocrx_word' id='word_1_274' title='bbox 619 1989 637 2020; x_wconf 83' lang='grc'>›</span> <span class='ocrx_word' id='word_1_275' title='bbox 670 1969 868 2024; x_wconf 87' lang='lat' dir='ltr'><strong>falsum</strong></span> <span class='ocrx_word' id='word_1_276' title='bbox 916 1980 1020 2025; x_wconf 90' lang='lat' dir='ltr'><strong>est.</strong></span> <span class='ocrx_word' id='word_1_277' title='bbox 1052 1967 1207 2024; x_wconf 84' lang='lat' dir='ltr'><strong>Nulla</strong></span> <span class='ocrx_word' id='word_1_278' title='bbox 1228 1969 1374 2025; x_wconf 89' lang='lat' dir='ltr'><strong>enim</strong></span> <span class='ocrx_word' id='word_1_279' title='bbox 1403 1978 1592 2024; x_wconf 90' lang='lat' dir='ltr'><strong>narrat</strong></span> <span class='ocrx_word' id='word_1_280' title='bbox 1608 1969 1853 2033; x_wconf 89' lang='lat' dir='ltr'><strong>historia,</strong></span> 
     </span>
    </p>
   </div>
   <div class='ocr_carea' id='block_1_36' title="bbox 260 2061 1860 2135">
    <p class='ocr_par' dir='ltr' id='par_1_36' title="bbox 260 2061 1860 2135">
     <span class='ocr_line' id='line_1_36' title="bbox 260 2061 1860 2135; baseline 0 -18"><span class='ocrx_word' id='word_1_281' title='bbox 260 2065 407 2135; x_wconf 87' lang='lat' dir='ltr'><strong>quod</strong></span> <span class='ocrx_word' id='word_1_282' title='bbox 430 2064 695 2119; x_wconf 83' lang='lat' dir='ltr'><strong>Ezechias</strong></span> <span class='ocrx_word' id='word_1_283' title='bbox 715 2062 1015 2118; x_wconf 87' lang='lat' dir='ltr'><strong>Pharaonis</strong></span> <span class='ocrx_word' id='word_1_284' title='bbox 1041 2061 1303 2117; x_wconf 84' lang='lat' dir='ltr'><strong>auxilium</strong></span> <span class='ocrx_word' id='word_1_285' title='bbox 1331 2062 1653 2133; x_wconf 89' lang='lat' dir='ltr'><strong>postularet.</strong></span> <span class='ocrx_word' id='word_1_286' title='bbox 1678 2061 1860 2130; x_wconf 86' lang='lat' dir='ltr'><strong>Quod-</strong></span> 
     </span>
    </p>
   </div>
   <div class='ocr_carea' id='block_1_37' title="bbox 262 2153 1859 2226">
    <p class='ocr_par' dir='ltr' id='par_1_37' title="bbox 262 2153 1859 2226">
     <span class='ocr_line' id='line_1_37' title="bbox 262 2153 1859 2226; baseline -0.001 -17"><span class='ocrx_word' id='word_1_287' title='bbox 262 2170 368 2226; x_wconf 88' lang='lat' dir='ltr'><strong>que</strong></span> <span class='ocrx_word' id='word_1_288' title='bbox 396 2156 607 2210; x_wconf 85' lang='lat' dir='ltr'><strong>infert:</strong></span> <span class='ocrx_word' id='word_1_289' title='bbox 647 2173 667 2206; x_wconf 70' lang='grc' dir='ltr'>ι</span> <span class='ocrx_word' id='word_1_290' title='bbox 706 2153 764 2209; x_wconf 89' lang='lat' dir='ltr'><strong>Si</strong></span> <span class='ocrx_word' id='word_1_291' title='bbox 791 2154 1136 2224; x_wconf 88' lang='lat' dir='ltr'><strong>responderis</strong></span> <span class='ocrx_word' id='word_1_292' title='bbox 1174 2154 1326 2217; x_wconf 91' lang='lat' dir='ltr'><strong>mihi,</strong></span> <span class='ocrx_word' id='word_1_293' title='bbox 1362 2153 1416 2208; x_wconf 93' lang='lat' dir='ltr'><strong>in</strong></span> <span class='ocrx_word' id='word_1_294' title='bbox 1471 2153 1700 2208; x_wconf 91' lang='lat' dir='ltr'><strong>Domino</strong></span> <span class='ocrx_word' id='word_1_295' title='bbox 1745 2153 1859 2209; x_wconf 90' lang='lat' dir='ltr'><strong>Deo</strong></span> 
     </span>
    </p>
   </div>
   <div class='ocr_carea' id='block_1_38' title="bbox 259 2247 1858 2319">
    <p class='ocr_par' dir='ltr' id='par_1_38' title="bbox 259 2247 1858 2319">
     <span class='ocr_line' id='line_1_38' title="bbox 259 2247 1858 2319; baseline -0.003 -13"><span class='ocrx_word' id='word_1_296' title='bbox 259 2250 606 2316; x_wconf 81' lang='lat' dir='ltr'><strong>confidimus,</strong></span> <span class='ocrx_word' id='word_1_297' title='bbox 645 2269 664 2302; x_wconf 66' lang='grc' dir='ltr'><strong>ν</strong></span> <span class='ocrx_word' id='word_1_298' title='bbox 697 2265 887 2304; x_wconf 90' lang='lat' dir='ltr'><strong>verum</strong></span> <span class='ocrx_word' id='word_1_299' title='bbox 919 2258 1022 2304; x_wconf 91' lang='lat' dir='ltr'><strong>est.</strong></span> <span class='ocrx_word' id='word_1_300' title='bbox 1054 2247 1161 2304; x_wconf 88' lang='lat' dir='ltr'><strong>Sed</strong></span> <span class='ocrx_word' id='word_1_301' title='bbox 1182 2249 1360 2319; x_wconf 81' lang='lat' dir='ltr'><strong>jungit</strong></span> <span class='ocrx_word' id='word_1_302' title='bbox 1387 2263 1604 2303; x_wconf 88' lang='lat' dir='ltr'><strong>rursum</strong></span> <span class='ocrx_word' id='word_1_303' title='bbox 1636 2248 1858 2303; x_wconf 78' lang='lat' dir='ltr'><strong>menda-</strong></span> 
     </span>
    </p>
   </div>
   <div class='ocr_carea' id='block_1_39' title="bbox 261 2338 1855 2410">
    <p class='ocr_par' dir='ltr' id='par_1_39' title="bbox 261 2338 1855 2410">
     <span class='ocr_line' id='line_1_39' title="bbox 261 2338 1855 2410; baseline -0.003 -14"><span class='ocrx_word' id='word_1_304' title='bbox 261 2343 402 2396; x_wconf 87' lang='lat' dir='ltr'><strong>cium</strong></span> <span class='ocrx_word' id='word_1_305' title='bbox 432 2341 680 2404; x_wconf 74' lang='lat' dir='ltr'><strong>veritati,</strong></span> <span class='ocrx_word' id='word_1_306' title='bbox 718 2340 863 2410; x_wconf 91' lang='lat' dir='ltr'><strong>quod</strong></span> <span class='ocrx_word' id='word_1_307' title='bbox 891 2339 1116 2395; x_wconf 84' lang='lat' dir='ltr'><strong>abstulit</strong></span> <span class='ocrx_word' id='word_1_308' title='bbox 1150 2338 1414 2394; x_wconf 82' lang='lat' dir='ltr'><strong>Ezechias</strong></span> <span class='ocrx_word' id='word_1_309' title='bbox 1456 2338 1671 2394; x_wconf 83' lang='lat' dir='ltr'><strong>excelsa</strong></span> <span class='ocrx_word' id='word_1_310' title='bbox 1717 2338 1855 2408; x_wconf 76' lang='lat' dir='ltr'><strong>ejus,</strong></span> 
     </span>
    </p>
   </div>
   <div class='ocr_carea' id='block_1_40' title="bbox 261 2430 1857 2500">
    <p class='ocr_par' dir='ltr' id='par_1_40' title="bbox 261 2430 1857 2500">
     <span class='ocr_line' id='line_1_40' title="bbox 261 2430 1857 2500; baseline -0.004 -9"><span class='ocrx_word' id='word_1_311' title='bbox 261 2446 312 2491; x_wconf 90' lang='lat' dir='ltr'><strong>et</strong></span> <span class='ocrx_word' id='word_1_312' title='bbox 333 2436 559 2490; x_wconf 84' lang='lat' dir='ltr'><strong>altaria.</strong></span> <span class='ocrx_word' id='word_1_313' title='bbox 586 2432 713 2488; x_wconf 73' lang='lat' dir='ltr'><strong>Ilaec</strong></span> <span class='ocrx_word' id='word_1_314' title='bbox 740 2433 886 2488; x_wconf 91' lang='lat' dir='ltr'><strong>enim</strong></span> <span class='ocrx_word' id='word_1_315' title='bbox 913 2447 1021 2488; x_wconf 92' lang='lat' dir='ltr'><strong>non</strong></span> <span class='ocrx_word' id='word_1_316' title='bbox 1045 2440 1235 2487; x_wconf 90' lang='lat' dir='ltr'><strong>contra</strong></span> <span class='ocrx_word' id='word_1_317' title='bbox 1262 2430 1451 2495; x_wconf 90' lang='lat' dir='ltr'><strong>Deum,</strong></span> <span class='ocrx_word' id='word_1_318' title='bbox 1480 2430 1574 2486; x_wconf 89' lang='lat' dir='ltr'><strong>sed</strong></span> <span class='ocrx_word' id='word_1_319' title='bbox 1605 2445 1703 2500; x_wconf 90' lang='lat' dir='ltr'><strong>pro</strong></span> <span class='ocrx_word' id='word_1_320' title='bbox 1744 2430 1857 2485; x_wconf 88' lang='lat' dir='ltr'><strong>Deo</strong></span> 
     </span>
    </p>
   </div>
   <div class='ocr_carea' id='block_1_41' title="bbox 261 2523 1860 2593">
    <p class='ocr_par' dir='ltr' id='par_1_41' title="bbox 261 2523 1860 2593">
     <span class='ocr_line' id='line_1_41' title="bbox 261 2523 1860 2593; baseline -0.004 -11"><span class='ocrx_word' id='word_1_321' title='bbox 261 2527 409 2592; x_wconf 85' lang='lat' dir='ltr'><strong>fecit,</strong></span> <span class='ocrx_word' id='word_1_322' title='bbox 436 2535 520 2593; x_wconf 89' lang='lat' dir='ltr'><strong>ut,</strong></span> <span class='ocrx_word' id='word_1_323' title='bbox 549 2526 826 2581; x_wconf 87' lang='lat' dir='ltr'><strong>destructa</strong></span> <span class='ocrx_word' id='word_1_324' title='bbox 859 2524 1163 2580; x_wconf 86' lang='lat' dir='ltr'><strong>idololatria</strong></span> <span class='ocrx_word' id='word_1_325' title='bbox 1220 2535 1277 2579; x_wconf 89' lang='lat' dir='ltr'><strong>et</strong></span> <span class='ocrx_word' id='word_1_326' title='bbox 1321 2523 1491 2578; x_wconf 88' lang='lat' dir='ltr'><strong>veteri</strong></span> <span class='ocrx_word' id='word_1_327' title='bbox 1543 2538 1751 2585; x_wconf 89' lang='lat' dir='ltr'><strong>errore.</strong></span> <span class='ocrx_word' id='word_1_328' title='bbox 1777 2523 1860 2593; x_wconf 85' lang='lat' dir='ltr'><strong>ju-</strong></span> 
     </span>
    </p>
   </div>
   <div class='ocr_carea' id='block_1_42' title="bbox 261 2611 1858 2682">
    <p class='ocr_par' dir='ltr' id='par_1_42' title="bbox 261 2611 1858 2682">
     <span class='ocr_line' id='line_1_42' title="bbox 261 2611 1858 2682; baseline -0.005 -8"><span class='ocrx_word' id='word_1_329' title='bbox 261 2618 415 2674; x_wconf 87' lang='lat' dir='ltr'><strong>beret</strong></span> <span class='ocrx_word' id='word_1_330' title='bbox 436 2618 612 2672; x_wconf 90' lang='lat' dir='ltr'><strong>Deum</strong></span> <span class='ocrx_word' id='word_1_331' title='bbox 640 2617 857 2672; x_wconf 86' lang='lat' dir='ltr'><strong>adorari</strong></span> <span class='ocrx_word' id='word_1_332' title='bbox 889 2632 941 2669; x_wconf 73' lang='lat' dir='ltr'><strong>in</strong></span> <span class='ocrx_word' id='word_1_333' title='bbox 969 2614 1293 2679; x_wconf 82' lang='lat' dir='ltr'><strong>Jerusalem,</strong></span> <span class='ocrx_word' id='word_1_334' title='bbox 1318 2614 1409 2669; x_wconf 90' lang='lat' dir='ltr'><strong>ubi</strong></span> <span class='ocrx_word' id='word_1_335' title='bbox 1449 2612 1552 2667; x_wconf 88' lang='lat' dir='ltr'><strong>fuit</strong></span> <span class='ocrx_word' id='word_1_336' title='bbox 1598 2611 1858 2682; x_wconf 89' lang='lat' dir='ltr'><strong>templum</strong></span> 
     </span>
    </p>
   </div>
   <div class='ocr_carea' id='block_1_43' title="bbox 259 2708 1854 2782">
    <p class='ocr_par' dir='ltr' id='par_1_43' title="bbox 259 2708 1854 2782">
     <span class='ocr_line' id='line_1_43' title="bbox 259 2708 1854 2782; baseline -0.001 -20"><span class='ocrx_word' id='word_1_337' title='bbox 259 2709 395 2777; x_wconf 90' lang='lat' dir='ltr'><strong>ejus.</strong></span> <span class='ocrx_word' id='word_1_338' title='bbox 427 2709 644 2782; x_wconf 86' lang='lat' dir='ltr'><strong>Quique</strong></span> <span class='ocrx_word' id='word_1_339' title='bbox 673 2718 732 2765; x_wconf 94' lang='lat' dir='ltr'><strong>ut</strong></span> <span class='ocrx_word' id='word_1_340' title='bbox 756 2711 1083 2781; x_wconf 89' lang='lat' dir='ltr'><strong>paucitatem</strong></span> <span class='ocrx_word' id='word_1_341' title='bbox 1131 2709 1476 2764; x_wconf 89' lang='lat' dir='ltr'><strong>obsessorum</strong></span> <span class='ocrx_word' id='word_1_342' title='bbox 1523 2708 1854 2771; x_wconf 87' lang='lat' dir='ltr'><strong>ostenderet,</strong></span> 
     </span>
    </p>
   </div>
   <div class='ocr_carea' id='block_1_44' title="bbox 259 2800 1858 2871">
    <p class='ocr_par' dir='ltr' id='par_1_44' title="bbox 259 2800 1858 2871">
     <span class='ocr_line' id='line_1_44' title="bbox 259 2800 1858 2871; baseline 0.001 -17"><span class='ocrx_word' id='word_1_343' title='bbox 259 2800 366 2854; x_wconf 85' lang='lat' dir='ltr'><strong>duo</strong></span> <span class='ocrx_word' id='word_1_344' title='bbox 395 2800 567 2855; x_wconf 87' lang='lat' dir='ltr'><strong>millia</strong></span> <span class='ocrx_word' id='word_1_345' title='bbox 596 2816 861 2871; x_wconf 90' lang='lat' dir='ltr'><strong>equorum</strong></span> <span class='ocrx_word' id='word_1_346' title='bbox 906 2800 1192 2871; x_wconf 89' lang='lat' dir='ltr'><strong>pollicetur</strong></span> <span class='ocrx_word' id='word_1_347' title='bbox 1214 2840 1229 2868; x_wconf 93' lang='lat'><strong>,</strong></span> <span class='ocrx_word' id='word_1_348' title='bbox 1258 2814 1488 2870; x_wconf 89' lang='lat' dir='ltr'><strong>quorum</strong></span> <span class='ocrx_word' id='word_1_349' title='bbox 1541 2814 1858 2855; x_wconf 88' lang='lat' dir='ltr'><strong>aseensores</strong></span> 
     </span>
    </p>
   </div>
   <div class='ocr_carea' id='block_1_45' title="bbox 260 2889 1856 2960">
    <p class='ocr_par' dir='ltr' id='par_1_45' title="bbox 260 2889 1856 2960">
     <span class='ocr_line' id='line_1_45' title="bbox 260 2889 1856 2960; baseline -0.001 -15"><span class='ocrx_word' id='word_1_350' title='bbox 260 2890 526 2946; x_wconf 82' lang='lat' dir='ltr'><strong>Ezechias</strong></span> <span class='ocrx_word' id='word_1_351' title='bbox 554 2906 663 2945; x_wconf 89' lang='lat' dir='ltr'><strong>non</strong></span> <span class='ocrx_word' id='word_1_352' title='bbox 691 2891 934 2946; x_wconf 85' lang='lat' dir='ltr'><strong>haberet.</strong></span> <span class='ocrx_word' id='word_1_353' title='bbox 966 2890 1081 2946; x_wconf 80' lang='lat' dir='ltr'><strong>Non</strong></span> <span class='ocrx_word' id='word_1_354' title='bbox 1133 2890 1200 2947; x_wconf 90' lang='lat' dir='ltr'><strong>de</strong></span> <span class='ocrx_word' id='word_1_355' title='bbox 1249 2889 1622 2946; x_wconf 86' lang='lat' dir='ltr'><strong>imbecillitate</strong></span> <span class='ocrx_word' id='word_1_356' title='bbox 1669 2889 1856 2960; x_wconf 91' lang='lat' dir='ltr'><strong>populi</strong></span> 
     </span>
    </p>
   </div>
   <div class='ocr_carea' id='block_1_46' title="bbox 259 2984 1857 3055">
    <p class='ocr_par' dir='ltr' id='par_1_46' title="bbox 259 2984 1857 3055">
     <span class='ocr_line' id='line_1_46' title="bbox 259 2984 1857 3055; baseline 0.001 -20"><span class='ocrx_word' id='word_1_357' title='bbox 259 2984 423 3047; x_wconf 87' lang='lat' dir='ltr'><strong>venit,</strong></span> <span class='ocrx_word' id='word_1_358' title='bbox 452 2985 615 3054; x_wconf 89' lang='lat' dir='ltr'><strong>quasi</strong></span> <span class='ocrx_word' id='word_1_359' title='bbox 652 2985 927 3054; x_wconf 85' lang='lat' dir='ltr'><strong>equitandi</strong></span> <span class='ocrx_word' id='word_1_360' title='bbox 976 2984 1194 3055; x_wconf 92' lang='lat' dir='ltr'><strong>ignari,</strong></span> <span class='ocrx_word' id='word_1_361' title='bbox 1225 2984 1319 3040; x_wconf 88' lang='lat' dir='ltr'><strong>sed</strong></span> <span class='ocrx_word' id='word_1_362' title='bbox 1364 2984 1430 3038; x_wconf 90' lang='lat' dir='ltr'><strong>de</strong></span> <span class='ocrx_word' id='word_1_363' title='bbox 1477 2984 1857 3039; x_wconf 85' lang='lat' dir='ltr'><strong>observatione</strong></span> 
     </span>
    </p>
   </div>
   <div class='ocr_carea' id='block_1_47' title="bbox 1958 1896 3550 1967">
    <p class='ocr_par' dir='ltr' id='par_1_47' title="bbox 1958 1896 3550 1967">
     <span class='ocr_line' id='line_1_47' title="bbox 1958 1896 3550 1967; baseline 0.004 -17"><span class='ocrx_word' id='word_1_364' title='bbox 1958 1906 2117 1966; x_wconf 82' lang='lat' dir='ltr'><strong>capta</strong></span> <span class='ocrx_word' id='word_1_365' title='bbox 2147 1896 2348 1963; x_wconf 87' lang='lat' dir='ltr'><strong>Sohna,</strong></span> <span class='ocrx_word' id='word_1_366' title='bbox 2383 1899 2622 1954; x_wconf 88' lang='lat' dir='ltr'><strong>redeam.</strong></span> <span class='ocrx_word' id='word_1_367' title='bbox 2679 1898 2931 1956; x_wconf 82' lang='lat' dir='ltr'><strong>Hahitate</strong></span> <span class='ocrx_word' id='word_1_368' title='bbox 2979 1901 3034 1955; x_wconf 90' lang='lat' dir='ltr'><strong>in</strong></span> <span class='ocrx_word' id='word_1_369' title='bbox 3060 1902 3196 1957; x_wconf 89' lang='lat' dir='ltr'><strong>urbe</strong></span> <span class='ocrx_word' id='word_1_370' title='bbox 3223 1911 3400 1958; x_wconf 84' lang='lat' dir='ltr'><strong>vestra</strong></span> <span class='ocrx_word' id='word_1_371' title='bbox 3425 1944 3439 1967; x_wconf 96' lang='lat'><strong>,</strong></span> <span class='ocrx_word' id='word_1_372' title='bbox 3494 1913 3550 1957; x_wconf 90' lang='lat' dir='ltr'><strong>et</strong></span> 
     </span>
    </p>
   </div>
   <div class='ocr_carea' id='block_1_48' title="bbox 1958 1994 3554 2066">
    <p class='ocr_par' dir='ltr' id='par_1_48' title="bbox 1958 1994 3554 2066">
     <span class='ocr_line' id='line_1_48' title="bbox 1958 1994 3554 2066; baseline 0.004 -19"><span class='ocrx_word' id='word_1_373' title='bbox 1958 1994 2121 2049; x_wconf 88' lang='lat' dir='ltr'><strong>rebus</strong></span> <span class='ocrx_word' id='word_1_374' title='bbox 2157 1995 2354 2050; x_wconf 86' lang='lat' dir='ltr'><strong>vestris</strong></span> <span class='ocrx_word' id='word_1_375' title='bbox 2390 1994 2651 2062; x_wconf 88' lang='lat' dir='ltr'><strong>fruimini,</strong></span> <span class='ocrx_word' id='word_1_376' title='bbox 2688 2004 2746 2051; x_wconf 91' lang='lat' dir='ltr'><strong>et</strong></span> <span class='ocrx_word' id='word_1_377' title='bbox 2802 2005 2989 2066; x_wconf 89' lang='lat' dir='ltr'><strong>postea</strong></span> <span class='ocrx_word' id='word_1_378' title='bbox 3035 1998 3228 2052; x_wconf 87' lang='lat' dir='ltr'><strong>ducam</strong></span> <span class='ocrx_word' id='word_1_379' title='bbox 3269 2014 3366 2053; x_wconf 90' lang='lat' dir='ltr'><strong>vos</strong></span> <span class='ocrx_word' id='word_1_380' title='bbox 3400 2000 3450 2053; x_wconf 92' lang='lat' dir='ltr'><strong>in</strong></span> <span class='ocrx_word' id='word_1_381' title='bbox 3481 1999 3554 2053; x_wconf 82' lang='lat' dir='ltr'><strong>si-</strong></span> 
     </span>
    </p>
   </div>
   <div class='ocr_carea' id='block_1_49' title="bbox 1956 2083 3555 2155">
    <p class='ocr_par' dir='ltr' id='par_1_49' title="bbox 1956 2083 3555 2155">
     <span class='ocr_line' id='line_1_49' title="bbox 1956 2083 3555 2155; baseline 0.001 -17"><span class='ocrx_word' id='word_1_382' title='bbox 1956 2083 2138 2139; x_wconf 85' lang='lat' dir='ltr'><strong>milem</strong></span> <span class='ocrx_word' id='word_1_383' title='bbox 2170 2094 2331 2141; x_wconf 69' lang='lat' dir='ltr'><strong>terrae</strong></span> <span class='ocrx_word' id='word_1_384' title='bbox 2359 2094 2553 2142; x_wconf 68' lang='lat' dir='ltr'><strong>vestrm</strong></span> <span class='ocrx_word' id='word_1_385' title='bbox 2575 2094 2796 2142; x_wconf 90' lang='lat' dir='ltr'><strong>terram.</strong></span> <span class='ocrx_word' id='word_1_386' title='bbox 2828 2087 3000 2155; x_wconf 89' lang='lat' dir='ltr'><strong>Quam</strong></span> <span class='ocrx_word' id='word_1_387' title='bbox 3032 2096 3212 2143; x_wconf 90' lang='lat' dir='ltr'><strong>tamen</strong></span> <span class='ocrx_word' id='word_1_388' title='bbox 3248 2105 3355 2143; x_wconf 91' lang='lat' dir='ltr'><strong>non</strong></span> <span class='ocrx_word' id='word_1_389' title='bbox 3380 2091 3555 2144; x_wconf 79' lang='lat' dir='ltr'><strong>uomi—</strong></span> 
     </span>
    </p>
   </div>
   <div class='ocr_carea' id='block_1_50' title="bbox 1957 2175 3544 2248">
    <p class='ocr_par' dir='ltr' id='par_1_50' title="bbox 1957 2175 3544 2248">
     <span class='ocr_line' id='line_1_50' title="bbox 1957 2175 3544 2248; baseline 0.004 -20"><span class='ocrx_word' id='word_1_390' title='bbox 1957 2175 2123 2241; x_wconf 87' lang='lat' dir='ltr'><strong>navit,</strong></span> <span class='ocrx_word' id='word_1_391' title='bbox 2150 2176 2276 2245; x_wconf 90' lang='lat' dir='ltr'><strong>quia</strong></span> <span class='ocrx_word' id='word_1_392' title='bbox 2299 2177 2528 2232; x_wconf 89' lang='lat' dir='ltr'><strong>similem</strong></span> <span class='ocrx_word' id='word_1_393' title='bbox 2555 2179 2604 2232; x_wconf 91' lang='lat' dir='ltr'><strong>ei</strong></span> <span class='ocrx_word' id='word_1_394' title='bbox 2636 2178 2879 2233; x_wconf 89' lang='lat' dir='ltr'><strong>invenire</strong></span> <span class='ocrx_word' id='word_1_395' title='bbox 2900 2194 3007 2233; x_wconf 92' lang='lat' dir='ltr'><strong>non</strong></span> <span class='ocrx_word' id='word_1_396' title='bbox 3025 2181 3224 2248; x_wconf 86' lang='lat' dir='ltr'><strong>potuit,</strong></span> <span class='ocrx_word' id='word_1_397' title='bbox 3241 2180 3544 2235; x_wconf 71' lang='lat' dir='ltr'><strong>seelsimili-</strong></span> 
     </span>
    </p>
   </div>
   <div class='ocr_carea' id='block_1_51' title="bbox 1957 2269 3550 2341">
    <p class='ocr_par' dir='ltr' id='par_1_51' title="bbox 1957 2269 3550 2341">
     <span class='ocr_line' id='line_1_51' title="bbox 1957 2269 3550 2341; baseline 0 -15"><span class='ocrx_word' id='word_1_398' title='bbox 1957 2269 2197 2326; x_wconf 90' lang='lat' dir='ltr'><strong>tudinem</strong></span> <span class='ocrx_word' id='word_1_399' title='bbox 2222 2284 2329 2324; x_wconf 90' lang='lat' dir='ltr'><strong>non</strong></span> <span class='ocrx_word' id='word_1_400' title='bbox 2357 2271 2539 2339; x_wconf 87' lang='lat' dir='ltr'><strong>ponit;</strong></span> <span class='ocrx_word' id='word_1_401' title='bbox 2575 2271 2678 2326; x_wconf 88' lang='lat' dir='ltr'><strong>hoc</strong></span> <span class='ocrx_word' id='word_1_402' title='bbox 2703 2272 2846 2326; x_wconf 87' lang='lat' dir='ltr'><strong>enim</strong></span> <span class='ocrx_word' id='word_1_403' title='bbox 2896 2272 3267 2341; x_wconf 84' lang='lat' dir='ltr'><strong>unusquisque</strong></span> <span class='ocrx_word' id='word_1_404' title='bbox 3300 2273 3445 2335; x_wconf 91' lang='lat' dir='ltr'><strong>vult,</strong></span> <span class='ocrx_word' id='word_1_405' title='bbox 3495 2273 3550 2327; x_wconf 89' lang='lat' dir='ltr'><strong>iu</strong></span> 
     </span>
    </p>
   </div>
   <div class='ocr_carea' id='block_1_52' title="bbox 1956 2360 3550 2433">
    <p class='ocr_par' dir='ltr' id='par_1_52' title="bbox 1956 2360 3550 2433">
     <span class='ocr_line' id='line_1_52' title="bbox 1956 2360 3550 2433; baseline 0 -17"><span class='ocrx_word' id='word_1_406' title='bbox 1956 2376 2065 2431; x_wconf 83' lang='lat' dir='ltr'><strong>quo</strong></span> <span class='ocrx_word' id='word_1_407' title='bbox 2090 2367 2251 2415; x_wconf 88' lang='lat' dir='ltr'><strong>natus</strong></span> <span class='ocrx_word' id='word_1_408' title='bbox 2275 2367 2376 2416; x_wconf 90' lang='lat' dir='ltr'><strong>est.</strong></span> <span class='ocrx_word' id='word_1_409' title='bbox 2408 2360 2518 2432; x_wconf 78' lang='lat' dir='ltr'><strong>(Ea:</strong></span> <span class='ocrx_word' id='word_1_410' title='bbox 2545 2360 2735 2432; x_wconf 85' lang='lat' dir='ltr'><strong>Beda.)</strong></span> <span class='ocrx_word' id='word_1_411' title='bbox 2761 2361 2864 2416; x_wconf 87' lang='lat' dir='ltr'><strong>Alii</strong></span> <span class='ocrx_word' id='word_1_412' title='bbox 2909 2369 3102 2433; x_wconf 88' lang='lat' dir='ltr'><strong>putant</strong></span> <span class='ocrx_word' id='word_1_413' title='bbox 3128 2368 3330 2416; x_wconf 89' lang='lat' dir='ltr'><strong>terram</strong></span> <span class='ocrx_word' id='word_1_414' title='bbox 3364 2362 3550 2417; x_wconf 69' lang='lat' dir='ltr'><strong>Media:</strong></span> 
     </span>
    </p>
   </div>
   <div class='ocr_carea' id='block_1_53' title="bbox 1958 2451 3550 2522">
    <p class='ocr_par' dir='ltr' id='par_1_53' title="bbox 1958 2451 3550 2522">
     <span class='ocr_line' id='line_1_53' title="bbox 1958 2451 3550 2522; baseline 0 -14"><span class='ocrx_word' id='word_1_415' title='bbox 1958 2454 2038 2508; x_wconf 91' lang='lat' dir='ltr'><strong>eis</strong></span> <span class='ocrx_word' id='word_1_416' title='bbox 2068 2452 2393 2522; x_wconf 83' lang='lat' dir='ltr'><strong>repromitti,</strong></span> <span class='ocrx_word' id='word_1_417' title='bbox 2420 2468 2540 2520; x_wconf 68' lang='lat' dir='ltr'><strong>qua:</strong></span> <span class='ocrx_word' id='word_1_418' title='bbox 2569 2461 2728 2507; x_wconf 71' lang='lat' dir='ltr'><strong>terra:</strong></span> <span class='ocrx_word' id='word_1_419' title='bbox 2754 2451 2954 2508; x_wconf 67' lang='lat' dir='ltr'><strong>Judzcm</strong></span> <span class='ocrx_word' id='word_1_420' title='bbox 3003 2453 3411 2507; x_wconf 55' lang='lat' dir='ltr'><strong>similitudinem</strong></span> <span class='ocrx_word' id='word_1_421' title='bbox 3449 2454 3550 2508; x_wconf 89' lang='lat' dir='ltr'><strong>ha-</strong></span> 
     </span>
    </p>
   </div>
   <div class='ocr_carea' id='block_1_54' title="bbox 1956 2541 3552 2611">
    <p class='ocr_par' dir='ltr' id='par_1_54' title="bbox 1956 2541 3552 2611">
     <span class='ocr_line' id='line_1_54' title="bbox 1956 2541 3552 2611; baseline 0 -14"><span class='ocrx_word' id='word_1_422' title='bbox 1956 2542 2100 2606; x_wconf 86' lang='lat' dir='ltr'><strong>beat,</strong></span> <span class='ocrx_word' id='word_1_423' title='bbox 2128 2551 2239 2596; x_wconf 90' lang='lat' dir='ltr'><strong>tam</strong></span> <span class='ocrx_word' id='word_1_424' title='bbox 2270 2543 2324 2597; x_wconf 94' lang='lat' dir='ltr'><strong>in</strong></span> <span class='ocrx_word' id='word_1_425' title='bbox 2353 2542 2460 2597; x_wconf 88' lang='lat' dir='ltr'><strong>situ</strong></span> <span class='ocrx_word' id='word_1_426' title='bbox 2484 2557 2646 2611; x_wconf 88' lang='lat' dir='ltr'><strong>quam</strong></span> <span class='ocrx_word' id='word_1_427' title='bbox 2679 2543 2732 2597; x_wconf 94' lang='lat' dir='ltr'><strong>in</strong></span> <span class='ocrx_word' id='word_1_428' title='bbox 2759 2541 3043 2598; x_wconf 83' lang='lat' dir='ltr'><strong>fructibus.</strong></span> <span class='ocrx_word' id='word_1_429' title='bbox 3062 2542 3216 2611; x_wconf 86' lang='lat' dir='ltr'><strong>Quod</strong></span> <span class='ocrx_word' id='word_1_430' title='bbox 3245 2544 3323 2597; x_wconf 86' lang='lat' dir='ltr'><strong>ait</strong></span> <span class='ocrx_word' id='word_1_431' title='bbox 3346 2542 3552 2597; x_wconf 80' lang='lat' dir='ltr'><strong>Rabsa-</strong></span> 
     </span>
    </p>
   </div>
   <div class='ocr_carea' id='block_1_55' title="bbox 1958 2631 3551 2702">
    <p class='ocr_par' dir='ltr' id='par_1_55' title="bbox 1958 2631 3551 2702">
     <span class='ocr_line' id='line_1_55' title="bbox 1958 2631 3551 2702; baseline 0.001 -16"><span class='ocrx_word' id='word_1_432' title='bbox 1958 2646 2070 2697; x_wconf 89' lang='lat' dir='ltr'><strong>ees,</strong></span> <span class='ocrx_word' id='word_1_433' title='bbox 2109 2632 2252 2685; x_wconf 90' lang='lat' dir='ltr'><strong>inter</strong></span> <span class='ocrx_word' id='word_1_434' title='bbox 2272 2631 2375 2686; x_wconf 89' lang='lat' dir='ltr'><strong>alia</strong></span> <span class='ocrx_word' id='word_1_435' title='bbox 2393 2672 2407 2695; x_wconf 91' lang='lat'><strong>,</strong></span> <span class='ocrx_word' id='word_1_436' title='bbox 2432 2631 2628 2701; x_wconf 89' lang='lat' dir='ltr'><strong>quibus</strong></span> <span class='ocrx_word' id='word_1_437' title='bbox 2656 2631 2827 2686; x_wconf 90' lang='lat' dir='ltr'><strong>Deum</strong></span> <span class='ocrx_word' id='word_1_438' title='bbox 2855 2631 3283 2702; x_wconf 88' lang='lat' dir='ltr'><strong>hlasphemabat,</strong></span> <span class='ocrx_word' id='word_1_439' title='bbox 3311 2631 3551 2688; x_wconf 90' lang='lat' dir='ltr'><strong>clamans</strong></span> 
     </span>
    </p>
   </div>
   <div class='ocr_carea' id='block_1_56' title="bbox 1959 2722 2523 2780">
    <p class='ocr_par' dir='ltr' id='par_1_56' title="bbox 1959 2722 2523 2780">
     <span class='ocr_line' id='line_1_56' title="bbox 1959 2722 2523 2780; baseline -0.004 0"><span class='ocrx_word' id='word_1_440' title='bbox 1959 2732 2148 2780; x_wconf 88' lang='lat' dir='ltr'><strong>contra</strong></span> <span class='ocrx_word' id='word_1_441' title='bbox 2176 2722 2479 2779; x_wconf 80' lang='lat' dir='ltr'><strong>Jerusalem</strong></span> <span class='ocrx_word' id='word_1_442' title='bbox 2509 2742 2523 2778; x_wconf 90' lang='lat'><strong>:</strong></span> 
     </span>
    </p>
   </div>
   <div class='ocr_carea' id='block_1_57' title="bbox 2032 2813 3548 2885">
    <p class='ocr_par' dir='ltr' id='par_1_57' title="bbox 2032 2813 3548 2885">
     <span class='ocr_line' id='line_1_57' title="bbox 2032 2813 3548 2885; baseline 0.003 -19"><span class='ocrx_word' id='word_1_443' title='bbox 2032 2833 2052 2866; x_wconf 70' lang='grc' dir='ltr'>ι</span> <span class='ocrx_word' id='word_1_444' title='bbox 2089 2813 2193 2870; x_wconf 84' lang='lat' dir='ltr'><strong>Ubi</strong></span> <span class='ocrx_word' id='word_1_445' title='bbox 2214 2822 2300 2870; x_wconf 90' lang='lat' dir='ltr'><strong>est</strong></span> <span class='ocrx_word' id='word_1_446' title='bbox 2324 2814 2467 2869; x_wconf 86' lang='lat' dir='ltr'><strong>Deus</strong></span> <span class='ocrx_word' id='word_1_447' title='bbox 2493 2814 2690 2869; x_wconf 88' lang='lat' dir='ltr'><strong>Emath</strong></span> <span class='ocrx_word' id='word_1_448' title='bbox 2718 2821 2771 2870; x_wconf 90' lang='lat' dir='ltr'><strong>et</strong></span> <span class='ocrx_word' id='word_1_449' title='bbox 2795 2814 3042 2885; x_wconf 79' lang='lat' dir='ltr'><strong>Arphad?</strong></span> <span class='ocrx_word' id='word_1_450' title='bbox 3066 2815 3159 2870; x_wconf 90' lang='lat' dir='ltr'><strong>ubi</strong></span> <span class='ocrx_word' id='word_1_451' title='bbox 3181 2824 3265 2870; x_wconf 91' lang='lat' dir='ltr'><strong>est</strong></span> <span class='ocrx_word' id='word_1_452' title='bbox 3292 2815 3436 2871; x_wconf 91' lang='lat' dir='ltr'><strong>Deus</strong></span> <span class='ocrx_word' id='word_1_453' title='bbox 3463 2831 3548 2870; x_wconf 78' lang='lat' dir='ltr'><strong>se-</strong></span> 
     </span>
    </p>
   </div>
   <div class='ocr_carea' id='block_1_58' title="bbox 1961 2902 3549 2975">
    <p class='ocr_par' dir='ltr' id='par_1_58' title="bbox 1961 2902 3549 2975">
     <span class='ocr_line' id='line_1_58' title="bbox 1961 2902 3549 2975; baseline 0.003 -20"><span class='ocrx_word' id='word_1_454' title='bbox 1961 2921 1983 2955; x_wconf 75' lang='grc' dir='ltr'><strong><em>ι</em></strong></span> <span class='ocrx_word' id='word_1_455' title='bbox 2015 2903 2316 2973; x_wconf 88' lang='lat' dir='ltr'><strong>pharvaim,</strong></span> <span class='ocrx_word' id='word_1_456' title='bbox 2344 2902 2460 2958; x_wconf 78' lang='lat' dir='ltr'><strong>Ana</strong></span> <span class='ocrx_word' id='word_1_457' title='bbox 2490 2912 2548 2959; x_wconf 84' lang='lat' dir='ltr'><strong>et</strong></span> <span class='ocrx_word' id='word_1_458' title='bbox 2568 2903 2718 2958; x_wconf 84' lang='lat' dir='ltr'><strong>Ava?</strong></span> <span class='ocrx_word' id='word_1_459' title='bbox 2762 2902 3016 2975; x_wconf 84' lang='lat' dir='ltr'><strong>Nunquid</strong></span> <span class='ocrx_word' id='word_1_460' title='bbox 3048 2904 3419 2960; x_wconf 88' lang='lat' dir='ltr'><strong>liberaverunt</strong></span> <span class='ocrx_word' id='word_1_461' title='bbox 3442 2903 3549 2960; x_wconf 62' lang='lat' dir='ltr'><strong>Sa-</strong></span> 
     </span>
    </p>
   </div>
   <div class='ocr_carea' id='block_1_59' title="bbox 1960 2993 3545 3053">
    <p class='ocr_par' dir='ltr' id='par_1_59' title="bbox 1960 2993 3545 3053">
     <span class='ocr_line' id='line_1_59' title="bbox 1960 2993 3545 3053; baseline 0.005 -8"><span class='ocrx_word' id='word_1_462' title='bbox 1960 3012 1981 3044; x_wconf 82' lang='grc'><em>‹</em></span> <span class='ocrx_word' id='word_1_463' title='bbox 2012 2993 2241 3047; x_wconf 82' lang='lat' dir='ltr'><strong>mariaiu</strong></span> <span class='ocrx_word' id='word_1_464' title='bbox 2264 2994 2331 3049; x_wconf 89' lang='lat' dir='ltr'><strong>de</strong></span> <span class='ocrx_word' id='word_1_465' title='bbox 2357 3009 2521 3049; x_wconf 87' lang='lat' dir='ltr'><strong>manu</strong></span> <span class='ocrx_word' id='word_1_466' title='bbox 2556 2995 2725 3049; x_wconf 81' lang='lat' dir='ltr'><strong>mea?</strong></span> <span class='ocrx_word' id='word_1_467' title='bbox 2767 3013 2787 3047; x_wconf 71' lang='grc' dir='ltr'><strong>ι</strong></span> <span class='ocrx_word' id='word_1_468' title='bbox 2820 2996 3061 3051; x_wconf 87' lang='lat' dir='ltr'><strong>ostendit</strong></span> <span class='ocrx_word' id='word_1_469' title='bbox 3083 2996 3276 3051; x_wconf 89' lang='lat' dir='ltr'><strong>harum</strong></span> <span class='ocrx_word' id='word_1_470' title='bbox 3303 2997 3545 3053; x_wconf 85' lang='lat' dir='ltr'><strong>omnium</strong></span> 
     </span>
    </p>
   </div>
   <div class='ocr_carea' id='block_1_60' title="bbox 259 3076 1858 3176">
    <p class='ocr_par' dir='ltr' id='par_1_60' title="bbox 259 3076 1854 3151">
     <span class='ocr_line' id='line_1_60' title="bbox 259 3076 1854 3151; baseline -0.004 -15"><span class='ocrx_word' id='word_1_471' title='bbox 259 3091 660 3151; x_wconf 61' lang='lat' dir='ltr'><strong>praeceptorum</strong></span> <span class='ocrx_word' id='word_1_472' title='bbox 692 3081 810 3145; x_wconf 89' lang='lat' dir='ltr'><strong>Dei,</strong></span> <span class='ocrx_word' id='word_1_473' title='bbox 840 3083 931 3150; x_wconf 89' lang='lat' dir='ltr'><strong>qui</strong></span> <span class='ocrx_word' id='word_1_474' title='bbox 956 3080 1124 3151; x_wconf 87' lang='lat' dir='ltr'><strong>Moysi</strong></span> <span class='ocrx_word' id='word_1_475' title='bbox 1152 3079 1425 3150; x_wconf 64' lang='lat' dir='ltr'><strong>praecepit,</strong></span> <span class='ocrx_word' id='word_1_476' title='bbox 1459 3093 1528 3133; x_wconf 88' lang='lat' dir='ltr'><strong>uc</strong></span> <span class='ocrx_word' id='word_1_477' title='bbox 1557 3094 1650 3132; x_wconf 75' lang='lat' dir='ltr'><strong>rex</strong></span> <span class='ocrx_word' id='word_1_478' title='bbox 1687 3076 1854 3133; x_wconf 90' lang='lat' dir='ltr'><strong>lsrael</strong></span> 
     </span>
    </p>
   </div>
   <div class='ocr_carea' id='block_1_61' title="bbox 1966 3076 3549 3176">
    <p class='ocr_par' dir='ltr' id='par_1_61' title="bbox 1966 3085 3549 3158">
     <span class='ocr_line' id='line_1_61' title="bbox 1966 3085 3549 3158; baseline 0.003 -18"><span class='ocrx_word' id='word_1_479' title='bbox 1966 3085 2239 3142; x_wconf 84' lang='lat' dir='ltr'><strong>civitatum</strong></span> <span class='ocrx_word' id='word_1_480' title='bbox 2275 3087 2389 3143; x_wconf 88' lang='lat' dir='ltr'><strong>sive</strong></span> <span class='ocrx_word' id='word_1_481' title='bbox 2417 3088 2658 3158; x_wconf 86' lang='lat' dir='ltr'><strong>gentium</strong></span> <span class='ocrx_word' id='word_1_482' title='bbox 2679 3088 2783 3145; x_wconf 88' lang='lat' dir='ltr'><strong>diis</strong></span> <span class='ocrx_word' id='word_1_483' title='bbox 2809 3089 3044 3145; x_wconf 84' lang='lat' dir='ltr'><strong>servisse</strong></span> <span class='ocrx_word' id='word_1_484' title='bbox 3067 3087 3391 3146; x_wconf 84' lang='lat' dir='ltr'><strong>Samaritas.</strong></span> <span class='ocrx_word' id='word_1_485' title='bbox 3410 3089 3549 3158; x_wconf 87' lang='lat' dir='ltr'><strong>Quia</strong></span> 
     </span>
    </p>
   </div>
   <div class='ocr_carea' id='block_1_62' title="bbox 259 3169 1854 3244">
    <p class='ocr_par' dir='ltr' id='par_1_62' title="bbox 259 3169 1854 3244">
     <span class='ocr_line' id='line_1_62' title="bbox 259 3169 1854 3244; baseline -0.003 -15"><span class='ocrx_word' id='word_1_486' title='bbox 259 3187 425 3244; x_wconf 88' lang='lat' dir='ltr'><strong>equos</strong></span> <span class='ocrx_word' id='word_1_487' title='bbox 446 3182 506 3228; x_wconf 91' lang='lat' dir='ltr'><strong>et</strong></span> <span class='ocrx_word' id='word_1_488' title='bbox 537 3188 739 3228; x_wconf 90' lang='lat' dir='ltr'><strong>uxores</strong></span> <span class='ocrx_word' id='word_1_489' title='bbox 764 3173 867 3229; x_wconf 90' lang='lat' dir='ltr'><strong>sibi</strong></span> <span class='ocrx_word' id='word_1_490' title='bbox 917 3171 1302 3242; x_wconf 88' lang='lat' dir='ltr'><strong>multiplicaret</strong></span> <span class='ocrx_word' id='word_1_491' title='bbox 1338 3170 1514 3244; x_wconf 84' lang='lat' dir='ltr'><strong>(Deut.</strong></span> <span class='ocrx_word' id='word_1_492' title='bbox 1564 3170 1721 3243; x_wconf 87' lang='lat' dir='ltr'><strong>xvn).</strong></span> <span class='ocrx_word' id='word_1_493' title='bbox 1755 3169 1854 3226; x_wconf 87' lang='lat' dir='ltr'><strong>Sin</strong></span> 
     </span>
    </p>
   </div>
   <div class='ocr_carea' id='block_1_63' title="bbox 261 3264 1857 3336">
    <p class='ocr_par' dir='ltr' id='par_1_63' title="bbox 261 3264 1857 3336">
     <span class='ocr_line' id='line_1_63' title="bbox 261 3264 1857 3336; baseline -0.001 -17"><span class='ocrx_word' id='word_1_494' title='bbox 261 3274 466 3330; x_wconf 86' lang='lat' dir='ltr'><strong>autem,</strong></span> <span class='ocrx_word' id='word_1_495' title='bbox 496 3265 695 3335; x_wconf 88' lang='lat' dir='ltr'><strong>inquit,</strong></span> <span class='ocrx_word' id='word_1_496' title='bbox 729 3279 815 3320; x_wconf 91' lang='lat' dir='ltr'><strong>me</strong></span> <span class='ocrx_word' id='word_1_497' title='bbox 851 3264 1135 3320; x_wconf 90' lang='lat' dir='ltr'><strong>minimum</strong></span> <span class='ocrx_word' id='word_1_498' title='bbox 1158 3279 1443 3320; x_wconf 90' lang='lat' dir='ltr'><strong>servorum</strong></span> <span class='ocrx_word' id='word_1_499' title='bbox 1474 3265 1620 3336; x_wconf 84' lang='lat' dir='ltr'><strong>regis</strong></span> <span class='ocrx_word' id='word_1_500' title='bbox 1651 3264 1857 3320; x_wconf 85' lang='lat' dir='ltr'><strong>Senna-</strong></span> 
     </span>
    </p>
   </div>
   <div class='ocr_carea' id='block_1_64' title="bbox 262 3355 1858 3428">
    <p class='ocr_par' dir='ltr' id='par_1_64' title="bbox 262 3355 1858 3428">
     <span class='ocr_line' id='line_1_64' title="bbox 262 3355 1858 3428; baseline 0 -17"><span class='ocrx_word' id='word_1_501' title='bbox 262 3357 445 3412; x_wconf 87' lang='lat' dir='ltr'><strong>cherib</strong></span> <span class='ocrx_word' id='word_1_502' title='bbox 472 3357 751 3412; x_wconf 89' lang='lat' dir='ltr'><strong>sustinere</strong></span> <span class='ocrx_word' id='word_1_503' title='bbox 780 3371 887 3412; x_wconf 92' lang='lat' dir='ltr'><strong>non</strong></span> <span class='ocrx_word' id='word_1_504' title='bbox 925 3357 1091 3424; x_wconf 89' lang='lat' dir='ltr'><strong>vales,</strong></span> <span class='ocrx_word' id='word_1_505' title='bbox 1132 3358 1404 3428; x_wconf 90' lang='lat' dir='ltr'><strong>quomodo</strong></span> <span class='ocrx_word' id='word_1_506' title='bbox 1453 3365 1662 3411; x_wconf 88' lang='lat' dir='ltr'><strong>tantam</strong></span> <span class='ocrx_word' id='word_1_507' title='bbox 1712 3355 1858 3411; x_wconf 87' lang='lat' dir='ltr'><strong>illius</strong></span> 
     </span>
    </p>
   </div>
   <div class='ocr_carea' id='block_1_65' title="bbox 261 3447 1855 3521">
    <p class='ocr_par' dir='ltr' id='par_1_65' title="bbox 261 3447 1855 3521">
     <span class='ocr_line' id='line_1_65' title="bbox 261 3447 1855 3521; baseline -0.003 -14"><span class='ocrx_word' id='word_1_508' title='bbox 261 3451 558 3521; x_wconf 85' lang='lat' dir='ltr'><strong>potentiam</strong></span> <span class='ocrx_word' id='word_1_509' title='bbox 589 3451 918 3507; x_wconf 84' lang='lat' dir='ltr'><strong>sustinebis?</strong></span> <span class='ocrx_word' id='word_1_510' title='bbox 943 3451 1023 3505; x_wconf 79' lang='lat' dir='ltr'><strong>Ad</strong></span> <span class='ocrx_word' id='word_1_511' title='bbox 1047 3452 1100 3506; x_wconf 89' lang='lat' dir='ltr'><strong>id</strong></span> <span class='ocrx_word' id='word_1_512' title='bbox 1129 3460 1329 3516; x_wconf 89' lang='lat' dir='ltr'><strong>autem,</strong></span> <span class='ocrx_word' id='word_1_513' title='bbox 1359 3449 1502 3521; x_wconf 86' lang='lat' dir='ltr'><strong>quod</strong></span> <span class='ocrx_word' id='word_1_514' title='bbox 1528 3449 1667 3505; x_wconf 80' lang='lat' dir='ltr'><strong>dixit</strong></span> <span class='ocrx_word' id='word_1_515' title='bbox 1692 3467 1705 3504; x_wconf 90' lang='lat'><strong>:</strong></span> <span class='ocrx_word' id='word_1_516' title='bbox 1741 3468 1760 3499; x_wconf 76' lang='grc' dir='ltr'><strong><em>ι</em></strong></span> <span class='ocrx_word' id='word_1_517' title='bbox 1795 3447 1855 3503; x_wconf 92' lang='lat' dir='ltr'><strong>Si</strong></span> 
     </span>
    </p>
   </div>
   <div class='ocr_carea' id='block_1_66' title="bbox 270 3539 1849 3614">
    <p class='ocr_par' dir='ltr' id='par_1_66' title="bbox 270 3539 1849 3614">
     <span class='ocr_line' id='line_1_66' title="bbox 270 3539 1849 3614; baseline -0.001 -20"><span class='ocrx_word' id='word_1_518' title='bbox 270 3562 288 3594; x_wconf 73' lang='grc' dir='ltr'>ι</span> <span class='ocrx_word' id='word_1_519' title='bbox 331 3542 687 3614; x_wconf 83' lang='lat' dir='ltr'><strong>responderis</strong></span> <span class='ocrx_word' id='word_1_520' title='bbox 712 3542 868 3608; x_wconf 89' lang='lat' dir='ltr'><strong>mihi,</strong></span> <span class='ocrx_word' id='word_1_521' title='bbox 896 3541 952 3596; x_wconf 89' lang='lat' dir='ltr'><strong>iu</strong></span> <span class='ocrx_word' id='word_1_522' title='bbox 1007 3541 1239 3600; x_wconf 81' lang='lat' dir='ltr'><strong>Domino</strong></span> <span class='ocrx_word' id='word_1_523' title='bbox 1283 3542 1394 3595; x_wconf 91' lang='lat' dir='ltr'><strong>Deo</strong></span> <span class='ocrx_word' id='word_1_524' title='bbox 1450 3539 1790 3602; x_wconf 82' lang='lat' dir='ltr'><strong>confidimus,</strong></span> <span class='ocrx_word' id='word_1_525' title='bbox 1830 3557 1849 3591; x_wconf 73' lang='grc' dir='ltr'><strong><em>ι</em></strong></span> 
     </span>
    </p>
   </div>
   <div class='ocr_carea' id='block_1_67' title="bbox 261 3626 1858 3702">
    <p class='ocr_par' dir='ltr' id='par_1_67' title="bbox 261 3626 1858 3702">
     <span class='ocr_line' id='line_1_67' title="bbox 261 3626 1858 3702; baseline -0.003 -15"><span class='ocrx_word' id='word_1_526' title='bbox 261 3632 451 3688; x_wconf 78' lang='lat' dir='ltr'><strong>callide</strong></span> <span class='ocrx_word' id='word_1_527' title='bbox 486 3631 794 3702; x_wconf 88' lang='lat' dir='ltr'><strong>respondit,</strong></span> <span class='ocrx_word' id='word_1_528' title='bbox 825 3645 883 3687; x_wconf 90' lang='lat' dir='ltr'><strong>se</strong></span> <span class='ocrx_word' id='word_1_529' title='bbox 930 3646 1034 3686; x_wconf 89' lang='lat' dir='ltr'><strong>non</strong></span> <span class='ocrx_word' id='word_1_530' title='bbox 1065 3646 1160 3686; x_wconf 92' lang='lat' dir='ltr'><strong>sua</strong></span> <span class='ocrx_word' id='word_1_531' title='bbox 1188 3631 1489 3695; x_wconf 85' lang='lat' dir='ltr'><strong>voluntate,</strong></span> <span class='ocrx_word' id='word_1_532' title='bbox 1517 3629 1610 3684; x_wconf 88' lang='lat' dir='ltr'><strong>sed</strong></span> <span class='ocrx_word' id='word_1_533' title='bbox 1641 3626 1858 3682; x_wconf 87' lang='lat' dir='ltr'><strong>Domini</strong></span> 
     </span>
    </p>
   </div>
   <div class='ocr_carea' id='block_1_68' title="bbox 266 3723 824 3795">
    <p class='ocr_par' dir='ltr' id='par_1_68' title="bbox 266 3723 824 3795">
     <span class='ocr_line' id='line_1_68' title="bbox 266 3723 824 3795; baseline 0.004 -19"><span class='ocrx_word' id='word_1_534' title='bbox 266 3725 474 3780; x_wconf 84' lang='lat' dir='ltr'><strong>venisse</strong></span> <span class='ocrx_word' id='word_1_535' title='bbox 512 3723 824 3795; x_wconf 71' lang='lat' dir='ltr'><strong>przeccptis.</strong></span> 
     </span>
    </p>
   </div>
   <div class='ocr_carea' id='block_1_69' title="bbox 333 3809 1853 3881">
    <p class='ocr_par' dir='ltr' id='par_1_69' title="bbox 333 3809 1853 3881">
     <span class='ocr_line' id='line_1_69' title="bbox 333 3809 1853 3881; baseline -0.003 -14"><span class='ocrx_word' id='word_1_536' title='bbox 333 3834 351 3867; x_wconf 74' lang='grc' dir='ltr'>σ</span> <span class='ocrx_word' id='word_1_537' title='bbox 383 3809 537 3870; x_wconf 86' lang='lat' dir='ltr'><strong>Dixit</strong></span> <span class='ocrx_word' id='word_1_538' title='bbox 580 3815 844 3870; x_wconf 90' lang='lat' dir='ltr'><strong>Dominus</strong></span> <span class='ocrx_word' id='word_1_539' title='bbox 889 3814 957 3867; x_wconf 87' lang='lat' dir='ltr'><strong>ad</strong></span> <span class='ocrx_word' id='word_1_540' title='bbox 1002 3828 1126 3867; x_wconf 91' lang='lat' dir='ltr'><strong>me:</strong></span> <span class='ocrx_word' id='word_1_541' title='bbox 1160 3813 1406 3868; x_wconf 79' lang='lat' dir='ltr'><strong>Asceude</strong></span> <span class='ocrx_word' id='word_1_542' title='bbox 1440 3826 1605 3881; x_wconf 83' lang='lat' dir='ltr'><strong>super</strong></span> <span class='ocrx_word' id='word_1_543' title='bbox 1647 3819 1853 3865; x_wconf 89' lang='lat' dir='ltr'><strong>terram</strong></span> 
     </span>
    </p>
   </div>
   <div class='ocr_carea' id='block_1_70' title="bbox 267 3904 1850 3976">
    <p class='ocr_par' dir='ltr' id='par_1_70' title="bbox 267 3904 1850 3976">
     <span class='ocr_line' id='line_1_70' title="bbox 267 3904 1850 3976; baseline -0.004 -17"><span class='ocrx_word' id='word_1_544' title='bbox 267 3928 285 3959; x_wconf 76' lang='grc' dir='ltr'>σ</span> <span class='ocrx_word' id='word_1_545' title='bbox 313 3908 493 3973; x_wconf 88' lang='lat' dir='ltr'><strong>hanc,</strong></span> <span class='ocrx_word' id='word_1_546' title='bbox 550 3913 610 3961; x_wconf 90' lang='lat' dir='ltr'><strong>et</strong></span> <span class='ocrx_word' id='word_1_547' title='bbox 661 3904 912 3976; x_wconf 90' lang='lat' dir='ltr'><strong>disperde</strong></span> <span class='ocrx_word' id='word_1_548' title='bbox 963 3921 1103 3961; x_wconf 90' lang='lat' dir='ltr'><strong>eam.</strong></span> <span class='ocrx_word' id='word_1_549' title='bbox 1139 3925 1157 3958; x_wconf 73' lang='grc' dir='ltr'>ι</span> <span class='ocrx_word' id='word_1_550' title='bbox 1192 3905 1258 3959; x_wconf 84' lang='grc' dir='ltr'><strong>Ει</strong></span> <span class='ocrx_word' id='word_1_551' title='bbox 1301 3912 1384 3959; x_wconf 88' lang='lat' dir='ltr'><strong>est</strong></span> <span class='ocrx_word' id='word_1_552' title='bbox 1428 3910 1850 3974; x_wconf 79' lang='lat' dir='ltr'><strong>argumentum:</strong></span> 
     </span>
    </p>
   </div>
   <div class='ocr_carea' id='block_1_71' title="bbox 261 3995 1856 4062">
    <p class='ocr_par' dir='ltr' id='par_1_71' title="bbox 261 3995 1856 4062">
     <span class='ocr_line' id='line_1_71' title="bbox 261 3995 1856 4062; baseline -0.006 -5"><span class='ocrx_word' id='word_1_553' title='bbox 261 4000 415 4057; x_wconf 88' lang='lat' dir='ltr'><strong>Certe</strong></span> <span class='ocrx_word' id='word_1_554' title='bbox 443 4001 567 4057; x_wconf 83' lang='lat' dir='ltr'><strong>sine</strong></span> <span class='ocrx_word' id='word_1_555' title='bbox 600 3999 813 4055; x_wconf 90' lang='lat' dir='ltr'><strong>Domini</strong></span> <span class='ocrx_word' id='word_1_556' title='bbox 846 3998 1124 4054; x_wconf 81' lang='lat' dir='ltr'><strong>voluntate</strong></span> <span class='ocrx_word' id='word_1_557' title='bbox 1150 3998 1257 4053; x_wconf 89' lang='lat' dir='ltr'><strong>huc</strong></span> <span class='ocrx_word' id='word_1_558' title='bbox 1306 3995 1495 4050; x_wconf 89' lang='lat' dir='ltr'><strong>venire</strong></span> <span class='ocrx_word' id='word_1_559' title='bbox 1542 4009 1649 4048; x_wconf 92' lang='lat' dir='ltr'><strong>non</strong></span> <span class='ocrx_word' id='word_1_560' title='bbox 1703 4002 1856 4062; x_wconf 69' lang='lat' dir='ltr'><strong>pote~</strong></span> 
     </span>
    </p>
   </div>
   <div class='ocr_carea' id='block_1_72' title="bbox 263 4085 1849 4158">
    <p class='ocr_par' dir='ltr' id='par_1_72' title="bbox 263 4085 1849 4158">
     <span class='ocr_line' id='line_1_72' title="bbox 263 4085 1849 4158; baseline -0.009 -7"><span class='ocrx_word' id='word_1_561' title='bbox 263 4112 393 4151; x_wconf 83' lang='lat' dir='ltr'><strong>ram.</strong></span> <span class='ocrx_word' id='word_1_562' title='bbox 419 4094 559 4151; x_wconf 85' lang='lat' dir='ltr'><strong>Cum</strong></span> <span class='ocrx_word' id='word_1_563' title='bbox 584 4102 765 4149; x_wconf 91' lang='lat' dir='ltr'><strong>autem</strong></span> <span class='ocrx_word' id='word_1_564' title='bbox 796 4092 1060 4158; x_wconf 87' lang='lat' dir='ltr'><strong>venerim,</strong></span> <span class='ocrx_word' id='word_1_565' title='bbox 1085 4099 1140 4145; x_wconf 89' lang='lat' dir='ltr'><strong>et</strong></span> <span class='ocrx_word' id='word_1_566' title='bbox 1161 4089 1358 4145; x_wconf 89' lang='lat' dir='ltr'><strong>multas</strong></span> <span class='ocrx_word' id='word_1_567' title='bbox 1396 4088 1562 4142; x_wconf 87' lang='lat' dir='ltr'><strong>urbes</strong></span> <span class='ocrx_word' id='word_1_568' title='bbox 1589 4085 1849 4155; x_wconf 90' lang='lat' dir='ltr'><strong>ceperim,</strong></span> 
     </span>
    </p>
   </div>
   <div class='ocr_carea' id='block_1_73' title="bbox 260 4178 1855 4260">
    <p class='ocr_par' dir='ltr' id='par_1_73' title="bbox 260 4178 1855 4260">
     <span class='ocr_line' id='line_1_73' title="bbox 260 4178 1855 4260; baseline -0.009 -16"><span class='ocrx_word' id='word_1_569' title='bbox 260 4201 312 4244; x_wconf 91' lang='lat' dir='ltr'><strong>et</strong></span> <span class='ocrx_word' id='word_1_570' title='bbox 330 4205 460 4260; x_wconf 87' lang='lat' dir='ltr'><strong>pars</strong></span> <span class='ocrx_word' id='word_1_571' title='bbox 483 4186 785 4243; x_wconf 84' lang='lat' dir='ltr'><strong>Jerusalem</strong></span> <span class='ocrx_word' id='word_1_572' title='bbox 814 4193 1031 4240; x_wconf 86' lang='lat' dir='ltr'><strong>maneat</strong></span> <span class='ocrx_word' id='word_1_573' title='bbox 1084 4184 1283 4238; x_wconf 88' lang='lat' dir='ltr'><strong>intacta</strong></span> <span class='ocrx_word' id='word_1_574' title='bbox 1311 4223 1326 4249; x_wconf 93' lang='lat'><strong>,</strong></span> <span class='ocrx_word' id='word_1_575' title='bbox 1384 4178 1728 4235; x_wconf 88' lang='lat' dir='ltr'><strong>manifestum</strong></span> <span class='ocrx_word' id='word_1_576' title='bbox 1770 4183 1855 4231; x_wconf 90' lang='lat' dir='ltr'><strong>est</strong></span> 
     </span>
    </p>
   </div>
   <div class='ocr_carea' id='block_1_74' title="bbox 260 4276 1069 4350">
    <p class='ocr_par' dir='ltr' id='par_1_74' title="bbox 260 4276 1069 4350">
     <span class='ocr_line' id='line_1_74' title="bbox 260 4276 1069 4350; baseline -0.009 -16"><span class='ocrx_word' id='word_1_577' title='bbox 260 4295 343 4334; x_wconf 84' lang='lat' dir='ltr'><strong>me</strong></span> <span class='ocrx_word' id='word_1_578' title='bbox 378 4280 499 4350; x_wconf 89' lang='lat' dir='ltr'><strong>ejus</strong></span> <span class='ocrx_word' id='word_1_579' title='bbox 531 4276 810 4332; x_wconf 88' lang='lat' dir='ltr'><strong>voluntate</strong></span> <span class='ocrx_word' id='word_1_580' title='bbox 840 4276 1069 4331; x_wconf 89' lang='lat' dir='ltr'><strong>venisse.</strong></span> 
     </span>
    </p>
   </div>
   <div class='ocr_carea' id='block_1_75' title="bbox 332 4361 1852 4429">
    <p class='ocr_par' dir='ltr' id='par_1_75' title="bbox 332 4361 1852 4429">
     <span class='ocr_line' id='line_1_75' title="bbox 332 4361 1852 4429; baseline -0.004 -7"><span class='ocrx_word' id='word_1_581' title='bbox 332 4391 350 4422; x_wconf 78' lang='grc' dir='ltr'>ι</span> <span class='ocrx_word' id='word_1_582' title='bbox 384 4372 539 4426; x_wconf 81' lang='lat' dir='ltr'><strong>Dixit</strong></span> <span class='ocrx_word' id='word_1_583' title='bbox 584 4377 766 4423; x_wconf 90' lang='lat' dir='ltr'><strong>autem</strong></span> <span class='ocrx_word' id='word_1_584' title='bbox 819 4367 1042 4423; x_wconf 89' lang='lat' dir='ltr'><strong>Eliacim</strong></span> <span class='ocrx_word' id='word_1_585' title='bbox 1094 4365 1235 4421; x_wconf 85' lang='lat' dir='ltr'><strong>filius</strong></span> <span class='ocrx_word' id='word_1_586' title='bbox 1285 4365 1515 4429; x_wconf 72' lang='lat' dir='ltr'><strong>Helcize,</strong></span> <span class='ocrx_word' id='word_1_587' title='bbox 1564 4371 1619 4420; x_wconf 87' lang='lat' dir='ltr'><strong>et</strong></span> <span class='ocrx_word' id='word_1_588' title='bbox 1670 4361 1852 4418; x_wconf 90' lang='lat' dir='ltr'><strong>Sobna</strong></span> 
     </span>
    </p>
   </div>
   <div class='ocr_carea' id='block_1_76' title="bbox 1959 3177 3548 3246">
    <p class='ocr_par' dir='ltr' id='par_1_76' title="bbox 1959 3177 3548 3246">
     <span class='ocr_line' id='line_1_76' title="bbox 1959 3177 3548 3246; baseline 0.003 -15"><span class='ocrx_word' id='word_1_589' title='bbox 1959 3191 2066 3231; x_wconf 90' lang='lat' dir='ltr'><strong>non</strong></span> <span class='ocrx_word' id='word_1_590' title='bbox 2100 3185 2257 3232; x_wconf 89' lang='lat' dir='ltr'><strong>erant</strong></span> <span class='ocrx_word' id='word_1_591' title='bbox 2280 3177 2374 3241; x_wconf 71' lang='lat' dir='ltr'><strong>dii;</strong></span> <span class='ocrx_word' id='word_1_592' title='bbox 2407 3179 2499 3233; x_wconf 89' lang='lat' dir='ltr'><strong>sed</strong></span> <span class='ocrx_word' id='word_1_593' title='bbox 2538 3178 2702 3245; x_wconf 87' lang='lat' dir='ltr'><strong>idola,</strong></span> <span class='ocrx_word' id='word_1_594' title='bbox 2733 3179 2927 3234; x_wconf 90' lang='lat' dir='ltr'><strong>merito</strong></span> <span class='ocrx_word' id='word_1_595' title='bbox 2977 3179 3212 3235; x_wconf 89' lang='lat' dir='ltr'><strong>cultores</strong></span> <span class='ocrx_word' id='word_1_596' title='bbox 3260 3181 3548 3246; x_wconf 88' lang='lat' dir='ltr'><strong>vanitatis,</strong></span> 
     </span>
    </p>
   </div>
   <div class='ocr_carea' id='block_1_77' title="bbox 1957 3268 3549 3334">
    <p class='ocr_par' dir='ltr' id='par_1_77' title="bbox 1957 3268 3549 3334">
     <span class='ocr_line' id='line_1_77' title="bbox 1957 3268 3549 3334; baseline 0.001 -10"><span class='ocrx_word' id='word_1_597' title='bbox 1957 3277 2019 3324; x_wconf 90' lang='lat' dir='ltr'><strong>ut</strong></span> <span class='ocrx_word' id='word_1_598' title='bbox 2051 3268 2295 3334; x_wconf 89' lang='lat' dir='ltr'><strong>decebat,</strong></span> <span class='ocrx_word' id='word_1_599' title='bbox 2325 3284 2449 3325; x_wconf 89' lang='lat' dir='ltr'><strong>esse</strong></span> <span class='ocrx_word' id='word_1_600' title='bbox 2482 3271 2793 3325; x_wconf 89' lang='lat' dir='ltr'><strong>subversos.</strong></span> <span class='ocrx_word' id='word_1_601' title='bbox 2852 3270 2947 3324; x_wconf 89' lang='lat' dir='ltr'><strong>Est</strong></span> <span class='ocrx_word' id='word_1_602' title='bbox 2983 3281 3165 3328; x_wconf 89' lang='lat' dir='ltr'><strong>autem</strong></span> <span class='ocrx_word' id='word_1_603' title='bbox 3196 3271 3390 3326; x_wconf 82' lang='lat' dir='ltr'><strong>Ematli</strong></span> <span class='ocrx_word' id='word_1_604' title='bbox 3417 3271 3549 3325; x_wconf 88' lang='lat' dir='ltr'><strong>urbs</strong></span> 
     </span>
    </p>
   </div>
   <div class='ocr_carea' id='block_1_78' title="bbox 1957 3358 3546 3432">
    <p class='ocr_par' dir='ltr' id='par_1_78' title="bbox 1957 3358 3546 3432">
     <span class='ocr_line' id='line_1_78' title="bbox 1957 3358 3546 3432; baseline 0.001 -17"><span class='ocrx_word' id='word_1_605' title='bbox 1957 3359 2287 3431; x_wconf 65' lang='lat' dir='ltr'><strong>Caelesyrite,</strong></span> <span class='ocrx_word' id='word_1_606' title='bbox 2315 3374 2436 3430; x_wconf 64' lang='lat' dir='ltr'><strong>quae</strong></span> <span class='ocrx_word' id='word_1_607' title='bbox 2460 3376 2603 3416; x_wconf 91' lang='lat' dir='ltr'><strong>nunc</strong></span> <span class='ocrx_word' id='word_1_608' title='bbox 2634 3360 2931 3432; x_wconf 76' lang='lat' dir='ltr'><strong>Epiphania</strong></span> <span class='ocrx_word' id='word_1_609' title='bbox 2959 3361 3174 3426; x_wconf 82' lang='lat' dir='ltr'><strong>dicitur,</strong></span> <span class='ocrx_word' id='word_1_610' title='bbox 3197 3358 3353 3430; x_wconf 81' lang='lat' dir='ltr'><strong>juxta</strong></span> <span class='ocrx_word' id='word_1_611' title='bbox 3388 3362 3546 3416; x_wconf 87' lang='lat' dir='ltr'><strong>Eme-</strong></span> 
     </span>
    </p>
   </div>
   <div class='ocr_carea' id='block_1_79' title="bbox 1959 3451 3546 3521">
    <p class='ocr_par' dir='ltr' id='par_1_79' title="bbox 1959 3451 3546 3521">
     <span class='ocr_line' id='line_1_79' title="bbox 1959 3451 3546 3521; baseline 0.002 -16"><span class='ocrx_word' id='word_1_612' title='bbox 1959 3464 2097 3515; x_wconf 89' lang='lat' dir='ltr'><strong>sam,</strong></span> <span class='ocrx_word' id='word_1_613' title='bbox 2123 3459 2183 3504; x_wconf 91' lang='lat' dir='ltr'><strong>ut</strong></span> <span class='ocrx_word' id='word_1_614' title='bbox 2227 3465 2388 3521; x_wconf 92' lang='lat' dir='ltr'><strong>supra</strong></span> <span class='ocrx_word' id='word_1_615' title='bbox 2445 3451 2770 3506; x_wconf 90' lang='lat' dir='ltr'><strong>monuimus.</strong></span> <span class='ocrx_word' id='word_1_616' title='bbox 2827 3451 3047 3521; x_wconf 83' lang='lat' dir='ltr'><strong>Arphad</strong></span> <span class='ocrx_word' id='word_1_617' title='bbox 3084 3453 3215 3509; x_wconf 90' lang='lat' dir='ltr'><strong>urbs</strong></span> <span class='ocrx_word' id='word_1_618' title='bbox 3265 3453 3546 3518; x_wconf 88' lang='lat' dir='ltr'><strong>Damasci,</strong></span> 
     </span>
    </p>
   </div>
   <div class='ocr_carea' id='block_1_80' title="bbox 1958 3543 3551 3614">
    <p class='ocr_par' dir='ltr' id='par_1_80' title="bbox 1958 3543 3551 3614">
     <span class='ocr_line' id='line_1_80' title="bbox 1958 3543 3551 3614; baseline 0.004 -18"><span class='ocrx_word' id='word_1_619' title='bbox 1958 3556 2122 3611; x_wconf 84' lang='lat' dir='ltr'><strong>quam</strong></span> <span class='ocrx_word' id='word_1_620' title='bbox 2166 3550 2527 3614; x_wconf 81' lang='lat' dir='ltr'><strong>expugnatam</strong></span> <span class='ocrx_word' id='word_1_621' title='bbox 2554 3559 2584 3597; x_wconf 91' lang='lat' dir='ltr'><strong>a</strong></span> <span class='ocrx_word' id='word_1_622' title='bbox 2618 3557 2745 3614; x_wconf 85' lang='lat' dir='ltr'><strong>rege</strong></span> <span class='ocrx_word' id='word_1_623' title='bbox 2799 3543 3144 3614; x_wconf 82' lang='lat' dir='ltr'><strong>Assyriorum</strong></span> <span class='ocrx_word' id='word_1_624' title='bbox 3192 3552 3247 3597; x_wconf 89' lang='lat' dir='ltr'><strong>et</strong></span> <span class='ocrx_word' id='word_1_625' title='bbox 3285 3543 3551 3602; x_wconf 85' lang='lat' dir='ltr'><strong>Jeremias</strong></span> 
     </span>
    </p>
   </div>
   <div class='ocr_carea' id='block_1_81' title="bbox 1958 3630 3548 3706">
    <p class='ocr_par' dir='ltr' id='par_1_81' title="bbox 1958 3630 3548 3706">
     <span class='ocr_line' id='line_1_81' title="bbox 1958 3630 3548 3706; baseline 0.001 -18"><span class='ocrx_word' id='word_1_626' title='bbox 1958 3632 2148 3688; x_wconf 89' lang='lat' dir='ltr'><strong>scribit</strong></span> <span class='ocrx_word' id='word_1_627' title='bbox 2178 3630 2312 3702; x_wconf 85' lang='lat' dir='ltr'><strong>(Jer.</strong></span> <span class='ocrx_word' id='word_1_628' title='bbox 2345 3647 2471 3688; x_wconf 67' lang='grc' dir='ltr'><strong>χιιι</strong></span> <span class='ocrx_word' id='word_1_629' title='bbox 2494 3631 2535 3704; x_wconf 92' lang='grc'><strong>).</strong></span> <span class='ocrx_word' id='word_1_630' title='bbox 2566 3632 2945 3704; x_wconf 84' lang='lat' dir='ltr'><strong>Sepharvaim,</strong></span> <span class='ocrx_word' id='word_1_631' title='bbox 2973 3634 3117 3704; x_wconf 87' lang='lat' dir='ltr'><strong>quod</strong></span> <span class='ocrx_word' id='word_1_632' title='bbox 3150 3652 3381 3691; x_wconf 90' lang='lat' dir='ltr'><strong>numero</strong></span> <span class='ocrx_word' id='word_1_633' title='bbox 3428 3636 3548 3706; x_wconf 90' lang='lat' dir='ltr'><strong>plu-</strong></span> 
     </span>
    </p>
   </div>
   <div class='ocr_carea' id='block_1_82' title="bbox 1956 3724 3553 3787">
    <p class='ocr_par' dir='ltr' id='par_1_82' title="bbox 1956 3724 3553 3787">
     <span class='ocr_line' id='line_1_82' title="bbox 1956 3724 3553 3787; baseline 0.002 -7"><span class='ocrx_word' id='word_1_634' title='bbox 1956 3725 2057 3781; x_wconf 88' lang='lat' dir='ltr'><strong>rali</strong></span> <span class='ocrx_word' id='word_1_635' title='bbox 2079 3724 2240 3781; x_wconf 73' lang='lat' dir='ltr'><strong>libros</strong></span> <span class='ocrx_word' id='word_1_636' title='bbox 2280 3725 2365 3782; x_wconf 90' lang='lat' dir='ltr'><strong>vel</strong></span> <span class='ocrx_word' id='word_1_637' title='bbox 2407 3726 2611 3781; x_wconf 80' lang='lat' dir='ltr'><strong>litteras</strong></span> <span class='ocrx_word' id='word_1_638' title='bbox 2639 3734 2814 3787; x_wconf 85' lang='lat' dir='ltr'><strong>sonat,</strong></span> <span class='ocrx_word' id='word_1_639' title='bbox 2847 3741 3043 3781; x_wconf 89' lang='lat' dir='ltr'><strong>nomen</strong></span> <span class='ocrx_word' id='word_1_640' title='bbox 3076 3735 3159 3782; x_wconf 89' lang='lat' dir='ltr'><strong>est</strong></span> <span class='ocrx_word' id='word_1_641' title='bbox 3190 3726 3432 3782; x_wconf 92' lang='lat' dir='ltr'><strong>locorum</strong></span> <span class='ocrx_word' id='word_1_642' title='bbox 3482 3729 3553 3783; x_wconf 86' lang='lat' dir='ltr'><strong>de</strong></span> 
     </span>
    </p>
   </div>
   <div class='ocr_carea' id='block_1_83' title="bbox 1956 3818 3552 3890">
    <p class='ocr_par' dir='ltr' id='par_1_83' title="bbox 1956 3818 3552 3890">
     <span class='ocr_line' id='line_1_83' title="bbox 1956 3818 3552 3890; baseline 0.002 -17"><span class='ocrx_word' id='word_1_643' title='bbox 1956 3820 2155 3890; x_wconf 88' lang='lat' dir='ltr'><strong>quibus</strong></span> <span class='ocrx_word' id='word_1_644' title='bbox 2178 3819 2387 3890; x_wconf 84' lang='lat' dir='ltr'><strong>Assyrii</strong></span> <span class='ocrx_word' id='word_1_645' title='bbox 2432 3820 2883 3890; x_wconf 84' lang='lat' dir='ltr'><strong>transmigrantes</strong></span> <span class='ocrx_word' id='word_1_646' title='bbox 2924 3818 3305 3874; x_wconf 87' lang='lat' dir='ltr'><strong>habitaverunt</strong></span> <span class='ocrx_word' id='word_1_647' title='bbox 3352 3820 3405 3873; x_wconf 92' lang='lat' dir='ltr'><strong>in</strong></span> <span class='ocrx_word' id='word_1_648' title='bbox 3454 3819 3552 3876; x_wconf 88' lang='lat' dir='ltr'><strong>Sa-</strong></span> 
     </span>
    </p>
   </div>
   <div class='ocr_carea' id='block_1_84' title="bbox 1953 3909 3546 3975">
    <p class='ocr_par' dir='ltr' id='par_1_84' title="bbox 1953 3909 3546 3975">
     <span class='ocr_line' id='line_1_84' title="bbox 1953 3909 3546 3975; baseline 0 -9"><span class='ocrx_word' id='word_1_649' title='bbox 1953 3911 2151 3975; x_wconf 88' lang='lat' dir='ltr'><strong>maria,</strong></span> <span class='ocrx_word' id='word_1_650' title='bbox 2180 3910 2333 3964; x_wconf 90' lang='lat' dir='ltr'><strong>utin</strong></span> <span class='ocrx_word' id='word_1_651' title='bbox 2384 3909 2625 3965; x_wconf 90' lang='lat' dir='ltr'><strong>locorum</strong></span> <span class='ocrx_word' id='word_1_652' title='bbox 2683 3910 2835 3965; x_wconf 89' lang='lat' dir='ltr'><strong>libris</strong></span> <span class='ocrx_word' id='word_1_653' title='bbox 2886 3909 3207 3964; x_wconf 86' lang='lat' dir='ltr'><strong>invenimus.</strong></span> <span class='ocrx_word' id='word_1_654' title='bbox 3235 3910 3434 3965; x_wconf 78' lang='lat' dir='ltr'><strong>Verum</strong></span> <span class='ocrx_word' id='word_1_655' title='bbox 3490 3911 3546 3966; x_wconf 90' lang='lat' dir='ltr'><strong>in</strong></span> 
     </span>
    </p>
   </div>
   <div class='ocr_carea' id='block_1_85' title="bbox 1955 4000 3545 4071">
    <p class='ocr_par' dir='ltr' id='par_1_85' title="bbox 1955 4000 3545 4071">
     <span class='ocr_line' id='line_1_85' title="bbox 1955 4000 3545 4071; baseline -0.001 -15"><span class='ocrx_word' id='word_1_656' title='bbox 1955 4001 2095 4056; x_wconf 89' lang='lat' dir='ltr'><strong>lsaia</strong></span> <span class='ocrx_word' id='word_1_657' title='bbox 2120 4002 2225 4057; x_wconf 90' lang='lat' dir='ltr'><strong>hoc</strong></span> <span class='ocrx_word' id='word_1_658' title='bbox 2250 4017 2465 4071; x_wconf 91' lang='lat' dir='ltr'><strong>quoque</strong></span> <span class='ocrx_word' id='word_1_659' title='bbox 2491 4000 2814 4056; x_wconf 89' lang='lat' dir='ltr'><strong>vocabulum</strong></span> <span class='ocrx_word' id='word_1_660' title='bbox 2865 4016 2986 4056; x_wconf 87' lang='lat' dir='ltr'><strong>esse</strong></span> <span class='ocrx_word' id='word_1_661' title='bbox 3017 4000 3255 4056; x_wconf 88' lang='lat' dir='ltr'><strong>civitatis</strong></span> <span class='ocrx_word' id='word_1_662' title='bbox 3299 4010 3545 4071; x_wconf 79' lang='lat' dir='ltr'><strong>apparet,</strong></span> 
     </span>
    </p>
   </div>
   <div class='ocr_carea' id='block_1_86' title="bbox 1955 4091 3546 4164">
    <p class='ocr_par' dir='ltr' id='par_1_86' title="bbox 1955 4091 3546 4164">
     <span class='ocr_line' id='line_1_86' title="bbox 1955 4091 3546 4164; baseline -0.003 -15"><span class='ocrx_word' id='word_1_663' title='bbox 1955 4093 2049 4149; x_wconf 90' lang='lat' dir='ltr'><strong>ubi</strong></span> <span class='ocrx_word' id='word_1_664' title='bbox 2096 4100 2283 4164; x_wconf 90' lang='lat' dir='ltr'><strong>aperte</strong></span> <span class='ocrx_word' id='word_1_665' title='bbox 2328 4091 2555 4147; x_wconf 89' lang='lat' dir='ltr'><strong>dicitur:</strong></span> <span class='ocrx_word' id='word_1_666' title='bbox 2596 4110 2614 4143; x_wconf 73' lang='grc' dir='ltr'>ι</span> <span class='ocrx_word' id='word_1_667' title='bbox 2647 4091 2751 4148; x_wconf 89' lang='lat' dir='ltr'><strong>Ubi</strong></span> <span class='ocrx_word' id='word_1_668' title='bbox 2805 4099 2891 4146; x_wconf 90' lang='lat' dir='ltr'><strong>est</strong></span> <span class='ocrx_word' id='word_1_669' title='bbox 2934 4092 3077 4146; x_wconf 89' lang='lat' dir='ltr'><strong>Deus</strong></span> <span class='ocrx_word' id='word_1_670' title='bbox 3126 4092 3278 4147; x_wconf 89' lang='lat' dir='ltr'><strong>urbis</strong></span> <span class='ocrx_word' id='word_1_671' title='bbox 3308 4091 3546 4161; x_wconf 86' lang='lat' dir='ltr'><strong>Sepbar-</strong></span> 
     </span>
    </p>
   </div>
   <div class='ocr_carea' id='block_1_87' title="bbox 1957 4181 3546 4255">
    <p class='ocr_par' dir='ltr' id='par_1_87' title="bbox 1957 4181 3546 4255">
     <span class='ocr_line' id='line_1_87' title="bbox 1957 4181 3546 4255; baseline -0.002 -18"><span class='ocrx_word' id='word_1_672' title='bbox 1957 4184 2101 4238; x_wconf 88' lang='lat' dir='ltr'><strong>vaim</strong></span> <span class='ocrx_word' id='word_1_673' title='bbox 2134 4181 2290 4255; x_wconf 74' lang='lat' dir='ltr'><strong>(Iani.</strong></span> <span class='ocrx_word' id='word_1_674' title='bbox 2324 4181 2550 4253; x_wconf 86' lang='lat' dir='ltr'><strong>xxxvr)?</strong></span> <span class='ocrx_word' id='word_1_675' title='bbox 2590 4202 2610 4235; x_wconf 75' lang='grc' dir='ltr'><strong><em>ι</em></strong></span> <span class='ocrx_word' id='word_1_676' title='bbox 2648 4182 2866 4237; x_wconf 86' lang='lat' dir='ltr'><strong>tametsi</strong></span> <span class='ocrx_word' id='word_1_677' title='bbox 2922 4181 3200 4251; x_wconf 84' lang='lat' dir='ltr'><strong>pluraliter</strong></span> <span class='ocrx_word' id='word_1_678' title='bbox 3237 4181 3458 4244; x_wconf 90' lang='lat' dir='ltr'><strong>dictum,</strong></span> <span class='ocrx_word' id='word_1_679' title='bbox 3486 4191 3546 4235; x_wconf 92' lang='lat' dir='ltr'><strong>ut</strong></span> 
     </span>
    </p>
   </div>
   <div class='ocr_carea' id='block_1_88' title="bbox 1960 4271 3544 4341">
    <p class='ocr_par' dir='ltr' id='par_1_88' title="bbox 1960 4271 3544 4341">
     <span class='ocr_line' id='line_1_88' title="bbox 1960 4271 3544 4341; baseline -0.003 -11"><span class='ocrx_word' id='word_1_680' title='bbox 1960 4275 2274 4341; x_wconf 83' lang='lat' dir='ltr'><strong>Thebarum,</strong></span> <span class='ocrx_word' id='word_1_681' title='bbox 2305 4276 2650 4329; x_wconf 80' lang='lat' dir='ltr'><strong>Athenarum.</strong></span> <span class='ocrx_word' id='word_1_682' title='bbox 2675 4273 2783 4330; x_wconf 85' lang='lat' dir='ltr'><strong>Pro</strong></span> <span class='ocrx_word' id='word_1_683' title='bbox 2803 4275 2916 4328; x_wconf 80' lang='lat' dir='ltr'><strong>Ana</strong></span> <span class='ocrx_word' id='word_1_684' title='bbox 2948 4282 3003 4329; x_wconf 89' lang='lat' dir='ltr'><strong>et</strong></span> <span class='ocrx_word' id='word_1_685' title='bbox 3037 4274 3147 4328; x_wconf 80' lang='lat' dir='ltr'><strong>Ava</strong></span> <span class='ocrx_word' id='word_1_686' title='bbox 3178 4280 3331 4328; x_wconf 84' lang='lat' dir='ltr'><strong>vetus</strong></span> <span class='ocrx_word' id='word_1_687' title='bbox 3357 4271 3544 4337; x_wconf 88' lang='lat' dir='ltr'><strong>editio,</strong></span> 
     </span>
    </p>
   </div>
   <div class='ocr_carea' id='block_1_89' title="bbox 1960 4365 3548 4441">
    <p class='ocr_par' dir='ltr' id='par_1_89' title="bbox 1960 4365 3548 4441">
     <span class='ocr_line' id='line_1_89' title="bbox 1960 4365 3548 4441; baseline -0.004 -16"><span class='ocrx_word' id='word_1_688' title='bbox 1960 4370 2111 4441; x_wconf 88' lang='lat' dir='ltr'><strong>quasi</strong></span> <span class='ocrx_word' id='word_1_689' title='bbox 2143 4369 2303 4423; x_wconf 91' lang='lat' dir='ltr'><strong>unius</strong></span> <span class='ocrx_word' id='word_1_690' title='bbox 2340 4368 2493 4423; x_wconf 90' lang='lat' dir='ltr'><strong>urbis</strong></span> <span class='ocrx_word' id='word_1_691' title='bbox 2516 4382 2712 4423; x_wconf 89' lang='lat' dir='ltr'><strong>nomen</strong></span> <span class='ocrx_word' id='word_1_692' title='bbox 2733 4407 2747 4435; x_wconf 90' lang='lat'><strong>,</strong></span> <span class='ocrx_word' id='word_1_693' title='bbox 2788 4365 3069 4437; x_wconf 83' lang='lat' dir='ltr'><strong>Anengava</strong></span> <span class='ocrx_word' id='word_1_694' title='bbox 3099 4366 3299 4436; x_wconf 90' lang='lat' dir='ltr'><strong>posuit.</strong></span> <span class='ocrx_word' id='word_1_695' title='bbox 3331 4366 3399 4421; x_wconf 92' lang='lat' dir='ltr'><strong>Et</strong></span> <span class='ocrx_word' id='word_1_696' title='bbox 3427 4366 3548 4436; x_wconf 85' lang='lat' dir='ltr'><strong>qui-</strong></span> 
     </span>
    </p>
   </div>
   <div class='ocr_carea' id='block_1_90' title="bbox 266 4454 3545 4529">
    <p class='ocr_par' dir='ltr' id='par_1_90' title="bbox 266 4454 3545 4529">
     <span class='ocr_line' id='line_1_90' title="bbox 266 4454 3545 4529; baseline -0.002 -14"><span class='ocrx_word' id='word_1_697' title='bbox 266 4483 285 4515; x_wconf 73' lang='grc' dir='ltr'><strong>σ</strong></span> <span class='ocrx_word' id='word_1_698' title='bbox 316 4464 517 4529; x_wconf 83' lang='lat' dir='ltr'><strong>scriba,</strong></span> <span class='ocrx_word' id='word_1_699' title='bbox 545 4471 601 4517; x_wconf 91' lang='lat' dir='ltr'><strong>et</strong></span> <span class='ocrx_word' id='word_1_700' title='bbox 630 4460 822 4526; x_wconf 84' lang='lat' dir='ltr'><strong>Joahe,</strong></span> <span class='ocrx_word' id='word_1_701' title='bbox 849 4460 1079 4516; x_wconf 79' lang='lat' dir='ltr'><strong>Rabsaci</strong></span> <span class='ocrx_word' id='word_1_702' title='bbox 1111 4478 1124 4514; x_wconf 94' lang='lat'><strong>:</strong></span> <span class='ocrx_word' id='word_1_703' title='bbox 1154 4458 1449 4514; x_wconf 89' lang='lat' dir='ltr'><strong>Preeamur</strong></span> <span class='ocrx_word' id='word_1_704' title='bbox 1467 4500 1482 4526; x_wconf 96' lang='lat'><strong>,</strong></span> <span class='ocrx_word' id='word_1_705' title='bbox 1519 4465 1580 4512; x_wconf 92' lang='lat' dir='ltr'><strong>ut</strong></span> <span class='ocrx_word' id='word_1_706' title='bbox 1612 4455 1851 4527; x_wconf 89' lang='lat' dir='ltr'><strong>loquaris</strong></span> <span class='ocrx_word' id='word_1_707' title='bbox 1876 4455 1930 4515; x_wconf 90' lang='lat' dir='ltr'><strong>D</strong></span> <span class='ocrx_word' id='word_1_708' title='bbox 1955 4462 2075 4517; x_wconf 86' lang='lat' dir='ltr'><strong>dem</strong></span> <span class='ocrx_word' id='word_1_709' title='bbox 2102 4459 2155 4514; x_wconf 91' lang='lat' dir='ltr'><strong>in</strong></span> <span class='ocrx_word' id='word_1_710' title='bbox 2180 4457 2406 4514; x_wconf 71' lang='lat' dir='ltr'><strong>Hebraeo</strong></span> <span class='ocrx_word' id='word_1_711' title='bbox 2428 4458 2503 4513; x_wconf 88' lang='lat' dir='ltr'><strong>ita</strong></span> <span class='ocrx_word' id='word_1_712' title='bbox 2527 4458 2787 4528; x_wconf 90' lang='lat' dir='ltr'><strong>scriptum</strong></span> <span class='ocrx_word' id='word_1_713' title='bbox 2818 4466 2920 4511; x_wconf 92' lang='lat' dir='ltr'><strong>est.</strong></span> <span class='ocrx_word' id='word_1_714' title='bbox 2957 4457 3155 4512; x_wconf 85' lang='lat' dir='ltr'><strong>Verum</strong></span> <span class='ocrx_word' id='word_1_715' title='bbox 3187 4456 3312 4526; x_wconf 86' lang='lat' dir='ltr'><strong>quia</strong></span> <span class='ocrx_word' id='word_1_716' title='bbox 3337 4454 3545 4528; x_wconf 88' lang='lat' dir='ltr'><strong>syllaba</strong></span> 
     </span>
    </p>
   </div>
   <div class='ocr_carea' id='block_1_91' title="bbox 266 4546 1856 4623">
    <p class='ocr_par' dir='ltr' id='par_1_91' title="bbox 266 4546 1856 4623">
     <span class='ocr_line' id='line_1_91' title="bbox 266 4546 1856 4623; baseline -0.004 -16"><span class='ocrx_word' id='word_1_717' title='bbox 266 4574 285 4607; x_wconf 74' lang='grc' dir='ltr'>ι</span> <span class='ocrx_word' id='word_1_718' title='bbox 312 4556 467 4611; x_wconf 78' lang='lat' dir='ltr'><strong>nobis</strong></span> <span class='ocrx_word' id='word_1_719' title='bbox 524 4552 700 4609; x_wconf 89' lang='lat' dir='ltr'><strong>servis</strong></span> <span class='ocrx_word' id='word_1_720' title='bbox 738 4552 845 4606; x_wconf 91' lang='lat' dir='ltr'><strong>tuis</strong></span> <span class='ocrx_word' id='word_1_721' title='bbox 881 4549 1136 4623; x_wconf 73' lang='lat' dir='ltr'><strong>Syr-iace:</strong></span> <span class='ocrx_word' id='word_1_722' title='bbox 1165 4550 1210 4605; x_wconf 87' lang='lat' dir='ltr'><strong>si</strong></span> <span class='ocrx_word' id='word_1_723' title='bbox 1249 4548 1465 4619; x_wconf 91' lang='lat' dir='ltr'><strong>quidem</strong></span> <span class='ocrx_word' id='word_1_724' title='bbox 1504 4546 1856 4618; x_wconf 84' lang='lat' dir='ltr'><strong>intelligimus</strong></span> 
     </span>
    </p>
   </div>
   <div class='ocr_carea' id='block_1_92' title="bbox 268 4639 1854 4720">
    <p class='ocr_par' dir='ltr' id='par_1_92' title="bbox 268 4639 1854 4720">
     <span class='ocr_line' id='line_1_92' title="bbox 268 4639 1854 4720; baseline -0.005 -20"><span class='ocrx_word' id='word_1_725' title='bbox 268 4668 285 4700; x_wconf 73' lang='grc' dir='ltr'>ι</span> <span class='ocrx_word' id='word_1_726' title='bbox 320 4650 462 4705; x_wconf 76' lang='lat' dir='ltr'><strong>hanc</strong></span> <span class='ocrx_word' id='word_1_727' title='bbox 488 4648 757 4720; x_wconf 80' lang='lat' dir='ltr'><strong>linguam.</strong></span> <span class='ocrx_word' id='word_1_728' title='bbox 783 4645 850 4700; x_wconf 83' lang='lat' dir='ltr'><strong>Et</strong></span> <span class='ocrx_word' id='word_1_729' title='bbox 887 4660 991 4699; x_wconf 93' lang='lat' dir='ltr'><strong>non</strong></span> <span class='ocrx_word' id='word_1_730' title='bbox 1022 4643 1259 4714; x_wconf 88' lang='lat' dir='ltr'><strong>loquaris</strong></span> <span class='ocrx_word' id='word_1_731' title='bbox 1286 4642 1442 4713; x_wconf 77' lang='lat' dir='ltr'><strong>nobis</strong></span> <span class='ocrx_word' id='word_1_732' title='bbox 1468 4639 1720 4704; x_wconf 82' lang='lat' dir='ltr'><strong>Judaice,</strong></span> <span class='ocrx_word' id='word_1_733' title='bbox 1754 4654 1854 4693; x_wconf 85' lang='lat' dir='ltr'><strong>au-</strong></span> 
     </span>
    </p>
   </div>
   <div class='ocr_carea' id='block_1_93' title="bbox 267 4730 1856 4809">
    <p class='ocr_par' dir='ltr' id='par_1_93' title="bbox 267 4730 1856 4809">
     <span class='ocr_line' id='line_1_93' title="bbox 267 4730 1856 4809; baseline -0.006 -17"><span class='ocrx_word' id='word_1_734' title='bbox 267 4759 285 4792; x_wconf 75' lang='grc' dir='ltr'><strong><em>ι</em></strong></span> <span class='ocrx_word' id='word_1_735' title='bbox 316 4741 500 4796; x_wconf 90' lang='lat' dir='ltr'><strong>dicnte</strong></span> <span class='ocrx_word' id='word_1_736' title='bbox 524 4737 745 4809; x_wconf 87' lang='lat' dir='ltr'><strong>populo.</strong></span> <span class='ocrx_word' id='word_1_737' title='bbox 773 4736 865 4806; x_wconf 88' lang='lat' dir='ltr'><strong>qui</strong></span> <span class='ocrx_word' id='word_1_738' title='bbox 888 4743 969 4790; x_wconf 88' lang='lat' dir='ltr'><strong>est</strong></span> <span class='ocrx_word' id='word_1_739' title='bbox 994 4750 1156 4805; x_wconf 90' lang='lat' dir='ltr'><strong>super</strong></span> <span class='ocrx_word' id='word_1_740' title='bbox 1178 4748 1415 4787; x_wconf 87' lang='lat' dir='ltr'><strong>murum.</strong></span> <span class='ocrx_word' id='word_1_741' title='bbox 1450 4730 1856 4801; x_wconf 84' lang='lat' dir='ltr'><strong>Responditque</strong></span> 
     </span>
    </p>
   </div>
   <div class='ocr_carea' id='block_1_94' title="bbox 267 4820 1855 4897">
    <p class='ocr_par' dir='ltr' id='par_1_94' title="bbox 267 4820 1855 4897">
     <span class='ocr_line' id='line_1_94' title="bbox 267 4820 1855 4897; baseline -0.005 -16"><span class='ocrx_word' id='word_1_742' title='bbox 267 4848 286 4881; x_wconf 75' lang='grc' dir='ltr'><strong><em>ι</em></strong></span> <span class='ocrx_word' id='word_1_743' title='bbox 313 4831 392 4886; x_wconf 89' lang='lat' dir='ltr'><strong>eis</strong></span> <span class='ocrx_word' id='word_1_744' title='bbox 412 4829 695 4885; x_wconf 79' lang='lat' dir='ltr'><strong>Rabsaces</strong></span> <span class='ocrx_word' id='word_1_745' title='bbox 727 4845 740 4881; x_wconf 91' lang='lat'>:</span> <span class='ocrx_word' id='word_1_746' title='bbox 770 4825 1022 4897; x_wconf 87' lang='lat' dir='ltr'><strong>Nunquid</strong></span> <span class='ocrx_word' id='word_1_747' title='bbox 1044 4825 1112 4880; x_wconf 90' lang='lat' dir='ltr'><strong>ad</strong></span> <span class='ocrx_word' id='word_1_748' title='bbox 1147 4823 1423 4880; x_wconf 88' lang='lat' dir='ltr'><strong>dominum</strong></span> <span class='ocrx_word' id='word_1_749' title='bbox 1450 4830 1599 4877; x_wconf 91' lang='lat' dir='ltr'><strong>tuum</strong></span> <span class='ocrx_word' id='word_1_750' title='bbox 1624 4828 1680 4876; x_wconf 86' lang='lat' dir='ltr'><strong>et</strong></span> <span class='ocrx_word' id='word_1_751' title='bbox 1707 4820 1775 4875; x_wconf 90' lang='lat' dir='ltr'><strong>ad</strong></span> <span class='ocrx_word' id='word_1_752' title='bbox 1803 4829 1855 4874; x_wconf 91' lang='lat' dir='ltr'><strong>te</strong></span> 
     </span>
    </p>
   </div>
   <div class='ocr_carea' id='block_1_95' title="bbox 266 4904 1851 4985">
    <p class='ocr_par' dir='ltr' id='par_1_95' title="bbox 266 4904 1851 4985">
     <span class='ocr_line' id='line_1_95' title="bbox 266 4904 1851 4985; baseline -0.008 -8"><span class='ocrx_word' id='word_1_753' title='bbox 266 4940 284 4971; x_wconf 77' lang='grc' dir='ltr'>ι</span> <span class='ocrx_word' id='word_1_754' title='bbox 318 4922 467 4977; x_wconf 90' lang='lat' dir='ltr'><strong>misit</strong></span> <span class='ocrx_word' id='word_1_755' title='bbox 487 4935 580 4976; x_wconf 89' lang='lat' dir='ltr'><strong>me</strong></span> <span class='ocrx_word' id='word_1_756' title='bbox 603 4919 855 4975; x_wconf 83' lang='lat' dir='ltr'><strong>dominus</strong></span> <span class='ocrx_word' id='word_1_757' title='bbox 876 4904 1046 4981; x_wconf 84' lang='lat' dir='ltr'><strong>meus,</strong></span> <span class='ocrx_word' id='word_1_758' title='bbox 1062 4922 1125 4970; x_wconf 91' lang='lat' dir='ltr'><strong>ut</strong></span> <span class='ocrx_word' id='word_1_759' title='bbox 1149 4915 1402 4985; x_wconf 88' lang='lat' dir='ltr'><strong>loquerer</strong></span> <span class='ocrx_word' id='word_1_760' title='bbox 1425 4925 1704 4968; x_wconf 89' lang='lat' dir='ltr'><strong>sermones</strong></span> <span class='ocrx_word' id='word_1_761' title='bbox 1727 4911 1851 4976; x_wconf 84' lang='lat' dir='ltr'><strong>hos,</strong></span> 
     </span>
    </p>
   </div>
   <div class='ocr_carea' id='block_1_96' title="bbox 266 5001 1854 5081">
    <p class='ocr_par' dir='ltr' id='par_1_96' title="bbox 266 5001 1854 5081">
     <span class='ocr_line' id='line_1_96' title="bbox 266 5001 1854 5081; baseline -0.005 -17"><span class='ocrx_word' id='word_1_762' title='bbox 266 5031 285 5064; x_wconf 73' lang='grc' dir='ltr'>ι</span> <span class='ocrx_word' id='word_1_763' title='bbox 316 5021 374 5067; x_wconf 87' lang='lat' dir='ltr'><strong>et</strong></span> <span class='ocrx_word' id='word_1_764' title='bbox 403 5026 514 5067; x_wconf 88' lang='lat' dir='ltr'><strong>non</strong></span> <span class='ocrx_word' id='word_1_765' title='bbox 542 5008 1064 5081; x_wconf 88' lang='lat' dir='ltr'><strong>potiusadvirosqui</strong></span> <span class='ocrx_word' id='word_1_766' title='bbox 1082 5008 1272 5065; x_wconf 91' lang='lat' dir='ltr'><strong>sedent</strong></span> <span class='ocrx_word' id='word_1_767' title='bbox 1292 5021 1456 5078; x_wconf 89' lang='lat' dir='ltr'><strong>super</strong></span> <span class='ocrx_word' id='word_1_768' title='bbox 1478 5019 1693 5060; x_wconf 91' lang='lat' dir='ltr'><strong>murum</strong></span> <span class='ocrx_word' id='word_1_769' title='bbox 1715 5001 1854 5073; x_wconf 88' lang='lat' dir='ltr'><strong>ejus,</strong></span> 
     </span>
    </p>
   </div>
   <div class='ocr_carea' id='block_1_97' title="bbox 265 5099 1850 5171">
    <p class='ocr_par' dir='ltr' id='par_1_97' title="bbox 265 5099 1850 5171">
     <span class='ocr_line' id='line_1_97' title="bbox 265 5099 1850 5171; baseline -0.003 -14"><span class='ocrx_word' id='word_1_770' title='bbox 265 5123 285 5157; x_wconf 76' lang='grc' dir='ltr'>ι</span> <span class='ocrx_word' id='word_1_771' title='bbox 316 5114 379 5160; x_wconf 88' lang='lat' dir='ltr'><strong>ut</strong></span> <span class='ocrx_word' id='word_1_772' title='bbox 399 5105 691 5161; x_wconf 88' lang='lat' dir='ltr'><strong>eomedant</strong></span> <span class='ocrx_word' id='word_1_773' title='bbox 724 5113 965 5160; x_wconf 88' lang='lat' dir='ltr'><strong>stercora</strong></span> <span class='ocrx_word' id='word_1_774' title='bbox 990 5119 1108 5171; x_wconf 89' lang='lat' dir='ltr'><strong>sua,</strong></span> <span class='ocrx_word' id='word_1_775' title='bbox 1130 5111 1187 5158; x_wconf 93' lang='lat' dir='ltr'><strong>et</strong></span> <span class='ocrx_word' id='word_1_776' title='bbox 1224 5101 1413 5156; x_wconf 90' lang='lat' dir='ltr'><strong>bibant</strong></span> <span class='ocrx_word' id='word_1_777' title='bbox 1444 5099 1658 5155; x_wconf 90' lang='lat' dir='ltr'><strong>urinam</strong></span> <span class='ocrx_word' id='word_1_778' title='bbox 1696 5113 1850 5153; x_wconf 91' lang='lat' dir='ltr'><strong>suam</strong></span> 
     </span>
    </p>
   </div>
   <div class='ocr_carea' id='block_1_98' title="bbox 266 5191 1859 5255">
    <p class='ocr_par' dir='ltr' id='par_1_98' title="bbox 266 5191 1859 5255">
     <span class='ocr_line' id='line_1_98' title="bbox 266 5191 1859 5255; baseline -0.004 -4"><span class='ocrx_word' id='word_1_779' title='bbox 266 5216 285 5249; x_wconf 78' lang='grc' dir='ltr'>ι</span> <span class='ocrx_word' id='word_1_780' title='bbox 316 5197 637 5255; x_wconf 85' lang='lat' dir='ltr'><strong>vobiscum?</strong></span> <span class='ocrx_word' id='word_1_781' title='bbox 670 5217 689 5250; x_wconf 72' lang='grc' dir='ltr'><strong><em>ι</em></strong></span> <span class='ocrx_word' id='word_1_782' title='bbox 724 5206 831 5253; x_wconf 89' lang='lat' dir='ltr'><strong>etc.</strong></span> <span class='ocrx_word' id='word_1_783' title='bbox 867 5195 1126 5253; x_wconf 79' lang='lat' dir='ltr'><strong>Rabsaeis</strong></span> <span class='ocrx_word' id='word_1_784' title='bbox 1172 5193 1447 5251; x_wconf 87' lang='lat' dir='ltr'><strong>accusatio</strong></span> <span class='ocrx_word' id='word_1_785' title='bbox 1502 5191 1749 5247; x_wconf 57' lang='lat' dir='ltr'><strong>Ezechiae</strong></span> <span class='ocrx_word' id='word_1_786' title='bbox 1778 5199 1859 5245; x_wconf 87' lang='lat' dir='ltr'><strong>te-</strong></span> 
     </span>
    </p>
   </div>
   <div class='ocr_carea' id='block_1_99' title="bbox 259 5284 1857 5363">
    <p class='ocr_par' dir='ltr' id='par_1_99' title="bbox 259 5284 1857 5363">
     <span class='ocr_line' id='line_1_99' title="bbox 259 5284 1857 5363; baseline -0.009 -13"><span class='ocrx_word' id='word_1_787' title='bbox 259 5293 581 5350; x_wconf 87' lang='lat' dir='ltr'><strong>stimonium</strong></span> <span class='ocrx_word' id='word_1_788' title='bbox 600 5300 709 5359; x_wconf 90' lang='lat' dir='ltr'><strong>est,</strong></span> <span class='ocrx_word' id='word_1_789' title='bbox 732 5291 859 5363; x_wconf 90' lang='lat' dir='ltr'><strong>quia</strong></span> <span class='ocrx_word' id='word_1_790' title='bbox 884 5290 1057 5360; x_wconf 88' lang='lat' dir='ltr'><strong>captis</strong></span> <span class='ocrx_word' id='word_1_791' title='bbox 1076 5288 1273 5345; x_wconf 68' lang='lat' dir='ltr'><strong>Iudaeae</strong></span> <span class='ocrx_word' id='word_1_792' title='bbox 1294 5286 1521 5342; x_wconf 87' lang='lat' dir='ltr'><strong>urbibus</strong></span> <span class='ocrx_word' id='word_1_793' title='bbox 1544 5285 1600 5340; x_wconf 90' lang='lat' dir='ltr'><strong>in</strong></span> <span class='ocrx_word' id='word_1_794' title='bbox 1627 5284 1857 5339; x_wconf 89' lang='lat' dir='ltr'><strong>Domino</strong></span> 
     </span>
    </p>
   </div>
   <div class='ocr_carea' id='block_1_100' title="bbox 259 5374 1856 5452">
    <p class='ocr_par' dir='ltr' id='par_1_100' title="bbox 259 5374 1856 5452">
     <span class='ocr_line' id='line_1_100' title="bbox 259 5374 1856 5452; baseline -0.009 -11"><span class='ocrx_word' id='word_1_795' title='bbox 259 5385 503 5441; x_wconf 86' lang='lat' dir='ltr'><strong>confisus</strong></span> <span class='ocrx_word' id='word_1_796' title='bbox 544 5385 639 5450; x_wconf 90' lang='lat' dir='ltr'><strong>sit,</strong></span> <span class='ocrx_word' id='word_1_797' title='bbox 666 5390 723 5439; x_wconf 87' lang='lat' dir='ltr'><strong>et</strong></span> <span class='ocrx_word' id='word_1_798' title='bbox 765 5381 1091 5439; x_wconf 87' lang='lat' dir='ltr'><strong>confortavit</strong></span> <span class='ocrx_word' id='word_1_799' title='bbox 1127 5378 1406 5452; x_wconf 85' lang='lat' dir='ltr'><strong>populum,</strong></span> <span class='ocrx_word' id='word_1_800' title='bbox 1436 5384 1498 5430; x_wconf 91' lang='lat' dir='ltr'><strong>ut</strong></span> <span class='ocrx_word' id='word_1_801' title='bbox 1534 5376 1588 5430; x_wconf 91' lang='lat' dir='ltr'><strong>in</strong></span> <span class='ocrx_word' id='word_1_802' title='bbox 1624 5374 1856 5430; x_wconf 89' lang='lat' dir='ltr'><strong>Domino</strong></span> 
     </span>
    </p>
   </div>
   <div class='ocr_carea' id='block_1_101' title="bbox 260 5468 1855 5549">
    <p class='ocr_par' dir='ltr' id='par_1_101' title="bbox 260 5468 1855 5549">
     <span class='ocr_line' id='line_1_101' title="bbox 260 5468 1855 5549; baseline -0.006 -17"><span class='ocrx_word' id='word_1_803' title='bbox 260 5484 532 5549; x_wconf 83' lang='lat' dir='ltr'><strong>speraret.</strong></span> <span class='ocrx_word' id='word_1_804' title='bbox 560 5475 719 5533; x_wconf 81' lang='lat' dir='ltr'><strong>Unde</strong></span> <span class='ocrx_word' id='word_1_805' title='bbox 739 5474 1010 5532; x_wconf 79' lang='lat' dir='ltr'><strong>Rabsaces</strong></span> <span class='ocrx_word' id='word_1_806' title='bbox 1030 5475 1311 5530; x_wconf 86' lang='lat' dir='ltr'><strong>destruere</strong></span> <span class='ocrx_word' id='word_1_807' title='bbox 1339 5470 1454 5526; x_wconf 89' lang='lat' dir='ltr'><strong>vult</strong></span> <span class='ocrx_word' id='word_1_808' title='bbox 1473 5485 1595 5542; x_wconf 78' lang='lat' dir='ltr'><strong>quze</strong></span> <span class='ocrx_word' id='word_1_809' title='bbox 1615 5468 1704 5525; x_wconf 92' lang='lat' dir='ltr'><strong>ille</strong></span> <span class='ocrx_word' id='word_1_810' title='bbox 1724 5483 1855 5525; x_wconf 90' lang='lat' dir='ltr'><strong>cou-</strong></span> 
     </span>
    </p>
   </div>
   <div class='ocr_carea' id='block_1_102' title="bbox 260 5565 1149 5639">
    <p class='ocr_par' dir='ltr' id='par_1_102' title="bbox 260 5565 1149 5639">
     <span class='ocr_line' id='line_1_102' title="bbox 260 5565 1149 5639; baseline -0.002 -18"><span class='ocrx_word' id='word_1_811' title='bbox 260 5568 483 5629; x_wconf 83' lang='lat' dir='ltr'><strong>struxit,</strong></span> <span class='ocrx_word' id='word_1_812' title='bbox 510 5575 570 5623; x_wconf 91' lang='lat' dir='ltr'><strong>et</strong></span> <span class='ocrx_word' id='word_1_813' title='bbox 586 5566 721 5622; x_wconf 90' lang='lat' dir='ltr'><strong>dicit</strong></span> <span class='ocrx_word' id='word_1_814' title='bbox 741 5566 810 5621; x_wconf 90' lang='lat' dir='ltr'><strong>ad</strong></span> <span class='ocrx_word' id='word_1_815' title='bbox 847 5565 1102 5639; x_wconf 91' lang='lat' dir='ltr'><strong>populum</strong></span> <span class='ocrx_word' id='word_1_816' title='bbox 1136 5584 1149 5619; x_wconf 90' lang='lat'><strong>:</strong></span> 
     </span>
    </p>
   </div>
   <div class='ocr_carea' id='block_1_103' title="bbox 336 5650 1853 5719">
    <p class='ocr_par' dir='ltr' id='par_1_103' title="bbox 336 5650 1853 5719">
     <span class='ocr_line' id='line_1_103' title="bbox 336 5650 1853 5719; baseline -0.003 -10"><span class='ocrx_word' id='word_1_817' title='bbox 336 5678 355 5709; x_wconf 79' lang='grc' dir='ltr'>ι</span> <span class='ocrx_word' id='word_1_818' title='bbox 392 5657 512 5714; x_wconf 80' lang='lat' dir='ltr'><strong>Non</strong></span> <span class='ocrx_word' id='word_1_819' title='bbox 538 5657 765 5715; x_wconf 86' lang='lat' dir='ltr'><strong>scdueat</strong></span> <span class='ocrx_word' id='word_1_820' title='bbox 791 5673 887 5712; x_wconf 89' lang='lat' dir='ltr'><strong>vos</strong></span> <span class='ocrx_word' id='word_1_821' title='bbox 908 5656 1192 5719; x_wconf 67' lang='lat' dir='ltr'><strong>Ezechias,</strong></span> <span class='ocrx_word' id='word_1_822' title='bbox 1215 5662 1269 5709; x_wconf 87' lang='lat' dir='ltr'><strong>et</strong></span> <span class='ocrx_word' id='word_1_823' title='bbox 1295 5668 1400 5708; x_wconf 91' lang='lat' dir='ltr'><strong>non</strong></span> <span class='ocrx_word' id='word_1_824' title='bbox 1441 5650 1596 5706; x_wconf 88' lang='lat' dir='ltr'><strong>vobis</strong></span> <span class='ocrx_word' id='word_1_825' title='bbox 1647 5650 1853 5706; x_wconf 87' lang='lat' dir='ltr'><strong>tribuat</strong></span> 
     </span>
    </p>
   </div>
   <div class='ocr_carea' id='block_1_104' title="bbox 268 5743 1851 5820">
    <p class='ocr_par' dir='ltr' id='par_1_104' title="bbox 268 5743 1851 5820">
     <span class='ocr_line' id='line_1_104' title="bbox 268 5743 1851 5820; baseline -0.001 -19"><span class='ocrx_word' id='word_1_826' title='bbox 268 5764 288 5797; x_wconf 77' lang='grc' dir='ltr'>ι</span> <span class='ocrx_word' id='word_1_827' title='bbox 321 5747 575 5804; x_wconf 84' lang='lat' dir='ltr'><strong>fiduciam</strong></span> <span class='ocrx_word' id='word_1_828' title='bbox 599 5763 766 5820; x_wconf 87' lang='lat' dir='ltr'><strong>super</strong></span> <span class='ocrx_word' id='word_1_829' title='bbox 789 5747 1014 5803; x_wconf 89' lang='lat' dir='ltr'><strong>Domino</strong></span> <span class='ocrx_word' id='word_1_830' title='bbox 1038 5748 1163 5803; x_wconf 88' lang='lat' dir='ltr'><strong>Deo.</strong></span> <span class='ocrx_word' id='word_1_831' title='bbox 1199 5767 1215 5800; x_wconf 71' lang='grc' dir='ltr'><strong>ι</strong></span> <span class='ocrx_word' id='word_1_832' title='bbox 1248 5746 1399 5815; x_wconf 87' lang='lat' dir='ltr'><strong>Quod</strong></span> <span class='ocrx_word' id='word_1_833' title='bbox 1422 5752 1603 5800; x_wconf 89' lang='lat' dir='ltr'><strong>autem</strong></span> <span class='ocrx_word' id='word_1_834' title='bbox 1627 5743 1851 5799; x_wconf 86' lang='lat' dir='ltr'><strong>Eliacim</strong></span> 
     </span>
    </p>
   </div>
   <div class='ocr_carea' id='block_1_105' title="bbox 1960 4544 3617 4624">
    <p class='ocr_par' dir='ltr' id='par_1_105' title="bbox 1960 4544 3617 4624">
     <span class='ocr_line' id='line_1_105' title="bbox 1960 4544 3617 4624; baseline -0.003 -16"><span class='ocrx_word' id='word_1_835' title='bbox 1960 4552 2173 4624; x_wconf 88' lang='lat' dir='ltr'><strong>quinta,</strong></span> <span class='ocrx_word' id='word_1_836' title='bbox 2201 4567 2321 4622; x_wconf 82' lang='lat' dir='ltr'><strong>quae</strong></span> <span class='ocrx_word' id='word_1_837' title='bbox 2344 4551 2398 4605; x_wconf 93' lang='lat' dir='ltr'><strong>in</strong></span> <span class='ocrx_word' id='word_1_838' title='bbox 2420 4549 2600 4605; x_wconf 89' lang='lat' dir='ltr'><strong>medio</strong></span> <span class='ocrx_word' id='word_1_839' title='bbox 2620 4548 2854 4605; x_wconf 88' lang='lat' dir='ltr'><strong>nominis</strong></span> <span class='ocrx_word' id='word_1_840' title='bbox 2873 4549 3052 4618; x_wconf 87' lang='lat' dir='ltr'><strong>posita</strong></span> <span class='ocrx_word' id='word_1_841' title='bbox 3080 4556 3183 4615; x_wconf 91' lang='lat' dir='ltr'><strong>est,</strong></span> <span class='ocrx_word' id='word_1_842' title='bbox 3208 4547 3545 4617; x_wconf 85' lang='lat' dir='ltr'><strong>conjunctio—</strong></span> <span class='ocrx_word' id='word_1_843' title='bbox 3609 4544 3617 4549; x_wconf 81' lang='grc'><em>’</em></span> 
     </span>
    </p>
   </div>
   <div class='ocr_carea' id='block_1_106' title="bbox 1960 4639 3544 4714">
    <p class='ocr_par' dir='ltr' id='par_1_106' title="bbox 1960 4639 3544 4714">
     <span class='ocr_line' id='line_1_106' title="bbox 1960 4639 3544 4714; baseline -0.004 -14"><span class='ocrx_word' id='word_1_844' title='bbox 1960 4660 2083 4700; x_wconf 91' lang='lat' dir='ltr'><strong>nem</strong></span> <span class='ocrx_word' id='word_1_845' title='bbox 2105 4653 2153 4698; x_wconf 89' lang='lat' dir='ltr'><strong>et</strong></span> <span class='ocrx_word' id='word_1_846' title='bbox 2178 4642 2319 4714; x_wconf 90' lang='lat' dir='ltr'><strong>apud</strong></span> <span class='ocrx_word' id='word_1_847' title='bbox 2341 4658 2436 4699; x_wconf 90' lang='lat' dir='ltr'><strong>eos</strong></span> <span class='ocrx_word' id='word_1_848' title='bbox 2464 4641 2752 4713; x_wconf 80' lang='lat' dir='ltr'><strong>significat,</strong></span> <span class='ocrx_word' id='word_1_849' title='bbox 2783 4648 2962 4711; x_wconf 88' lang='lat' dir='ltr'><strong>potest</strong></span> <span class='ocrx_word' id='word_1_850' title='bbox 3008 4652 3063 4696; x_wconf 92' lang='lat' dir='ltr'><strong>et</strong></span> <span class='ocrx_word' id='word_1_851' title='bbox 3093 4639 3169 4695; x_wconf 89' lang='lat' dir='ltr'><strong>ita</strong></span> <span class='ocrx_word' id='word_1_852' title='bbox 3198 4640 3453 4711; x_wconf 83' lang='lat' dir='ltr'><strong>distingui</strong></span> <span class='ocrx_word' id='word_1_853' title='bbox 3482 4652 3544 4695; x_wconf 89' lang='lat' dir='ltr'><strong>ut</strong></span> 
     </span>
    </p>
   </div>
   <div class='ocr_carea' id='block_1_107' title="bbox 1960 4730 3545 4803">
    <p class='ocr_par' dir='ltr' id='par_1_107' title="bbox 1960 4730 3545 4803">
     <span class='ocr_line' id='line_1_107' title="bbox 1960 4730 3545 4803; baseline -0.003 -12"><span class='ocrx_word' id='word_1_854' title='bbox 1960 4736 2172 4791; x_wconf 87' lang='lat' dir='ltr'><strong>dicatur</strong></span> <span class='ocrx_word' id='word_1_855' title='bbox 2211 4736 2322 4789; x_wconf 82' lang='lat' dir='ltr'><strong>Anc</strong></span> <span class='ocrx_word' id='word_1_856' title='bbox 2356 4742 2405 4789; x_wconf 88' lang='lat' dir='ltr'><strong>et</strong></span> <span class='ocrx_word' id='word_1_857' title='bbox 2432 4730 2591 4803; x_wconf 79' lang='lat' dir='ltr'><strong>Cave,</strong></span> <span class='ocrx_word' id='word_1_858' title='bbox 2624 4740 2685 4788; x_wconf 91' lang='lat' dir='ltr'><strong>ut</strong></span> <span class='ocrx_word' id='word_1_859' title='bbox 2722 4731 2916 4802; x_wconf 85' lang='lat' dir='ltr'><strong>Aquila</strong></span> <span class='ocrx_word' id='word_1_860' title='bbox 2948 4731 3258 4787; x_wconf 91' lang='lat' dir='ltr'><strong>transtulit:</strong></span> <span class='ocrx_word' id='word_1_861' title='bbox 3288 4730 3402 4787; x_wconf 90' lang='lat' dir='ltr'><strong>sive</strong></span> <span class='ocrx_word' id='word_1_862' title='bbox 3429 4730 3545 4786; x_wconf 78' lang='lat' dir='ltr'><strong>Ana</strong></span> 
     </span>
    </p>
   </div>
   <div class='ocr_carea' id='block_1_108' title="bbox 1959 4826 3543 4897">
    <p class='ocr_par' dir='ltr' id='par_1_108' title="bbox 1959 4826 3543 4897">
     <span class='ocr_line' id='line_1_108' title="bbox 1959 4826 3543 4897; baseline -0.003 -11"><span class='ocrx_word' id='word_1_863' title='bbox 1959 4841 2009 4886; x_wconf 88' lang='lat' dir='ltr'><strong>et</strong></span> <span class='ocrx_word' id='word_1_864' title='bbox 2032 4830 2161 4897; x_wconf 80' lang='lat' dir='ltr'><strong>Ava,</strong></span> <span class='ocrx_word' id='word_1_865' title='bbox 2192 4838 2252 4884; x_wconf 93' lang='lat' dir='ltr'><strong>ut</strong></span> <span class='ocrx_word' id='word_1_866' title='bbox 2277 4838 2463 4885; x_wconf 90' lang='lat' dir='ltr'><strong>noster</strong></span> <span class='ocrx_word' id='word_1_867' title='bbox 2482 4829 2649 4883; x_wconf 91' lang='lat' dir='ltr'><strong>vertit</strong></span> <span class='ocrx_word' id='word_1_868' title='bbox 2692 4827 2983 4897; x_wconf 86' lang='lat' dir='ltr'><strong>interpres.</strong></span> <span class='ocrx_word' id='word_1_869' title='bbox 3040 4826 3135 4882; x_wconf 90' lang='lat' dir='ltr'><strong>Sin</strong></span> <span class='ocrx_word' id='word_1_870' title='bbox 3163 4835 3339 4881; x_wconf 86' lang='lat' dir='ltr'><strong>autem</strong></span> <span class='ocrx_word' id='word_1_871' title='bbox 3364 4869 3378 4892; x_wconf 92' lang='lat'><strong>,</strong></span> <span class='ocrx_word' id='word_1_872' title='bbox 3428 4828 3543 4894; x_wconf 81' lang='lat' dir='ltr'><strong>ait,</strong></span> 
     </span>
    </p>
   </div>
   <div class='ocr_carea' id='block_1_109' title="bbox 1960 4915 3544 4991">
    <p class='ocr_par' dir='ltr' id='par_1_109' title="bbox 1960 4915 3544 4991">
     <span class='ocr_line' id='line_1_109' title="bbox 1960 4915 3544 4991; baseline -0.003 -14"><span class='ocrx_word' id='word_1_873' title='bbox 1960 4923 2125 4977; x_wconf 90' lang='lat' dir='ltr'><strong>tantis</strong></span> <span class='ocrx_word' id='word_1_874' title='bbox 2151 4921 2255 4977; x_wconf 92' lang='lat' dir='ltr'><strong>diis</strong></span> <span class='ocrx_word' id='word_1_875' title='bbox 2286 4920 2645 4991; x_wconf 84' lang='lat' dir='ltr'><strong>praesentibus</strong></span> <span class='ocrx_word' id='word_1_876' title='bbox 2669 4919 2855 4973; x_wconf 89' lang='lat' dir='ltr'><strong>decem</strong></span> <span class='ocrx_word' id='word_1_877' title='bbox 2883 4918 3056 4972; x_wconf 90' lang='lat' dir='ltr'><strong>tribus</strong></span> <span class='ocrx_word' id='word_1_878' title='bbox 3087 4916 3316 4972; x_wconf 87' lang='lat' dir='ltr'><strong>vicimus</strong></span> <span class='ocrx_word' id='word_1_879' title='bbox 3348 4915 3505 4973; x_wconf 90' lang='lat' dir='ltr'><strong>facile</strong></span> <span class='ocrx_word' id='word_1_880' title='bbox 3527 4958 3544 4983; x_wconf 95' lang='lat'><strong>,</strong></span> 
     </span>
    </p>
   </div>
   <div class='ocr_carea' id='block_1_110' title="bbox 1958 5007 3547 5083">
    <p class='ocr_par' dir='ltr' id='par_1_110' title="bbox 1958 5007 3547 5083">
     <span class='ocr_line' id='line_1_110' title="bbox 1958 5007 3547 5083; baseline -0.002 -16"><span class='ocrx_word' id='word_1_881' title='bbox 1958 5019 2161 5083; x_wconf 89' lang='lat' dir='ltr'><strong>quanto</strong></span> <span class='ocrx_word' id='word_1_882' title='bbox 2187 5011 2361 5080; x_wconf 82' lang='lat' dir='ltr'><strong>magis</strong></span> <span class='ocrx_word' id='word_1_883' title='bbox 2407 5008 2578 5065; x_wconf 89' lang='lat' dir='ltr'><strong>solam</strong></span> <span class='ocrx_word' id='word_1_884' title='bbox 2614 5007 2913 5065; x_wconf 87' lang='lat' dir='ltr'><strong>Jerusalem</strong></span> <span class='ocrx_word' id='word_1_885' title='bbox 2938 5049 2953 5073; x_wconf 93' lang='lat'><strong>,</strong></span> <span class='ocrx_word' id='word_1_886' title='bbox 3009 5023 3118 5061; x_wconf 87' lang='lat' dir='ltr'><strong>uno</strong></span> <span class='ocrx_word' id='word_1_887' title='bbox 3162 5007 3272 5062; x_wconf 88' lang='lat' dir='ltr'><strong>Deo</strong></span> <span class='ocrx_word' id='word_1_888' title='bbox 3314 5007 3547 5077; x_wconf 69' lang='lat' dir='ltr'><strong>prmsule</strong></span> 
     </span>
    </p>
   </div>
   <div class='ocr_carea' id='block_1_111' title="bbox 1956 5097 3544 5170">
    <p class='ocr_par' dir='ltr' id='par_1_111' title="bbox 1956 5097 3544 5170">
     <span class='ocr_line' id='line_1_111' title="bbox 1956 5097 3544 5170; baseline -0.004 -11"><span class='ocrx_word' id='word_1_889' title='bbox 1956 5103 2266 5159; x_wconf 86' lang='lat' dir='ltr'><strong>vincemus!</strong></span> <span class='ocrx_word' id='word_1_890' title='bbox 2305 5103 2441 5157; x_wconf 85' lang='lat' dir='ltr'><strong>Vere</strong></span> <span class='ocrx_word' id='word_1_891' title='bbox 2462 5100 2643 5170; x_wconf 91' lang='lat' dir='ltr'><strong>justus</strong></span> <span class='ocrx_word' id='word_1_892' title='bbox 2690 5100 2950 5155; x_wconf 77' lang='lat' dir='ltr'><strong>Ezechias</strong></span> <span class='ocrx_word' id='word_1_893' title='bbox 2995 5097 3177 5153; x_wconf 78' lang='lat' dir='ltr'><strong>omnia</strong></span> <span class='ocrx_word' id='word_1_894' title='bbox 3230 5112 3396 5168; x_wconf 88' lang='lat' dir='ltr'><strong>agens</strong></span> <span class='ocrx_word' id='word_1_895' title='bbox 3421 5113 3544 5153; x_wconf 90' lang='lat' dir='ltr'><strong>cum</strong></span> 
     </span>
    </p>
   </div>
   <div class='ocr_carea' id='block_1_112' title="bbox 1959 5189 3545 5263">
    <p class='ocr_par' dir='ltr' id='par_1_112' title="bbox 1959 5189 3545 5263">
     <span class='ocr_line' id='line_1_112' title="bbox 1959 5189 3545 5263; baseline -0.004 -13"><span class='ocrx_word' id='word_1_896' title='bbox 1959 5193 2204 5258; x_wconf 90' lang='lat' dir='ltr'><strong>consilio,</strong></span> <span class='ocrx_word' id='word_1_897' title='bbox 2233 5192 2510 5263; x_wconf 90' lang='lat' dir='ltr'><strong>prohibuit</strong></span> <span class='ocrx_word' id='word_1_898' title='bbox 2536 5193 2587 5247; x_wconf 91' lang='lat' dir='ltr'><strong>ei</strong></span> <span class='ocrx_word' id='word_1_899' title='bbox 2624 5190 2966 5261; x_wconf 88' lang='lat' dir='ltr'><strong>responderi,</strong></span> <span class='ocrx_word' id='word_1_900' title='bbox 3009 5205 3078 5245; x_wconf 90' lang='lat' dir='ltr'><strong>ne</strong></span> <span class='ocrx_word' id='word_1_901' title='bbox 3105 5204 3229 5246; x_wconf 92' lang='lat' dir='ltr'><strong>eum</strong></span> <span class='ocrx_word' id='word_1_902' title='bbox 3276 5189 3345 5244; x_wconf 91' lang='lat' dir='ltr'><strong>ad</strong></span> <span class='ocrx_word' id='word_1_903' title='bbox 3377 5189 3545 5256; x_wconf 80' lang='lat' dir='ltr'><strong>majo-</strong></span> 
     </span>
    </p>
   </div>
   <div class='ocr_carea' id='block_1_113' title="bbox 1959 5286 2796 5357">
    <p class='ocr_par' dir='ltr' id='par_1_113' title="bbox 1959 5286 2796 5357">
     <span class='ocr_line' id='line_1_113' title="bbox 1959 5286 2796 5357; baseline -0.004 -16"><span class='ocrx_word' id='word_1_904' title='bbox 1959 5303 2048 5342; x_wconf 91' lang='lat' dir='ltr'><strong>res</strong></span> <span class='ocrx_word' id='word_1_905' title='bbox 2069 5286 2433 5356; x_wconf 89' lang='lat' dir='ltr'><strong>blasphemias</strong></span> <span class='ocrx_word' id='word_1_906' title='bbox 2459 5292 2796 5357; x_wconf 81' lang='lat' dir='ltr'><strong>provocaret.</strong></span> 
     </span>
    </p>
   </div>
   <div class='ocr_carea' id='block_1_114' title="bbox 2034 5372 3546 5450">
    <p class='ocr_par' dir='ltr' id='par_1_114' title="bbox 2034 5372 3546 5450">
     <span class='ocr_line' id='line_1_114' title="bbox 2034 5372 3546 5450; baseline -0.005 -19"><span class='ocrx_word' id='word_1_907' title='bbox 2034 5399 2053 5431; x_wconf 69' lang='grc' dir='ltr'>ί</span> <span class='ocrx_word' id='word_1_908' title='bbox 2086 5378 2247 5434; x_wconf 85' lang='lat' dir='ltr'><strong>Venit</strong></span> <span class='ocrx_word' id='word_1_909' title='bbox 2283 5393 2497 5450; x_wconf 89' lang='lat' dir='ltr'><strong>quoque</strong></span> <span class='ocrx_word' id='word_1_910' title='bbox 2528 5376 2773 5441; x_wconf 86' lang='lat' dir='ltr'><strong>Eliacim,</strong></span> <span class='ocrx_word' id='word_1_911' title='bbox 2804 5374 2945 5430; x_wconf 90' lang='lat' dir='ltr'><strong>lilius</strong></span> <span class='ocrx_word' id='word_1_912' title='bbox 2980 5372 3196 5437; x_wconf 64' lang='lat' dir='ltr'><strong>Helciaz,</strong></span> <span class='ocrx_word' id='word_1_913' title='bbox 3227 5378 3546 5441; x_wconf 76' lang='lat' dir='ltr'><strong>prmpositus</strong></span> 
     </span>
    </p>
   </div>
   <div class='ocr_carea' id='block_1_115' title="bbox 1964 5458 3541 5538">
    <p class='ocr_par' dir='ltr' id='par_1_115' title="bbox 1964 5458 3541 5538">
     <span class='ocr_line' id='line_1_115' title="bbox 1964 5458 3541 5538; baseline -0.01 -13"><span class='ocrx_word' id='word_1_914' title='bbox 1964 5494 1983 5525; x_wconf 84' lang='grc'><strong><em>‹</em></strong></span> <span class='ocrx_word' id='word_1_915' title='bbox 2024 5473 2244 5538; x_wconf 89' lang='lat' dir='ltr'><strong>domus,</strong></span> <span class='ocrx_word' id='word_1_916' title='bbox 2304 5480 2361 5527; x_wconf 93' lang='lat' dir='ltr'><strong>et</strong></span> <span class='ocrx_word' id='word_1_917' title='bbox 2395 5470 2576 5526; x_wconf 92' lang='lat' dir='ltr'><strong>Sobna</strong></span> <span class='ocrx_word' id='word_1_918' title='bbox 2605 5469 2805 5534; x_wconf 89' lang='lat' dir='ltr'><strong>scriba,</strong></span> <span class='ocrx_word' id='word_1_919' title='bbox 2837 5477 2892 5523; x_wconf 90' lang='lat' dir='ltr'><strong>et</strong></span> <span class='ocrx_word' id='word_1_920' title='bbox 2930 5464 3100 5520; x_wconf 85' lang='lat' dir='ltr'><strong>Joahe</strong></span> <span class='ocrx_word' id='word_1_921' title='bbox 3130 5463 3272 5517; x_wconf 79' lang='lat' dir='ltr'><strong>illius</strong></span> <span class='ocrx_word' id='word_1_922' title='bbox 3299 5458 3478 5528; x_wconf 83' lang='lat' dir='ltr'><strong>Asaph</strong></span> <span class='ocrx_word' id='word_1_923' title='bbox 3510 5475 3541 5510; x_wconf 86' lang='lat' dir='ltr'><strong>a</strong></span> 
     </span>
    </p>
   </div>
   <div class='ocr_carea' id='block_1_116' title="bbox 1964 5548 3548 5622">
    <p class='ocr_par' dir='ltr' id='par_1_116' title="bbox 1964 5548 3548 5622">
     <span class='ocr_line' id='line_1_116' title="bbox 1964 5548 3548 5622; baseline -0.011 -2"><span class='ocrx_word' id='word_1_924' title='bbox 1964 5587 1982 5620; x_wconf 72' lang='grc' dir='ltr'>ι</span> <span class='ocrx_word' id='word_1_925' title='bbox 2017 5560 2422 5622; x_wconf 87' lang='lat' dir='ltr'><strong>commentariis</strong></span> <span class='ocrx_word' id='word_1_926' title='bbox 2459 5560 2527 5615; x_wconf 90' lang='lat' dir='ltr'><strong>ad</strong></span> <span class='ocrx_word' id='word_1_927' title='bbox 2577 5558 2866 5614; x_wconf 87' lang='lat' dir='ltr'><strong>Ezechiam</strong></span> <span class='ocrx_word' id='word_1_928' title='bbox 2926 5554 3112 5610; x_wconf 89' lang='lat' dir='ltr'><strong>scissis</strong></span> <span class='ocrx_word' id='word_1_929' title='bbox 3157 5548 3434 5614; x_wconf 86' lang='lat' dir='ltr'><strong>vestibus,</strong></span> <span class='ocrx_word' id='word_1_930' title='bbox 3490 5555 3548 5604; x_wconf 85' lang='lat' dir='ltr'><strong>et</strong></span> 
     </span>
    </p>
   </div>
   <div class='ocr_carea' id='block_1_117' title="bbox 1966 5644 3022 5711">
    <p class='ocr_par' dir='ltr' id='par_1_117' title="bbox 1966 5644 3022 5711">
     <span class='ocr_line' id='line_1_117' title="bbox 1966 5644 3022 5711; baseline -0.012 -4"><span class='ocrx_word' id='word_1_931' title='bbox 1966 5678 1981 5707; x_wconf 76' lang='grc' dir='ltr'>ι</span> <span class='ocrx_word' id='word_1_932' title='bbox 2012 5655 2395 5711; x_wconf 88' lang='lat' dir='ltr'><strong>nuntiaverunt</strong></span> <span class='ocrx_word' id='word_1_933' title='bbox 2420 5649 2467 5706; x_wconf 91' lang='lat' dir='ltr'><strong>ci</strong></span> <span class='ocrx_word' id='word_1_934' title='bbox 2497 5647 2657 5704; x_wconf 89' lang='lat' dir='ltr'><strong>verba</strong></span> <span class='ocrx_word' id='word_1_935' title='bbox 2693 5644 2971 5702; x_wconf 80' lang='lat' dir='ltr'><strong>Rabsacis.</strong></span> <span class='ocrx_word' id='word_1_936' title='bbox 3004 5663 3022 5693; x_wconf 83' lang='grc'><strong>›</strong></span> 
     </span>
    </p>
   </div>
  </div>
