  <div class='ocr_page' id='page_1' title='image "/cluster/home/n/w/nwhite01/storage/ocr_20150623/109/hvd.32044054759741/133.png"; bbox 0 0 3912 6160; ppageno 0'>
   <div class='ocr_carea' id='block_1_1' title="bbox 935 475 1341 532">
    <p class='ocr_par' dir='ltr' id='par_1_1' title="bbox 935 475 1341 532">
     <span class='ocr_line' id='line_1_1' title="bbox 935 475 1341 532; baseline -0.005 0"><span class='ocrx_word' id='word_1_1' title='bbox 935 475 1161 532; x_wconf 79' lang='lat' dir='ltr'><strong>CAPUT</strong></span> <span class='ocrx_word' id='word_1_2' title='bbox 1199 475 1341 530; x_wconf 76' lang='lat' dir='ltr'><strong>XIX.</strong></span> 
     </span>
    </p>
   </div>
   <div class='ocr_carea' id='block_1_2' title="bbox 359 583 1932 653">
    <p class='ocr_par' dir='ltr' id='par_1_2' title="bbox 359 583 1932 653">
     <span class='ocr_line' id='line_1_2' title="bbox 359 583 1932 653; baseline -0.004 -9"><span class='ocrx_word' id='word_1_3' title='bbox 359 590 544 645; x_wconf 82' lang='lat' dir='ltr'><strong>Oratio</strong></span> <span class='ocrx_word' id='word_1_4' title='bbox 568 587 805 642; x_wconf 67' lang='lat' dir='ltr'><strong>Ezechia’</strong></span> <span class='ocrx_word' id='word_1_5' title='bbox 831 586 885 638; x_wconf 89' lang='lat' dir='ltr'><strong>in</strong></span> <span class='ocrx_word' id='word_1_6' title='bbox 925 583 1113 653; x_wconf 84' lang='lat' dir='ltr'><strong>templo</strong></span> <span class='ocrx_word' id='word_1_7' title='bbox 1162 584 1371 638; x_wconf 86' lang='lat' dir='ltr'><strong>Domini</strong></span> <span class='ocrx_word' id='word_1_8' title='bbox 1396 595 1576 639; x_wconf 85' lang='lat' dir='ltr'><strong>contra</strong></span> <span class='ocrx_word' id='word_1_9' title='bbox 1599 584 1753 638; x_wconf 79' lang='lat' dir='ltr'><strong>verba</strong></span> <span class='ocrx_word' id='word_1_10' title='bbox 1799 583 1932 653; x_wconf 80' lang='lat' dir='ltr'><strong>regis</strong></span> 
     </span>
    </p>
   </div>
   <div class='ocr_carea' id='block_1_3' title="bbox 425 654 1934 727">
    <p class='ocr_par' dir='ltr' id='par_1_3' title="bbox 425 654 1934 727">
     <span class='ocr_line' id='line_1_3' title="bbox 425 654 1934 727; baseline -0.005 -14"><span class='ocrx_word' id='word_1_11' title='bbox 425 660 778 727; x_wconf 73' lang='lat' dir='ltr'><strong>Assyriorum.</strong></span> <span class='ocrx_word' id='word_1_12' title='bbox 843 654 1026 727; x_wconf 60' lang='lat' dir='ltr'><strong>Deeo</strong></span> <span class='ocrx_word' id='word_1_13' title='bbox 1063 655 1201 724; x_wconf 87' lang='lat' dir='ltr'><strong>quod</strong></span> <span class='ocrx_word' id='word_1_14' title='bbox 1261 655 1474 727; x_wconf 76' lang='lat' dir='ltr'><strong>angelus</strong></span> <span class='ocrx_word' id='word_1_15' title='bbox 1533 654 1747 727; x_wconf 77' lang='lat' dir='ltr'><strong>Domini</strong></span> <span class='ocrx_word' id='word_1_16' title='bbox 1791 667 1934 727; x_wconf 76' lang='lat' dir='ltr'><strong>octo-</strong></span> 
     </span>
    </p>
   </div>
   <div class='ocr_carea' id='block_1_4' title="bbox 1019 331 2964 394">
    <p class='ocr_par' dir='ltr' id='par_1_4' title="bbox 1019 331 2964 394">
     <span class='ocr_line' id='line_1_4' title="bbox 1019 331 2964 394; baseline -0.001 -1"><span class='ocrx_word' id='word_1_17' title='bbox 1019 339 1081 393; x_wconf 87' lang='lat' dir='ltr'><strong>B.</strong></span> <span class='ocrx_word' id='word_1_18' title='bbox 1126 337 1377 394; x_wconf 74' lang='lat' dir='ltr'><strong>RABANI</strong></span> <span class='ocrx_word' id='word_1_19' title='bbox 1415 335 1632 392; x_wconf 76' lang='lat' dir='ltr'><strong>MAURI</strong></span> <span class='ocrx_word' id='word_1_20' title='bbox 1670 331 1987 390; x_wconf 75' lang='lat' dir='ltr'><strong>ARCIIIEP.</strong></span> <span class='ocrx_word' id='word_1_21' title='bbox 2030 331 2340 391; x_wconf 84' lang='lat' dir='ltr'><strong>MOGUNT.</strong></span> <span class='ocrx_word' id='word_1_22' title='bbox 2381 334 2663 391; x_wconf 78' lang='lat' dir='ltr'><strong>OPERIJM</strong></span> <span class='ocrx_word' id='word_1_23' title='bbox 2705 334 2883 391; x_wconf 81' lang='lat' dir='ltr'><strong>PARS</strong></span> <span class='ocrx_word' id='word_1_24' title='bbox 2923 336 2964 391; x_wconf 90' lang='lat' dir='ltr'><strong>l.</strong></span> 
     </span>
    </p>
   </div>
   <div class='ocr_carea' id='block_1_5' title="bbox 1958 444 3618 526">
    <p class='ocr_par' dir='ltr' id='par_1_5' title="bbox 1958 444 3618 526">
     <span class='ocr_line' id='line_1_5' title="bbox 1958 444 3618 526; baseline 0.004 -19"><span class='ocrx_word' id='word_1_25' title='bbox 1958 452 2008 513; x_wconf 80' lang='grc' dir='ltr'><strong>Α</strong></span> <span class='ocrx_word' id='word_1_26' title='bbox 2036 444 2404 509; x_wconf 85' lang='lat' dir='ltr'><strong>Sennacberib</strong></span> <span class='ocrx_word' id='word_1_27' title='bbox 2439 464 2625 509; x_wconf 85' lang='lat' dir='ltr'><strong>contra</strong></span> <span class='ocrx_word' id='word_1_28' title='bbox 2661 453 2975 526; x_wconf 64' lang='lat' dir='ltr'><strong>Egyptios,</strong></span> <span class='ocrx_word' id='word_1_29' title='bbox 3024 467 3080 511; x_wconf 91' lang='lat' dir='ltr'><strong>et</strong></span> <span class='ocrx_word' id='word_1_30' title='bbox 3125 458 3405 513; x_wconf 87' lang='lat' dir='ltr'><strong>obscdisse</strong></span> <span class='ocrx_word' id='word_1_31' title='bbox 3435 460 3618 519; x_wconf 83' lang='lat' dir='ltr'><strong>Pellu-</strong></span> 
     </span>
    </p>
   </div>
   <div class='ocr_carea' id='block_1_6' title="bbox 2033 542 3609 619">
    <p class='ocr_par' dir='ltr' id='par_1_6' title="bbox 2033 542 3609 619">
     <span class='ocr_line' id='line_1_6' title="bbox 2033 542 3609 619; baseline 0.006 -21"><span class='ocrx_word' id='word_1_32' title='bbox 2033 544 2193 607; x_wconf 89' lang='lat' dir='ltr'><strong>sium,</strong></span> <span class='ocrx_word' id='word_1_33' title='bbox 2217 542 2437 612; x_wconf 82' lang='lat' dir='ltr'><strong>jamque</strong></span> <span class='ocrx_word' id='word_1_34' title='bbox 2460 546 2750 599; x_wconf 75' lang='lat' dir='ltr'><strong>exstructis</strong></span> <span class='ocrx_word' id='word_1_35' title='bbox 2791 546 3097 616; x_wconf 81' lang='lat' dir='ltr'><strong>aggeribus,</strong></span> <span class='ocrx_word' id='word_1_36' title='bbox 3128 550 3261 603; x_wconf 85' lang='lat' dir='ltr'><strong>urbe</strong></span> <span class='ocrx_word' id='word_1_37' title='bbox 3309 551 3572 619; x_wconf 87' lang='lat' dir='ltr'><strong>capienda</strong></span> <span class='ocrx_word' id='word_1_38' title='bbox 3594 595 3609 619; x_wconf 90' lang='lat'><strong>,</strong></span> 
     </span>
    </p>
   </div>
   <div class='ocr_carea' id='block_1_7' title="bbox 2031 634 3617 709">
    <p class='ocr_par' dir='ltr' id='par_1_7' title="bbox 2031 634 3617 709">
     <span class='ocr_line' id='line_1_7' title="bbox 2031 634 3617 709; baseline 0.006 -21"><span class='ocrx_word' id='word_1_39' title='bbox 2031 635 2246 689; x_wconf 87' lang='lat' dir='ltr'><strong>venisse</strong></span> <span class='ocrx_word' id='word_1_40' title='bbox 2267 634 2569 689; x_wconf 87' lang='lat' dir='ltr'><strong>Tharacam</strong></span> <span class='ocrx_word' id='word_1_41' title='bbox 2600 651 2781 706; x_wconf 83' lang='lat' dir='ltr'><strong>regem</strong></span> <span class='ocrx_word' id='word_1_42' title='bbox 2809 635 3214 705; x_wconf 61' lang='lat' dir='ltr'><strong>{Ethiopiorum</strong></span> <span class='ocrx_word' id='word_1_43' title='bbox 3247 639 3301 694; x_wconf 91' lang='lat' dir='ltr'><strong>in</strong></span> <span class='ocrx_word' id='word_1_44' title='bbox 3332 642 3617 709; x_wconf 81' lang='lat' dir='ltr'><strong>auxilium,</strong></span> 
     </span>
    </p>
   </div>
   <div class='ocr_carea' id='block_1_8' title="bbox 3507 339 3616 394">
    <p class='ocr_par' dir='ltr' id='par_1_8' title="bbox 3507 339 3616 394">
     <span class='ocr_line' id='line_1_8' title="bbox 3507 339 3616 394; baseline 0 0"><span class='ocrx_word' id='word_1_45' title='bbox 3507 339 3616 394; x_wconf 73' lang='lat'><strong>256</strong></span> 
     </span>
    </p>
   </div>
   <div class='ocr_carea' id='block_1_9' title="bbox 427 722 2570 798">
    <p class='ocr_par' dir='ltr' id='par_1_9' title="bbox 427 722 2570 798">
     <span class='ocr_line' id='line_1_9' title="bbox 427 722 2570 798; baseline -0.002 -18"><span class='ocrx_word' id='word_1_46' title='bbox 427 722 573 798; x_wconf 70' lang='lat' dir='ltr'><strong>ginta</strong></span> <span class='ocrx_word' id='word_1_47' title='bbox 622 731 844 798; x_wconf 74' lang='lat' dir='ltr'><strong>quinque</strong></span> <span class='ocrx_word' id='word_1_48' title='bbox 872 723 1040 798; x_wconf 50' lang='lat' dir='ltr'><strong>millia</strong></span> <span class='ocrx_word' id='word_1_49' title='bbox 1076 722 1342 798; x_wconf 65' lang='lat' dir='ltr'><strong>percussit</strong></span> <span class='ocrx_word' id='word_1_50' title='bbox 1372 724 1425 778; x_wconf 83' lang='lat' dir='ltr'><strong>in</strong></span> <span class='ocrx_word' id='word_1_51' title='bbox 1456 726 1642 798; x_wconf 69' lang='lat' dir='ltr'><strong>castris</strong></span> <span class='ocrx_word' id='word_1_52' title='bbox 1690 724 1934 798; x_wconf 71' lang='lat' dir='ltr'><strong>Assyrio-</strong></span> <span class='ocrx_word' id='word_1_53' title='bbox 2034 733 2221 776; x_wconf 82' lang='lat' dir='ltr'><strong>narrat</strong></span> <span class='ocrx_word' id='word_1_54' title='bbox 2248 722 2570 778; x_wconf 75' lang='lat' dir='ltr'><strong>Herodotus.</strong></span> 
     </span>
    </p>
   </div>
   <div class='ocr_carea' id='block_1_10' title="bbox 426 791 1929 864">
    <p class='ocr_par' dir='ltr' id='par_1_10' title="bbox 426 791 1929 864">
     <span class='ocr_line' id='line_1_10' title="bbox 426 791 1929 864; baseline -0.003 -14"><span class='ocrx_word' id='word_1_55' title='bbox 426 791 564 861; x_wconf 60' lang='lat' dir='ltr'><strong>rum,</strong></span> <span class='ocrx_word' id='word_1_56' title='bbox 591 791 644 849; x_wconf 44' lang='lat' dir='ltr'><strong>et&quot;</strong></span> <span class='ocrx_word' id='word_1_57' title='bbox 668 796 730 848; x_wconf 86' lang='lat' dir='ltr'><strong>de</strong></span> <span class='ocrx_word' id='word_1_58' title='bbox 758 791 970 847; x_wconf 75' lang='lat' dir='ltr'><strong>interim</strong></span> <span class='ocrx_word' id='word_1_59' title='bbox 1003 791 1353 847; x_wconf 70' lang='lat' dir='ltr'><strong>Setinacherib</strong></span> <span class='ocrx_word' id='word_1_60' title='bbox 1390 796 1524 864; x_wconf 78' lang='lat' dir='ltr'><strong>regis</strong></span> <span class='ocrx_word' id='word_1_61' title='bbox 1571 793 1929 864; x_wconf 73' lang='lat' dir='ltr'><strong>Assyriorum.</strong></span> 
     </span>
    </p>
   </div>
   <div class='ocr_carea' id='block_1_11' title="bbox 424 907 1937 976">
    <p class='ocr_par' dir='ltr' id='par_1_11' title="bbox 424 907 1937 976">
     <span class='ocr_line' id='line_1_11' title="bbox 424 907 1937 976; baseline -0.003 -11"><span class='ocrx_word' id='word_1_62' title='bbox 424 910 573 971; x_wconf 68' lang='grc' dir='ltr'><strong>((ΣΑΡ.</strong></span> <span class='ocrx_word' id='word_1_63' title='bbox 614 908 750 976; x_wconf 70' lang='lat' dir='ltr'><strong>tux.)</strong></span> <span class='ocrx_word' id='word_1_64' title='bbox 787 928 804 959; x_wconf 76' lang='grc' dir='ltr'>ι</span> <span class='ocrx_word' id='word_1_65' title='bbox 842 907 972 974; x_wconf 63' lang='lat' dir='ltr'><strong>Quae</strong></span> <span class='ocrx_word' id='word_1_66' title='bbox 1002 923 1123 962; x_wconf 89' lang='lat' dir='ltr'><strong>cum</strong></span> <span class='ocrx_word' id='word_1_67' title='bbox 1152 909 1390 963; x_wconf 88' lang='lat' dir='ltr'><strong>audisset</strong></span> <span class='ocrx_word' id='word_1_68' title='bbox 1431 908 1726 972; x_wconf 81' lang='lat' dir='ltr'><strong>Ezechias,</strong></span> <span class='ocrx_word' id='word_1_69' title='bbox 1774 907 1937 962; x_wconf 86' lang='lat' dir='ltr'><strong>scidit</strong></span> 
     </span>
    </p>
   </div>
   <div class='ocr_carea' id='block_1_12' title="bbox 361 998 1935 1068">
    <p class='ocr_par' dir='ltr' id='par_1_12' title="bbox 361 998 1935 1068">
     <span class='ocr_line' id='line_1_12' title="bbox 361 998 1935 1068; baseline 0.001 -17"><span class='ocrx_word' id='word_1_70' title='bbox 361 1020 377 1051; x_wconf 78' lang='grc' dir='ltr'>ι</span> <span class='ocrx_word' id='word_1_71' title='bbox 410 998 726 1054; x_wconf 86' lang='lat' dir='ltr'><strong>vestimenta</strong></span> <span class='ocrx_word' id='word_1_72' title='bbox 767 1013 892 1062; x_wconf 85' lang='lat' dir='ltr'><strong>sua,</strong></span> <span class='ocrx_word' id='word_1_73' title='bbox 931 1006 982 1051; x_wconf 89' lang='lat' dir='ltr'><strong>ct</strong></span> <span class='ocrx_word' id='word_1_74' title='bbox 1024 1008 1246 1068; x_wconf 89' lang='lat' dir='ltr'><strong>opertus</strong></span> <span class='ocrx_word' id='word_1_75' title='bbox 1274 1011 1358 1054; x_wconf 88' lang='lat' dir='ltr'><strong>est</strong></span> <span class='ocrx_word' id='word_1_76' title='bbox 1404 1014 1583 1054; x_wconf 88' lang='lat' dir='ltr'><strong>sacco.</strong></span> <span class='ocrx_word' id='word_1_77' title='bbox 1631 998 1935 1068; x_wconf 87' lang='lat' dir='ltr'><strong>Ingressus-</strong></span> 
     </span>
    </p>
   </div>
   <div class='ocr_carea' id='block_1_13' title="bbox 360 1089 1935 1160">
    <p class='ocr_par' dir='ltr' id='par_1_13' title="bbox 360 1089 1935 1160">
     <span class='ocr_line' id='line_1_13' title="bbox 360 1089 1935 1160; baseline 0.001 -18"><span class='ocrx_word' id='word_1_78' title='bbox 360 1111 378 1142; x_wconf 72' lang='grc' dir='ltr'>ι</span> <span class='ocrx_word' id='word_1_79' title='bbox 406 1105 510 1160; x_wconf 88' lang='lat' dir='ltr'><strong>que</strong></span> <span class='ocrx_word' id='word_1_80' title='bbox 535 1091 753 1144; x_wconf 91' lang='lat' dir='ltr'><strong>domum</strong></span> <span class='ocrx_word' id='word_1_81' title='bbox 782 1089 1014 1154; x_wconf 90' lang='lat' dir='ltr'><strong>Domini,</strong></span> <span class='ocrx_word' id='word_1_82' title='bbox 1046 1099 1101 1144; x_wconf 88' lang='lat' dir='ltr'><strong>et</strong></span> <span class='ocrx_word' id='word_1_83' title='bbox 1149 1091 1295 1145; x_wconf 87' lang='lat' dir='ltr'><strong>misit</strong></span> <span class='ocrx_word' id='word_1_84' title='bbox 1338 1091 1561 1145; x_wconf 85' lang='lat' dir='ltr'><strong>Eliacim</strong></span> <span class='ocrx_word' id='word_1_85' title='bbox 1590 1091 1935 1160; x_wconf 63' lang='lat' dir='ltr'><strong>praepositum</strong></span> 
     </span>
    </p>
   </div>
   <div class='ocr_carea' id='block_1_14' title="bbox 359 1180 1938 1245">
    <p class='ocr_par' dir='ltr' id='par_1_14' title="bbox 359 1180 1938 1245">
     <span class='ocr_line' id='line_1_14' title="bbox 359 1180 1938 1245; baseline 0.002 -15"><span class='ocrx_word' id='word_1_86' title='bbox 359 1199 377 1230; x_wconf 73' lang='grc' dir='ltr'>ι</span> <span class='ocrx_word' id='word_1_87' title='bbox 407 1180 618 1245; x_wconf 88' lang='lat' dir='ltr'><strong>domus,</strong></span> <span class='ocrx_word' id='word_1_88' title='bbox 642 1189 698 1234; x_wconf 92' lang='lat' dir='ltr'><strong>et</strong></span> <span class='ocrx_word' id='word_1_89' title='bbox 742 1180 976 1234; x_wconf 89' lang='lat' dir='ltr'><strong>Sohnam</strong></span> <span class='ocrx_word' id='word_1_90' title='bbox 1005 1181 1241 1235; x_wconf 87' lang='lat' dir='ltr'><strong>scribam</strong></span> <span class='ocrx_word' id='word_1_91' title='bbox 1266 1189 1322 1235; x_wconf 92' lang='lat' dir='ltr'><strong>et</strong></span> <span class='ocrx_word' id='word_1_92' title='bbox 1347 1195 1503 1235; x_wconf 89' lang='lat' dir='ltr'><strong>senes</strong></span> <span class='ocrx_word' id='word_1_93' title='bbox 1530 1180 1598 1234; x_wconf 92' lang='lat' dir='ltr'><strong>de</strong></span> <span class='ocrx_word' id='word_1_94' title='bbox 1647 1180 1938 1235; x_wconf 76' lang='lat' dir='ltr'><strong>sacerdoti—</strong></span> 
     </span>
    </p>
   </div>
   <div class='ocr_carea' id='block_1_15' title="bbox 359 1271 1935 1339">
    <p class='ocr_par' dir='ltr' id='par_1_15' title="bbox 359 1271 1935 1339">
     <span class='ocr_line' id='line_1_15' title="bbox 359 1271 1935 1339; baseline 0.004 -18"><span class='ocrx_word' id='word_1_95' title='bbox 359 1290 377 1321; x_wconf 72' lang='grc' dir='ltr'>ι</span> <span class='ocrx_word' id='word_1_96' title='bbox 409 1271 511 1326; x_wconf 92' lang='lat' dir='ltr'><strong>bus</strong></span> <span class='ocrx_word' id='word_1_97' title='bbox 529 1280 746 1339; x_wconf 89' lang='lat' dir='ltr'><strong>opertos</strong></span> <span class='ocrx_word' id='word_1_98' title='bbox 788 1273 961 1326; x_wconf 82' lang='lat' dir='ltr'><strong>saccis</strong></span> <span class='ocrx_word' id='word_1_99' title='bbox 1014 1272 1081 1327; x_wconf 90' lang='lat' dir='ltr'><strong>ad</strong></span> <span class='ocrx_word' id='word_1_100' title='bbox 1127 1272 1322 1326; x_wconf 88' lang='lat' dir='ltr'><strong>Isaiam</strong></span> <span class='ocrx_word' id='word_1_101' title='bbox 1360 1273 1677 1339; x_wconf 83' lang='lat' dir='ltr'><strong>prophetam</strong></span> <span class='ocrx_word' id='word_1_102' title='bbox 1706 1313 1721 1336; x_wconf 93' lang='lat'><strong>,</strong></span> <span class='ocrx_word' id='word_1_103' title='bbox 1769 1273 1935 1327; x_wconf 87' lang='lat' dir='ltr'><strong>ﬁlium</strong></span> 
     </span>
    </p>
   </div>
   <div class='ocr_carea' id='block_1_16' title="bbox 362 1359 1938 1426">
    <p class='ocr_par' dir='ltr' id='par_1_16' title="bbox 362 1359 1938 1426">
     <span class='ocr_line' id='line_1_16' title="bbox 362 1359 1938 1426; baseline 0.006 -18"><span class='ocrx_word' id='word_1_104' title='bbox 362 1380 380 1408; x_wconf 77' lang='grc' dir='ltr'>ι</span> <span class='ocrx_word' id='word_1_105' title='bbox 413 1359 596 1415; x_wconf 86' lang='lat' dir='ltr'><strong>Amos.</strong></span> <span class='ocrx_word' id='word_1_106' title='bbox 627 1360 730 1426; x_wconf 83' lang='lat' dir='ltr'><strong>Qui</strong></span> <span class='ocrx_word' id='word_1_107' title='bbox 765 1361 1017 1415; x_wconf 86' lang='lat' dir='ltr'><strong>dixerunt</strong></span> <span class='ocrx_word' id='word_1_108' title='bbox 1038 1361 1086 1415; x_wconf 91' lang='lat' dir='ltr'><strong>ei</strong></span> <span class='ocrx_word' id='word_1_109' title='bbox 1117 1379 1129 1414; x_wconf 93' lang='lat'><strong>:</strong></span> <span class='ocrx_word' id='word_1_110' title='bbox 1163 1360 1287 1415; x_wconf 67' lang='lat' dir='ltr'><strong>Hmc</strong></span> <span class='ocrx_word' id='word_1_111' title='bbox 1319 1361 1451 1415; x_wconf 85' lang='lat' dir='ltr'><strong>dicit</strong></span> <span class='ocrx_word' id='word_1_112' title='bbox 1480 1362 1743 1416; x_wconf 79' lang='lat' dir='ltr'><strong>Ezechias</strong></span> <span class='ocrx_word' id='word_1_113' title='bbox 1770 1381 1782 1414; x_wconf 91' lang='lat'>:</span> <span class='ocrx_word' id='word_1_114' title='bbox 1812 1362 1938 1417; x_wconf 85' lang='lat' dir='ltr'><strong>Dies</strong></span> 
     </span>
    </p>
   </div>
   <div class='ocr_carea' id='block_1_17' title="bbox 362 1455 1939 1527">
    <p class='ocr_par' dir='ltr' id='par_1_17' title="bbox 362 1455 1939 1527">
     <span class='ocr_line' id='line_1_17' title="bbox 362 1455 1939 1527; baseline 0.008 -24"><span class='ocrx_word' id='word_1_115' title='bbox 362 1455 777 1512; x_wconf 66' lang='lat' dir='ltr'><strong>«tribulationis</strong></span> <span class='ocrx_word' id='word_1_116' title='bbox 810 1466 863 1513; x_wconf 93' lang='lat' dir='ltr'><strong>et</strong></span> <span class='ocrx_word' id='word_1_117' title='bbox 919 1458 1263 1527; x_wconf 65' lang='lat' dir='ltr'><strong>blasphemiae</strong></span> <span class='ocrx_word' id='word_1_118' title='bbox 1312 1458 1431 1515; x_wconf 88' lang='lat' dir='ltr'><strong>dies</strong></span> <span class='ocrx_word' id='word_1_119' title='bbox 1485 1460 1608 1515; x_wconf 88' lang='lat' dir='ltr'><strong>iste.</strong></span> <span class='ocrx_word' id='word_1_120' title='bbox 1660 1459 1939 1516; x_wconf 84' lang='lat' dir='ltr'><strong>Venerunt</strong></span> 
     </span>
    </p>
   </div>
   <div class='ocr_carea' id='block_1_18' title="bbox 361 1546 1939 1620">
    <p class='ocr_par' dir='ltr' id='par_1_18' title="bbox 361 1546 1939 1620">
     <span class='ocr_line' id='line_1_18' title="bbox 361 1546 1939 1620; baseline 0.006 -25"><span class='ocrx_word' id='word_1_121' title='bbox 361 1562 380 1595; x_wconf 70' lang='grc' dir='ltr'>ι</span> <span class='ocrx_word' id='word_1_122' title='bbox 414 1546 506 1600; x_wconf 83' lang='lat' dir='ltr'><strong>ﬁlii</strong></span> <span class='ocrx_word' id='word_1_123' title='bbox 537 1563 705 1618; x_wconf 89' lang='lat' dir='ltr'><strong>usque</strong></span> <span class='ocrx_word' id='word_1_124' title='bbox 733 1549 800 1603; x_wconf 87' lang='lat' dir='ltr'><strong>ad</strong></span> <span class='ocrx_word' id='word_1_125' title='bbox 855 1558 1088 1617; x_wconf 87' lang='lat' dir='ltr'><strong>partum,</strong></span> <span class='ocrx_word' id='word_1_126' title='bbox 1115 1557 1169 1604; x_wconf 89' lang='lat' dir='ltr'><strong>et</strong></span> <span class='ocrx_word' id='word_1_127' title='bbox 1195 1550 1340 1605; x_wconf 88' lang='lat' dir='ltr'><strong>vires</strong></span> <span class='ocrx_word' id='word_1_128' title='bbox 1389 1567 1492 1605; x_wconf 91' lang='lat' dir='ltr'><strong>non</strong></span> <span class='ocrx_word' id='word_1_129' title='bbox 1541 1551 1706 1605; x_wconf 87' lang='lat' dir='ltr'><strong>habet</strong></span> <span class='ocrx_word' id='word_1_130' title='bbox 1755 1560 1939 1620; x_wconf 84' lang='lat' dir='ltr'><strong>partu-</strong></span> 
     </span>
    </p>
   </div>
   <div class='ocr_carea' id='block_1_19' title="bbox 361 1637 1933 1710">
    <p class='ocr_par' dir='ltr' id='par_1_19' title="bbox 361 1637 1933 1710">
     <span class='ocr_line' id='line_1_19' title="bbox 361 1637 1933 1710; baseline 0.005 -22"><span class='ocrx_word' id='word_1_131' title='bbox 361 1655 380 1688; x_wconf 72' lang='grc' dir='ltr'>ι</span> <span class='ocrx_word' id='word_1_132' title='bbox 417 1637 583 1702; x_wconf 88' lang='lat' dir='ltr'><strong>riens,</strong></span> <span class='ocrx_word' id='word_1_133' title='bbox 605 1646 709 1693; x_wconf 91' lang='lat' dir='ltr'><strong>etc.</strong></span> <span class='ocrx_word' id='word_1_134' title='bbox 732 1657 751 1690; x_wconf 71' lang='grc' dir='ltr'><strong><em>ι</em></strong></span> <span class='ocrx_word' id='word_1_135' title='bbox 786 1638 895 1710; x_wconf 75' lang='lat' dir='ltr'><strong>(Ea:</strong></span> <span class='ocrx_word' id='word_1_136' title='bbox 921 1639 1161 1709; x_wconf 80' lang='lat' dir='ltr'><strong>Hieron.)</strong></span> <span class='ocrx_word' id='word_1_137' title='bbox 1186 1639 1449 1695; x_wconf 90' lang='lat' dir='ltr'><strong>Scinduut</strong></span> <span class='ocrx_word' id='word_1_138' title='bbox 1471 1642 1794 1696; x_wconf 89' lang='lat' dir='ltr'><strong>vestimenta</strong></span> <span class='ocrx_word' id='word_1_139' title='bbox 1818 1658 1933 1705; x_wconf 88' lang='lat' dir='ltr'><strong>sua,</strong></span> 
     </span>
    </p>
   </div>
   <div class='ocr_carea' id='block_1_20' title="bbox 359 1729 1937 1801">
    <p class='ocr_par' dir='ltr' id='par_1_20' title="bbox 359 1729 1937 1801">
     <span class='ocr_line' id='line_1_20' title="bbox 359 1729 1937 1801; baseline 0.001 -17"><span class='ocrx_word' id='word_1_140' title='bbox 359 1729 482 1798; x_wconf 88' lang='lat' dir='ltr'><strong>quia</strong></span> <span class='ocrx_word' id='word_1_141' title='bbox 526 1729 805 1785; x_wconf 83' lang='lat' dir='ltr'><strong>Rabsacen</strong></span> <span class='ocrx_word' id='word_1_142' title='bbox 851 1731 1074 1785; x_wconf 90' lang='lat' dir='ltr'><strong>audiunt</strong></span> <span class='ocrx_word' id='word_1_143' title='bbox 1124 1730 1615 1801; x_wconf 77' lang='lat' dir='ltr'><strong>blasphemantem;</strong></span> <span class='ocrx_word' id='word_1_144' title='bbox 1668 1733 1827 1787; x_wconf 83' lang='lat' dir='ltr'><strong>scidit</strong></span> <span class='ocrx_word' id='word_1_145' title='bbox 1881 1740 1937 1788; x_wconf 90' lang='lat' dir='ltr'><strong>et</strong></span> 
     </span>
    </p>
   </div>
   <div class='ocr_carea' id='block_1_21' title="bbox 358 1822 1935 1892">
    <p class='ocr_par' dir='ltr' id='par_1_21' title="bbox 358 1822 1935 1892">
     <span class='ocr_line' id='line_1_21' title="bbox 358 1822 1935 1892; baseline 0.003 -18"><span class='ocrx_word' id='word_1_146' title='bbox 358 1835 452 1875; x_wconf 80' lang='lat' dir='ltr'><strong>rex</strong></span> <span class='ocrx_word' id='word_1_147' title='bbox 482 1830 687 1877; x_wconf 87' lang='lat' dir='ltr'><strong>vestem</strong></span> <span class='ocrx_word' id='word_1_148' title='bbox 722 1836 895 1885; x_wconf 88' lang='lat' dir='ltr'><strong>suam,</strong></span> <span class='ocrx_word' id='word_1_149' title='bbox 926 1823 1051 1892; x_wconf 86' lang='lat' dir='ltr'><strong>quia</strong></span> <span class='ocrx_word' id='word_1_150' title='bbox 1091 1838 1190 1892; x_wconf 90' lang='lat' dir='ltr'><strong>pro</strong></span> <span class='ocrx_word' id='word_1_151' title='bbox 1223 1822 1403 1892; x_wconf 84' lang='lat' dir='ltr'><strong>pepuli</strong></span> <span class='ocrx_word' id='word_1_152' title='bbox 1449 1831 1505 1877; x_wconf 90' lang='lat' dir='ltr'><strong>et</strong></span> <span class='ocrx_word' id='word_1_153' title='bbox 1533 1823 1648 1878; x_wconf 90' lang='lat' dir='ltr'><strong>suis</strong></span> <span class='ocrx_word' id='word_1_154' title='bbox 1694 1824 1935 1892; x_wconf 87' lang='lat' dir='ltr'><strong>peccatis</strong></span> 
     </span>
    </p>
   </div>
   <div class='ocr_carea' id='block_1_22' title="bbox 357 1911 1937 1982">
    <p class='ocr_par' dir='ltr' id='par_1_22' title="bbox 357 1911 1937 1982">
     <span class='ocr_line' id='line_1_22' title="bbox 357 1911 1937 1982; baseline 0.003 -18"><span class='ocrx_word' id='word_1_155' title='bbox 357 1925 478 1965; x_wconf 91' lang='lat' dir='ltr'><strong>esse</strong></span> <span class='ocrx_word' id='word_1_156' title='bbox 524 1911 796 1975; x_wconf 81' lang='lat' dir='ltr'><strong>credebat,</strong></span> <span class='ocrx_word' id='word_1_157' title='bbox 821 1913 965 1982; x_wconf 84' lang='lat' dir='ltr'><strong>quod</strong></span> <span class='ocrx_word' id='word_1_158' title='bbox 1009 1911 1281 1968; x_wconf 71' lang='lat' dir='ltr'><strong>[{absaces</strong></span> <span class='ocrx_word' id='word_1_159' title='bbox 1312 1928 1482 1982; x_wconf 89' lang='lat' dir='ltr'><strong>usque</strong></span> <span class='ocrx_word' id='word_1_160' title='bbox 1506 1913 1573 1968; x_wconf 89' lang='lat' dir='ltr'><strong>ad</strong></span> <span class='ocrx_word' id='word_1_161' title='bbox 1604 1921 1815 1982; x_wconf 91' lang='lat' dir='ltr'><strong>portam</strong></span> <span class='ocrx_word' id='word_1_162' title='bbox 1843 1929 1937 1969; x_wconf 88' lang='lat' dir='ltr'><strong>ve-</strong></span> 
     </span>
    </p>
   </div>
   <div class='ocr_carea' id='block_1_23' title="bbox 356 1998 1937 2065">
    <p class='ocr_par' dir='ltr' id='par_1_23' title="bbox 356 1998 1937 2065">
     <span class='ocr_line' id='line_1_23' title="bbox 356 1998 1937 2065; baseline 0.002 -11"><span class='ocrx_word' id='word_1_163' title='bbox 356 2000 436 2054; x_wconf 89' lang='lat' dir='ltr'><strong>nit</strong></span> <span class='ocrx_word' id='word_1_164' title='bbox 462 1998 779 2065; x_wconf 83' lang='lat' dir='ltr'><strong>Jerusalem,</strong></span> <span class='ocrx_word' id='word_1_165' title='bbox 802 2009 855 2056; x_wconf 91' lang='lat' dir='ltr'><strong>et</strong></span> <span class='ocrx_word' id='word_1_166' title='bbox 876 2010 1062 2057; x_wconf 91' lang='lat' dir='ltr'><strong>contra</strong></span> <span class='ocrx_word' id='word_1_167' title='bbox 1091 2002 1373 2057; x_wconf 90' lang='lat' dir='ltr'><strong>Dominum</strong></span> <span class='ocrx_word' id='word_1_168' title='bbox 1399 2003 1525 2056; x_wconf 88' lang='lat' dir='ltr'><strong>talia</strong></span> <span class='ocrx_word' id='word_1_169' title='bbox 1549 2004 1781 2057; x_wconf 90' lang='lat' dir='ltr'><strong>locutus.</strong></span> <span class='ocrx_word' id='word_1_170' title='bbox 1804 2002 1937 2057; x_wconf 86' lang='lat' dir='ltr'><strong>Mira</strong></span> 
     </span>
    </p>
   </div>
   <div class='ocr_carea' id='block_1_24' title="bbox 362 2090 1936 2163">
    <p class='ocr_par' dir='ltr' id='par_1_24' title="bbox 362 2090 1936 2163">
     <span class='ocr_line' id='line_1_24' title="bbox 362 2090 1936 2163; baseline 0.003 -21"><span class='ocrx_word' id='word_1_171' title='bbox 362 2090 504 2160; x_wconf 84' lang='lat' dir='ltr'><strong>regis</strong></span> <span class='ocrx_word' id='word_1_172' title='bbox 542 2090 816 2147; x_wconf 87' lang='lat' dir='ltr'><strong>humilitas</strong></span> <span class='ocrx_word' id='word_1_173' title='bbox 858 2101 912 2145; x_wconf 89' lang='lat' dir='ltr'><strong>et</strong></span> <span class='ocrx_word' id='word_1_174' title='bbox 949 2093 1254 2161; x_wconf 87' lang='lat' dir='ltr'><strong>prudentia.</strong></span> <span class='ocrx_word' id='word_1_175' title='bbox 1289 2092 1519 2148; x_wconf 87' lang='lat' dir='ltr'><strong>Dimisso</strong></span> <span class='ocrx_word' id='word_1_176' title='bbox 1568 2094 1713 2163; x_wconf 81' lang='lat' dir='ltr'><strong>regio</strong></span> <span class='ocrx_word' id='word_1_177' title='bbox 1758 2094 1936 2159; x_wconf 89' lang='lat' dir='ltr'><strong>cultu,</strong></span> 
     </span>
    </p>
   </div>
   <div class='ocr_carea' id='block_1_25' title="bbox 358 2178 1942 2254">
    <p class='ocr_par' dir='ltr' id='par_1_25' title="bbox 358 2178 1942 2254">
     <span class='ocr_line' id='line_1_25' title="bbox 358 2178 1942 2254; baseline 0.004 -23"><span class='ocrx_word' id='word_1_178' title='bbox 358 2178 642 2235; x_wconf 82' lang='lat' dir='ltr'><strong>obvolutus</strong></span> <span class='ocrx_word' id='word_1_179' title='bbox 677 2194 835 2235; x_wconf 90' lang='lat' dir='ltr'><strong>sacco</strong></span> <span class='ocrx_word' id='word_1_180' title='bbox 861 2181 929 2235; x_wconf 89' lang='lat' dir='ltr'><strong>ad</strong></span> <span class='ocrx_word' id='word_1_181' title='bbox 958 2182 1211 2251; x_wconf 89' lang='lat' dir='ltr'><strong>templum</strong></span> <span class='ocrx_word' id='word_1_182' title='bbox 1240 2184 1415 2254; x_wconf 83' lang='lat' dir='ltr'><strong>pergit</strong></span> <span class='ocrx_word' id='word_1_183' title='bbox 1438 2185 1504 2238; x_wconf 91' lang='lat' dir='ltr'><strong>de</strong></span> <span class='ocrx_word' id='word_1_184' title='bbox 1525 2184 1744 2253; x_wconf 86' lang='lat' dir='ltr'><strong>palatio.</strong></span> <span class='ocrx_word' id='word_1_185' title='bbox 1790 2183 1942 2238; x_wconf 89' lang='lat' dir='ltr'><strong>Prin-</strong></span> 
     </span>
    </p>
   </div>
   <div class='ocr_carea' id='block_1_26' title="bbox 355 2268 1938 2338">
    <p class='ocr_par' dir='ltr' id='par_1_26' title="bbox 355 2268 1938 2338">
     <span class='ocr_line' id='line_1_26' title="bbox 355 2268 1938 2338; baseline 0.005 -15"><span class='ocrx_word' id='word_1_186' title='bbox 355 2268 504 2337; x_wconf 90' lang='lat' dir='ltr'><strong>cipes</strong></span> <span class='ocrx_word' id='word_1_187' title='bbox 533 2271 871 2325; x_wconf 86' lang='lat' dir='ltr'><strong>sacerdotum</strong></span> <span class='ocrx_word' id='word_1_188' title='bbox 905 2287 1009 2327; x_wconf 90' lang='lat' dir='ltr'><strong>non</strong></span> <span class='ocrx_word' id='word_1_189' title='bbox 1061 2274 1232 2337; x_wconf 90' lang='lat' dir='ltr'><strong>stolis,</strong></span> <span class='ocrx_word' id='word_1_190' title='bbox 1259 2275 1352 2328; x_wconf 80' lang='lat' dir='ltr'><strong>sed</strong></span> <span class='ocrx_word' id='word_1_191' title='bbox 1378 2274 1601 2338; x_wconf 84' lang='lat' dir='ltr'><strong>ciliciis,</strong></span> <span class='ocrx_word' id='word_1_192' title='bbox 1651 2276 1819 2330; x_wconf 90' lang='lat' dir='ltr'><strong>mittit</strong></span> <span class='ocrx_word' id='word_1_193' title='bbox 1870 2277 1938 2331; x_wconf 92' lang='lat' dir='ltr'><strong>ad</strong></span> 
     </span>
    </p>
   </div>
   <div class='ocr_carea' id='block_1_27' title="bbox 360 2358 1941 2428">
    <p class='ocr_par' dir='ltr' id='par_1_27' title="bbox 360 2358 1941 2428">
     <span class='ocr_line' id='line_1_27' title="bbox 360 2358 1941 2428; baseline 0.006 -16"><span class='ocrx_word' id='word_1_194' title='bbox 360 2358 548 2413; x_wconf 90' lang='lat' dir='ltr'><strong>Isaiam</strong></span> <span class='ocrx_word' id='word_1_195' title='bbox 579 2370 863 2428; x_wconf 83' lang='lat' dir='ltr'><strong>coopertos</strong></span> <span class='ocrx_word' id='word_1_196' title='bbox 907 2363 1098 2427; x_wconf 90' lang='lat' dir='ltr'><strong>saccis,</strong></span> <span class='ocrx_word' id='word_1_197' title='bbox 1127 2372 1182 2417; x_wconf 91' lang='lat' dir='ltr'><strong>et</strong></span> <span class='ocrx_word' id='word_1_198' title='bbox 1201 2364 1337 2417; x_wconf 72' lang='lat' dir='ltr'><strong>dixit</strong></span> <span class='ocrx_word' id='word_1_199' title='bbox 1366 2382 1380 2419; x_wconf 85' lang='lat'><strong>:</strong></span> <span class='ocrx_word' id='word_1_200' title='bbox 1420 2384 1437 2416; x_wconf 76' lang='grc' dir='ltr'>ι</span> <span class='ocrx_word' id='word_1_201' title='bbox 1472 2364 1597 2420; x_wconf 89' lang='lat' dir='ltr'><strong>Dies</strong></span> <span class='ocrx_word' id='word_1_202' title='bbox 1625 2366 1740 2421; x_wconf 63' lang='lat' dir='ltr'><strong>haec</strong></span> <span class='ocrx_word' id='word_1_203' title='bbox 1771 2367 1941 2422; x_wconf 90' lang='lat' dir='ltr'><strong>tribu-</strong></span> 
     </span>
    </p>
   </div>
   <div class='ocr_carea' id='block_1_28' title="bbox 358 2447 1943 2525">
    <p class='ocr_par' dir='ltr' id='par_1_28' title="bbox 358 2447 1943 2525">
     <span class='ocr_line' id='line_1_28' title="bbox 358 2447 1943 2525; baseline 0.007 -23"><span class='ocrx_word' id='word_1_204' title='bbox 358 2447 576 2503; x_wconf 89' lang='lat' dir='ltr'><strong>lationis</strong></span> <span class='ocrx_word' id='word_1_205' title='bbox 600 2458 816 2515; x_wconf 54' lang='lat' dir='ltr'><strong>nostra»,</strong></span> <span class='ocrx_word' id='word_1_206' title='bbox 844 2460 900 2505; x_wconf 82' lang='lat' dir='ltr'><strong>et</strong></span> <span class='ocrx_word' id='word_1_207' title='bbox 946 2454 1304 2523; x_wconf 74' lang='lat' dir='ltr'><strong>correptionis</strong></span> <span class='ocrx_word' id='word_1_208' title='bbox 1332 2453 1429 2509; x_wconf 88' lang='lat' dir='ltr'><strong>Dei</strong></span> <span class='ocrx_word' id='word_1_209' title='bbox 1477 2455 1826 2525; x_wconf 71' lang='lat' dir='ltr'><strong>blasphemia:</strong></span> <span class='ocrx_word' id='word_1_210' title='bbox 1852 2458 1943 2514; x_wconf 92' lang='lat' dir='ltr'><strong>ho-</strong></span> 
     </span>
    </p>
   </div>
   <div class='ocr_carea' id='block_1_29' title="bbox 356 2540 1937 2616">
    <p class='ocr_par' dir='ltr' id='par_1_29' title="bbox 356 2540 1937 2616">
     <span class='ocr_line' id='line_1_29' title="bbox 356 2540 1937 2616; baseline 0.008 -25"><span class='ocrx_word' id='word_1_211' title='bbox 356 2540 539 2593; x_wconf 87' lang='lat' dir='ltr'><strong>stium.</strong></span> <span class='ocrx_word' id='word_1_212' title='bbox 572 2559 590 2591; x_wconf 74' lang='grc' dir='ltr'><strong>ι</strong></span> <span class='ocrx_word' id='word_1_213' title='bbox 646 2541 911 2612; x_wconf 88' lang='lat' dir='ltr'><strong>Ponitque</strong></span> <span class='ocrx_word' id='word_1_214' title='bbox 940 2544 1346 2600; x_wconf 83' lang='lat' dir='ltr'><strong>similitudinem</strong></span> <span class='ocrx_word' id='word_1_215' title='bbox 1381 2547 1735 2616; x_wconf 88' lang='lat' dir='ltr'><strong>parturientis</strong></span> <span class='ocrx_word' id='word_1_216' title='bbox 1774 2548 1937 2604; x_wconf 79' lang='lat' dir='ltr'><strong>femi-</strong></span> 
     </span>
    </p>
   </div>
   <div class='ocr_carea' id='block_1_30' title="bbox 359 2631 1936 2707">
    <p class='ocr_par' dir='ltr' id='par_1_30' title="bbox 359 2631 1936 2707">
     <span class='ocr_line' id='line_1_30' title="bbox 359 2631 1936 2707; baseline 0.006 -24"><span class='ocrx_word' id='word_1_217' title='bbox 359 2646 464 2695; x_wconf 65' lang='lat' dir='ltr'><strong>naa,</strong></span> <span class='ocrx_word' id='word_1_218' title='bbox 505 2638 559 2685; x_wconf 92' lang='lat' dir='ltr'><strong>et</strong></span> <span class='ocrx_word' id='word_1_219' title='bbox 600 2631 830 2687; x_wconf 85' lang='lat' dir='ltr'><strong>dolentis</strong></span> <span class='ocrx_word' id='word_1_220' title='bbox 856 2672 871 2697; x_wconf 90' lang='lat'><strong>,</strong></span> <span class='ocrx_word' id='word_1_221' title='bbox 927 2649 1045 2702; x_wconf 63' lang='lat' dir='ltr'><strong>quae</strong></span> <span class='ocrx_word' id='word_1_222' title='bbox 1092 2635 1161 2688; x_wconf 88' lang='lat' dir='ltr'><strong>ad</strong></span> <span class='ocrx_word' id='word_1_223' title='bbox 1204 2644 1425 2705; x_wconf 88' lang='lat' dir='ltr'><strong>partum</strong></span> <span class='ocrx_word' id='word_1_224' title='bbox 1463 2651 1634 2705; x_wconf 86' lang='lat' dir='ltr'><strong>usque</strong></span> <span class='ocrx_word' id='word_1_225' title='bbox 1670 2639 1936 2707; x_wconf 77' lang='lat' dir='ltr'><strong>pervenit,</strong></span> 
     </span>
    </p>
   </div>
   <div class='ocr_carea' id='block_1_31' title="bbox 356 2727 1052 2794">
    <p class='ocr_par' dir='ltr' id='par_1_31' title="bbox 356 2727 1052 2794">
     <span class='ocr_line' id='line_1_31' title="bbox 356 2727 1052 2794; baseline 0.007 -20"><span class='ocrx_word' id='word_1_226' title='bbox 356 2730 413 2775; x_wconf 91' lang='lat' dir='ltr'><strong>et</strong></span> <span class='ocrx_word' id='word_1_227' title='bbox 442 2737 703 2790; x_wconf 88' lang='lat' dir='ltr'><strong>generare</strong></span> <span class='ocrx_word' id='word_1_228' title='bbox 728 2740 834 2779; x_wconf 91' lang='lat' dir='ltr'><strong>non</strong></span> <span class='ocrx_word' id='word_1_229' title='bbox 864 2727 1052 2794; x_wconf 77' lang='lat' dir='ltr'><strong>possit.</strong></span> 
     </span>
    </p>
   </div>
   <div class='ocr_carea' id='block_1_32' title="bbox 430 2809 1942 2882">
    <p class='ocr_par' dir='ltr' id='par_1_32' title="bbox 430 2809 1942 2882">
     <span class='ocr_line' id='line_1_32' title="bbox 430 2809 1942 2882; baseline 0.009 -18"><span class='ocrx_word' id='word_1_230' title='bbox 430 2809 490 2865; x_wconf 81' lang='lat' dir='ltr'><strong>Si</strong></span> <span class='ocrx_word' id='word_1_231' title='bbox 528 2813 662 2882; x_wconf 79' lang='lat' dir='ltr'><strong>forte</strong></span> <span class='ocrx_word' id='word_1_232' title='bbox 683 2814 867 2870; x_wconf 82' lang='lat' dir='ltr'><strong>audiat</strong></span> <span class='ocrx_word' id='word_1_233' title='bbox 892 2816 1145 2873; x_wconf 79' lang='lat' dir='ltr'><strong>Dominus</strong></span> <span class='ocrx_word' id='word_1_234' title='bbox 1173 2818 1313 2875; x_wconf 78' lang='lat' dir='ltr'><strong>Deus</strong></span> <span class='ocrx_word' id='word_1_235' title='bbox 1337 2826 1480 2874; x_wconf 74' lang='lat' dir='ltr'><strong>tuus.</strong></span> <span class='ocrx_word' id='word_1_236' title='bbox 1514 2820 1632 2876; x_wconf 87' lang='lat' dir='ltr'><strong>Non</strong></span> <span class='ocrx_word' id='word_1_237' title='bbox 1677 2821 1820 2877; x_wconf 87' lang='lat' dir='ltr'><strong>enim</strong></span> <span class='ocrx_word' id='word_1_238' title='bbox 1847 2838 1942 2877; x_wconf 83' lang='lat' dir='ltr'><strong>au-</strong></span> 
     </span>
    </p>
   </div>
   <div class='ocr_carea' id='block_1_33' title="bbox 357 2906 1939 2979">
    <p class='ocr_par' dir='ltr' id='par_1_33' title="bbox 357 2906 1939 2979">
     <span class='ocr_line' id='line_1_33' title="bbox 357 2906 1939 2979; baseline 0.005 -18"><span class='ocrx_word' id='word_1_239' title='bbox 357 2906 546 2962; x_wconf 82' lang='lat' dir='ltr'><strong>demus</strong></span> <span class='ocrx_word' id='word_1_240' title='bbox 572 2909 855 2964; x_wconf 88' lang='lat' dir='ltr'><strong>Dominum</strong></span> <span class='ocrx_word' id='word_1_241' title='bbox 879 2912 1117 2967; x_wconf 90' lang='lat' dir='ltr'><strong>omnium</strong></span> <span class='ocrx_word' id='word_1_242' title='bbox 1143 2922 1390 2969; x_wconf 88' lang='lat' dir='ltr'><strong>nostrum</strong></span> <span class='ocrx_word' id='word_1_243' title='bbox 1436 2915 1616 2970; x_wconf 87' lang='lat' dir='ltr'><strong>dicere</strong></span> <span class='ocrx_word' id='word_1_244' title='bbox 1639 2914 1939 2979; x_wconf 90' lang='lat' dir='ltr'><strong>dominum,</strong></span> 
     </span>
    </p>
   </div>
   <div class='ocr_carea' id='block_1_34' title="bbox 356 2998 1940 3072">
    <p class='ocr_par' dir='ltr' id='par_1_34' title="bbox 356 2998 1940 3072">
     <span class='ocr_line' id='line_1_34' title="bbox 356 2998 1940 3072; baseline 0.006 -22"><span class='ocrx_word' id='word_1_245' title='bbox 356 3012 467 3067; x_wconf 80' lang='lat' dir='ltr'><strong>quo</strong></span> <span class='ocrx_word' id='word_1_246' title='bbox 493 2998 760 3055; x_wconf 87' lang='lat' dir='ltr'><strong>irascente</strong></span> <span class='ocrx_word' id='word_1_247' title='bbox 793 3009 940 3056; x_wconf 90' lang='lat' dir='ltr'><strong>tanta</strong></span> <span class='ocrx_word' id='word_1_248' title='bbox 969 3003 1301 3072; x_wconf 87' lang='lat' dir='ltr'><strong>perpetimur</strong></span> <span class='ocrx_word' id='word_1_249' title='bbox 1325 3040 1359 3067; x_wconf 45' lang='grc' dir='ltr'><strong>,κ</strong></span> <span class='ocrx_word' id='word_1_250' title='bbox 1394 3004 1488 3059; x_wconf 90' lang='lat' dir='ltr'><strong>sed</strong></span> <span class='ocrx_word' id='word_1_251' title='bbox 1525 3013 1675 3060; x_wconf 91' lang='lat' dir='ltr'><strong>tuum</strong></span> <span class='ocrx_word' id='word_1_252' title='bbox 1712 3005 1940 3060; x_wconf 87' lang='lat' dir='ltr'><strong>dicimus</strong></span> 
     </span>
    </p>
   </div>
   <div class='ocr_carea' id='block_1_35' title="bbox 356 3088 1939 3166">
    <p class='ocr_par' dir='ltr' id='par_1_35' title="bbox 356 3088 1939 3166">
     <span class='ocr_line' id='line_1_35' title="bbox 356 3088 1939 3166; baseline 0.006 -23"><span class='ocrx_word' id='word_1_253' title='bbox 356 3088 654 3143; x_wconf 89' lang='lat' dir='ltr'><strong>dominum.</strong></span> <span class='ocrx_word' id='word_1_254' title='bbox 695 3089 763 3144; x_wconf 91' lang='lat' dir='ltr'><strong>Et</strong></span> <span class='ocrx_word' id='word_1_255' title='bbox 789 3091 929 3147; x_wconf 90' lang='lat' dir='ltr'><strong>hanc</strong></span> <span class='ocrx_word' id='word_1_256' title='bbox 959 3092 1220 3148; x_wconf 87' lang='lat' dir='ltr'><strong>habemus</strong></span> <span class='ocrx_word' id='word_1_257' title='bbox 1247 3093 1469 3149; x_wconf 88' lang='lat' dir='ltr'><strong>ultionis</strong></span> <span class='ocrx_word' id='word_1_258' title='bbox 1498 3095 1769 3160; x_wconf 91' lang='lat' dir='ltr'><strong>ﬁduciam,</strong></span> <span class='ocrx_word' id='word_1_259' title='bbox 1802 3112 1939 3166; x_wconf 90' lang='lat' dir='ltr'><strong>quo-</strong></span> 
     </span>
    </p>
   </div>
   <div class='ocr_carea' id='block_1_36' title="bbox 361 3180 1938 3253">
    <p class='ocr_par' dir='ltr' id='par_1_36' title="bbox 361 3180 1938 3253">
     <span class='ocr_line' id='line_1_36' title="bbox 361 3180 1938 3253; baseline 0.006 -20"><span class='ocrx_word' id='word_1_260' title='bbox 361 3180 506 3234; x_wconf 90' lang='lat' dir='ltr'><strong>niam</strong></span> <span class='ocrx_word' id='word_1_261' title='bbox 533 3181 720 3236; x_wconf 88' lang='lat' dir='ltr'><strong>vivens</strong></span> <span class='ocrx_word' id='word_1_262' title='bbox 749 3182 890 3237; x_wconf 91' lang='lat' dir='ltr'><strong>Deus</strong></span> <span class='ocrx_word' id='word_1_263' title='bbox 927 3183 1331 3253; x_wconf 90' lang='lat' dir='ltr'><strong>blasphematur</strong></span> <span class='ocrx_word' id='word_1_264' title='bbox 1355 3199 1385 3237; x_wconf 90' lang='lat' dir='ltr'><strong>a</strong></span> <span class='ocrx_word' id='word_1_265' title='bbox 1421 3184 1629 3240; x_wconf 88' lang='lat' dir='ltr'><strong>cultore</strong></span> <span class='ocrx_word' id='word_1_266' title='bbox 1674 3187 1938 3242; x_wconf 89' lang='lat' dir='ltr'><strong>idolorum</strong></span> 
     </span>
    </p>
   </div>
   <div class='ocr_carea' id='block_1_37' title="bbox 362 3271 1938 3343">
    <p class='ocr_par' dir='ltr' id='par_1_37' title="bbox 362 3271 1938 3343">
     <span class='ocr_line' id='line_1_37' title="bbox 362 3271 1938 3343; baseline 0.007 -21"><span class='ocrx_word' id='word_1_267' title='bbox 362 3279 719 3325; x_wconf 87' lang='lat' dir='ltr'><strong>mortuorum.</strong></span> <span class='ocrx_word' id='word_1_268' title='bbox 751 3271 893 3326; x_wconf 86' lang='lat' dir='ltr'><strong>Leva</strong></span> <span class='ocrx_word' id='word_1_269' title='bbox 919 3288 1047 3343; x_wconf 88' lang='lat' dir='ltr'><strong>erga</strong></span> <span class='ocrx_word' id='word_1_270' title='bbox 1080 3274 1380 3328; x_wconf 90' lang='lat' dir='ltr'><strong>orationem</strong></span> <span class='ocrx_word' id='word_1_271' title='bbox 1404 3284 1645 3330; x_wconf 89' lang='lat' dir='ltr'><strong>nostram</strong></span> <span class='ocrx_word' id='word_1_272' title='bbox 1665 3274 1938 3343; x_wconf 76' lang='lat' dir='ltr'><strong>iacentem</strong></span> 
     </span>
    </p>
   </div>
   <div class='ocr_carea' id='block_1_38' title="bbox 363 3359 1942 3431">
    <p class='ocr_par' dir='ltr' id='par_1_38' title="bbox 363 3359 1942 3431">
     <span class='ocr_line' id='line_1_38' title="bbox 363 3359 1942 3431; baseline 0.006 -20"><span class='ocrx_word' id='word_1_273' title='bbox 363 3372 460 3426; x_wconf 90' lang='lat' dir='ltr'><strong>pro</strong></span> <span class='ocrx_word' id='word_1_274' title='bbox 483 3359 723 3428; x_wconf 87' lang='lat' dir='ltr'><strong>reliquiis</strong></span> <span class='ocrx_word' id='word_1_275' title='bbox 750 3361 960 3430; x_wconf 90' lang='lat' dir='ltr'><strong>populi,</strong></span> <span class='ocrx_word' id='word_1_276' title='bbox 1004 3377 1123 3431; x_wconf 68' lang='lat' dir='ltr'><strong>quae</strong></span> <span class='ocrx_word' id='word_1_277' title='bbox 1174 3362 1503 3417; x_wconf 74' lang='lat' dir='ltr'><strong>obsidentur.</strong></span> <span class='ocrx_word' id='word_1_278' title='bbox 1539 3362 1807 3419; x_wconf 77' lang='lat' dir='ltr'><strong>Pnevenit</strong></span> <span class='ocrx_word' id='word_1_279' title='bbox 1847 3380 1942 3420; x_wconf 89' lang='lat' dir='ltr'><strong>eos</strong></span> 
     </span>
    </p>
   </div>
   <div class='ocr_carea' id='block_1_39' title="bbox 361 3447 1941 3521">
    <p class='ocr_par' dir='ltr' id='par_1_39' title="bbox 361 3447 1941 3521">
     <span class='ocr_line' id='line_1_39' title="bbox 361 3447 1941 3521; baseline 0.003 -19"><span class='ocrx_word' id='word_1_280' title='bbox 361 3447 544 3513; x_wconf 86' lang='lat' dir='ltr'><strong>Isaias,</strong></span> <span class='ocrx_word' id='word_1_281' title='bbox 568 3451 694 3519; x_wconf 86' lang='lat' dir='ltr'><strong>quia</strong></span> <span class='ocrx_word' id='word_1_282' title='bbox 723 3466 788 3506; x_wconf 90' lang='lat' dir='ltr'><strong>eo</strong></span> <span class='ocrx_word' id='word_1_283' title='bbox 822 3450 1039 3521; x_wconf 88' lang='lat' dir='ltr'><strong>spiritu,</strong></span> <span class='ocrx_word' id='word_1_284' title='bbox 1062 3467 1171 3521; x_wconf 86' lang='lat' dir='ltr'><strong>quo</strong></span> <span class='ocrx_word' id='word_1_285' title='bbox 1203 3450 1385 3506; x_wconf 79' lang='lat' dir='ltr'><strong>futura</strong></span> <span class='ocrx_word' id='word_1_286' title='bbox 1428 3453 1728 3519; x_wconf 90' lang='lat' dir='ltr'><strong>noscebat,</strong></span> <span class='ocrx_word' id='word_1_287' title='bbox 1778 3454 1941 3508; x_wconf 87' lang='lat' dir='ltr'><strong>etiam</strong></span> 
     </span>
    </p>
   </div>
   <div class='ocr_carea' id='block_1_40' title="bbox 360 3538 1163 3612">
    <p class='ocr_par' dir='ltr' id='par_1_40' title="bbox 360 3538 1163 3612">
     <span class='ocr_line' id='line_1_40' title="bbox 360 3538 1163 3612; baseline 0.004 -19"><span class='ocrx_word' id='word_1_288' title='bbox 360 3538 636 3595; x_wconf 85' lang='lat' dir='ltr'><strong>absentem</strong></span> <span class='ocrx_word' id='word_1_289' title='bbox 664 3557 842 3612; x_wconf 82' lang='lat' dir='ltr'><strong>regem</strong></span> <span class='ocrx_word' id='word_1_290' title='bbox 875 3542 1120 3596; x_wconf 86' lang='lat' dir='ltr'><strong>audierat</strong></span> <span class='ocrx_word' id='word_1_291' title='bbox 1149 3558 1163 3595; x_wconf 91' lang='lat'><strong>:</strong></span> 
     </span>
    </p>
   </div>
   <div class='ocr_carea' id='block_1_41' title="bbox 437 3630 1945 3705">
    <p class='ocr_par' dir='ltr' id='par_1_41' title="bbox 437 3630 1945 3705">
     <span class='ocr_line' id='line_1_41' title="bbox 437 3630 1945 3705; baseline 0.006 -22"><span class='ocrx_word' id='word_1_292' title='bbox 437 3650 458 3681; x_wconf 82' lang='grc'><em>‹</em></span> <span class='ocrx_word' id='word_1_293' title='bbox 494 3630 638 3696; x_wconf 61' lang='lat' dir='ltr'><strong>Hac,</strong></span> <span class='ocrx_word' id='word_1_294' title='bbox 668 3633 859 3702; x_wconf 89' lang='lat' dir='ltr'><strong>inquit,</strong></span> <span class='ocrx_word' id='word_1_295' title='bbox 885 3634 1047 3689; x_wconf 86' lang='lat' dir='ltr'><strong>dicite</strong></span> <span class='ocrx_word' id='word_1_296' title='bbox 1069 3635 1287 3691; x_wconf 90' lang='lat' dir='ltr'><strong>domino</strong></span> <span class='ocrx_word' id='word_1_297' title='bbox 1311 3644 1515 3700; x_wconf 88' lang='lat' dir='ltr'><strong>vestro,</strong></span> <span class='ocrx_word' id='word_1_298' title='bbox 1541 3650 1661 3705; x_wconf 63' lang='lat' dir='ltr'><strong>quae</strong></span> <span class='ocrx_word' id='word_1_299' title='bbox 1683 3636 1813 3692; x_wconf 88' lang='lat' dir='ltr'><strong>dicit</strong></span> <span class='ocrx_word' id='word_1_300' title='bbox 1841 3637 1945 3692; x_wconf 91' lang='lat' dir='ltr'><strong>Do-</strong></span> 
     </span>
    </p>
   </div>
   <div class='ocr_carea' id='block_1_42' title="bbox 368 3722 1945 3798">
    <p class='ocr_par' dir='ltr' id='par_1_42' title="bbox 368 3722 1945 3798">
     <span class='ocr_line' id='line_1_42' title="bbox 368 3722 1945 3798; baseline 0.006 -25"><span class='ocrx_word' id='word_1_301' title='bbox 368 3739 387 3772; x_wconf 75' lang='grc' dir='ltr'>ι</span> <span class='ocrx_word' id='word_1_302' title='bbox 425 3722 605 3777; x_wconf 91' lang='lat' dir='ltr'><strong>minus</strong></span> <span class='ocrx_word' id='word_1_303' title='bbox 630 3742 642 3776; x_wconf 91' lang='lat'><strong>:</strong></span> <span class='ocrx_word' id='word_1_304' title='bbox 669 3722 788 3778; x_wconf 84' lang='lat' dir='ltr'><strong>Noli</strong></span> <span class='ocrx_word' id='word_1_305' title='bbox 810 3725 999 3779; x_wconf 89' lang='lat' dir='ltr'><strong>timere</strong></span> <span class='ocrx_word' id='word_1_306' title='bbox 1020 3725 1202 3790; x_wconf 86' lang='lat' dir='ltr'><strong>verba,</strong></span> <span class='ocrx_word' id='word_1_307' title='bbox 1239 3727 1434 3796; x_wconf 87' lang='lat' dir='ltr'><strong>quibus</strong></span> <span class='ocrx_word' id='word_1_308' title='bbox 1461 3744 1569 3781; x_wconf 88' lang='lat' dir='ltr'><strong>non</strong></span> <span class='ocrx_word' id='word_1_309' title='bbox 1610 3735 1688 3793; x_wconf 91' lang='lat' dir='ltr'><strong>tu,</strong></span> <span class='ocrx_word' id='word_1_310' title='bbox 1711 3727 1805 3783; x_wconf 91' lang='lat' dir='ltr'><strong>sed</strong></span> <span class='ocrx_word' id='word_1_311' title='bbox 1844 3743 1945 3798; x_wconf 87' lang='lat' dir='ltr'><strong>ego</strong></span> 
     </span>
    </p>
   </div>
   <div class='ocr_carea' id='block_1_43' title="bbox 368 3812 1951 3889">
    <p class='ocr_par' dir='ltr' id='par_1_43' title="bbox 368 3812 1951 3889">
     <span class='ocr_line' id='line_1_43' title="bbox 368 3812 1951 3889; baseline 0.008 -28"><span class='ocrx_word' id='word_1_312' title='bbox 368 3829 386 3861; x_wconf 72' lang='grc' dir='ltr'>ι</span> <span class='ocrx_word' id='word_1_313' title='bbox 420 3826 538 3865; x_wconf 87' lang='lat' dir='ltr'><strong>sum</strong></span> <span class='ocrx_word' id='word_1_314' title='bbox 564 3812 984 3882; x_wconf 89' lang='lat' dir='ltr'><strong>blasphematus.</strong></span> <span class='ocrx_word' id='word_1_315' title='bbox 1017 3835 1035 3865; x_wconf 75' lang='grc' dir='ltr'><strong><em>ι</em></strong></span> <span class='ocrx_word' id='word_1_316' title='bbox 1062 3815 1171 3870; x_wconf 87' lang='lat' dir='ltr'><strong>Nec</strong></span> <span class='ocrx_word' id='word_1_317' title='bbox 1203 3816 1323 3870; x_wconf 91' lang='lat' dir='ltr'><strong>dico</strong></span> <span class='ocrx_word' id='word_1_318' title='bbox 1347 3818 1529 3872; x_wconf 90' lang='lat' dir='ltr'><strong>omnia</strong></span> <span class='ocrx_word' id='word_1_319' title='bbox 1564 3833 1687 3885; x_wconf 75' lang='lat' dir='ltr'><strong>quze</strong></span> <span class='ocrx_word' id='word_1_320' title='bbox 1713 3820 1823 3889; x_wconf 86' lang='lat' dir='ltr'><strong>regi</strong></span> <span class='ocrx_word' id='word_1_321' title='bbox 1849 3824 1951 3875; x_wconf 85' lang='lat' dir='ltr'><strong>As-</strong></span> 
     </span>
    </p>
   </div>
   <div class='ocr_carea' id='block_1_44' title="bbox 364 3903 1940 3981">
    <p class='ocr_par' dir='ltr' id='par_1_44' title="bbox 364 3903 1940 3981">
     <span class='ocr_line' id='line_1_44' title="bbox 364 3903 1940 3981; baseline 0.006 -26"><span class='ocrx_word' id='word_1_322' title='bbox 364 3903 512 3972; x_wconf 89' lang='lat' dir='ltr'><strong>syrio</strong></span> <span class='ocrx_word' id='word_1_323' title='bbox 539 3903 733 3959; x_wconf 85' lang='lat' dir='ltr'><strong>faciam</strong></span> <span class='ocrx_word' id='word_1_324' title='bbox 759 3946 775 3971; x_wconf 92' lang='lat'><strong>,</strong></span> <span class='ocrx_word' id='word_1_325' title='bbox 822 3921 891 3961; x_wconf 88' lang='lat' dir='ltr'><strong>ne</strong></span> <span class='ocrx_word' id='word_1_326' title='bbox 925 3922 1100 3961; x_wconf 90' lang='lat' dir='ltr'><strong>meam</strong></span> <span class='ocrx_word' id='word_1_327' title='bbox 1138 3908 1325 3963; x_wconf 89' lang='lat' dir='ltr'><strong>videar</strong></span> <span class='ocrx_word' id='word_1_328' title='bbox 1359 3906 1569 3981; x_wconf 86' lang='lat' dir='ltr'><strong>jactare</strong></span> <span class='ocrx_word' id='word_1_329' title='bbox 1622 3912 1940 3981; x_wconf 85' lang='lat' dir='ltr'><strong>potentiam.</strong></span> 
     </span>
    </p>
   </div>
   <div class='ocr_carea' id='block_1_45' title="bbox 367 3993 1946 4067">
    <p class='ocr_par' dir='ltr' id='par_1_45' title="bbox 367 3993 1946 4067">
     <span class='ocr_line' id='line_1_45' title="bbox 367 3993 1946 4067; baseline 0.004 -20"><span class='ocrx_word' id='word_1_330' title='bbox 367 3993 471 4047; x_wconf 82' lang='lat' dir='ltr'><strong>Sed</strong></span> <span class='ocrx_word' id='word_1_331' title='bbox 493 3995 618 4062; x_wconf 85' lang='lat' dir='ltr'><strong>quia</strong></span> <span class='ocrx_word' id='word_1_332' title='bbox 644 3995 851 4051; x_wconf 81' lang='lat' dir='ltr'><strong>dandus</strong></span> <span class='ocrx_word' id='word_1_333' title='bbox 878 3996 951 4051; x_wconf 90' lang='lat' dir='ltr'><strong>sit</strong></span> <span class='ocrx_word' id='word_1_334' title='bbox 976 3997 1024 4052; x_wconf 90' lang='lat' dir='ltr'><strong>ei</strong></span> <span class='ocrx_word' id='word_1_335' title='bbox 1056 3998 1277 4067; x_wconf 88' lang='lat' dir='ltr'><strong>spiritus</strong></span> <span class='ocrx_word' id='word_1_336' title='bbox 1307 4014 1414 4054; x_wconf 91' lang='lat' dir='ltr'><strong>non</strong></span> <span class='ocrx_word' id='word_1_337' title='bbox 1452 3999 1586 4064; x_wconf 90' lang='lat' dir='ltr'><strong>Dei,</strong></span> <span class='ocrx_word' id='word_1_338' title='bbox 1631 4001 1725 4055; x_wconf 89' lang='lat' dir='ltr'><strong>sed</strong></span> <span class='ocrx_word' id='word_1_339' title='bbox 1755 4000 1946 4055; x_wconf 87' lang='lat' dir='ltr'><strong>adver-</strong></span> 
     </span>
    </p>
   </div>
   <div class='ocr_carea' id='block_1_46' title="bbox 367 4084 1945 4147">
    <p class='ocr_par' dir='ltr' id='par_1_46' title="bbox 367 4084 1945 4147">
     <span class='ocr_line' id='line_1_46' title="bbox 367 4084 1945 4147; baseline 0.004 -10"><span class='ocrx_word' id='word_1_340' title='bbox 367 4084 529 4147; x_wconf 85' lang='lat' dir='ltr'><strong>sarii,</strong></span> <span class='ocrx_word' id='word_1_341' title='bbox 565 4093 620 4138; x_wconf 91' lang='lat' dir='ltr'><strong>et</strong></span> <span class='ocrx_word' id='word_1_342' title='bbox 657 4086 839 4141; x_wconf 88' lang='lat' dir='ltr'><strong>audito</strong></span> <span class='ocrx_word' id='word_1_343' title='bbox 887 4086 1078 4142; x_wconf 90' lang='lat' dir='ltr'><strong>nuntio</strong></span> <span class='ocrx_word' id='word_1_344' title='bbox 1121 4097 1397 4144; x_wconf 88' lang='lat' dir='ltr'><strong>revertens</strong></span> <span class='ocrx_word' id='word_1_345' title='bbox 1442 4089 1510 4144; x_wconf 91' lang='lat' dir='ltr'><strong>ad</strong></span> <span class='ocrx_word' id='word_1_346' title='bbox 1558 4097 1758 4144; x_wconf 87' lang='lat' dir='ltr'><strong>terram</strong></span> <span class='ocrx_word' id='word_1_347' title='bbox 1793 4105 1945 4144; x_wconf 90' lang='lat' dir='ltr'><strong>suam</strong></span> 
     </span>
    </p>
   </div>
   <div class='ocr_carea' id='block_1_47' title="bbox 368 4174 1948 4249">
    <p class='ocr_par' dir='ltr' id='par_1_47' title="bbox 368 4174 1948 4249">
     <span class='ocr_line' id='line_1_47' title="bbox 368 4174 1948 4249; baseline 0.004 -23"><span class='ocrx_word' id='word_1_348' title='bbox 368 4182 582 4228; x_wconf 88' lang='lat' dir='ltr'><strong>corruat</strong></span> <span class='ocrx_word' id='word_1_349' title='bbox 613 4174 811 4245; x_wconf 85' lang='lat' dir='ltr'><strong>gladio,</strong></span> <span class='ocrx_word' id='word_1_350' title='bbox 839 4183 898 4229; x_wconf 93' lang='lat' dir='ltr'><strong>ut</strong></span> <span class='ocrx_word' id='word_1_351' title='bbox 934 4177 1040 4231; x_wconf 91' lang='lat' dir='ltr'><strong>duo</strong></span> <span class='ocrx_word' id='word_1_352' title='bbox 1082 4179 1321 4245; x_wconf 89' lang='lat' dir='ltr'><strong>pariter,</strong></span> <span class='ocrx_word' id='word_1_353' title='bbox 1372 4193 1492 4247; x_wconf 76' lang='lat' dir='ltr'><strong>qua:</strong></span> <span class='ocrx_word' id='word_1_354' title='bbox 1545 4180 1766 4249; x_wconf 90' lang='lat' dir='ltr'><strong>optabat</strong></span> <span class='ocrx_word' id='word_1_355' title='bbox 1814 4179 1948 4233; x_wconf 83' lang='lat' dir='ltr'><strong>Eze-</strong></span> 
     </span>
    </p>
   </div>
   <div class='ocr_carea' id='block_1_48' title="bbox 368 4263 1949 4332">
    <p class='ocr_par' dir='ltr' id='par_1_48' title="bbox 368 4263 1949 4332">
     <span class='ocr_line' id='line_1_48' title="bbox 368 4263 1949 4332; baseline 0.004 -17"><span class='ocrx_word' id='word_1_356' title='bbox 368 4263 537 4326; x_wconf 89' lang='lat' dir='ltr'><strong>chias,</strong></span> <span class='ocrx_word' id='word_1_357' title='bbox 561 4263 772 4317; x_wconf 85' lang='lat' dir='ltr'><strong>audiret</strong></span> <span class='ocrx_word' id='word_1_358' title='bbox 798 4279 857 4318; x_wconf 90' lang='lat' dir='ltr'><strong>se</strong></span> <span class='ocrx_word' id='word_1_359' title='bbox 888 4264 957 4318; x_wconf 91' lang='lat' dir='ltr'><strong>ab</strong></span> <span class='ocrx_word' id='word_1_360' title='bbox 977 4266 1255 4321; x_wconf 90' lang='lat' dir='ltr'><strong>obsidione</strong></span> <span class='ocrx_word' id='word_1_361' title='bbox 1289 4265 1648 4332; x_wconf 84' lang='lat' dir='ltr'><strong>liberandum,</strong></span> <span class='ocrx_word' id='word_1_362' title='bbox 1676 4275 1730 4323; x_wconf 90' lang='lat' dir='ltr'><strong>et</strong></span> <span class='ocrx_word' id='word_1_363' title='bbox 1775 4267 1949 4322; x_wconf 85' lang='lat' dir='ltr'><strong>inimi-</strong></span> 
     </span>
    </p>
   </div>
   <div class='ocr_carea' id='block_1_49' title="bbox 369 4355 1406 4412">
    <p class='ocr_par' dir='ltr' id='par_1_49' title="bbox 369 4355 1406 4412">
     <span class='ocr_line' id='line_1_49' title="bbox 369 4355 1406 4412; baseline 0.002 -3"><span class='ocrx_word' id='word_1_364' title='bbox 369 4370 492 4409; x_wconf 92' lang='lat' dir='ltr'><strong>cum</strong></span> <span class='ocrx_word' id='word_1_365' title='bbox 530 4355 585 4409; x_wconf 89' lang='lat' dir='ltr'><strong>in</strong></span> <span class='ocrx_word' id='word_1_366' title='bbox 613 4371 711 4410; x_wconf 90' lang='lat' dir='ltr'><strong>sua</strong></span> <span class='ocrx_word' id='word_1_367' title='bbox 736 4365 879 4411; x_wconf 90' lang='lat' dir='ltr'><strong>terra</strong></span> <span class='ocrx_word' id='word_1_368' title='bbox 911 4372 1032 4411; x_wconf 91' lang='lat' dir='ltr'><strong>esse</strong></span> <span class='ocrx_word' id='word_1_369' title='bbox 1063 4357 1406 4412; x_wconf 89' lang='lat' dir='ltr'><strong>moriturum.</strong></span> 
     </span>
    </p>
   </div>
   <div class='ocr_carea' id='block_1_50' title="bbox 1964 3134 2014 3198">
    <p class='ocr_par' dir='ltr' id='par_1_50' title="bbox 1964 3134 2014 3198">
     <span class='ocr_line' id='line_1_50' title="bbox 1964 3134 2014 3198; baseline 0 0"><span class='ocrx_word' id='word_1_370' title='bbox 1964 3134 2014 3198; x_wconf 76' lang='grc' dir='ltr'>Ο</span> 
     </span>
    </p>
   </div>
   <div class='ocr_carea' id='block_1_51' title="bbox 2109 815 3620 885">
    <p class='ocr_par' dir='ltr' id='par_1_51' title="bbox 2109 815 3620 885">
     <span class='ocr_line' id='line_1_51' title="bbox 2109 815 3620 885; baseline 0.005 -18"><span class='ocrx_word' id='word_1_371' title='bbox 2109 835 2129 867; x_wconf 74' lang='grc' dir='ltr'>ι</span> <span class='ocrx_word' id='word_1_372' title='bbox 2155 815 2339 885; x_wconf 85' lang='lat' dir='ltr'><strong>Itaque</strong></span> <span class='ocrx_word' id='word_1_373' title='bbox 2368 831 2491 872; x_wconf 90' lang='lat' dir='ltr'><strong>eum</strong></span> <span class='ocrx_word' id='word_1_374' title='bbox 2520 815 3096 885; x_wconf 77' lang='lat' dir='ltr'><strong>accepissethecbias</strong></span> <span class='ocrx_word' id='word_1_375' title='bbox 3117 819 3328 874; x_wconf 88' lang='lat' dir='ltr'><strong>litteras</strong></span> <span class='ocrx_word' id='word_1_376' title='bbox 3356 820 3423 875; x_wconf 89' lang='lat' dir='ltr'><strong>de</strong></span> <span class='ocrx_word' id='word_1_377' title='bbox 3453 836 3620 875; x_wconf 89' lang='lat' dir='ltr'><strong>manu</strong></span> 
     </span>
    </p>
   </div>
   <div class='ocr_carea' id='block_1_52' title="bbox 2038 908 3627 979">
    <p class='ocr_par' dir='ltr' id='par_1_52' title="bbox 2038 908 3627 979">
     <span class='ocr_line' id='line_1_52' title="bbox 2038 908 3627 979; baseline 0.004 -18"><span class='ocrx_word' id='word_1_378' title='bbox 2038 926 2059 960; x_wconf 75' lang='grc' dir='ltr'><strong><em>ι</em></strong></span> <span class='ocrx_word' id='word_1_379' title='bbox 2092 908 2427 970; x_wconf 81' lang='lat' dir='ltr'><strong>nuntiorum,</strong></span> <span class='ocrx_word' id='word_1_380' title='bbox 2450 917 2505 963; x_wconf 90' lang='lat' dir='ltr'><strong>et</strong></span> <span class='ocrx_word' id='word_1_381' title='bbox 2529 908 2748 979; x_wconf 80' lang='lat' dir='ltr'><strong>legisset</strong></span> <span class='ocrx_word' id='word_1_382' title='bbox 2770 925 2884 975; x_wconf 88' lang='lat' dir='ltr'><strong>eas,</strong></span> <span class='ocrx_word' id='word_1_383' title='bbox 2923 912 3170 967; x_wconf 89' lang='lat' dir='ltr'><strong>ascendit</strong></span> <span class='ocrx_word' id='word_1_384' title='bbox 3197 911 3251 966; x_wconf 91' lang='lat' dir='ltr'><strong>in</strong></span> <span class='ocrx_word' id='word_1_385' title='bbox 3273 913 3491 966; x_wconf 90' lang='lat' dir='ltr'><strong>domum</strong></span> <span class='ocrx_word' id='word_1_386' title='bbox 3517 912 3627 967; x_wconf 84' lang='lat' dir='ltr'><strong>Do—</strong></span> 
     </span>
    </p>
   </div>
   <div class='ocr_carea' id='block_1_53' title="bbox 2044 991 3623 1067">
    <p class='ocr_par' dir='ltr' id='par_1_53' title="bbox 2044 991 3623 1067">
     <span class='ocr_line' id='line_1_53' title="bbox 2044 991 3623 1067; baseline 0.011 -25"><span class='ocrx_word' id='word_1_387' title='bbox 2044 1006 2065 1042; x_wconf 77' lang='grc' dir='ltr'>σ</span> <span class='ocrx_word' id='word_1_388' title='bbox 2106 991 2260 1056; x_wconf 87' lang='lat' dir='ltr'><strong>mini,</strong></span> <span class='ocrx_word' id='word_1_389' title='bbox 2290 1003 2343 1049; x_wconf 88' lang='lat' dir='ltr'><strong>et</strong></span> <span class='ocrx_word' id='word_1_390' title='bbox 2373 996 2632 1067; x_wconf 79' lang='lat' dir='ltr'><strong>expandit</strong></span> <span class='ocrx_word' id='word_1_391' title='bbox 2675 1010 2768 1050; x_wconf 86' lang='lat' dir='ltr'><strong>eas</strong></span> <span class='ocrx_word' id='word_1_392' title='bbox 2803 1011 2983 1051; x_wconf 78' lang='lat' dir='ltr'><strong>coram</strong></span> <span class='ocrx_word' id='word_1_393' title='bbox 3012 999 3261 1064; x_wconf 88' lang='lat' dir='ltr'><strong>Domino,</strong></span> <span class='ocrx_word' id='word_1_394' title='bbox 3284 1009 3341 1054; x_wconf 92' lang='lat' dir='ltr'><strong>et</strong></span> <span class='ocrx_word' id='word_1_395' title='bbox 3366 1006 3543 1058; x_wconf 81' lang='lat' dir='ltr'><strong>oravit</strong></span> <span class='ocrx_word' id='word_1_396' title='bbox 3563 1006 3623 1059; x_wconf 87' lang='lat' dir='ltr'><strong>in</strong></span> 
     </span>
    </p>
   </div>
   <div class='ocr_carea' id='block_1_54' title="bbox 2044 1088 3624 1165">
    <p class='ocr_par' dir='ltr' id='par_1_54' title="bbox 2044 1088 3624 1165">
     <span class='ocr_line' id='line_1_54' title="bbox 2044 1088 3624 1165; baseline 0.009 -28"><span class='ocrx_word' id='word_1_397' title='bbox 2044 1103 2064 1137; x_wconf 68' lang='grc' dir='ltr'><em>ς</em></span> <span class='ocrx_word' id='word_1_398' title='bbox 2089 1097 2385 1155; x_wconf 83' lang='lat' dir='ltr'><strong>conspectu</strong></span> <span class='ocrx_word' id='word_1_399' title='bbox 2401 1088 2542 1157; x_wconf 86' lang='lat' dir='ltr'><strong>ejus.</strong></span> <span class='ocrx_word' id='word_1_400' title='bbox 2565 1088 2783 1142; x_wconf 89' lang='lat' dir='ltr'><strong>dicens:</strong></span> <span class='ocrx_word' id='word_1_401' title='bbox 2815 1090 3041 1144; x_wconf 62' lang='lat' dir='ltr'><strong>Doane</strong></span> <span class='ocrx_word' id='word_1_402' title='bbox 3061 1090 3201 1146; x_wconf 90' lang='lat' dir='ltr'><strong>Deus</strong></span> <span class='ocrx_word' id='word_1_403' title='bbox 3218 1091 3403 1153; x_wconf 87' lang='lat' dir='ltr'><strong>Israel.</strong></span> <span class='ocrx_word' id='word_1_404' title='bbox 3424 1097 3516 1165; x_wconf 88' lang='lat' dir='ltr'><strong>qui</strong></span> <span class='ocrx_word' id='word_1_405' title='bbox 3536 1113 3624 1153; x_wconf 86' lang='lat' dir='ltr'><strong>se-</strong></span> 
     </span>
    </p>
   </div>
   <div class='ocr_carea' id='block_1_55' title="bbox 2043 1176 3621 1256">
    <p class='ocr_par' dir='ltr' id='par_1_55' title="bbox 2043 1176 3621 1256">
     <span class='ocr_line' id='line_1_55' title="bbox 2043 1176 3621 1256; baseline 0.008 -27"><span class='ocrx_word' id='word_1_406' title='bbox 2043 1195 2062 1229; x_wconf 72' lang='lat' dir='ltr'><strong>t</strong></span> <span class='ocrx_word' id='word_1_407' title='bbox 2091 1176 2187 1232; x_wconf 88' lang='lat' dir='ltr'><strong>des</strong></span> <span class='ocrx_word' id='word_1_408' title='bbox 2203 1194 2367 1246; x_wconf 85' lang='lat' dir='ltr'><strong>super</strong></span> <span class='ocrx_word' id='word_1_409' title='bbox 2392 1179 2696 1246; x_wconf 83' lang='lat' dir='ltr'><strong>cherubim,</strong></span> <span class='ocrx_word' id='word_1_410' title='bbox 2743 1191 2793 1233; x_wconf 90' lang='lat' dir='ltr'><strong>tu</strong></span> <span class='ocrx_word' id='word_1_411' title='bbox 2824 1197 2883 1235; x_wconf 89' lang='lat' dir='ltr'><strong>es</strong></span> <span class='ocrx_word' id='word_1_412' title='bbox 2916 1182 3054 1238; x_wconf 81' lang='lat' dir='ltr'><strong>Deus</strong></span> <span class='ocrx_word' id='word_1_413' title='bbox 3084 1184 3232 1239; x_wconf 87' lang='lat' dir='ltr'><strong>solus</strong></span> <span class='ocrx_word' id='word_1_414' title='bbox 3270 1203 3454 1256; x_wconf 89' lang='lat' dir='ltr'><strong>regqu</strong></span> <span class='ocrx_word' id='word_1_415' title='bbox 3493 1204 3621 1241; x_wconf 88' lang='lat' dir='ltr'><strong>om-</strong></span> 
     </span>
    </p>
   </div>
   <div class='ocr_carea' id='block_1_56' title="bbox 2045 1267 3623 1339">
    <p class='ocr_par' dir='ltr' id='par_1_56' title="bbox 2045 1267 3623 1339">
     <span class='ocr_line' id='line_1_56' title="bbox 2045 1267 3623 1339; baseline 0.01 -21"><span class='ocrx_word' id='word_1_416' title='bbox 2045 1284 2064 1318; x_wconf 70' lang='grc' dir='ltr'>ι</span> <span class='ocrx_word' id='word_1_417' title='bbox 2093 1267 2241 1322; x_wconf 89' lang='lat' dir='ltr'><strong>nium</strong></span> <span class='ocrx_word' id='word_1_418' title='bbox 2262 1278 2439 1333; x_wconf 69' lang='lat' dir='ltr'><strong>terrae,</strong></span> <span class='ocrx_word' id='word_1_419' title='bbox 2461 1279 2516 1323; x_wconf 92' lang='lat' dir='ltr'><strong>tu</strong></span> <span class='ocrx_word' id='word_1_420' title='bbox 2538 1270 2711 1324; x_wconf 76' lang='lat' dir='ltr'><strong>fecisti</strong></span> <span class='ocrx_word' id='word_1_421' title='bbox 2736 1274 2933 1327; x_wconf 63' lang='lat' dir='ltr'><strong>caelum</strong></span> <span class='ocrx_word' id='word_1_422' title='bbox 2957 1284 3010 1328; x_wconf 90' lang='lat' dir='ltr'><strong>et</strong></span> <span class='ocrx_word' id='word_1_423' title='bbox 3045 1285 3268 1339; x_wconf 79' lang='lat' dir='ltr'><strong>terram,</strong></span> <span class='ocrx_word' id='word_1_424' title='bbox 3294 1278 3497 1333; x_wconf 88' lang='lat' dir='ltr'><strong>inclina</strong></span> <span class='ocrx_word' id='word_1_425' title='bbox 3518 1299 3623 1333; x_wconf 83' lang='lat' dir='ltr'><strong>ao-</strong></span> 
     </span>
    </p>
   </div>
   <div class='ocr_carea' id='block_1_57' title="bbox 2047 1363 3619 1434">
    <p class='ocr_par' dir='ltr' id='par_1_57' title="bbox 2047 1363 3619 1434">
     <span class='ocr_line' id='line_1_57' title="bbox 2047 1363 3619 1434; baseline 0.01 -23"><span class='ocrx_word' id='word_1_426' title='bbox 2047 1377 2065 1411; x_wconf 75' lang='lat' dir='ltr'><strong>t</strong></span> <span class='ocrx_word' id='word_1_427' title='bbox 2092 1374 2203 1412; x_wconf 89' lang='lat' dir='ltr'><strong>rem</strong></span> <span class='ocrx_word' id='word_1_428' title='bbox 2220 1369 2364 1415; x_wconf 81' lang='lat' dir='ltr'><strong>tuam</strong></span> <span class='ocrx_word' id='word_1_429' title='bbox 2379 1370 2434 1415; x_wconf 91' lang='lat' dir='ltr'><strong>et</strong></span> <span class='ocrx_word' id='word_1_430' title='bbox 2456 1363 2614 1427; x_wconf 85' lang='lat' dir='ltr'><strong>audi;</strong></span> <span class='ocrx_word' id='word_1_431' title='bbox 2638 1368 2810 1434; x_wconf 72' lang='lat' dir='ltr'><strong>aperi.</strong></span> <span class='ocrx_word' id='word_1_432' title='bbox 2837 1366 3081 1426; x_wconf 87' lang='lat' dir='ltr'><strong>Domine.</strong></span> <span class='ocrx_word' id='word_1_433' title='bbox 3099 1370 3290 1424; x_wconf 86' lang='lat' dir='ltr'><strong>oculos</strong></span> <span class='ocrx_word' id='word_1_434' title='bbox 3307 1380 3433 1426; x_wconf 92' lang='lat' dir='ltr'><strong>tuos</strong></span> <span class='ocrx_word' id='word_1_435' title='bbox 3453 1384 3510 1426; x_wconf 92' lang='lat' dir='ltr'><strong>ct</strong></span> <span class='ocrx_word' id='word_1_436' title='bbox 3534 1375 3619 1427; x_wconf 87' lang='lat' dir='ltr'><strong>vi-</strong></span> 
     </span>
    </p>
   </div>
   <div class='ocr_carea' id='block_1_58' title="bbox 2045 1451 3617 1532">
    <p class='ocr_par' dir='ltr' id='par_1_58' title="bbox 2045 1451 3617 1532">
     <span class='ocr_line' id='line_1_58' title="bbox 2045 1451 3617 1532; baseline 0.011 -31"><span class='ocrx_word' id='word_1_437' title='bbox 2045 1469 2063 1502; x_wconf 74' lang='grc' dir='ltr'><strong><em>ι</em></strong></span> <span class='ocrx_word' id='word_1_438' title='bbox 2088 1451 2176 1516; x_wconf 86' lang='lat' dir='ltr'><strong>de,</strong></span> <span class='ocrx_word' id='word_1_439' title='bbox 2196 1463 2252 1506; x_wconf 88' lang='lat' dir='ltr'><strong>et</strong></span> <span class='ocrx_word' id='word_1_440' title='bbox 2289 1454 2413 1508; x_wconf 89' lang='lat' dir='ltr'><strong>audi</strong></span> <span class='ocrx_word' id='word_1_441' title='bbox 2448 1455 2627 1509; x_wconf 84' lang='lat' dir='ltr'><strong>omnia</strong></span> <span class='ocrx_word' id='word_1_442' title='bbox 2655 1459 2814 1510; x_wconf 87' lang='lat' dir='ltr'><strong>verba</strong></span> <span class='ocrx_word' id='word_1_443' title='bbox 2835 1457 3238 1527; x_wconf 87' lang='lat' dir='ltr'><strong>Senuacherib,</strong></span> <span class='ocrx_word' id='word_1_444' title='bbox 3260 1462 3352 1532; x_wconf 89' lang='lat' dir='ltr'><strong>qui</strong></span> <span class='ocrx_word' id='word_1_445' title='bbox 3380 1463 3529 1518; x_wconf 87' lang='lat' dir='ltr'><strong>misit</strong></span> <span class='ocrx_word' id='word_1_446' title='bbox 3553 1473 3617 1519; x_wconf 88' lang='lat' dir='ltr'><strong>ut</strong></span> 
     </span>
    </p>
   </div>
   <div class='ocr_carea' id='block_1_59' title="bbox 2045 1548 3615 1627">
    <p class='ocr_par' dir='ltr' id='par_1_59' title="bbox 2045 1548 3615 1627">
     <span class='ocr_line' id='line_1_59' title="bbox 2045 1548 3615 1627; baseline 0.009 -32"><span class='ocrx_word' id='word_1_447' title='bbox 2045 1563 2063 1595; x_wconf 71' lang='grc' dir='ltr'>ι</span> <span class='ocrx_word' id='word_1_448' title='bbox 2086 1548 2442 1615; x_wconf 70' lang='lat' dir='ltr'><strong>exprobraret</strong></span> <span class='ocrx_word' id='word_1_449' title='bbox 2461 1548 2791 1602; x_wconf 84' lang='lat' dir='ltr'><strong>nobisDeum</strong></span> <span class='ocrx_word' id='word_1_450' title='bbox 2810 1549 3102 1615; x_wconf 87' lang='lat' dir='ltr'><strong>viventem,</strong></span> <span class='ocrx_word' id='word_1_451' title='bbox 3118 1571 3136 1602; x_wconf 74' lang='grc' dir='ltr'><strong>ι</strong></span> <span class='ocrx_word' id='word_1_452' title='bbox 3161 1563 3268 1607; x_wconf 90' lang='lat' dir='ltr'><strong>etc.</strong></span> <span class='ocrx_word' id='word_1_453' title='bbox 3307 1553 3415 1623; x_wconf 76' lang='lat' dir='ltr'><strong>(Ea:</strong></span> <span class='ocrx_word' id='word_1_454' title='bbox 3435 1554 3615 1627; x_wconf 77' lang='lat' dir='ltr'><strong>Hier.)</strong></span> 
     </span>
    </p>
   </div>
   <div class='ocr_carea' id='block_1_60' title="bbox 2037 1632 3617 1705">
    <p class='ocr_par' dir='ltr' id='par_1_60' title="bbox 2037 1632 3617 1705">
     <span class='ocr_line' id='line_1_60' title="bbox 2037 1632 3617 1705; baseline 0.003 -20"><span class='ocrx_word' id='word_1_455' title='bbox 2037 1632 2193 1687; x_wconf 89' lang='lat' dir='ltr'><strong>Prius</strong></span> <span class='ocrx_word' id='word_1_456' title='bbox 2215 1633 2491 1695; x_wconf 87' lang='lat' dir='ltr'><strong>Ezechias,</strong></span> <span class='ocrx_word' id='word_1_457' title='bbox 2528 1634 2737 1688; x_wconf 88' lang='lat' dir='ltr'><strong>Domini</strong></span> <span class='ocrx_word' id='word_1_458' title='bbox 2784 1634 2979 1688; x_wconf 88' lang='lat' dir='ltr'><strong>timore</strong></span> <span class='ocrx_word' id='word_1_459' title='bbox 3012 1638 3354 1705; x_wconf 89' lang='lat' dir='ltr'><strong>perterritus,</strong></span> <span class='ocrx_word' id='word_1_460' title='bbox 3385 1651 3482 1690; x_wconf 89' lang='lat' dir='ltr'><strong>ora</strong></span> <span class='ocrx_word' id='word_1_461' title='bbox 3528 1652 3617 1690; x_wconf 85' lang='lat' dir='ltr'><strong>re—</strong></span> 
     </span>
    </p>
   </div>
   <div class='ocr_carea' id='block_1_61' title="bbox 2038 1726 3621 1798">
    <p class='ocr_par' dir='ltr' id='par_1_61' title="bbox 2038 1726 3621 1798">
     <span class='ocr_line' id='line_1_61' title="bbox 2038 1726 3621 1798; baseline 0.001 -16"><span class='ocrx_word' id='word_1_462' title='bbox 2038 1743 2223 1784; x_wconf 89' lang='lat' dir='ltr'><strong>serare</strong></span> <span class='ocrx_word' id='word_1_463' title='bbox 2262 1728 2317 1783; x_wconf 89' lang='lat' dir='ltr'><strong>in</strong></span> <span class='ocrx_word' id='word_1_464' title='bbox 2367 1727 2568 1798; x_wconf 89' lang='lat' dir='ltr'><strong>templo</strong></span> <span class='ocrx_word' id='word_1_465' title='bbox 2608 1743 2714 1782; x_wconf 93' lang='lat' dir='ltr'><strong>non</strong></span> <span class='ocrx_word' id='word_1_466' title='bbox 2746 1727 3000 1793; x_wconf 88' lang='lat' dir='ltr'><strong>audebat,</strong></span> <span class='ocrx_word' id='word_1_467' title='bbox 3033 1728 3117 1781; x_wconf 92' lang='lat' dir='ltr'><strong>vel</strong></span> <span class='ocrx_word' id='word_1_468' title='bbox 3153 1727 3350 1783; x_wconf 87' lang='lat' dir='ltr'><strong>liberas</strong></span> <span class='ocrx_word' id='word_1_469' title='bbox 3389 1726 3621 1784; x_wconf 79' lang='lat' dir='ltr'><strong>fundere</strong></span> 
     </span>
    </p>
   </div>
   <div class='ocr_carea' id='block_1_62' title="bbox 1968 1795 3549 1888">
    <p class='ocr_par' dir='ltr' id='par_1_62' title="bbox 1968 1795 3549 1888">
     <span class='ocr_line' id='line_1_62' title="bbox 1968 1795 3549 1888; baseline 0 -16"><span class='ocrx_word' id='word_1_470' title='bbox 1968 1795 2011 1853; x_wconf 77' lang='grc' dir='ltr'><strong>Β</strong></span> <span class='ocrx_word' id='word_1_471' title='bbox 2038 1833 2258 1888; x_wconf 88' lang='lat' dir='ltr'><strong>preces;</strong></span> <span class='ocrx_word' id='word_1_472' title='bbox 2287 1834 2429 1873; x_wconf 88' lang='lat' dir='ltr'><strong>nunc</strong></span> <span class='ocrx_word' id='word_1_473' title='bbox 2458 1795 2636 1872; x_wconf 77' lang='lat' dir='ltr'><strong>autem</strong></span> <span class='ocrx_word' id='word_1_474' title='bbox 2670 1817 2794 1888; x_wconf 87' lang='lat' dir='ltr'><strong>quia</strong></span> <span class='ocrx_word' id='word_1_475' title='bbox 2824 1819 2974 1873; x_wconf 90' lang='lat' dir='ltr'><strong>audit</strong></span> <span class='ocrx_word' id='word_1_476' title='bbox 3006 1819 3198 1873; x_wconf 89' lang='lat' dir='ltr'><strong>Isaiam</strong></span> <span class='ocrx_word' id='word_1_477' title='bbox 3237 1818 3505 1874; x_wconf 85' lang='lat' dir='ltr'><strong>dicentem</strong></span> <span class='ocrx_word' id='word_1_478' title='bbox 3531 1835 3549 1872; x_wconf 88' lang='lat'><strong>:</strong></span> 
     </span>
    </p>
   </div>
   <div class='ocr_carea' id='block_1_63' title="bbox 2118 1907 3617 1977">
    <p class='ocr_par' dir='ltr' id='par_1_63' title="bbox 2118 1907 3617 1977">
     <span class='ocr_line' id='line_1_63' title="bbox 2118 1907 3617 1977; baseline 0 -16"><span class='ocrx_word' id='word_1_479' title='bbox 2118 1928 2133 1961; x_wconf 84' lang='grc' dir='ltr'>ι</span> <span class='ocrx_word' id='word_1_480' title='bbox 2157 1908 2233 1963; x_wconf 89' lang='lat' dir='ltr'><strong>Ne</strong></span> <span class='ocrx_word' id='word_1_481' title='bbox 2258 1909 2449 1964; x_wconf 89' lang='lat' dir='ltr'><strong>timeas</strong></span> <span class='ocrx_word' id='word_1_482' title='bbox 2471 1925 2499 1962; x_wconf 90' lang='lat' dir='ltr'><strong>a</strong></span> <span class='ocrx_word' id='word_1_483' title='bbox 2527 1907 2665 1962; x_wconf 81' lang='lat' dir='ltr'><strong>facie</strong></span> <span class='ocrx_word' id='word_1_484' title='bbox 2693 1907 3001 1972; x_wconf 88' lang='lat' dir='ltr'><strong>verborum,</strong></span> <span class='ocrx_word' id='word_1_485' title='bbox 3031 1923 3152 1977; x_wconf 65' lang='lat' dir='ltr'><strong>qua:</strong></span> <span class='ocrx_word' id='word_1_486' title='bbox 3188 1907 3410 1973; x_wconf 86' lang='lat' dir='ltr'><strong>audisti,</strong></span> <span class='ocrx_word' id='word_1_487' title='bbox 3437 1927 3456 1958; x_wconf 74' lang='grc' dir='ltr'><strong><em>ι</em></strong></span> <span class='ocrx_word' id='word_1_488' title='bbox 3481 1916 3617 1974; x_wconf 89' lang='lat' dir='ltr'><strong>etc.,</strong></span> 
     </span>
    </p>
   </div>
   <div class='ocr_carea' id='block_1_64' title="bbox 2038 1999 3549 2069">
    <p class='ocr_par' dir='ltr' id='par_1_64' title="bbox 2038 1999 3549 2069">
     <span class='ocr_line' id='line_1_64' title="bbox 2038 1999 3549 2069; baseline -0.003 -14"><span class='ocrx_word' id='word_1_489' title='bbox 2038 2000 2294 2055; x_wconf 86' lang='lat' dir='ltr'><strong>audacter</strong></span> <span class='ocrx_word' id='word_1_490' title='bbox 2322 1999 2603 2053; x_wconf 89' lang='lat' dir='ltr'><strong>Dominum</strong></span> <span class='ocrx_word' id='word_1_491' title='bbox 2628 1999 2948 2069; x_wconf 88' lang='lat' dir='ltr'><strong>deprecatur</strong></span> <span class='ocrx_word' id='word_1_492' title='bbox 2972 2016 2985 2052; x_wconf 88' lang='lat'><strong>:</strong></span> <span class='ocrx_word' id='word_1_493' title='bbox 3544 2002 3549 2007; x_wconf 84' lang='lat'>&#39;</span> 
     </span>
    </p>
   </div>
   <div class='ocr_carea' id='block_1_65' title="bbox 2114 2086 3617 2153">
    <p class='ocr_par' dir='ltr' id='par_1_65' title="bbox 2114 2086 3617 2153">
     <span class='ocr_line' id='line_1_65' title="bbox 2114 2086 3617 2153; baseline 0.001 -12"><span class='ocrx_word' id='word_1_494' title='bbox 2114 2109 2134 2141; x_wconf 71' lang='grc' dir='ltr'><strong><em>ι</em></strong></span> <span class='ocrx_word' id='word_1_495' title='bbox 2179 2090 2323 2144; x_wconf 79' lang='lat' dir='ltr'><strong>Misit</strong></span> <span class='ocrx_word' id='word_1_496' title='bbox 2369 2098 2547 2144; x_wconf 88' lang='lat' dir='ltr'><strong>autem</strong></span> <span class='ocrx_word' id='word_1_497' title='bbox 2589 2087 2764 2143; x_wconf 83' lang='lat' dir='ltr'><strong>Josias</strong></span> <span class='ocrx_word' id='word_1_498' title='bbox 2810 2087 2976 2141; x_wconf 86' lang='lat' dir='ltr'><strong>ﬁlium</strong></span> <span class='ocrx_word' id='word_1_499' title='bbox 3005 2086 3172 2142; x_wconf 81' lang='lat' dir='ltr'><strong>Amos</strong></span> <span class='ocrx_word' id='word_1_500' title='bbox 3208 2087 3277 2142; x_wconf 87' lang='lat' dir='ltr'><strong>ad</strong></span> <span class='ocrx_word' id='word_1_501' title='bbox 3303 2087 3617 2153; x_wconf 87' lang='lat' dir='ltr'><strong>Ezechiam,</strong></span> 
     </span>
    </p>
   </div>
   <div class='ocr_carea' id='block_1_66' title="bbox 2045 2178 3624 2247">
    <p class='ocr_par' dir='ltr' id='par_1_66' title="bbox 2045 2178 3624 2247">
     <span class='ocr_line' id='line_1_66' title="bbox 2045 2178 3624 2247; baseline 0.001 -13"><span class='ocrx_word' id='word_1_502' title='bbox 2045 2201 2063 2234; x_wconf 74' lang='grc' dir='ltr'><strong><em>ι</em></strong></span> <span class='ocrx_word' id='word_1_503' title='bbox 2108 2182 2327 2237; x_wconf 89' lang='lat' dir='ltr'><strong>dicens:</strong></span> <span class='ocrx_word' id='word_1_504' title='bbox 2355 2179 2482 2235; x_wconf 71' lang='lat' dir='ltr'><strong>Ilaec</strong></span> <span class='ocrx_word' id='word_1_505' title='bbox 2510 2180 2639 2235; x_wconf 92' lang='lat' dir='ltr'><strong>dicit</strong></span> <span class='ocrx_word' id='word_1_506' title='bbox 2672 2179 2928 2234; x_wconf 89' lang='lat' dir='ltr'><strong>Dominus</strong></span> <span class='ocrx_word' id='word_1_507' title='bbox 2970 2179 3112 2233; x_wconf 89' lang='lat' dir='ltr'><strong>Deus</strong></span> <span class='ocrx_word' id='word_1_508' title='bbox 3139 2178 3301 2233; x_wconf 90' lang='lat' dir='ltr'><strong>Israel</strong></span> <span class='ocrx_word' id='word_1_509' title='bbox 3329 2196 3345 2233; x_wconf 87' lang='lat'><strong>:</strong></span> <span class='ocrx_word' id='word_1_510' title='bbox 3371 2179 3501 2247; x_wconf 67' lang='lat' dir='ltr'><strong>Qum</strong></span> <span class='ocrx_word' id='word_1_511' title='bbox 3526 2180 3624 2235; x_wconf 88' lang='lat' dir='ltr'><strong>de-</strong></span> 
     </span>
    </p>
   </div>
   <div class='ocr_carea' id='block_1_67' title="bbox 2044 2268 3623 2343">
    <p class='ocr_par' dir='ltr' id='par_1_67' title="bbox 2044 2268 3623 2343">
     <span class='ocr_line' id='line_1_67' title="bbox 2044 2268 3623 2343; baseline -0.001 -17"><span class='ocrx_word' id='word_1_512' title='bbox 2044 2292 2063 2326; x_wconf 73' lang='grc' dir='ltr'>ι</span> <span class='ocrx_word' id='word_1_513' title='bbox 2108 2281 2361 2343; x_wconf 87' lang='lat' dir='ltr'><strong>precatus</strong></span> <span class='ocrx_word' id='word_1_514' title='bbox 2389 2287 2449 2326; x_wconf 90' lang='lat' dir='ltr'><strong>es</strong></span> <span class='ocrx_word' id='word_1_515' title='bbox 2477 2285 2563 2325; x_wconf 90' lang='lat' dir='ltr'><strong>me</strong></span> <span class='ocrx_word' id='word_1_516' title='bbox 2617 2284 2779 2339; x_wconf 90' lang='lat' dir='ltr'><strong>super</strong></span> <span class='ocrx_word' id='word_1_517' title='bbox 2812 2268 3181 2324; x_wconf 88' lang='lat' dir='ltr'><strong>Sennacherib</strong></span> <span class='ocrx_word' id='word_1_518' title='bbox 3215 2283 3341 2339; x_wconf 85' lang='lat' dir='ltr'><strong>rege</strong></span> <span class='ocrx_word' id='word_1_519' title='bbox 3367 2268 3623 2339; x_wconf 87' lang='lat' dir='ltr'><strong>Assyrio—</strong></span> 
     </span>
    </p>
   </div>
   <div class='ocr_carea' id='block_1_68' title="bbox 2046 2356 3623 2428">
    <p class='ocr_par' dir='ltr' id='par_1_68' title="bbox 2046 2356 3623 2428">
     <span class='ocr_line' id='line_1_68' title="bbox 2046 2356 3623 2428; baseline -0.001 -14"><span class='ocrx_word' id='word_1_520' title='bbox 2046 2382 2064 2414; x_wconf 73' lang='grc' dir='ltr'>ι</span> <span class='ocrx_word' id='word_1_521' title='bbox 2112 2378 2252 2428; x_wconf 90' lang='lat' dir='ltr'><strong>rum,</strong></span> <span class='ocrx_word' id='word_1_522' title='bbox 2295 2360 2495 2415; x_wconf 87' lang='lat' dir='ltr'><strong>audivi.</strong></span> <span class='ocrx_word' id='word_1_523' title='bbox 2529 2360 2634 2414; x_wconf 90' lang='lat' dir='ltr'><strong>Iste</strong></span> <span class='ocrx_word' id='word_1_524' title='bbox 2674 2366 2760 2413; x_wconf 90' lang='lat' dir='ltr'><strong>est</strong></span> <span class='ocrx_word' id='word_1_525' title='bbox 2784 2373 2963 2413; x_wconf 89' lang='lat' dir='ltr'><strong>sermo</strong></span> <span class='ocrx_word' id='word_1_526' title='bbox 2984 2374 3143 2427; x_wconf 87' lang='lat' dir='ltr'><strong>quem</strong></span> <span class='ocrx_word' id='word_1_527' title='bbox 3171 2356 3382 2412; x_wconf 91' lang='lat' dir='ltr'><strong>locutus</strong></span> <span class='ocrx_word' id='word_1_528' title='bbox 3408 2366 3493 2413; x_wconf 90' lang='lat' dir='ltr'><strong>est</strong></span> <span class='ocrx_word' id='word_1_529' title='bbox 3513 2359 3623 2413; x_wconf 91' lang='lat' dir='ltr'><strong>Do-</strong></span> 
     </span>
    </p>
   </div>
   <div class='ocr_carea' id='block_1_69' title="bbox 2044 2448 3623 2520">
    <p class='ocr_par' dir='ltr' id='par_1_69' title="bbox 2044 2448 3623 2520">
     <span class='ocr_line' id='line_1_69' title="bbox 2044 2448 3623 2520; baseline -0.004 -15"><span class='ocrx_word' id='word_1_530' title='bbox 2044 2472 2063 2505; x_wconf 84' lang='grc'><em>‹</em></span> <span class='ocrx_word' id='word_1_531' title='bbox 2107 2453 2285 2507; x_wconf 89' lang='lat' dir='ltr'><strong>minus</strong></span> <span class='ocrx_word' id='word_1_532' title='bbox 2325 2452 2393 2506; x_wconf 90' lang='lat' dir='ltr'><strong>de</strong></span> <span class='ocrx_word' id='word_1_533' title='bbox 2436 2466 2541 2505; x_wconf 90' lang='lat' dir='ltr'><strong>eo:</strong></span> <span class='ocrx_word' id='word_1_534' title='bbox 2576 2449 2790 2520; x_wconf 88' lang='lat' dir='ltr'><strong>Sprevit</strong></span> <span class='ocrx_word' id='word_1_535' title='bbox 2817 2459 2868 2502; x_wconf 92' lang='lat' dir='ltr'><strong>te</strong></span> <span class='ocrx_word' id='word_1_536' title='bbox 2911 2456 2965 2503; x_wconf 91' lang='lat' dir='ltr'><strong>et</strong></span> <span class='ocrx_word' id='word_1_537' title='bbox 2994 2448 3343 2503; x_wconf 88' lang='lat' dir='ltr'><strong>subsannavit</strong></span> <span class='ocrx_word' id='word_1_538' title='bbox 3386 2456 3438 2502; x_wconf 93' lang='lat' dir='ltr'><strong>te</strong></span> <span class='ocrx_word' id='word_1_539' title='bbox 3470 2448 3623 2518; x_wconf 87' lang='lat' dir='ltr'><strong>virgo</strong></span> 
     </span>
    </p>
   </div>
   <div class='ocr_carea' id='block_1_70' title="bbox 2045 2537 3620 2611">
    <p class='ocr_par' dir='ltr' id='par_1_70' title="bbox 2045 2537 3620 2611">
     <span class='ocr_line' id='line_1_70' title="bbox 2045 2537 3620 2611; baseline -0.001 -17"><span class='ocrx_word' id='word_1_540' title='bbox 2045 2563 2064 2594; x_wconf 74' lang='grc' dir='ltr'><strong><em>ι</em></strong></span> <span class='ocrx_word' id='word_1_541' title='bbox 2111 2543 2219 2597; x_wconf 88' lang='lat' dir='ltr'><strong>ﬁlia</strong></span> <span class='ocrx_word' id='word_1_542' title='bbox 2252 2541 2404 2608; x_wconf 89' lang='lat' dir='ltr'><strong>Sion,</strong></span> <span class='ocrx_word' id='word_1_543' title='bbox 2428 2549 2552 2611; x_wconf 88' lang='lat' dir='ltr'><strong>post</strong></span> <span class='ocrx_word' id='word_1_544' title='bbox 2589 2549 2794 2610; x_wconf 82' lang='lat' dir='ltr'><strong>tergum</strong></span> <span class='ocrx_word' id='word_1_545' title='bbox 2826 2548 2974 2595; x_wconf 91' lang='lat' dir='ltr'><strong>tuum</strong></span> <span class='ocrx_word' id='word_1_546' title='bbox 3008 2546 3168 2608; x_wconf 88' lang='lat' dir='ltr'><strong>caput</strong></span> <span class='ocrx_word' id='word_1_547' title='bbox 3196 2539 3363 2593; x_wconf 88' lang='lat' dir='ltr'><strong>movit</strong></span> <span class='ocrx_word' id='word_1_548' title='bbox 3394 2540 3497 2593; x_wconf 86' lang='lat' dir='ltr'><strong>ﬁlia</strong></span> <span class='ocrx_word' id='word_1_549' title='bbox 3522 2537 3620 2594; x_wconf 90' lang='lat' dir='ltr'><strong>Je-</strong></span> 
     </span>
    </p>
   </div>
   <div class='ocr_carea' id='block_1_71' title="bbox 2044 2630 3621 2699">
    <p class='ocr_par' dir='ltr' id='par_1_71' title="bbox 2044 2630 3621 2699">
     <span class='ocr_line' id='line_1_71' title="bbox 2044 2630 3621 2699; baseline -0.002 -14"><span class='ocrx_word' id='word_1_550' title='bbox 2044 2652 2064 2685; x_wconf 75' lang='grc' dir='ltr'><strong>σ</strong></span> <span class='ocrx_word' id='word_1_551' title='bbox 2108 2634 2362 2689; x_wconf 88' lang='lat' dir='ltr'><strong>rusalem.</strong></span> <span class='ocrx_word' id='word_1_552' title='bbox 2391 2632 2489 2687; x_wconf 90' lang='lat' dir='ltr'><strong>Cui</strong></span> <span class='ocrx_word' id='word_1_553' title='bbox 2526 2630 2885 2699; x_wconf 83' lang='lat' dir='ltr'><strong>exprobrasti,</strong></span> <span class='ocrx_word' id='word_1_554' title='bbox 2917 2640 2971 2684; x_wconf 88' lang='lat' dir='ltr'><strong>et</strong></span> <span class='ocrx_word' id='word_1_555' title='bbox 3011 2645 3170 2699; x_wconf 87' lang='lat' dir='ltr'><strong>quem</strong></span> <span class='ocrx_word' id='word_1_556' title='bbox 3202 2630 3621 2699; x_wconf 84' lang='lat' dir='ltr'><strong>hlasphemasti?</strong></span> 
     </span>
    </p>
   </div>
   <div class='ocr_carea' id='block_1_72' title="bbox 2045 2720 3620 2792">
    <p class='ocr_par' dir='ltr' id='par_1_72' title="bbox 2045 2720 3620 2792">
     <span class='ocr_line' id='line_1_72' title="bbox 2045 2720 3620 2792; baseline -0.001 -18"><span class='ocrx_word' id='word_1_557' title='bbox 2045 2745 2063 2774; x_wconf 77' lang='grc' dir='ltr'>ι</span> <span class='ocrx_word' id='word_1_558' title='bbox 2108 2724 2309 2779; x_wconf 81' lang='lat' dir='ltr'><strong>Contra</strong></span> <span class='ocrx_word' id='word_1_559' title='bbox 2336 2737 2496 2792; x_wconf 89' lang='lat' dir='ltr'><strong>quem</strong></span> <span class='ocrx_word' id='word_1_560' title='bbox 2530 2720 2779 2775; x_wconf 87' lang='lat' dir='ltr'><strong>exaltasti</strong></span> <span class='ocrx_word' id='word_1_561' title='bbox 2824 2736 3031 2785; x_wconf 89' lang='lat' dir='ltr'><strong>vocem,</strong></span> <span class='ocrx_word' id='word_1_562' title='bbox 3076 2729 3131 2774; x_wconf 89' lang='lat' dir='ltr'><strong>et</strong></span> <span class='ocrx_word' id='word_1_563' title='bbox 3174 2721 3395 2775; x_wconf 89' lang='lat' dir='ltr'><strong>elevasti</strong></span> <span class='ocrx_word' id='word_1_564' title='bbox 3428 2721 3480 2774; x_wconf 91' lang='lat' dir='ltr'><strong>in</strong></span> <span class='ocrx_word' id='word_1_565' title='bbox 3523 2736 3620 2775; x_wconf 84' lang='lat' dir='ltr'><strong>ex-</strong></span> 
     </span>
    </p>
   </div>
   <div class='ocr_carea' id='block_1_73' title="bbox 2045 2809 3617 2876">
    <p class='ocr_par' dir='ltr' id='par_1_73' title="bbox 2045 2809 3617 2876">
     <span class='ocr_line' id='line_1_73' title="bbox 2045 2809 3617 2876; baseline -0.001 -12"><span class='ocrx_word' id='word_1_566' title='bbox 2045 2834 2064 2864; x_wconf 73' lang='grc' dir='ltr'>ί</span> <span class='ocrx_word' id='word_1_567' title='bbox 2106 2814 2308 2870; x_wconf 90' lang='lat' dir='ltr'><strong>celsum</strong></span> <span class='ocrx_word' id='word_1_568' title='bbox 2336 2811 2521 2867; x_wconf 92' lang='lat' dir='ltr'><strong>oculos</strong></span> <span class='ocrx_word' id='word_1_569' title='bbox 2546 2810 2704 2865; x_wconf 90' lang='lat' dir='ltr'><strong>tuos?</strong></span> <span class='ocrx_word' id='word_1_570' title='bbox 2729 2810 2926 2866; x_wconf 89' lang='lat' dir='ltr'><strong>Contra</strong></span> <span class='ocrx_word' id='word_1_571' title='bbox 2951 2817 3199 2865; x_wconf 90' lang='lat' dir='ltr'><strong>sanctum</strong></span> <span class='ocrx_word' id='word_1_572' title='bbox 3226 2809 3410 2876; x_wconf 89' lang='lat' dir='ltr'><strong>Israel,</strong></span> <span class='ocrx_word' id='word_1_573' title='bbox 3447 2829 3466 2861; x_wconf 77' lang='grc' dir='ltr'><strong><em>ι</em></strong></span> <span class='ocrx_word' id='word_1_574' title='bbox 3508 2819 3617 2866; x_wconf 88' lang='lat' dir='ltr'><strong>etc.</strong></span> 
     </span>
    </p>
   </div>
   <div class='ocr_carea' id='block_1_74' title="bbox 2040 2899 3620 2974">
    <p class='ocr_par' dir='ltr' id='par_1_74' title="bbox 2040 2899 3620 2974">
     <span class='ocr_line' id='line_1_74' title="bbox 2040 2899 3620 2974; baseline -0.004 -13"><span class='ocrx_word' id='word_1_575' title='bbox 2040 2905 2281 2974; x_wconf 88' lang='lat' dir='ltr'><strong>Denique</strong></span> <span class='ocrx_word' id='word_1_576' title='bbox 2323 2902 2584 2958; x_wconf 84' lang='lat' dir='ltr'><strong>Ezechias</strong></span> <span class='ocrx_word' id='word_1_577' title='bbox 2622 2901 2880 2956; x_wconf 89' lang='lat' dir='ltr'><strong>audacter</strong></span> <span class='ocrx_word' id='word_1_578' title='bbox 2931 2902 3214 2956; x_wconf 82' lang='lat' dir='ltr'><strong>Dominum</strong></span> <span class='ocrx_word' id='word_1_579' title='bbox 3264 2899 3620 2972; x_wconf 86' lang='lat' dir='ltr'><strong>deprecatur;</strong></span> 
     </span>
    </p>
   </div>
   <div class='ocr_carea' id='block_1_75' title="bbox 2040 2991 3625 3063">
    <p class='ocr_par' dir='ltr' id='par_1_75' title="bbox 2040 2991 3625 3063">
     <span class='ocr_line' id='line_1_75' title="bbox 2040 2991 3625 3063; baseline -0.001 -14"><span class='ocrx_word' id='word_1_580' title='bbox 2040 3010 2140 3050; x_wconf 91' lang='lat' dir='ltr'><strong>nec</strong></span> <span class='ocrx_word' id='word_1_581' title='bbox 2180 2994 2327 3048; x_wconf 89' lang='lat' dir='ltr'><strong>misit</strong></span> <span class='ocrx_word' id='word_1_582' title='bbox 2367 2993 2436 3048; x_wconf 89' lang='lat' dir='ltr'><strong>ad</strong></span> <span class='ocrx_word' id='word_1_583' title='bbox 2485 2992 2701 3058; x_wconf 88' lang='lat' dir='ltr'><strong>Isaiam,</strong></span> <span class='ocrx_word' id='word_1_584' title='bbox 2746 2999 2807 3047; x_wconf 92' lang='lat' dir='ltr'><strong>ut</strong></span> <span class='ocrx_word' id='word_1_585' title='bbox 2834 2993 2984 3062; x_wconf 80' lang='lat' dir='ltr'><strong>prius</strong></span> <span class='ocrx_word' id='word_1_586' title='bbox 3020 2991 3166 3056; x_wconf 82' lang='lat' dir='ltr'><strong>fecit,</strong></span> <span class='ocrx_word' id='word_1_587' title='bbox 3211 3008 3317 3048; x_wconf 92' lang='lat' dir='ltr'><strong>non</strong></span> <span class='ocrx_word' id='word_1_588' title='bbox 3352 2993 3465 3063; x_wconf 91' lang='lat' dir='ltr'><strong>ipse</strong></span> <span class='ocrx_word' id='word_1_589' title='bbox 3494 3008 3625 3062; x_wconf 82' lang='lat' dir='ltr'><strong>pro—</strong></span> 
     </span>
    </p>
   </div>
   <div class='ocr_carea' id='block_1_76' title="bbox 2042 3081 3627 3156">
    <p class='ocr_par' dir='ltr' id='par_1_76' title="bbox 2042 3081 3627 3156">
     <span class='ocr_line' id='line_1_76' title="bbox 2042 3081 3627 3156; baseline -0.001 -16"><span class='ocrx_word' id='word_1_590' title='bbox 2042 3087 2200 3153; x_wconf 87' lang='lat' dir='ltr'><strong>pheta</strong></span> <span class='ocrx_word' id='word_1_591' title='bbox 2220 3085 2395 3156; x_wconf 82' lang='lat' dir='ltr'><strong>pergit</strong></span> <span class='ocrx_word' id='word_1_592' title='bbox 2423 3084 2491 3138; x_wconf 91' lang='lat' dir='ltr'><strong>ad</strong></span> <span class='ocrx_word' id='word_1_593' title='bbox 2519 3098 2663 3148; x_wconf 89' lang='lat' dir='ltr'><strong>eum,</strong></span> <span class='ocrx_word' id='word_1_594' title='bbox 2697 3084 2789 3138; x_wconf 88' lang='lat' dir='ltr'><strong>sed</strong></span> <span class='ocrx_word' id='word_1_595' title='bbox 2822 3083 3036 3139; x_wconf 84' lang='lat' dir='ltr'><strong>nuntios</strong></span> <span class='ocrx_word' id='word_1_596' title='bbox 3062 3083 3248 3149; x_wconf 86' lang='lat' dir='ltr'><strong>mittit,</strong></span> <span class='ocrx_word' id='word_1_597' title='bbox 3282 3083 3370 3153; x_wconf 87' lang='lat' dir='ltr'><strong>qui</strong></span> <span class='ocrx_word' id='word_1_598' title='bbox 3403 3081 3500 3138; x_wconf 91' lang='lat' dir='ltr'><strong>Dei</strong></span> <span class='ocrx_word' id='word_1_599' title='bbox 3538 3099 3627 3138; x_wconf 88' lang='lat' dir='ltr'><strong>re-</strong></span> 
     </span>
    </p>
   </div>
   <div class='ocr_carea' id='block_1_77' title="bbox 2045 3173 3627 3247">
    <p class='ocr_par' dir='ltr' id='par_1_77' title="bbox 2045 3173 3627 3247">
     <span class='ocr_line' id='line_1_77' title="bbox 2045 3173 3627 3247; baseline -0.001 -16"><span class='ocrx_word' id='word_1_600' title='bbox 2045 3192 2296 3247; x_wconf 85' lang='lat' dir='ltr'><strong>sponsum</strong></span> <span class='ocrx_word' id='word_1_601' title='bbox 2325 3174 2570 3230; x_wconf 82' lang='lat' dir='ltr'><strong>del‘erant</strong></span> <span class='ocrx_word' id='word_1_602' title='bbox 2603 3175 2669 3229; x_wconf 90' lang='lat' dir='ltr'><strong>ad</strong></span> <span class='ocrx_word' id='word_1_603' title='bbox 2710 3189 2855 3228; x_wconf 89' lang='lat' dir='ltr'><strong>eum.</strong></span> <span class='ocrx_word' id='word_1_604' title='bbox 2894 3194 2914 3226; x_wconf 71' lang='grc' dir='ltr'><strong><em>ι</em></strong></span> <span class='ocrx_word' id='word_1_605' title='bbox 2952 3175 3113 3245; x_wconf 73' lang='lat' dir='ltr'><strong>Virgo</strong></span> <span class='ocrx_word' id='word_1_606' title='bbox 3151 3174 3280 3230; x_wconf 88' lang='lat' dir='ltr'><strong>Sion</strong></span> <span class='ocrx_word' id='word_1_607' title='bbox 3308 3183 3363 3229; x_wconf 92' lang='lat' dir='ltr'><strong>et</strong></span> <span class='ocrx_word' id='word_1_608' title='bbox 3396 3175 3505 3229; x_wconf 89' lang='lat' dir='ltr'><strong>ﬁlia</strong></span> <span class='ocrx_word' id='word_1_609' title='bbox 3533 3173 3627 3230; x_wconf 86' lang='lat' dir='ltr'><strong>Je—</strong></span> 
     </span>
    </p>
   </div>
   <div class='ocr_carea' id='block_1_78' title="bbox 2042 3267 3624 3339">
    <p class='ocr_par' dir='ltr' id='par_1_78' title="bbox 2042 3267 3624 3339">
     <span class='ocr_line' id='line_1_78' title="bbox 2042 3267 3624 3339; baseline -0.002 -14"><span class='ocrx_word' id='word_1_610' title='bbox 2042 3270 2296 3335; x_wconf 87' lang='lat' dir='ltr'><strong>rusalem,</strong></span> <span class='ocrx_word' id='word_1_611' title='bbox 2348 3288 2368 3321; x_wconf 77' lang='grc'><strong>»</strong></span> <span class='ocrx_word' id='word_1_612' title='bbox 2421 3284 2542 3339; x_wconf 75' lang='lat' dir='ltr'><strong>qua:</strong></span> <span class='ocrx_word' id='word_1_613' title='bbox 2583 3268 2704 3323; x_wconf 88' lang='lat' dir='ltr'><strong>ideo</strong></span> <span class='ocrx_word' id='word_1_614' title='bbox 2751 3268 2891 3337; x_wconf 78' lang='lat' dir='ltr'><strong>virgo</strong></span> <span class='ocrx_word' id='word_1_615' title='bbox 2938 3268 3136 3322; x_wconf 87' lang='lat' dir='ltr'><strong>dicitur</strong></span> <span class='ocrx_word' id='word_1_616' title='bbox 3181 3276 3236 3321; x_wconf 91' lang='lat' dir='ltr'><strong>et</strong></span> <span class='ocrx_word' id='word_1_617' title='bbox 3284 3267 3419 3336; x_wconf 81' lang='lat' dir='ltr'><strong>ﬁlia,</strong></span> <span class='ocrx_word' id='word_1_618' title='bbox 3471 3267 3624 3337; x_wconf 87' lang='lat' dir='ltr'><strong>quia,</strong></span> 
     </span>
    </p>
   </div>
   <div class='ocr_carea' id='block_1_79' title="bbox 2042 3357 3623 3430">
    <p class='ocr_par' dir='ltr' id='par_1_79' title="bbox 2042 3357 3623 3430">
     <span class='ocr_line' id='line_1_79' title="bbox 2042 3357 3623 3430; baseline -0.001 -15"><span class='ocrx_word' id='word_1_619' title='bbox 2042 3360 2250 3416; x_wconf 89' lang='lat' dir='ltr'><strong>cunctis</strong></span> <span class='ocrx_word' id='word_1_620' title='bbox 2274 3358 2525 3430; x_wconf 81' lang='lat' dir='ltr'><strong>gentibus</strong></span> <span class='ocrx_word' id='word_1_621' title='bbox 2567 3357 2855 3413; x_wconf 89' lang='lat' dir='ltr'><strong>simulacra</strong></span> <span class='ocrx_word' id='word_1_622' title='bbox 2892 3365 3224 3412; x_wconf 87' lang='lat' dir='ltr'><strong>mortuorum</strong></span> <span class='ocrx_word' id='word_1_623' title='bbox 3248 3358 3623 3423; x_wconf 88' lang='lat' dir='ltr'><strong>adorantibus,</strong></span> 
     </span>
    </p>
   </div>
   <div class='ocr_carea' id='block_1_80' title="bbox 2043 3446 3629 3514">
    <p class='ocr_par' dir='ltr' id='par_1_80' title="bbox 2043 3446 3629 3514">
     <span class='ocr_line' id='line_1_80' title="bbox 2043 3446 3629 3514; baseline -0.001 -10"><span class='ocrx_word' id='word_1_624' title='bbox 2043 3450 2158 3504; x_wconf 71' lang='lat' dir='ltr'><strong>haec</strong></span> <span class='ocrx_word' id='word_1_625' title='bbox 2213 3448 2325 3504; x_wconf 90' lang='lat' dir='ltr'><strong>sola</strong></span> <span class='ocrx_word' id='word_1_626' title='bbox 2371 3455 2659 3503; x_wconf 89' lang='lat' dir='ltr'><strong>conservat</strong></span> <span class='ocrx_word' id='word_1_627' title='bbox 2704 3447 3008 3501; x_wconf 87' lang='lat' dir='ltr'><strong>castitatem</strong></span> <span class='ocrx_word' id='word_1_628' title='bbox 3064 3446 3337 3514; x_wconf 79' lang='lat' dir='ltr'><strong>religionis</strong></span> <span class='ocrx_word' id='word_1_629' title='bbox 3382 3446 3517 3511; x_wconf 89' lang='lat' dir='ltr'><strong>Dei,</strong></span> <span class='ocrx_word' id='word_1_630' title='bbox 3568 3456 3629 3502; x_wconf 85' lang='lat' dir='ltr'><strong>et</strong></span> 
     </span>
    </p>
   </div>
   <div class='ocr_carea' id='block_1_81' title="bbox 2045 3536 3624 3608">
    <p class='ocr_par' dir='ltr' id='par_1_81' title="bbox 2045 3536 3624 3608">
     <span class='ocr_line' id='line_1_81' title="bbox 2045 3536 3624 3608; baseline 0.001 -16"><span class='ocrx_word' id='word_1_631' title='bbox 2045 3539 2203 3594; x_wconf 90' lang='lat' dir='ltr'><strong>unius</strong></span> <span class='ocrx_word' id='word_1_632' title='bbox 2246 3537 2539 3593; x_wconf 65' lang='lat' dir='ltr'><strong>divinitatis</strong></span> <span class='ocrx_word' id='word_1_633' title='bbox 2584 3537 2809 3602; x_wconf 89' lang='lat' dir='ltr'><strong>cultum,</strong></span> <span class='ocrx_word' id='word_1_634' title='bbox 2863 3546 2919 3591; x_wconf 91' lang='lat' dir='ltr'><strong>et</strong></span> <span class='ocrx_word' id='word_1_635' title='bbox 2965 3553 3104 3608; x_wconf 69' lang='lat' dir='ltr'><strong>qum,</strong></span> <span class='ocrx_word' id='word_1_636' title='bbox 3147 3552 3214 3591; x_wconf 84' lang='lat' dir='ltr'><strong>ne</strong></span> <span class='ocrx_word' id='word_1_637' title='bbox 3252 3538 3320 3592; x_wconf 89' lang='lat' dir='ltr'><strong>ad</strong></span> <span class='ocrx_word' id='word_1_638' title='bbox 3357 3536 3624 3606; x_wconf 83' lang='lat' dir='ltr'><strong>majorem</strong></span> 
     </span>
    </p>
   </div>
   <div class='ocr_carea' id='block_1_82' title="bbox 2040 3628 3619 3699">
    <p class='ocr_par' dir='ltr' id='par_1_82' title="bbox 2040 3628 3619 3699">
     <span class='ocr_line' id='line_1_82' title="bbox 2040 3628 3619 3699; baseline 0 -16"><span class='ocrx_word' id='word_1_639' title='bbox 2040 3628 2432 3699; x_wconf 87' lang='lat' dir='ltr'><strong>blasphemiam</strong></span> <span class='ocrx_word' id='word_1_640' title='bbox 2471 3628 2809 3692; x_wconf 87' lang='lat' dir='ltr'><strong>concitaret,</strong></span> <span class='ocrx_word' id='word_1_641' title='bbox 2863 3628 3114 3698; x_wconf 74' lang='lat' dir='ltr'><strong>prteseuti</strong></span> <span class='ocrx_word' id='word_1_642' title='bbox 3161 3643 3269 3682; x_wconf 89' lang='lat' dir='ltr'><strong>non</strong></span> <span class='ocrx_word' id='word_1_643' title='bbox 3320 3629 3619 3698; x_wconf 84' lang='lat' dir='ltr'><strong>respondit,</strong></span> 
     </span>
    </p>
   </div>
   <div class='ocr_carea' id='block_1_83' title="bbox 2043 3720 3620 3791">
    <p class='ocr_par' dir='ltr' id='par_1_83' title="bbox 2043 3720 3620 3791">
     <span class='ocr_line' id='line_1_83' title="bbox 2043 3720 3620 3791; baseline 0 -16"><span class='ocrx_word' id='word_1_644' title='bbox 2043 3728 2165 3791; x_wconf 90' lang='lat' dir='ltr'><strong>post</strong></span> <span class='ocrx_word' id='word_1_645' title='bbox 2187 3721 2471 3775; x_wconf 88' lang='lat' dir='ltr'><strong>abeuntem</strong></span> <span class='ocrx_word' id='word_1_646' title='bbox 2503 3720 2670 3775; x_wconf 82' lang='lat' dir='ltr'><strong>movit</strong></span> <span class='ocrx_word' id='word_1_647' title='bbox 2710 3728 2869 3789; x_wconf 89' lang='lat' dir='ltr'><strong>caput</strong></span> <span class='ocrx_word' id='word_1_648' title='bbox 2895 3736 3074 3786; x_wconf 88' lang='lat' dir='ltr'><strong>suum,</strong></span> <span class='ocrx_word' id='word_1_649' title='bbox 3104 3729 3253 3776; x_wconf 91' lang='lat' dir='ltr'><strong>certa</strong></span> <span class='ocrx_word' id='word_1_650' title='bbox 3288 3722 3353 3776; x_wconf 90' lang='lat' dir='ltr'><strong>de</strong></span> <span class='ocrx_word' id='word_1_651' title='bbox 3394 3722 3620 3787; x_wconf 86' lang='lat' dir='ltr'><strong>ultione,</strong></span> 
     </span>
    </p>
   </div>
   <div class='ocr_carea' id='block_1_84' title="bbox 2047 3812 3627 3881">
    <p class='ocr_par' dir='ltr' id='par_1_84' title="bbox 2047 3812 3627 3881">
     <span class='ocr_line' id='line_1_84' title="bbox 2047 3812 3627 3881; baseline 0.001 -15"><span class='ocrx_word' id='word_1_652' title='bbox 2047 3827 2236 3867; x_wconf 89' lang='lat' dir='ltr'><strong>secura</strong></span> <span class='ocrx_word' id='word_1_653' title='bbox 2263 3812 2327 3866; x_wconf 85' lang='lat' dir='ltr'><strong>de</strong></span> <span class='ocrx_word' id='word_1_654' title='bbox 2356 3827 2533 3881; x_wconf 78' lang='lat' dir='ltr'><strong>pmna.</strong></span> <span class='ocrx_word' id='word_1_655' title='bbox 2575 3832 2592 3862; x_wconf 80' lang='grc' dir='ltr'>ι</span> <span class='ocrx_word' id='word_1_656' title='bbox 2627 3812 2684 3865; x_wconf 81' lang='grc' dir='ltr'>ιιι</span> <span class='ocrx_word' id='word_1_657' title='bbox 2706 3828 2869 3866; x_wconf 85' lang='lat' dir='ltr'><strong>manu</strong></span> <span class='ocrx_word' id='word_1_658' title='bbox 2898 3826 3175 3867; x_wconf 89' lang='lat' dir='ltr'><strong>servorum</strong></span> <span class='ocrx_word' id='word_1_659' title='bbox 3207 3821 3437 3877; x_wconf 88' lang='lat' dir='ltr'><strong>tuorum,</strong></span> <span class='ocrx_word' id='word_1_660' title='bbox 3468 3833 3486 3865; x_wconf 73' lang='grc' dir='ltr'><strong><em>ι</em></strong></span> <span class='ocrx_word' id='word_1_661' title='bbox 3521 3814 3627 3868; x_wconf 87' lang='lat' dir='ltr'><strong>hoc</strong></span> 
     </span>
    </p>
   </div>
   <div class='ocr_carea' id='block_1_85' title="bbox 2044 3904 3628 3975">
    <p class='ocr_par' dir='ltr' id='par_1_85' title="bbox 2044 3904 3628 3975">
     <span class='ocr_line' id='line_1_85' title="bbox 2044 3904 3628 3975; baseline 0.001 -16"><span class='ocrx_word' id='word_1_662' title='bbox 2044 3913 2147 3967; x_wconf 90' lang='lat' dir='ltr'><strong>est,</strong></span> <span class='ocrx_word' id='word_1_663' title='bbox 2190 3919 2291 3958; x_wconf 88' lang='lat' dir='ltr'><strong>nec</strong></span> <span class='ocrx_word' id='word_1_664' title='bbox 2328 3905 2443 3973; x_wconf 86' lang='lat' dir='ltr'><strong>ipse</strong></span> <span class='ocrx_word' id='word_1_665' title='bbox 2469 3919 2567 3973; x_wconf 90' lang='lat' dir='ltr'><strong>per</strong></span> <span class='ocrx_word' id='word_1_666' title='bbox 2595 3912 2668 3967; x_wconf 90' lang='lat' dir='ltr'><strong>te,</strong></span> <span class='ocrx_word' id='word_1_667' title='bbox 2701 3904 2793 3958; x_wconf 88' lang='lat' dir='ltr'><strong>sed</strong></span> <span class='ocrx_word' id='word_1_668' title='bbox 2822 3919 2919 3975; x_wconf 90' lang='lat' dir='ltr'><strong>per</strong></span> <span class='ocrx_word' id='word_1_669' title='bbox 2946 3918 3132 3959; x_wconf 87' lang='lat' dir='ltr'><strong>servos</strong></span> <span class='ocrx_word' id='word_1_670' title='bbox 3172 3914 3313 3970; x_wconf 91' lang='lat' dir='ltr'><strong>tuos,</strong></span> <span class='ocrx_word' id='word_1_671' title='bbox 3355 3916 3412 3959; x_wconf 92' lang='lat' dir='ltr'><strong>ut</strong></span> <span class='ocrx_word' id='word_1_672' title='bbox 3454 3905 3628 3974; x_wconf 86' lang='lat' dir='ltr'><strong>major</strong></span> 
     </span>
    </p>
   </div>
   <div class='ocr_carea' id='block_1_86' title="bbox 2045 3993 3284 4063">
    <p class='ocr_par' dir='ltr' id='par_1_86' title="bbox 2045 3993 3284 4063">
     <span class='ocr_line' id='line_1_86' title="bbox 2045 3993 3284 4063; baseline -0.002 -14"><span class='ocrx_word' id='word_1_673' title='bbox 2045 4002 2191 4050; x_wconf 89' lang='lat' dir='ltr'><strong>esset</strong></span> <span class='ocrx_word' id='word_1_674' title='bbox 2215 3994 2542 4063; x_wconf 82' lang='lat' dir='ltr'><strong>arrogantia,</strong></span> <span class='ocrx_word' id='word_1_675' title='bbox 2575 3993 2855 4047; x_wconf 89' lang='lat' dir='ltr'><strong>Dominum</strong></span> <span class='ocrx_word' id='word_1_676' title='bbox 2878 3993 3284 4062; x_wconf 88' lang='lat' dir='ltr'><strong>blasphemasti.</strong></span> 
     </span>
    </p>
   </div>
   <div class='ocr_carea' id='block_1_87' title="bbox 2123 4083 3625 4154">
    <p class='ocr_par' dir='ltr' id='par_1_87' title="bbox 2123 4083 3625 4154">
     <span class='ocr_line' id='line_1_87' title="bbox 2123 4083 3625 4154; baseline 0.004 -19"><span class='ocrx_word' id='word_1_677' title='bbox 2123 4103 2141 4135; x_wconf 75' lang='grc' dir='ltr'>ι</span> <span class='ocrx_word' id='word_1_678' title='bbox 2186 4084 2426 4139; x_wconf 77' lang='lat' dir='ltr'><strong>Altitudo</strong></span> <span class='ocrx_word' id='word_1_679' title='bbox 2460 4084 2743 4147; x_wconf 89' lang='lat' dir='ltr'><strong>montium,</strong></span> <span class='ocrx_word' id='word_1_680' title='bbox 2766 4084 2961 4154; x_wconf 83' lang='lat' dir='ltr'><strong>etjuga</strong></span> <span class='ocrx_word' id='word_1_681' title='bbox 2985 4083 3192 4149; x_wconf 88' lang='lat' dir='ltr'><strong>Libani,</strong></span> <span class='ocrx_word' id='word_1_682' title='bbox 3221 4084 3449 4140; x_wconf 73' lang='lat' dir='ltr'><strong>excelsa:</strong></span> <span class='ocrx_word' id='word_1_683' title='bbox 3476 4087 3625 4142; x_wconf 88' lang='lat' dir='ltr'><strong>cedri</strong></span> 
     </span>
    </p>
   </div>
   <div class='ocr_carea' id='block_1_88' title="bbox 2053 4172 3629 4244">
    <p class='ocr_par' dir='ltr' id='par_1_88' title="bbox 2053 4172 3629 4244">
     <span class='ocr_line' id='line_1_88' title="bbox 2053 4172 3629 4244; baseline 0.002 -17"><span class='ocrx_word' id='word_1_684' title='bbox 2053 4194 2072 4227; x_wconf 85' lang='grc'><strong>‹</strong></span> <span class='ocrx_word' id='word_1_685' title='bbox 2112 4185 2168 4230; x_wconf 88' lang='lat' dir='ltr'><strong>et</strong></span> <span class='ocrx_word' id='word_1_686' title='bbox 2190 4174 2373 4231; x_wconf 68' lang='lat' dir='ltr'><strong>electa:</strong></span> <span class='ocrx_word' id='word_1_687' title='bbox 2398 4174 2620 4229; x_wconf 89' lang='lat' dir='ltr'><strong>abietes.</strong></span> <span class='ocrx_word' id='word_1_688' title='bbox 2668 4195 2686 4226; x_wconf 75' lang='grc' dir='ltr'><strong><em>ι</em></strong></span> <span class='ocrx_word' id='word_1_689' title='bbox 2730 4172 2826 4228; x_wconf 80' lang='lat' dir='ltr'><strong>Vel</strong></span> <span class='ocrx_word' id='word_1_690' title='bbox 2865 4189 2963 4243; x_wconf 91' lang='lat' dir='ltr'><strong>per</strong></span> <span class='ocrx_word' id='word_1_691' title='bbox 3002 4175 3369 4244; x_wconf 89' lang='lat' dir='ltr'><strong>metaphoram</strong></span> <span class='ocrx_word' id='word_1_692' title='bbox 3402 4175 3466 4230; x_wconf 91' lang='lat' dir='ltr'><strong>de</strong></span> <span class='ocrx_word' id='word_1_693' title='bbox 3494 4191 3629 4230; x_wconf 88' lang='lat' dir='ltr'><strong>cun-</strong></span> 
     </span>
    </p>
   </div>
   <div class='ocr_carea' id='block_1_89' title="bbox 2047 4262 3626 4336">
    <p class='ocr_par' dir='ltr' id='par_1_89' title="bbox 2047 4262 3626 4336">
     <span class='ocr_line' id='line_1_89' title="bbox 2047 4262 3626 4336; baseline -0.001 -16"><span class='ocrx_word' id='word_1_694' title='bbox 2047 4266 2150 4321; x_wconf 89' lang='lat' dir='ltr'><strong>ctis</strong></span> <span class='ocrx_word' id='word_1_695' title='bbox 2176 4265 2423 4336; x_wconf 81' lang='lat' dir='ltr'><strong>gentibus</strong></span> <span class='ocrx_word' id='word_1_696' title='bbox 2448 4263 2815 4332; x_wconf 84' lang='lat' dir='ltr'><strong>accipiendum</strong></span> <span class='ocrx_word' id='word_1_697' title='bbox 2844 4271 2944 4325; x_wconf 88' lang='lat' dir='ltr'><strong>est,</strong></span> <span class='ocrx_word' id='word_1_698' title='bbox 2972 4272 3025 4316; x_wconf 91' lang='lat' dir='ltr'><strong>et</strong></span> <span class='ocrx_word' id='word_1_699' title='bbox 3053 4262 3383 4334; x_wconf 87' lang='lat' dir='ltr'><strong>principibus</strong></span> <span class='ocrx_word' id='word_1_700' title='bbox 3411 4280 3626 4331; x_wconf 90' lang='lat' dir='ltr'><strong>earum,</strong></span> 
     </span>
    </p>
   </div>
   <div class='ocr_carea' id='block_1_90' title="bbox 2058 4351 3626 4422">
    <p class='ocr_par' dir='ltr' id='par_1_90' title="bbox 2058 4351 3626 4422">
     <span class='ocr_line' id='line_1_90' title="bbox 2058 4351 3626 4422; baseline 0.003 -15"><span class='ocrx_word' id='word_1_701' title='bbox 2058 4353 2133 4409; x_wconf 78' lang='lat' dir='ltr'><strong>vel</strong></span> <span class='ocrx_word' id='word_1_702' title='bbox 2162 4355 2227 4408; x_wconf 87' lang='lat' dir='ltr'><strong>de</strong></span> <span class='ocrx_word' id='word_1_703' title='bbox 2251 4351 2568 4416; x_wconf 79' lang='lat' dir='ltr'><strong>Jerusalem,</strong></span> <span class='ocrx_word' id='word_1_704' title='bbox 2601 4367 2723 4422; x_wconf 68' lang='lat' dir='ltr'><strong>qua:</strong></span> <span class='ocrx_word' id='word_1_705' title='bbox 2748 4362 2831 4407; x_wconf 87' lang='lat' dir='ltr'><strong>est</strong></span> <span class='ocrx_word' id='word_1_706' title='bbox 2857 4352 3110 4418; x_wconf 86' lang='lat' dir='ltr'><strong>Libanus,</strong></span> <span class='ocrx_word' id='word_1_707' title='bbox 3142 4355 3289 4408; x_wconf 89' lang='lat' dir='ltr'><strong>cedri</strong></span> <span class='ocrx_word' id='word_1_708' title='bbox 3321 4364 3376 4409; x_wconf 86' lang='lat' dir='ltr'><strong>et</strong></span> <span class='ocrx_word' id='word_1_709' title='bbox 3400 4355 3626 4421; x_wconf 83' lang='lat' dir='ltr'><strong>abietes,</strong></span> 
     </span>
    </p>
   </div>
   <div class='ocr_carea' id='block_1_91' title="bbox 447 4443 3636 4539">
    <p class='ocr_par' dir='ltr' id='par_1_91' title="bbox 447 4443 3636 4539">
     <span class='ocr_line' id='line_1_91' title="bbox 447 4443 3636 4539; baseline 0.002 -42"><span class='ocrx_word' id='word_1_710' title='bbox 447 4465 465 4497; x_wconf 83' lang='grc'><em>‹</em></span> <span class='ocrx_word' id='word_1_711' title='bbox 500 4445 770 4501; x_wconf 81' lang='lat' dir='ltr'><strong>Reversus</strong></span> <span class='ocrx_word' id='word_1_712' title='bbox 797 4456 881 4502; x_wconf 91' lang='lat' dir='ltr'><strong>est</strong></span> <span class='ocrx_word' id='word_1_713' title='bbox 908 4448 1072 4518; x_wconf 82' lang='lat' dir='ltr'><strong>igitur</strong></span> <span class='ocrx_word' id='word_1_714' title='bbox 1123 4449 1415 4513; x_wconf 85' lang='lat' dir='ltr'><strong>Rabsaces,</strong></span> <span class='ocrx_word' id='word_1_715' title='bbox 1440 4456 1495 4503; x_wconf 92' lang='lat' dir='ltr'><strong>et</strong></span> <span class='ocrx_word' id='word_1_716' title='bbox 1523 4448 1729 4503; x_wconf 85' lang='lat' dir='ltr'><strong>invenit</strong></span> <span class='ocrx_word' id='word_1_717' title='bbox 1765 4463 1945 4519; x_wconf 82' lang='lat' dir='ltr'><strong>regem</strong></span> <span class='ocrx_word' id='word_1_718' title='bbox 1972 4481 2024 4539; x_wconf 72' lang='grc' dir='ltr'>Β</span> <span class='ocrx_word' id='word_1_719' title='bbox 2048 4454 2293 4515; x_wconf 87' lang='lat' dir='ltr'><strong>potentes</strong></span> <span class='ocrx_word' id='word_1_720' title='bbox 2312 4445 2511 4515; x_wconf 85' lang='lat' dir='ltr'><strong>quique</strong></span> <span class='ocrx_word' id='word_1_721' title='bbox 2539 4454 2594 4499; x_wconf 89' lang='lat' dir='ltr'><strong>et</strong></span> <span class='ocrx_word' id='word_1_722' title='bbox 2626 4445 2931 4516; x_wconf 88' lang='lat' dir='ltr'><strong>optimates,</strong></span> <span class='ocrx_word' id='word_1_723' title='bbox 2959 4443 3184 4497; x_wconf 88' lang='lat' dir='ltr'><strong>altitudo</strong></span> <span class='ocrx_word' id='word_1_724' title='bbox 3208 4446 3535 4500; x_wconf 87' lang='lat' dir='ltr'><strong>summitatis</strong></span> <span class='ocrx_word' id='word_1_725' title='bbox 3574 4460 3636 4503; x_wconf 84' lang='lat' dir='ltr'><strong>et</strong></span> 
     </span>
    </p>
   </div>
   <div class='ocr_carea' id='block_1_92' title="bbox 376 4534 1945 4606">
    <p class='ocr_par' dir='ltr' id='par_1_92' title="bbox 376 4534 1945 4606">
     <span class='ocr_line' id='line_1_92' title="bbox 376 4534 1945 4606; baseline 0.001 -19"><span class='ocrx_word' id='word_1_726' title='bbox 376 4553 394 4584; x_wconf 72' lang='grc' dir='ltr'>ι</span> <span class='ocrx_word' id='word_1_727' title='bbox 429 4534 772 4606; x_wconf 81' lang='lat' dir='ltr'><strong>Assyriorum</strong></span> <span class='ocrx_word' id='word_1_728' title='bbox 796 4547 1189 4606; x_wconf 80' lang='lat' dir='ltr'><strong>expugnantclu</strong></span> <span class='ocrx_word' id='word_1_729' title='bbox 1210 4536 1471 4593; x_wconf 87' lang='lat' dir='ltr'><strong>Lobnam.</strong></span> <span class='ocrx_word' id='word_1_730' title='bbox 1515 4536 1772 4592; x_wconf 84' lang='lat' dir='ltr'><strong>Audierat</strong></span> <span class='ocrx_word' id='word_1_731' title='bbox 1803 4537 1945 4591; x_wconf 88' lang='lat' dir='ltr'><strong>enim</strong></span> 
     </span>
    </p>
   </div>
   <div class='ocr_carea' id='block_1_93' title="bbox 376 4626 1949 4697">
    <p class='ocr_par' dir='ltr' id='par_1_93' title="bbox 376 4626 1949 4697">
     <span class='ocr_line' id='line_1_93' title="bbox 376 4626 1949 4697; baseline 0.004 -22"><span class='ocrx_word' id='word_1_732' title='bbox 376 4645 394 4675; x_wconf 79' lang='grc' dir='ltr'><strong><em>ι</em></strong></span> <span class='ocrx_word' id='word_1_733' title='bbox 427 4626 571 4696; x_wconf 85' lang='lat' dir='ltr'><strong>quod</strong></span> <span class='ocrx_word' id='word_1_734' title='bbox 600 4635 901 4681; x_wconf 88' lang='lat' dir='ltr'><strong>recesserat</strong></span> <span class='ocrx_word' id='word_1_735' title='bbox 947 4629 1014 4681; x_wconf 89' lang='lat' dir='ltr'><strong>de</strong></span> <span class='ocrx_word' id='word_1_736' title='bbox 1059 4627 1275 4682; x_wconf 87' lang='lat' dir='ltr'><strong>Lachis.</strong></span> <span class='ocrx_word' id='word_1_737' title='bbox 1329 4627 1571 4697; x_wconf 85' lang='lat' dir='ltr'><strong>Cumque</strong></span> <span class='ocrx_word' id='word_1_738' title='bbox 1604 4628 1844 4682; x_wconf 89' lang='lat' dir='ltr'><strong>audisset</strong></span> <span class='ocrx_word' id='word_1_739' title='bbox 1882 4627 1949 4682; x_wconf 90' lang='lat' dir='ltr'><strong>de</strong></span> 
     </span>
    </p>
   </div>
   <div class='ocr_carea' id='block_1_94' title="bbox 376 4716 1952 4791">
    <p class='ocr_par' dir='ltr' id='par_1_94' title="bbox 376 4716 1952 4791">
     <span class='ocr_line' id='line_1_94' title="bbox 376 4716 1952 4791; baseline 0.006 -26"><span class='ocrx_word' id='word_1_740' title='bbox 376 4736 393 4765; x_wconf 75' lang='grc' dir='ltr'>ι</span> <span class='ocrx_word' id='word_1_741' title='bbox 428 4716 672 4772; x_wconf 85' lang='lat' dir='ltr'><strong>&#39;l‘haraca</strong></span> <span class='ocrx_word' id='word_1_742' title='bbox 716 4730 841 4787; x_wconf 85' lang='lat' dir='ltr'><strong>rege</strong></span> <span class='ocrx_word' id='word_1_743' title='bbox 888 4717 1198 4787; x_wconf 61' lang='lat' dir='ltr'><strong>Ethiopiie,</strong></span> <span class='ocrx_word' id='word_1_744' title='bbox 1230 4718 1505 4774; x_wconf 85' lang='lat' dir='ltr'><strong>dicentes:</strong></span> <span class='ocrx_word' id='word_1_745' title='bbox 1538 4718 1677 4773; x_wconf 87' lang='lat' dir='ltr'><strong>Ecce</strong></span> <span class='ocrx_word' id='word_1_746' title='bbox 1703 4735 1952 4791; x_wconf 84' lang='lat' dir='ltr'><strong>egressus</strong></span> 
     </span>
    </p>
   </div>
   <div class='ocr_carea' id='block_1_95' title="bbox 379 4809 1946 4877">
    <p class='ocr_par' dir='ltr' id='par_1_95' title="bbox 379 4809 1946 4877">
     <span class='ocr_line' id='line_1_95' title="bbox 379 4809 1946 4877; baseline 0.003 -19"><span class='ocrx_word' id='word_1_747' title='bbox 379 4825 398 4857; x_wconf 74' lang='grc' dir='ltr'><strong><em>ι</em></strong></span> <span class='ocrx_word' id='word_1_748' title='bbox 436 4816 537 4871; x_wconf 93' lang='lat' dir='ltr'><strong>est,</strong></span> <span class='ocrx_word' id='word_1_749' title='bbox 562 4815 622 4860; x_wconf 91' lang='lat' dir='ltr'><strong>ut</strong></span> <span class='ocrx_word' id='word_1_750' title='bbox 648 4816 845 4877; x_wconf 89' lang='lat' dir='ltr'><strong>pugnet</strong></span> <span class='ocrx_word' id='word_1_751' title='bbox 866 4809 1152 4863; x_wconf 88' lang='lat' dir='ltr'><strong>adversum</strong></span> <span class='ocrx_word' id='word_1_752' title='bbox 1196 4818 1275 4872; x_wconf 89' lang='lat' dir='ltr'><strong>te,</strong></span> <span class='ocrx_word' id='word_1_753' title='bbox 1330 4817 1385 4864; x_wconf 92' lang='lat' dir='ltr'><strong>et</strong></span> <span class='ocrx_word' id='word_1_754' title='bbox 1420 4809 1523 4863; x_wconf 88' lang='lat' dir='ltr'><strong>iret</strong></span> <span class='ocrx_word' id='word_1_755' title='bbox 1569 4819 1758 4864; x_wconf 89' lang='lat' dir='ltr'><strong>contra</strong></span> <span class='ocrx_word' id='word_1_756' title='bbox 1786 4825 1907 4864; x_wconf 90' lang='lat' dir='ltr'><strong>eum</strong></span> <span class='ocrx_word' id='word_1_757' title='bbox 1931 4849 1946 4872; x_wconf 94' lang='lat'><strong>,</strong></span> 
     </span>
    </p>
   </div>
   <div class='ocr_carea' id='block_1_96' title="bbox 379 4901 1950 4968">
    <p class='ocr_par' dir='ltr' id='par_1_96' title="bbox 379 4901 1950 4968">
     <span class='ocr_line' id='line_1_96' title="bbox 379 4901 1950 4968; baseline 0.006 -18"><span class='ocrx_word' id='word_1_758' title='bbox 379 4918 395 4949; x_wconf 73' lang='grc' dir='ltr'>ι</span> <span class='ocrx_word' id='word_1_759' title='bbox 430 4901 575 4954; x_wconf 90' lang='lat' dir='ltr'><strong>misit</strong></span> <span class='ocrx_word' id='word_1_760' title='bbox 614 4901 832 4956; x_wconf 89' lang='lat' dir='ltr'><strong>nuntios</strong></span> <span class='ocrx_word' id='word_1_761' title='bbox 882 4901 950 4955; x_wconf 90' lang='lat' dir='ltr'><strong>ad</strong></span> <span class='ocrx_word' id='word_1_762' title='bbox 987 4901 1310 4968; x_wconf 82' lang='lat' dir='ltr'><strong>Ezechiam,</strong></span> <span class='ocrx_word' id='word_1_763' title='bbox 1359 4902 1575 4958; x_wconf 85' lang='lat' dir='ltr'><strong>dicens:</strong></span> <span class='ocrx_word' id='word_1_764' title='bbox 1610 4902 1735 4958; x_wconf 61' lang='lat' dir='ltr'><strong>Haec</strong></span> <span class='ocrx_word' id='word_1_765' title='bbox 1784 4903 1950 4960; x_wconf 83' lang='lat' dir='ltr'><strong>dicite</strong></span> 
     </span>
    </p>
   </div>
   <div class='ocr_carea' id='block_1_97' title="bbox 378 4991 1946 5064">
    <p class='ocr_par' dir='ltr' id='par_1_97' title="bbox 378 4991 1946 5064">
     <span class='ocr_line' id='line_1_97' title="bbox 378 4991 1946 5064; baseline 0.007 -24"><span class='ocrx_word' id='word_1_766' title='bbox 378 5009 397 5040; x_wconf 75' lang='grc' dir='ltr'><strong><em>ι</em></strong></span> <span class='ocrx_word' id='word_1_767' title='bbox 435 4991 677 5046; x_wconf 60' lang='lat' dir='ltr'><strong>Ezechiae</strong></span> <span class='ocrx_word' id='word_1_768' title='bbox 730 4994 839 5064; x_wconf 84' lang='lat' dir='ltr'><strong>regi</strong></span> <span class='ocrx_word' id='word_1_769' title='bbox 871 4991 1049 5048; x_wconf 87' lang='lat' dir='ltr'><strong>Juda:</strong></span> <span class='ocrx_word' id='word_1_770' title='bbox 1104 4994 1218 5048; x_wconf 83' lang='lat' dir='ltr'><strong>Non</strong></span> <span class='ocrx_word' id='word_1_771' title='bbox 1261 5003 1312 5050; x_wconf 88' lang='lat' dir='ltr'><strong>te</strong></span> <span class='ocrx_word' id='word_1_772' title='bbox 1365 4996 1589 5050; x_wconf 86' lang='lat' dir='ltr'><strong>seducat</strong></span> <span class='ocrx_word' id='word_1_773' title='bbox 1619 4996 1759 5051; x_wconf 90' lang='lat' dir='ltr'><strong>Deus</strong></span> <span class='ocrx_word' id='word_1_774' title='bbox 1801 5006 1946 5063; x_wconf 88' lang='lat' dir='ltr'><strong>tuus,</strong></span> 
     </span>
    </p>
   </div>
   <div class='ocr_carea' id='block_1_98' title="bbox 380 5081 1951 5154">
    <p class='ocr_par' dir='ltr' id='par_1_98' title="bbox 380 5081 1951 5154">
     <span class='ocr_line' id='line_1_98' title="bbox 380 5081 1951 5154; baseline 0.006 -20"><span class='ocrx_word' id='word_1_775' title='bbox 380 5100 398 5128; x_wconf 74' lang='grc' dir='ltr'><strong><em>ι</em></strong></span> <span class='ocrx_word' id='word_1_776' title='bbox 433 5081 483 5135; x_wconf 90' lang='lat' dir='ltr'><strong>in</strong></span> <span class='ocrx_word' id='word_1_777' title='bbox 508 5098 613 5151; x_wconf 92' lang='lat' dir='ltr'><strong>quo</strong></span> <span class='ocrx_word' id='word_1_778' title='bbox 640 5084 805 5137; x_wconf 86' lang='lat' dir='ltr'><strong>habes</strong></span> <span class='ocrx_word' id='word_1_779' title='bbox 828 5083 1101 5148; x_wconf 88' lang='lat' dir='ltr'><strong>ﬁduciam,</strong></span> <span class='ocrx_word' id='word_1_780' title='bbox 1130 5101 1300 5154; x_wconf 80' lang='lat' dir='ltr'><strong>neque</strong></span> <span class='ocrx_word' id='word_1_781' title='bbox 1332 5086 1482 5142; x_wconf 86' lang='lat' dir='ltr'><strong>dicas</strong></span> <span class='ocrx_word' id='word_1_782' title='bbox 1510 5106 1523 5141; x_wconf 91' lang='lat'><strong>:</strong></span> <span class='ocrx_word' id='word_1_783' title='bbox 1555 5086 1667 5143; x_wconf 88' lang='lat' dir='ltr'><strong>Non</strong></span> <span class='ocrx_word' id='word_1_784' title='bbox 1711 5090 1951 5144; x_wconf 88' lang='lat' dir='ltr'><strong>tradetur</strong></span> 
     </span>
    </p>
   </div>
   <div class='ocr_carea' id='block_1_99' title="bbox 382 5170 1949 5249">
    <p class='ocr_par' dir='ltr' id='par_1_99' title="bbox 382 5170 1949 5249">
     <span class='ocr_line' id='line_1_99' title="bbox 382 5170 1949 5249; baseline 0.008 -27"><span class='ocrx_word' id='word_1_785' title='bbox 382 5192 399 5222; x_wconf 85' lang='grc'>‹</span> <span class='ocrx_word' id='word_1_786' title='bbox 439 5170 737 5228; x_wconf 79' lang='lat' dir='ltr'><strong>Jerusalem</strong></span> <span class='ocrx_word' id='word_1_787' title='bbox 768 5176 819 5229; x_wconf 93' lang='lat' dir='ltr'><strong>iu</strong></span> <span class='ocrx_word' id='word_1_788' title='bbox 844 5192 1037 5231; x_wconf 89' lang='lat' dir='ltr'><strong>manus</strong></span> <span class='ocrx_word' id='word_1_789' title='bbox 1065 5177 1580 5249; x_wconf 79' lang='lat' dir='ltr'><strong>regisAssyriorum,</strong></span> <span class='ocrx_word' id='word_1_790' title='bbox 1606 5199 1622 5231; x_wconf 80' lang='grc' dir='ltr'><strong><em>ι</em></strong></span> <span class='ocrx_word' id='word_1_791' title='bbox 1661 5189 1766 5236; x_wconf 92' lang='lat' dir='ltr'><strong>etc.</strong></span> <span class='ocrx_word' id='word_1_792' title='bbox 1789 5179 1949 5235; x_wconf 82' lang='lat' dir='ltr'><strong>Juxta</strong></span> 
     </span>
    </p>
   </div>
   <div class='ocr_carea' id='block_1_100' title="bbox 375 5262 1950 5324">
    <p class='ocr_par' dir='ltr' id='par_1_100' title="bbox 375 5262 1950 5324">
     <span class='ocr_line' id='line_1_100' title="bbox 375 5262 1950 5324; baseline 0.006 -10"><span class='ocrx_word' id='word_1_793' title='bbox 375 5262 705 5319; x_wconf 85' lang='lat' dir='ltr'><strong>voluntatem</strong></span> <span class='ocrx_word' id='word_1_794' title='bbox 732 5266 824 5319; x_wconf 88' lang='lat' dir='ltr'><strong>Dei</strong></span> <span class='ocrx_word' id='word_1_795' title='bbox 849 5266 1125 5321; x_wconf 67' lang='lat' dir='ltr'><strong>Itabsaces</strong></span> <span class='ocrx_word' id='word_1_796' title='bbox 1154 5268 1391 5322; x_wconf 89' lang='lat' dir='ltr'><strong>deseruit</strong></span> <span class='ocrx_word' id='word_1_797' title='bbox 1423 5270 1756 5324; x_wconf 86' lang='lat' dir='ltr'><strong>obsidionem</strong></span> <span class='ocrx_word' id='word_1_798' title='bbox 1793 5269 1950 5324; x_wconf 89' lang='lat' dir='ltr'><strong>Jeru-</strong></span> 
     </span>
    </p>
   </div>
   <div class='ocr_carea' id='block_1_101' title="bbox 379 5354 1953 5431">
    <p class='ocr_par' dir='ltr' id='par_1_101' title="bbox 379 5354 1953 5431">
     <span class='ocr_line' id='line_1_101' title="bbox 379 5354 1953 5431; baseline 0.003 -21"><span class='ocrx_word' id='word_1_799' title='bbox 379 5354 566 5420; x_wconf 88' lang='lat' dir='ltr'><strong>salem,</strong></span> <span class='ocrx_word' id='word_1_800' title='bbox 597 5364 653 5411; x_wconf 91' lang='lat' dir='ltr'><strong>et</strong></span> <span class='ocrx_word' id='word_1_801' title='bbox 688 5358 925 5426; x_wconf 85' lang='lat' dir='ltr'><strong>perrexit</strong></span> <span class='ocrx_word' id='word_1_802' title='bbox 949 5358 1014 5412; x_wconf 91' lang='lat' dir='ltr'><strong>ad</strong></span> <span class='ocrx_word' id='word_1_803' title='bbox 1037 5359 1312 5413; x_wconf 89' lang='lat' dir='ltr'><strong>dominum</strong></span> <span class='ocrx_word' id='word_1_804' title='bbox 1345 5375 1522 5425; x_wconf 90' lang='lat' dir='ltr'><strong>suum,</strong></span> <span class='ocrx_word' id='word_1_805' title='bbox 1554 5377 1713 5431; x_wconf 85' lang='lat' dir='ltr'><strong>quem</strong></span> <span class='ocrx_word' id='word_1_806' title='bbox 1742 5361 1824 5415; x_wconf 90' lang='lat' dir='ltr'><strong>vel</strong></span> <span class='ocrx_word' id='word_1_807' title='bbox 1862 5378 1953 5415; x_wconf 85' lang='lat' dir='ltr'><strong>ca-</strong></span> 
     </span>
    </p>
   </div>
   <div class='ocr_carea' id='block_1_102' title="bbox 376 5446 1953 5521">
    <p class='ocr_par' dir='ltr' id='par_1_102' title="bbox 376 5446 1953 5521">
     <span class='ocr_line' id='line_1_102' title="bbox 376 5446 1953 5521; baseline 0.004 -21"><span class='ocrx_word' id='word_1_808' title='bbox 376 5455 490 5517; x_wconf 88' lang='lat' dir='ltr'><strong>pta,</strong></span> <span class='ocrx_word' id='word_1_809' title='bbox 514 5446 596 5501; x_wconf 87' lang='lat' dir='ltr'><strong>vel</strong></span> <span class='ocrx_word' id='word_1_810' title='bbox 645 5448 856 5502; x_wconf 89' lang='lat' dir='ltr'><strong>deserta</strong></span> <span class='ocrx_word' id='word_1_811' title='bbox 887 5448 1098 5515; x_wconf 85' lang='lat' dir='ltr'><strong>Lachis,</strong></span> <span class='ocrx_word' id='word_1_812' title='bbox 1132 5449 1333 5503; x_wconf 80' lang='lat' dir='ltr'><strong>invenit</strong></span> <span class='ocrx_word' id='word_1_813' title='bbox 1375 5460 1769 5521; x_wconf 81' lang='lat' dir='ltr'><strong>oppugnantem</strong></span> <span class='ocrx_word' id='word_1_814' title='bbox 1814 5452 1953 5506; x_wconf 91' lang='lat' dir='ltr'><strong>Lob-</strong></span> 
     </span>
    </p>
   </div>
   <div class='ocr_carea' id='block_1_103' title="bbox 382 5534 1950 5611">
    <p class='ocr_par' dir='ltr' id='par_1_103' title="bbox 382 5534 1950 5611">
     <span class='ocr_line' id='line_1_103' title="bbox 382 5534 1950 5611; baseline 0.005 -22"><span class='ocrx_word' id='word_1_815' title='bbox 382 5552 528 5591; x_wconf 88' lang='lat' dir='ltr'><strong>uam.</strong></span> <span class='ocrx_word' id='word_1_816' title='bbox 557 5534 927 5594; x_wconf 80' lang='lat' dir='ltr'><strong>Sumacherib</strong></span> <span class='ocrx_word' id='word_1_817' title='bbox 954 5551 1133 5594; x_wconf 91' lang='lat' dir='ltr'><strong>autem</strong></span> <span class='ocrx_word' id='word_1_818' title='bbox 1160 5554 1450 5596; x_wconf 89' lang='lat' dir='ltr'><strong>occurrens</strong></span> <span class='ocrx_word' id='word_1_819' title='bbox 1498 5541 1611 5611; x_wconf 82' lang='lat' dir='ltr'><strong>regi</strong></span> <span class='ocrx_word' id='word_1_820' title='bbox 1641 5541 1950 5611; x_wconf 69' lang='lat' dir='ltr'><strong>Aithiopum</strong></span> 
     </span>
    </p>
   </div>
   <div class='ocr_carea' id='block_1_104' title="bbox 382 5630 1952 5704">
    <p class='ocr_par' dir='ltr' id='par_1_104' title="bbox 382 5630 1952 5704">
     <span class='ocr_line' id='line_1_104' title="bbox 382 5630 1952 5704; baseline 0.005 -21"><span class='ocrx_word' id='word_1_821' title='bbox 382 5630 529 5683; x_wconf 82' lang='lat' dir='ltr'><strong>misit</strong></span> <span class='ocrx_word' id='word_1_822' title='bbox 555 5631 620 5684; x_wconf 87' lang='lat' dir='ltr'><strong>ad</strong></span> <span class='ocrx_word' id='word_1_823' title='bbox 653 5631 936 5686; x_wconf 82' lang='lat' dir='ltr'><strong>Ezechiam</strong></span> <span class='ocrx_word' id='word_1_824' title='bbox 966 5633 1184 5687; x_wconf 86' lang='lat' dir='ltr'><strong>nuntios</strong></span> <span class='ocrx_word' id='word_1_825' title='bbox 1205 5641 1260 5686; x_wconf 91' lang='lat' dir='ltr'><strong>et</strong></span> <span class='ocrx_word' id='word_1_826' title='bbox 1296 5632 1573 5704; x_wconf 84' lang='lat' dir='ltr'><strong>epistolas,</strong></span> <span class='ocrx_word' id='word_1_827' title='bbox 1598 5643 1656 5686; x_wconf 89' lang='lat' dir='ltr'><strong>ut</strong></span> <span class='ocrx_word' id='word_1_828' title='bbox 1694 5649 1788 5689; x_wconf 86' lang='lat' dir='ltr'><strong>eos</strong></span> <span class='ocrx_word' id='word_1_829' title='bbox 1815 5651 1952 5704; x_wconf 82' lang='lat' dir='ltr'><strong>quos</strong></span> 
     </span>
    </p>
   </div>
   <div class='ocr_carea' id='block_1_105' title="bbox 383 5720 1947 5796">
    <p class='ocr_par' dir='ltr' id='par_1_105' title="bbox 383 5720 1947 5796">
     <span class='ocr_line' id='line_1_105' title="bbox 383 5720 1947 5796; baseline 0.005 -25"><span class='ocrx_word' id='word_1_830' title='bbox 383 5720 586 5776; x_wconf 81' lang='lat' dir='ltr'><strong>viribus</strong></span> <span class='ocrx_word' id='word_1_831' title='bbox 619 5739 723 5778; x_wconf 86' lang='lat' dir='ltr'><strong>non</strong></span> <span class='ocrx_word' id='word_1_832' title='bbox 747 5723 889 5792; x_wconf 87' lang='lat' dir='ltr'><strong>cepit</strong></span> <span class='ocrx_word' id='word_1_833' title='bbox 915 5738 1163 5778; x_wconf 89' lang='lat' dir='ltr'><strong>sermone</strong></span> <span class='ocrx_word' id='word_1_834' title='bbox 1194 5731 1439 5779; x_wconf 88' lang='lat' dir='ltr'><strong>terreret.</strong></span> <span class='ocrx_word' id='word_1_835' title='bbox 1468 5722 1742 5796; x_wconf 85' lang='lat' dir='ltr'><strong>Puguasse</strong></span> <span class='ocrx_word' id='word_1_836' title='bbox 1769 5734 1947 5780; x_wconf 86' lang='lat' dir='ltr'><strong>autem</strong></span> 
     </span>
    </p>
   </div>
   <div class='ocr_carea' id='block_1_106' title="bbox 2049 4533 3631 4605">
    <p class='ocr_par' dir='ltr' id='par_1_106' title="bbox 2049 4533 3631 4605">
     <span class='ocr_line' id='line_1_106' title="bbox 2049 4533 3631 4605; baseline -0.001 -13"><span class='ocrx_word' id='word_1_837' title='bbox 2049 4536 2218 4592; x_wconf 87' lang='lat' dir='ltr'><strong>saltus</strong></span> <span class='ocrx_word' id='word_1_838' title='bbox 2245 4533 2477 4590; x_wconf 86' lang='lat' dir='ltr'><strong>Carmeli</strong></span> <span class='ocrx_word' id='word_1_839' title='bbox 2504 4535 2759 4605; x_wconf 89' lang='lat' dir='ltr'><strong>templum</strong></span> <span class='ocrx_word' id='word_1_840' title='bbox 2788 4543 2889 4590; x_wconf 90' lang='lat' dir='ltr'><strong>est.</strong></span> <span class='ocrx_word' id='word_1_841' title='bbox 2923 4535 3074 4603; x_wconf 88' lang='lat' dir='ltr'><strong>Quod</strong></span> <span class='ocrx_word' id='word_1_842' title='bbox 3097 4535 3257 4590; x_wconf 84' lang='lat' dir='ltr'><strong>infert</strong></span> <span class='ocrx_word' id='word_1_843' title='bbox 3293 4554 3305 4589; x_wconf 90' lang='lat'>:</span> <span class='ocrx_word' id='word_1_844' title='bbox 3336 4554 3355 4586; x_wconf 77' lang='grc' dir='ltr'>ί</span> <span class='ocrx_word' id='word_1_845' title='bbox 3384 4536 3492 4605; x_wconf 85' lang='lat' dir='ltr'><strong>Ego</strong></span> <span class='ocrx_word' id='word_1_846' title='bbox 3516 4536 3631 4592; x_wconf 83' lang='lat' dir='ltr'><strong>fodi</strong></span> 
     </span>
    </p>
   </div>
   <div class='ocr_carea' id='block_1_107' title="bbox 2055 4626 3632 4697">
    <p class='ocr_par' dir='ltr' id='par_1_107' title="bbox 2055 4626 3632 4697">
     <span class='ocr_line' id='line_1_107' title="bbox 2055 4626 3632 4697; baseline 0.002 -18"><span class='ocrx_word' id='word_1_847' title='bbox 2055 4646 2073 4679; x_wconf 68' lang='grc' dir='ltr'>ι</span> <span class='ocrx_word' id='word_1_848' title='bbox 2118 4636 2175 4682; x_wconf 89' lang='lat' dir='ltr'><strong>et</strong></span> <span class='ocrx_word' id='word_1_849' title='bbox 2202 4626 2311 4682; x_wconf 78' lang='lat' dir='ltr'><strong>bibi</strong></span> <span class='ocrx_word' id='word_1_850' title='bbox 2341 4642 2558 4696; x_wconf 86' lang='lat' dir='ltr'><strong>aquam,</strong></span> <span class='ocrx_word' id='word_1_851' title='bbox 2588 4634 2641 4681; x_wconf 88' lang='lat' dir='ltr'><strong>et</strong></span> <span class='ocrx_word' id='word_1_852' title='bbox 2664 4626 2857 4680; x_wconf 88' lang='lat' dir='ltr'><strong>siccavi</strong></span> <span class='ocrx_word' id='word_1_853' title='bbox 2880 4626 3107 4697; x_wconf 86' lang='lat' dir='ltr'><strong>vestigio</strong></span> <span class='ocrx_word' id='word_1_854' title='bbox 3134 4626 3286 4696; x_wconf 90' lang='lat' dir='ltr'><strong>pedis</strong></span> <span class='ocrx_word' id='word_1_855' title='bbox 3309 4627 3412 4680; x_wconf 90' lang='lat' dir='ltr'><strong>mei</strong></span> <span class='ocrx_word' id='word_1_856' title='bbox 3437 4642 3632 4682; x_wconf 81' lang='lat' dir='ltr'><strong>moues</strong></span> 
     </span>
    </p>
   </div>
   <div class='ocr_carea' id='block_1_108' title="bbox 2055 4717 3633 4788">
    <p class='ocr_par' dir='ltr' id='par_1_108' title="bbox 2055 4717 3633 4788">
     <span class='ocr_line' id='line_1_108' title="bbox 2055 4717 3633 4788; baseline 0.001 -18"><span class='ocrx_word' id='word_1_857' title='bbox 2055 4737 2075 4770; x_wconf 68' lang='grc' dir='ltr'>ι</span> <span class='ocrx_word' id='word_1_858' title='bbox 2121 4720 2265 4773; x_wconf 87' lang='lat' dir='ltr'><strong>rivos</strong></span> <span class='ocrx_word' id='word_1_859' title='bbox 2290 4732 2563 4788; x_wconf 88' lang='lat' dir='ltr'><strong>aggerum,</strong></span> <span class='ocrx_word' id='word_1_860' title='bbox 2603 4739 2620 4769; x_wconf 75' lang='grc' dir='ltr'><strong><em>ι</em></strong></span> <span class='ocrx_word' id='word_1_861' title='bbox 2647 4717 2730 4772; x_wconf 86' lang='lat' dir='ltr'><strong>vel</strong></span> <span class='ocrx_word' id='word_1_862' title='bbox 2759 4718 2827 4771; x_wconf 92' lang='lat' dir='ltr'><strong>ob</strong></span> <span class='ocrx_word' id='word_1_863' title='bbox 2861 4718 2963 4771; x_wconf 91' lang='lat' dir='ltr'><strong>hoc</strong></span> <span class='ocrx_word' id='word_1_864' title='bbox 2989 4717 3142 4781; x_wconf 89' lang='lat' dir='ltr'><strong>dixit,</strong></span> <span class='ocrx_word' id='word_1_865' title='bbox 3174 4717 3299 4786; x_wconf 87' lang='lat' dir='ltr'><strong>quia</strong></span> <span class='ocrx_word' id='word_1_866' title='bbox 3327 4732 3426 4787; x_wconf 88' lang='lat' dir='ltr'><strong>pro</strong></span> <span class='ocrx_word' id='word_1_867' title='bbox 3448 4718 3633 4771; x_wconf 84' lang='lat' dir='ltr'><strong>multi-</strong></span> 
     </span>
    </p>
   </div>
   <div class='ocr_carea' id='block_1_109' title="bbox 2052 4808 3634 4879">
    <p class='ocr_par' dir='ltr' id='par_1_109' title="bbox 2052 4808 3634 4879">
     <span class='ocr_line' id='line_1_109' title="bbox 2052 4808 3634 4879; baseline -0.001 -13"><span class='ocrx_word' id='word_1_868' title='bbox 2052 4811 2235 4866; x_wconf 87' lang='lat' dir='ltr'><strong>tudine</strong></span> <span class='ocrx_word' id='word_1_869' title='bbox 2275 4811 2545 4866; x_wconf 88' lang='lat' dir='ltr'><strong>exercitus</strong></span> <span class='ocrx_word' id='word_1_870' title='bbox 2582 4810 2760 4864; x_wconf 89' lang='lat' dir='ltr'><strong>omnia</strong></span> <span class='ocrx_word' id='word_1_871' title='bbox 2789 4808 2985 4864; x_wconf 82' lang='lat' dir='ltr'><strong>ﬂuenta</strong></span> <span class='ocrx_word' id='word_1_872' title='bbox 3015 4810 3318 4875; x_wconf 87' lang='lat' dir='ltr'><strong>siccaverit,</strong></span> <span class='ocrx_word' id='word_1_873' title='bbox 3347 4818 3405 4864; x_wconf 93' lang='lat' dir='ltr'><strong>ut</strong></span> <span class='ocrx_word' id='word_1_874' title='bbox 3437 4818 3634 4879; x_wconf 87' lang='lat' dir='ltr'><strong>puteos</strong></span> 
     </span>
    </p>
   </div>
   <div class='ocr_carea' id='block_1_110' title="bbox 2053 4903 3629 4976">
    <p class='ocr_par' dir='ltr' id='par_1_110' title="bbox 2053 4903 3629 4976">
     <span class='ocr_line' id='line_1_110' title="bbox 2053 4903 3629 4976; baseline -0.001 -16"><span class='ocrx_word' id='word_1_875' title='bbox 2053 4906 2153 4960; x_wconf 90' lang='lat' dir='ltr'><strong>sibi</strong></span> <span class='ocrx_word' id='word_1_876' title='bbox 2198 4904 2381 4961; x_wconf 82' lang='lat' dir='ltr'><strong>fodere</strong></span> <span class='ocrx_word' id='word_1_877' title='bbox 2408 4904 2715 4973; x_wconf 89' lang='lat' dir='ltr'><strong>compulsus</strong></span> <span class='ocrx_word' id='word_1_878' title='bbox 2758 4903 2850 4970; x_wconf 91' lang='lat' dir='ltr'><strong>sit,</strong></span> <span class='ocrx_word' id='word_1_879' title='bbox 2891 4904 2974 4959; x_wconf 75' lang='lat' dir='ltr'><strong>vel</strong></span> <span class='ocrx_word' id='word_1_880' title='bbox 3002 4906 3127 4973; x_wconf 90' lang='lat' dir='ltr'><strong>quia</strong></span> <span class='ocrx_word' id='word_1_881' title='bbox 3159 4920 3348 4960; x_wconf 90' lang='lat' dir='ltr'><strong>omnes</strong></span> <span class='ocrx_word' id='word_1_882' title='bbox 3382 4905 3629 4976; x_wconf 89' lang='lat' dir='ltr'><strong>populos,</strong></span> 
     </span>
    </p>
   </div>
   <div class='ocr_carea' id='block_1_111' title="bbox 2053 4996 3369 5068">
    <p class='ocr_par' dir='ltr' id='par_1_111' title="bbox 2053 4996 3369 5068">
     <span class='ocr_line' id='line_1_111' title="bbox 2053 4996 3369 5068; baseline 0.002 -22"><span class='ocrx_word' id='word_1_883' title='bbox 2053 5012 2189 5068; x_wconf 87' lang='lat' dir='ltr'><strong>quos</strong></span> <span class='ocrx_word' id='word_1_884' title='bbox 2210 5013 2362 5066; x_wconf 64' lang='lat' dir='ltr'><strong>aqua:</strong></span> <span class='ocrx_word' id='word_1_885' title='bbox 2384 4996 2709 5066; x_wconf 82' lang='lat' dir='ltr'><strong>signiﬁcant,</strong></span> <span class='ocrx_word' id='word_1_886' title='bbox 2733 5011 2831 5051; x_wconf 88' lang='lat' dir='ltr'><strong>suo</strong></span> <span class='ocrx_word' id='word_1_887' title='bbox 2856 4996 3088 5050; x_wconf 85' lang='lat' dir='ltr'><strong>vastavit</strong></span> <span class='ocrx_word' id='word_1_888' title='bbox 3109 4997 3369 5052; x_wconf 86' lang='lat' dir='ltr'><strong>exercitu.</strong></span> 
     </span>
    </p>
   </div>
   <div class='ocr_carea' id='block_1_112' title="bbox 2080 5084 3635 5158">
    <p class='ocr_par' dir='ltr' id='par_1_112' title="bbox 2080 5084 3635 5158">
     <span class='ocr_line' id='line_1_112' title="bbox 2080 5084 3635 5158; baseline 0.001 -19"><span class='ocrx_word' id='word_1_889' title='bbox 2080 5101 2084 5106; x_wconf 77' lang='lat'><em>‘</em></span> <span class='ocrx_word' id='word_1_890' title='bbox 2132 5107 2150 5139; x_wconf 75' lang='grc' dir='ltr'>ι</span> <span class='ocrx_word' id='word_1_891' title='bbox 2196 5087 2444 5158; x_wconf 83' lang='lat' dir='ltr'><strong>Nunquid</strong></span> <span class='ocrx_word' id='word_1_892' title='bbox 2471 5103 2575 5140; x_wconf 90' lang='lat' dir='ltr'><strong>non</strong></span> <span class='ocrx_word' id='word_1_893' title='bbox 2600 5086 2797 5141; x_wconf 88' lang='lat' dir='ltr'><strong>audisti</strong></span> <span class='ocrx_word' id='word_1_894' title='bbox 2826 5102 2945 5156; x_wconf 69' lang='lat' dir='ltr'><strong>qure</strong></span> <span class='ocrx_word' id='word_1_895' title='bbox 2972 5086 3099 5142; x_wconf 91' lang='lat' dir='ltr'><strong>olim</strong></span> <span class='ocrx_word' id='word_1_896' title='bbox 3135 5084 3393 5142; x_wconf 82' lang='lat' dir='ltr'><strong>fecerim?</strong></span> <span class='ocrx_word' id='word_1_897' title='bbox 3416 5086 3494 5141; x_wconf 86' lang='lat' dir='ltr'><strong>Ex</strong></span> <span class='ocrx_word' id='word_1_898' title='bbox 3518 5087 3635 5141; x_wconf 87' lang='lat' dir='ltr'><strong>die-</strong></span> 
     </span>
    </p>
   </div>
   <div class='ocr_carea' id='block_1_113' title="bbox 2061 5176 3633 5247">
    <p class='ocr_par' dir='ltr' id='par_1_113' title="bbox 2061 5176 3633 5247">
     <span class='ocr_line' id='line_1_113' title="bbox 2061 5176 3633 5247; baseline -0.001 -18"><span class='ocrx_word' id='word_1_899' title='bbox 2061 5197 2079 5229; x_wconf 80' lang='grc'><strong>‹</strong></span> <span class='ocrx_word' id='word_1_900' title='bbox 2124 5177 2223 5232; x_wconf 88' lang='lat' dir='ltr'><strong>bus</strong></span> <span class='ocrx_word' id='word_1_901' title='bbox 2248 5178 2482 5246; x_wconf 86' lang='lat' dir='ltr'><strong>antiquis</strong></span> <span class='ocrx_word' id='word_1_902' title='bbox 2508 5190 2605 5247; x_wconf 85' lang='lat' dir='ltr'><strong>ego</strong></span> <span class='ocrx_word' id='word_1_903' title='bbox 2630 5176 2888 5245; x_wconf 84' lang='lat' dir='ltr'><strong>plasmavi</strong></span> <span class='ocrx_word' id='word_1_904' title='bbox 2918 5176 3066 5241; x_wconf 87' lang='lat' dir='ltr'><strong>illud,</strong></span> <span class='ocrx_word' id='word_1_905' title='bbox 3113 5186 3169 5231; x_wconf 90' lang='lat' dir='ltr'><strong>et</strong></span> <span class='ocrx_word' id='word_1_906' title='bbox 3213 5193 3354 5231; x_wconf 88' lang='lat' dir='ltr'><strong>nunc</strong></span> <span class='ocrx_word' id='word_1_907' title='bbox 3389 5177 3585 5230; x_wconf 87' lang='lat' dir='ltr'><strong>adduxi</strong></span> <span class='ocrx_word' id='word_1_908' title='bbox 3614 5195 3633 5243; x_wconf 86' lang='lat'><strong>;</strong></span> 
     </span>
    </p>
   </div>
   <div class='ocr_carea' id='block_1_114' title="bbox 2063 5266 3637 5336">
    <p class='ocr_par' dir='ltr' id='par_1_114' title="bbox 2063 5266 3637 5336">
     <span class='ocr_line' id='line_1_114' title="bbox 2063 5266 3637 5336; baseline -0.001 -17"><span class='ocrx_word' id='word_1_909' title='bbox 2063 5287 2081 5319; x_wconf 78' lang='grc' dir='ltr'>ι</span> <span class='ocrx_word' id='word_1_910' title='bbox 2125 5279 2177 5321; x_wconf 90' lang='lat' dir='ltr'><strong>et</strong></span> <span class='ocrx_word' id='word_1_911' title='bbox 2221 5267 2417 5322; x_wconf 80' lang='lat' dir='ltr'><strong>factum</strong></span> <span class='ocrx_word' id='word_1_912' title='bbox 2463 5276 2546 5322; x_wconf 88' lang='lat' dir='ltr'><strong>est</strong></span> <span class='ocrx_word' id='word_1_913' title='bbox 2593 5266 2646 5320; x_wconf 91' lang='lat' dir='ltr'><strong>in</strong></span> <span class='ocrx_word' id='word_1_914' title='bbox 2691 5267 3111 5322; x_wconf 88' lang='lat' dir='ltr'><strong>eradicationem</strong></span> <span class='ocrx_word' id='word_1_915' title='bbox 3151 5267 3366 5321; x_wconf 89' lang='lat' dir='ltr'><strong>collium</strong></span> <span class='ocrx_word' id='word_1_916' title='bbox 3412 5282 3637 5336; x_wconf 81' lang='lat' dir='ltr'><strong>compu-</strong></span> 
     </span>
    </p>
   </div>
   <div class='ocr_carea' id='block_1_115' title="bbox 2063 5356 3637 5428">
    <p class='ocr_par' dir='ltr' id='par_1_115' title="bbox 2063 5356 3637 5428">
     <span class='ocr_line' id='line_1_115' title="bbox 2063 5356 3637 5428; baseline 0.001 -21"><span class='ocrx_word' id='word_1_917' title='bbox 2063 5376 2080 5407; x_wconf 78' lang='grc' dir='ltr'>ι</span> <span class='ocrx_word' id='word_1_918' title='bbox 2127 5357 2425 5428; x_wconf 84' lang='lat' dir='ltr'><strong>gnantium,</strong></span> <span class='ocrx_word' id='word_1_919' title='bbox 2471 5366 2523 5410; x_wconf 91' lang='lat' dir='ltr'><strong>et</strong></span> <span class='ocrx_word' id='word_1_920' title='bbox 2566 5357 2844 5411; x_wconf 86' lang='lat' dir='ltr'><strong>civitatum</strong></span> <span class='ocrx_word' id='word_1_921' title='bbox 2893 5357 3240 5412; x_wconf 87' lang='lat' dir='ltr'><strong>munitarum.</strong></span> <span class='ocrx_word' id='word_1_922' title='bbox 3288 5356 3637 5410; x_wconf 85' lang='lat' dir='ltr'><strong>Habitatores</strong></span> 
     </span>
    </p>
   </div>
   <div class='ocr_carea' id='block_1_116' title="bbox 2064 5444 3636 5502">
    <p class='ocr_par' dir='ltr' id='par_1_116' title="bbox 2064 5444 3636 5502">
     <span class='ocr_line' id='line_1_116' title="bbox 2064 5444 3636 5502; baseline 0 -3"><span class='ocrx_word' id='word_1_923' title='bbox 2064 5468 2082 5499; x_wconf 77' lang='grc' dir='ltr'><strong>σ</strong></span> <span class='ocrx_word' id='word_1_924' title='bbox 2125 5463 2311 5502; x_wconf 87' lang='lat' dir='ltr'><strong>eorum</strong></span> <span class='ocrx_word' id='word_1_925' title='bbox 2348 5448 2586 5502; x_wconf 87' lang='lat' dir='ltr'><strong>breviata</strong></span> <span class='ocrx_word' id='word_1_926' title='bbox 2633 5463 2794 5501; x_wconf 91' lang='lat' dir='ltr'><strong>manu</strong></span> <span class='ocrx_word' id='word_1_927' title='bbox 2843 5455 3285 5502; x_wconf 90' lang='lat' dir='ltr'><strong>contremuerunt</strong></span> <span class='ocrx_word' id='word_1_928' title='bbox 3326 5456 3382 5502; x_wconf 88' lang='lat' dir='ltr'><strong>et</strong></span> <span class='ocrx_word' id='word_1_929' title='bbox 3424 5444 3636 5501; x_wconf 79' lang='lat' dir='ltr'><strong>confusi</strong></span> 
     </span>
    </p>
   </div>
   <div class='ocr_carea' id='block_1_117' title="bbox 2065 5536 3636 5609">
    <p class='ocr_par' dir='ltr' id='par_1_117' title="bbox 2065 5536 3636 5609">
     <span class='ocr_line' id='line_1_117' title="bbox 2065 5536 3636 5609; baseline -0.001 -20"><span class='ocrx_word' id='word_1_930' title='bbox 2065 5557 2082 5589; x_wconf 76' lang='grc' dir='ltr'>ι</span> <span class='ocrx_word' id='word_1_931' title='bbox 2129 5545 2271 5592; x_wconf 86' lang='lat' dir='ltr'><strong>sunt.</strong></span> <span class='ocrx_word' id='word_1_932' title='bbox 2300 5537 2447 5592; x_wconf 90' lang='lat' dir='ltr'><strong>Facti</strong></span> <span class='ocrx_word' id='word_1_933' title='bbox 2482 5546 2606 5592; x_wconf 87' lang='lat' dir='ltr'><strong>sunt</strong></span> <span class='ocrx_word' id='word_1_934' title='bbox 2651 5538 2791 5593; x_wconf 86' lang='lat' dir='ltr'><strong>sicut</strong></span> <span class='ocrx_word' id='word_1_935' title='bbox 2820 5536 2998 5591; x_wconf 77' lang='lat' dir='ltr'><strong>fenum</strong></span> <span class='ocrx_word' id='word_1_936' title='bbox 3030 5538 3166 5609; x_wconf 87' lang='lat' dir='ltr'><strong>agri,</strong></span> <span class='ocrx_word' id='word_1_937' title='bbox 3208 5546 3262 5592; x_wconf 90' lang='lat' dir='ltr'><strong>et</strong></span> <span class='ocrx_word' id='word_1_938' title='bbox 3286 5550 3503 5609; x_wconf 76' lang='lat' dir='ltr'><strong>gramen</strong></span> <span class='ocrx_word' id='word_1_939' title='bbox 3538 5551 3636 5605; x_wconf 68' lang='grc' dir='ltr'><strong>ιλι-</strong></span> 
     </span>
    </p>
   </div>
   <div class='ocr_carea' id='block_1_118' title="bbox 2065 5629 3637 5698">
    <p class='ocr_par' dir='ltr' id='par_1_118' title="bbox 2065 5629 3637 5698">
     <span class='ocr_line' id='line_1_118' title="bbox 2065 5629 3637 5698; baseline -0.002 -14"><span class='ocrx_word' id='word_1_940' title='bbox 2065 5650 2081 5684; x_wconf 75' lang='grc' dir='ltr'>ι</span> <span class='ocrx_word' id='word_1_941' title='bbox 2128 5647 2293 5696; x_wconf 71' lang='lat' dir='ltr'><strong>scum,</strong></span> <span class='ocrx_word' id='word_1_942' title='bbox 2321 5639 2377 5686; x_wconf 84' lang='lat' dir='ltr'><strong>et</strong></span> <span class='ocrx_word' id='word_1_943' title='bbox 2404 5631 2585 5684; x_wconf 83' lang='lat' dir='ltr'><strong>virens</strong></span> <span class='ocrx_word' id='word_1_944' title='bbox 2617 5630 2783 5684; x_wconf 90' lang='lat' dir='ltr'><strong>herba</strong></span> <span class='ocrx_word' id='word_1_945' title='bbox 2813 5637 3099 5696; x_wconf 88' lang='lat' dir='ltr'><strong>tectorum,</strong></span> <span class='ocrx_word' id='word_1_946' title='bbox 3128 5645 3249 5698; x_wconf 75' lang='lat' dir='ltr'><strong>qua:</strong></span> <span class='ocrx_word' id='word_1_947' title='bbox 3273 5629 3505 5693; x_wconf 89' lang='lat' dir='ltr'><strong>exaruit,</strong></span> <span class='ocrx_word' id='word_1_948' title='bbox 3539 5644 3637 5682; x_wconf 62' lang='grc' dir='ltr'><strong>ειυς</strong></span> 
     </span>
    </p>
   </div>
   <div class='ocr_carea' id='block_1_119' title="bbox 2065 5718 3635 5795">
    <p class='ocr_par' dir='ltr' id='par_1_119' title="bbox 2065 5718 3635 5795">
     <span class='ocr_line' id='line_1_119' title="bbox 2065 5718 3635 5795; baseline -0.001 -20"><span class='ocrx_word' id='word_1_949' title='bbox 2065 5742 2082 5775; x_wconf 77' lang='grc' dir='ltr'>ι</span> <span class='ocrx_word' id='word_1_950' title='bbox 2131 5731 2344 5795; x_wconf 81' lang='lat' dir='ltr'><strong>tequam</strong></span> <span class='ocrx_word' id='word_1_951' title='bbox 2361 5728 2767 5776; x_wconf 86' lang='lat' dir='ltr'><strong>maturesccrct.</strong></span> <span class='ocrx_word' id='word_1_952' title='bbox 2783 5718 3175 5776; x_wconf 85' lang='lat' dir='ltr'><strong>Ilabitatioucm</strong></span> <span class='ocrx_word' id='word_1_953' title='bbox 3197 5728 3363 5787; x_wconf 88' lang='lat' dir='ltr'><strong>tuam,</strong></span> <span class='ocrx_word' id='word_1_954' title='bbox 3381 5727 3434 5774; x_wconf 89' lang='lat' dir='ltr'><strong>ct</strong></span> <span class='ocrx_word' id='word_1_955' title='bbox 3448 5733 3635 5791; x_wconf 81' lang='lat' dir='ltr'><strong>egres-</strong></span> 
     </span>
    </p>
   </div>
  </div>
