3912 6160
364 272 467 329 257

1082 306 1101 311 π
1176 272 1528 328 (ῙΟΜΜΕΝΤ.
1568 274 1634 328 ΙΝ
1676 272 1919 329 LIBROS
1958 272 2022 329 IV
2064 274 2329 336 REGUM.
2372 306 2440 316 —
2478 275 2545 330 ΙΝ
2585 275 2709 331 LIB.
2752 278 2835 333 IV.

3504 283 3607 343 238

365 398 385 427 ι
430 393 550 432 sum
578 386 824 442 tuum,et
850 378 1128 434 introitum
1156 388 1306 435 tuum
1333 383 1578 452 cognovi,
1602 392 1655 437 et
1678 384 1938 437 insaniam
1971 391 2014 447 Α
2042 392 2103 436 ut
2124 383 2293 436 instar
2319 384 2526 437 arboris
2550 383 2657 437 alta
2695 384 2872 438 radice
2900 384 3130 439 fundata?
3155 385 3329 455 pomis
3357 387 3611 442 (ἰεηείεεί-

362 488 385 519 ι
437 478 583 523 tuam
629 479 815 524 contra
851 485 938 525 me
976 486 1104 526 cum
1136 470 1342 526 fureres
1374 475 1656 529 adversum
1695 490 1799 528 me.
1846 474 1941 529 Su-

363 581 383 611 ι
431 562 618 631 perbia
666 571 756 615 tua
798 562 1043 617 ascendit
1085 563 1138 616 in
1169 579 1328 618 aures
1368 580 1536 619 meas.
1582 564 1783 619 Ponam
1813 581 1941 635 ergo

362 671 384 702 ι
431 651 694 705 circulum
727 651 777 704 in
814 652 1036 706 naribus
1075 651 1203 716 tuis,
1228 661 1282 706 et
1309 651 1518 707 frenum
1548 653 1599 706 in
1626 653 1781 708 labiis
1812 653 1935 715 tuis,

367 763 387 788 ι
432 752 484 796 et
515 741 769 795 reducam
810 750 864 795 te
910 741 965 794 in
997 740 1135 794 viam
1180 756 1279 810 per
1313 756 1476 810 quam
1519 741 1736 806 venisti,
1782 760 1800 792 ι
1830 751 1935 795 etc.

361 832 489 889 lizec
509 847 574 885 ex
606 846 835 902 persona
869 831 964 885 Dei
996 838 1182 884 contra
1226 832 1389 885 verba
1420 830 1624 900 Assyrii
1661 831 1939 886 sentienda

361 933 509 986 sunt,
541 923 684 991 quod
711 923 778 975 ad
807 921 1194 990 blasphemiam
1224 921 1340 991 ejus
1365 922 1440 977 sic
1470 922 1808 991 responderit
1830 922 1937 977 Do-

361 1016 560 1069 minus.
601 1014 736 1068 Num
763 1013 979 1083 ignoras
1003 1012 1146 1081 quod
1192 1012 1306 1066 hinc
1345 1028 1463 1081 qua:
1487 1011 1683 1076 fecisti,
1712 1027 1830 1065 mea
1863 1014 1937 1066 fe—

360 1104 503 1158 ceris
541 1102 836 1165 voluntate,
880 1111 934 1155 et
977 1102 1091 1155 haec
1131 1115 1230 1171 ego
1267 1100 1444 1154 futura
1483 1101 1843 1170 prtedixerim,
1873 1117 1938 1156 ac

360 1210 456 1264 per
492 1201 543 1245 te
584 1191 826 1245 facienda
870 1190 1272 1244 mandaverim?
1297 1188 1481 1259 Itaque
1509 1189 1648 1257 quod
1677 1189 1805 1244 olim
1839 1190 1935 1244 de-

359 1284 527 1344 crevi,
572 1282 677 1335 hoc
722 1279 993 1348 expletum
1042 1287 1124 1334 est
1151 1286 1411 1349 tempore,
1442 1289 1501 1332 ut
1541 1278 1722 1344 colles,
1754 1279 1933 1344 idest,

360 1375 651 1443 principes,
689 1373 780 1441 qui
822 1372 963 1425 inter
1000 1384 1059 1426 se
1086 1370 1577 1441 anteapugnabant,
1608 1378 1661 1422 et
1690 1369 1937 1424 civitates

362 1463 755 1525 munitissimus,
784 1476 871 1515 me
896 1460 1245 1531 contrahente
1264 1474 1482 1512 manum
1505 1472 1699 1523 meam,
1726 1472 1825 1513 nec
1851 1473 1938 1513 so-

360 1557 514 1611 litum
562 1555 836 1624 praebente
876 1552 1155 1617 auxilium,
1185 1550 1605 1615 eradicarentur,
1638 1557 1694 1603 et
1725 1557 1938 1604 contre-

360 1651 670 1706 miscerent,
707 1658 769 1698 ac
792 1644 1052 1713 perirent,
1074 1652 1129 1697 et
1151 1649 1594 1710 compararentur
1622 1654 1727 1693 non
1757 1639 1932 1703 olivae,

2039 472 2142 526 mis
2189 471 2527 541 impleantur.
2582 473 2658 527 De
2712 472 3003 528 Jerusalem
3045 477 3185 529 cnim
3233 484 3288 530 et
3326 477 3391 532 de
3430 488 3610 533 monte

2040 560 2167 614 Sion
2189 561 2532 630 egredientur
2550 562 2808 630 reliquiae,
2837 572 2890 617 et
2914 563 3206 633 implebunt
3228 575 3426 619 terram
3450 566 3607 633 Juda,

2039 665 2144 704 non
2174 666 2272 706 suo
2297 652 2510 717 merito,
2537 653 2630 706 sed
2656 652 2750 706 Dei
2791 653 3179 718 misericordia,
3214 655 3318 707 imo
3345 656 3461 709 zelo
3500 671 3607 726 quo

2038 739 2295 795 adversus
2324 741 2516 811 impios
2538 742 2742 796 zelatus
2766 750 2848 796 est
2872 742 3122 812 populum
3151 759 3327 797 suum.

2113 850 2131 882 ‹
2175 831 2466 902 Propterea
2506 832 2620 887 haec
2657 833 2787 886 dicit
2830 834 3087 887 Dominus
3114 834 3179 887 de
3210 849 3334 903 rege
3360 833 3584 904 Assyrio

2042 938 2061 970 ι
2108 935 2265 975 rum:
2297 920 2411 976 Non
2452 922 2674 975 intrabit
2711 923 2983 975 civitatem
3032 923 3190 986 hanc,
3221 932 3276 975 et
3316 939 3421 976 non
3444 922 3609 990 jaciet

2043 1026 2061 1057 ‹
2106 1008 2176 1061 ibi
2204 1010 2472 1079 sagittam.
2514 1009 2624 1065 Nec
2660 1012 2942 1080 occupabit
2983 1027 3101 1064 eam
3147 1010 3387 1081 clypeus,
3419 1020 3475 1066 et
3501 1027 3607 1066 non

2043 1115 2060 1145 ι
2105 1096 2285 1152 mittet
2322 1098 2374 1151 in
2398 1098 2631 1152 circuitu
2656 1099 2771 1167 ejus
2804 1114 3069 1168 aggerem.
3098 1099 3154 1153 In
3188 1100 3271 1152 via
3302 1116 3404 1168 qua
3439 1102 3604 1162 venit,

2042 1205 2060 1235 ‹
2104 1199 2202 1254 per
2226 1201 2344 1240 eam
2374 1194 2694 1252 revertetur,
2720 1196 2775 1241 et
2802 1187 2985 1243 urbem
3028 1188 3167 1242 hanc
3196 1204 3299 1242 non
3344 1191 3611 1260 ingredie-

2044 1290 2061 1321 ι
2107 1282 2214 1338 tur,
2245 1274 2373 1328 dicit
2401 1275 2673 1329 Dominus.
2706 1274 3096 1345 Protegamqne
3123 1275 3393 1329 civitatem
3426 1278 3603 1343 istam,

2042 1380 2059 1412 ς
2106 1371 2160 1416 ει
2183 1363 2397 1417 salvabo
2440 1379 2567 1429 eam.
2600 1373 2817 1433 propter
2842 1379 2927 1418 me
2953 1375 3005 1419 et
3045 1375 3265 1434 propter
3300 1365 3465 1420 David
3497 1384 3611 1422 scr-

2044 1469 2061 1502 ι
2105 1466 2229 1506 vum
2256 1467 2453 1506 meum.
2492 1473 2506 1497 ι
2540 1453 2765 1520 Propter
2788 1452 3089 1507 futurorum
3117 1468 3262 1523 spem
3288 1464 3605 1523 praisentem

2036 1540 2239 1593 excutit
2258 1548 2477 1594 metum.
2506 1541 2644 1595 Dicit
2668 1549 2845 1595 autem
2868 1541 2994 1610 quia
3018 1556 3123 1595 non
3152 1542 3249 1597 suo
3275 1544 3486 1605 merito,
3515 1544 3607 1596 sed

2039 1630 2132 1684 Dei
2173 1631 2456 1685 clementia
2485 1644 2901 1697 conserventur;
2936 1632 3045 1686 imo
3080 1634 3253 1704 patris
3279 1648 3465 1687 eorum
3506 1634 3609 1688 Da-

358 1746 414 1791 et
448 1738 635 1799 vincte,
664 1734 1058 1801 fructuosisque
1086 1732 1384 1796 arboribus,
1418 1730 1510 1786 sed
1542 1730 1693 1784 freno
1725 1738 1779 1783 et
1814 1746 1936 1800 gra-
1964 1724 2011 1782 B
2038 1721 2128 1775 vid
2155 1722 2432 1786 memoria.
2461 1721 2513 1775 in
2548 1736 2656 1792 quo
2684 1731 2970 1777 monemur
2998 1730 3053 1775 et
3093 1738 3204 1777 suaz
3247 1723 3606 1794 negligentiae.

358 1828 492 1883 mini
520 1826 805 1893 herbisque
832 1824 1127 1888 domatum,
1149 1838 1268 1892 qua:
1288 1821 1530 1892 frugibus
1556 1821 1934 1892 impedimenta

357 1925 504 1981 sunt,
531 1924 586 1971 et
610 1921 947 1970 marcescunt
971 1913 1282 1983 priusquam
1325 1912 1392 1967 ad
1423 1912 1784 1966 maturitatem
1812 1925 1936 1979 per-

355 2005 594 2061 veniant.
625 2004 809 2072 ltaque
834 2011 889 2056 et
915 2001 1230 2066 sessionem,
1270 2014 1543 2071 egressum
1572 2007 1625 2053 et
1653 2000 1933 2053 introitum

360 2106 510 2149 tuum
549 2102 672 2148 ante
698 2091 943 2162 cognovi,
983 2099 1038 2145 et
1075 2091 1338 2144 insaniam
1363 2105 1466 2158 qua
1510 2098 1696 2143 contra
1723 2104 1807 2143 me
1836 2089 1932 2144 de-

357 2183 720 2237 bacchaturus
753 2196 874 2236 eras
900 2180 1176 2250 prophetis
1198 2180 1614 2235 vaticinantibus
1642 2194 1761 2234 sum
1785 2178 1933 2234 locu-

358 2283 463 2326 tus.
505 2270 608 2325 Per
642 2286 777 2341 quos
814 2269 942 2324 olim
982 2269 1248 2324 dicturum
1276 2284 1395 2324 esse
1422 2277 1472 2324 te
1500 2284 1753 2323 noveram
1782 2286 1794 2321 :
1822 2286 1839 2319 ι
1873 2267 1930 2322 ln

355 2365 552 2417 coelum
580 2362 886 2426 ascendam,
910 2376 1072 2430 super
1100 2360 1276 2415 sidera
1307 2360 1427 2414 cmli
1460 2375 1655 2430 ponam
1679 2360 1928 2413 thronum

356 2467 561 2516 meum,
592 2465 683 2504 ero
714 2450 906 2505 similis
928 2449 1203 2503 Altissimo
1231 2447 1383 2520 (Isai.
1412 2448 1547 2521 xiv).
1588 2468 1608 2501 ›
1636 2448 1820 2518 Itaque
1848 2447 1931 2501 fu-

357 2558 447 2595 ror
478 2550 601 2595 tuus
621 2549 675 2593 et
699 2540 947 2610 superbia
978 2540 1219 2609 pervenit
1251 2539 1305 2593 in
1341 2554 1500 2593 aures
1531 2553 1696 2603 meas,
1738 2546 1792 2592 ct
1835 2553 1930 2592 ne-

352 2647 625 2702 quaquam
652 2643 703 2685 te
732 2629 868 2684 ultra
893 2630 1137 2699 portabo,
1178 2640 1236 2684 ut
1280 2630 1545 2701 intelligas
1571 2631 1711 2700 quod
1755 2630 1922 2700 potui-

351 2725 442 2789 sti,
474 2739 581 2778 non
628 2724 733 2777 tuis
768 2723 1006 2791 potuisse
1053 2731 1104 2775 te
1142 2721 1367 2787 viribus,
1401 2724 1493 2777 sed
1530 2737 1650 2776 meo
1678 2721 1921 2776 arbitrio.

353 2812 699 2867 uerebantur
722 2812 865 2865 enim
895 2812 1067 2880 impizr
1093 2822 1278 2880 gentes
1307 2822 1361 2865 et
1385 2810 1673 2865 fructuosa}
1703 2812 1926 2866 arbores

352 2913 411 2957 ut
437 2918 538 2973 per
566 2911 643 2968 te,
675 2902 829 2972 quasi
858 2903 1085 2955 securim
1116 2911 1170 2956 et
1200 2917 1403 2956 serram
1451 2917 1645 2966 meam,
1681 2902 1923 2955 succide-

352 3007 545 3052 rentur
579 3006 637 3051 et
683 2995 954 3051 caderent.
992 3014 1010 3046 ι
1044 2995 1227 3064 Itaque
1270 3010 1463 3065 ponam
1509 2994 1767 3049 circulum
1811 2993 1924 3048 sive

2036 1819 2092 1864 et
2119 1811 2262 1866 illius
2292 1811 2413 1866 fidei
2435 1821 2491 1867 et
2510 1813 2752 1881 justitiaz,
2780 1813 2905 1884 quia
2936 1813 2988 1866 in
3021 1822 3225 1867 tantum
3253 1814 3436 1883 diligat
3466 1813 3609 1869 Deus

2027 1898 2311 1970 justitiam,
2343 1911 2402 1956 ut
2429 1911 2675 1972 posteros
2702 1904 2962 1973 majorum
2992 1904 3188 1957 virtute
3211 1913 3443 1957 tueatur.

2109 2012 2127 2043 ‹
2172 1993 2394 2047 Factum
2425 2002 2510 2049 est
2548 1994 2710 2064 igitur
2750 1995 2803 2047 in
2856 2004 3014 2049 nocte
3063 1995 3151 2048 illa
3197 1997 3339 2049 venit
3385 1996 3608 2066 angelus

2038 2100 2057 2132 ι
2104 2080 2336 2145 Domini,
2383 2091 2437 2135 et
2474 2083 2742 2152 percussit
2784 2083 2836 2136 in
2883 2083 3076 2137 castris
3111 2083 3453 2153 Assyriorum
3482 2100 3609 2139 cen-

2038 2191 2056 2224 σ
2103 2181 2213 2226 tum
2258 2174 2529 2245 octoginta
2581 2175 2818 2244 quinque
2856 2175 3038 2229 millia.
3086 2174 3325 2245 Cumque
3371 2176 3606 2232 diluculo

2036 2280 2055 2314 ι
2100 2262 2454 2327 surrexisset,
2509 2263 2655 2317 dedit
2710 2264 2887 2317 omnia
2943 2278 3169 2332 corpora
3223 2274 3554 2318 mortuorum
3586 2306 3599 2330 ,

2035 2368 2053 2400 ι
2098 2360 2153 2405 ει
2200 2351 2458 2405 recedens
2506 2352 2657 2405 abiit.
2706 2370 2724 2401 ι
2776 2351 3002 2407 Centum
3053 2354 3321 2424 octoginta
3367 2356 3606 2423 quinque

2028 2441 2194 2497 millia
2246 2442 2665 2498 fortissimorum
2713 2445 2948 2499 virorum
3001 2445 3069 2499 ab
3116 2461 3223 2499 uno
3266 2448 3457 2516 angelo
3497 2463 3604 2501 una

2028 2542 2186 2588 nocte
2234 2533 2545 2599 caeduntur,
2590 2542 2645 2588 et
2696 2536 2897 2605 absque
2947 2536 3257 2591 vulneribus
3303 2537 3603 2591 occisorum

2028 2637 2174 2677 mors
2212 2637 2351 2677 saeva
2387 2624 2659 2689 discurrit,
2702 2625 2991 2680 excludens
3018 2626 3342 2695 corporibus
3375 2627 3603 2693 animas,

2028 2714 2240 2770 Domini
2266 2716 2559 2772 voluntate.
2605 2717 2775 2788 Super
2812 2733 2938 2788 quo,
2968 2719 3020 2772 in
3053 2717 3492 2789 Paralipomenon
3530 2718 3605 2772 le-

2026 2809 2171 2879 gitur
2200 2826 2213 2861 :
2255 2828 2273 2859 ι
2309 2808 2377 2862 Ει
2405 2809 2551 2862 misit
2591 2809 2848 2862 Dominus
2876 2810 3122 2878 angelum
3156 2823 3335 2874 suum,
3367 2811 3455 2878 qui
3484 2825 3606 2880 pcr-

2027 2901 2195 2954 cussit
2215 2915 2428 2955 omnem
2450 2902 2625 2955 virum
2648 2900 2947 2965 robustum,
2972 2909 3026 2953 et
3044 2900 3354 2955 bellatorem
3380 2911 3433 2955 et
3454 2903 3604 2971 prin-

2025 2991 2197 3059 cipem
2237 2991 2508 3046 exercitus
2556 2992 2695 3062 regis
2737 2990 3101 3062 Assyriorum,
3133 3006 3487 3060 reversusque
3521 3002 3605 3048 est

386 3104 605 3144 camum
655 3089 710 3143 in
760 3087 980 3142 naribus
1033 3087 1156 3150 tuis,
1200 3106 1218 3137 ι
1258 3095 1317 3140 ut
1363 3085 1785 3156 blasphemantia
1830 3100 1924 3139 ora
1953 3062 1996 3122 (ἶ
2028 3096 2149 3134 cum
2190 3081 2479 3150 ignominia
2529 3081 2581 3134 in
2631 3091 2829 3135 terram
2870 3096 3020 3134 suam
3059 3080 3141 3152 (11
3178 3078 3308 3133 Par.
3344 3082 3537 3153 xxxn).
3578 3102 3597 3135 ι

349 3181 739 3252 constringam,
776 3194 1117 3249 nequaquam
1156 3178 1293 3232 ultra
1341 3178 1465 3232 talia
1515 3177 1657 3247 loqui
1703 3176 1921 3230 audeas.

355 3290 375 3320 ι
416 3268 650 3324 Frenum
692 3284 902 3338 quoque
940 3268 1173 3339 injiciam
1205 3266 1358 3321 labiis
1394 3267 1517 3331 tuis,
1548 3285 1567 3316 ›
1595 3266 1737 3335 quod
1778 3273 1925 3319 tuam

353 3362 607 3414 ferociam
633 3360 833 3425 domet,
860 3367 915 3413 et
944 3370 995 3413 te
1016 3359 1268 3425 reducam
1294 3357 1347 3411 in
1372 3356 1607 3427 Assyriis

430 3471 450 3502 ι
496 3452 616 3506 Tibi
649 3461 849 3516 autem,
880 3446 1133 3516 Ezechia,
1164 3450 1267 3504 hoc
1292 3448 1393 3503 erit
1418 3448 1626 3517 signum
1653 3461 1668 3500 :
1697 3446 1926 3502 Comede

357 3561 376 3592 ι
423 3541 527 3595 hoc
552 3556 693 3595 anno
730 3556 848 3609 qua:
882 3538 1179 3610 repereris;
1213 3536 1265 3590 in
1295 3537 1528 3592 secundo
1555 3546 1733 3590 autem
1762 3551 1924 3601 anno,

358 3650 377 3681 ι
428 3646 543 3699 quer
567 3640 756 3701 spo..te
777 3640 1091 3684 nascuntur.
1125 3625 1292 3680 Porro
1326 3626 1377 3679 in
1408 3640 1549 3679 anno
1587 3625 1743 3679 tertio
1768 3626 1927 3681 semi-

358 3744 380 3777 ‹
430 3734 575 3788 nate,
602 3732 658 3777 et
699 3722 905 3787 metite,
939 3740 957 3773 ι
998 3728 1103 3775 etc.
1143 3719 1443 3774 Notandum
1484 3726 1664 3772 autem
1704 3719 1843 3789 quod
1872 3719 1926 3773 in

349 3816 495 3871 libro
515 3815 686 3878 Isaias,
715 3814 805 3868 ubi
831 3814 993 3868 verba
1015 3812 1181 3882 ipsius
1206 3811 1478 3881 prophetae
1504 3809 1570 3863 ad
1595 3824 1773 3879 regem
1797 3808 1929 3863 Eze-

352 3905 535 3960 chiam
574 3905 838 3973 descripta
876 3910 1017 3967 sunt,
1051 3902 1125 3955 ita
1152 3907 1479 3954 narrantur:
1517 3918 1534 3949 ι
1571 3896 1801 3952 Comede
1827 3898 1929 3951 hoc

351 4013 498 4053 anno
523 4011 642 4065 qua:
682 4002 870 4064 sponte
897 3999 1212 4056 nascuntur,
1240 3997 1296 4045 et
1328 3990 1381 4043 in
1414 4002 1552 4042 anno
1578 3988 1811 4041 secundo
1834 4002 1930 4057 po-

353 4086 461 4143 mis
486 4101 724 4141 vescere.
753 4085 810 4139 ln
848 4099 989 4138 anno
1011 4092 1189 4137 autem
1215 4082 1374 4137 tertio
1414 4081 1696 4144 seminate,
1724 4087 1779 4133 et
1818 4094 1929 4134 me-

353 4180 475 4240 tite,
505 4185 559 4230 et
582 4176 820 4246 plantate
844 4174 1052 4239 vineas,
1077 4184 1132 4228 et
1164 4174 1425 4228 comedite
1462 4172 1694 4227 fructum
1720 4189 1924 4229 earum.

352 4268 424 4322 Et
452 4268 629 4321 mittet
671 4267 722 4319 id
757 4265 898 4335 quod
929 4264 1191 4318 salvatum
1223 4262 1384 4318 fuerit
1411 4264 1477 4318 de
1504 4264 1662 4318 domo
1686 4262 1842 4329 Juda,
1875 4273 1929 4318 et

352 4358 500 4428 quod
518 4357 778 4425 reliquum
801 4368 884 4410 est
899 4355 1133 4409 radicem
1157 4356 1427 4421 deorsum,
1446 4365 1497 4410 et
1516 4354 1674 4411 faciet
1694 4354 1926 4411 fructum

352 4465 598 4514 sursum,
624 4448 747 4518 quia
776 4448 843 4502 de
870 4445 1165 4502 Jerusalem
1196 4447 1418 4501 exibunt
1459 4448 1714 4517 reliquiae,
1743 4457 1797 4503 et
1824 4448 1929 4503 sal-

354 4540 506 4593 vatio
535 4538 602 4593 de
630 4548 809 4592 monte
841 4537 1009 4592 Sion:
1040 4537 1185 4592 zelus
1226 4538 1434 4592 Domini
1471 4539 1803 4594 exercituum
1848 4539 1928 4594 fa-

354 4633 466 4685 ciet
501 4630 601 4682 hoc
630 4627 763 4699 (Isa.
796 4628 1025 4697 xxxvii).
1062 4646 1079 4678 ι
1113 4627 1264 4681 Nunc
1308 4630 1374 4682 ad
1424 4628 1596 4697 ipsum
1642 4628 1926 4684 Ezechiam

355 4721 617 4788 loquitur.
649 4717 761 4772 lloc
789 4718 912 4783 erit,
942 4718 1135 4787 inquit,
1165 4718 1372 4787 signum
1393 4733 1577 4772 eorum
1604 4733 1722 4787 quae
1747 4718 1928 4775 futura

354 4812 683 4884 pnennntio,
708 4811 849 4881 quod
887 4811 991 4864 hoc
1032 4823 1173 4863 anno
1208 4824 1270 4862 ea
1312 4808 1560 4865 comedes
1593 4824 1711 4878 quae
1739 4819 1929 4880 sponte

354 4914 688 4967 nascuntur;
718 4904 830 4957 sive
860 4901 1029 4973 (juxta
1057 4900 1423 4972 Septuaginta)
1458 4920 1474 4951 ι
1520 4916 1638 4970 quae
1664 4901 1815 4975 prius
1851 4917 1931 4956 se-

355 5012 537 5051 veras.
573 5016 592 5047 ι
623 4996 776 5050 Anno
817 5005 996 5049 autem
1034 4993 1265 5050 secundo
1306 4993 1475 5065 (juxta
1522 4993 1926 5065 Symmachum)

353 5089 533 5160 pomis
566 5103 803 5151 vescere,
848 5088 961 5142 sive
1003 5085 1174 5157 (juxta
1210 5085 1449 5157 eosdem)
1477 5100 1595 5156 quae
1620 5086 1685 5141 de
1714 5096 1931 5156 printer-

356 5180 451 5236 itis
477 5180 749 5249 segetibus
777 5188 832 5234 et
855 5179 1080 5234 cadente
1105 5179 1158 5232 in
1188 5188 1386 5234 terram
1408 5179 1611 5233 semine
1638 5179 1927 5247 pullulave—

354 5270 489 5325 rint.
520 5268 577 5323 ιη
608 5284 747 5323 anno
773 5277 949 5323 autem
996 5269 1174 5334 tertio,
1222 5268 1399 5338 fugato
1429 5267 1540 5336 jam
1584 5268 1826 5340 Assyrio,
1871 5278 1927 5325 et

354 5363 638 5417 obsidione
652 5362 847 5425 laxata,
866 5362 1148 5427 seminate,
1166 5362 1432 5417 etmetite.
1451 5360 1723 5430 Siquidem
1746 5379 1926 5434 parva:

356 5455 513 5508 urbis
561 5451 721 5521 hujus
755 5452 1014 5524 reliquiae,
1059 5469 1177 5523 qum
1237 5468 1380 5507 nunc
1433 5452 1609 5507 hostili
1657 5455 1927 5511 vallantur

354 5543 629 5607 exercitu,
676 5551 731 5596 et
768 5557 1023 5597 evasuras
1049 5559 1107 5597 se
1140 5556 1259 5596 esse
1285 5558 1391 5596 non
1433 5542 1676 5608 credunt,
1722 5553 1925 5601 tantam

356 5635 624 5707 recipient
642 5650 824 5691 rerum
845 5635 1082 5691 omnium
1106 5633 1482 5691 abundantiam
1510 5650 1573 5688 ac
1595 5634 1923 5703 felicitatem,

1070 5746 1073 5751 ’
1170 5774 1190 5825 l

2027 3169 2127 3236 Qui
2163 3170 2364 3225 idcirco
2394 3180 2638 3226 servatus
2669 3179 2768 3233 est,
2798 3181 2857 3225 ut
2889 3173 3053 3227 sciret
3079 3173 3371 3243 potentiam
3402 3174 3518 3239 Dei,
3549 3184 3604 3229 et

2024 3259 2449 3330 blasphemantia
2512 3277 2609 3317 ora
2666 3263 3081 3333 comprimeret,
3137 3263 3394 3335 ﬁeretque
3453 3269 3604 3321 testis

2026 3351 2169 3407 illius
2208 3354 2519 3423 majestatis,
2553 3370 2711 3424 quem
2740 3356 2899 3425 paulo
2924 3366 3050 3411 ante
3078 3366 3494 3427 contempserat.

2102 3462 2121 3495 ι
2167 3445 2235 3500 Ει
2284 3461 2532 3502 reversus
2575 3459 2656 3502 est
2694 3448 3059 3504 Sennacherib
3095 3465 3186 3504 rex
3235 3450 3602 3522 Assyriorum,

2031 3550 2049 3583 ι
2091 3541 2146 3589 et
2176 3536 2376 3590 mansit
2412 3537 2465 3590 in
2495 3536 2703 3591 Ninive.
2749 3537 2991 3610 Cumque
3036 3542 3285 3596 adoraret
3318 3545 3373 3598 in
3406 3545 3604 3616 templo

2031 3642 2050 3674 ‹
2094 3625 2333 3681 Nesroch
2364 3629 2521 3682 deum
2547 3642 2723 3694 suum,
2764 3630 3115 3687 Adramelech
3149 3641 3213 3687 et
3240 3632 3469 3690 Sarasar
3504 3637 3600 3690 filii

2033 3734 2050 3766 ι
2095 3714 2213 3786 ejus
2251 3729 2632 3788 percusserunt
2675 3737 2797 3776 eum
2826 3721 3002 3793 gladio
3031 3722 3383 3795 fugeruntque
3412 3728 3465 3781 in
3493 3735 3602 3781 ter-

2033 3828 2051 3860 ι
2097 3826 2211 3866 ram
2257 3812 2667 3879 Armeniorum,
2714 3825 2770 3870 et
2812 3816 3412 3887 regnavitAsarhaddon
3460 3819 3600 3875 filius

2031 3920 2049 3952 ι
2095 3902 2210 3971 ejus
2239 3917 2337 3971 pro
2365 3919 2450 3958 eo.
2499 3924 2517 3955 ι
2550 3904 2762 3960 Pharao
2802 3920 3015 3976 quoque
3049 3907 3103 3960 in
3147 3907 3331 3962 decem
3380 3907 3601 3981 Egypti

2026 4003 2273 4048 servatur
2306 3995 2496 4066 plagis,
2540 4005 2601 4051 ut
2643 3998 2965 4051 novissimus
2990 4005 3197 4067 pereat,
3236 4000 3377 4067 quod
3407 4010 3461 4054 et
3500 4002 3603 4057 iste

2025 4098 2282 4152 passurus
2306 4095 2407 4141 est.
2449 4085 2581 4141 Cum
2610 4086 2755 4142 enim
2794 4100 3043 4144 reversus
3081 4099 3220 4145 esset
3249 4091 3301 4144 in
3330 4091 3599 4159 Ninivem,

2026 4173 2212 4228 urbem
2243 4176 2470 4245 primam
2504 4177 2650 4248 regni
2672 4178 2777 4243 sui,
2806 4187 2861 4233 et
2885 4179 3135 4234 adoraret
3167 4180 3220 4234 in
3247 4182 3441 4252 templo
3468 4181 3604 4238 Nes-

2026 4264 2155 4316 roch
2180 4264 2336 4318 deum
2372 4280 2547 4330 suum,
2577 4268 2729 4336 quasi
2753 4269 3033 4325 victoriam
3063 4271 3128 4325 de
3153 4272 3395 4327 hostibus
3418 4288 3603 4345 repor-

2031 4364 2187 4425 taret,
2219 4368 2272 4413 et
2302 4360 2582 4416 delubrum
2629 4363 2752 4418 idoli
2800 4365 2884 4419 sui
2916 4365 3253 4436 triumphans
3280 4377 3334 4422 et
3368 4369 3602 4439 gratula-

2027 4447 2239 4503 bundus
2264 4448 2553 4515 incederet,
2585 4461 2921 4523 contemptor
2947 4456 3060 4509 veri
3088 4456 3203 4522 Dei,
3238 4457 3291 4511 in
3329 4457 3452 4514 fano
3480 4458 3598 4515 falsi

2028 4541 2265 4596 numinis
2295 4542 2612 4609 trucidatur,
2643 4559 2744 4599 nec
2785 4532 3025 4616 angelico
3052 4551 3191 4619 perit
3233 4550 3426 4621 gladio,
3458 4554 3597 4623 quod

2029 4640 2146 4687 erat
2171 4647 2451 4688 commune
2476 4649 2596 4689 cum
2626 4635 2891 4706 pluribus,
2914 4640 3006 4693 sed
3039 4641 3323 4709 parricidio
3349 4642 3596 4698 ﬁliorum.

2031 4723 2131 4791 Qui
2158 4741 2279 4780 cum
2310 4725 2571 4798 fugissent
2598 4729 2650 4782 in
2680 4737 2875 4784 terram
2906 4731 3152 4796 Ararath,
3186 4735 3325 4802 quod
3355 4734 3602 4807 intelligi-

2031 4822 2119 4868 tur
2140 4814 2431 4882 Armenim,
2460 4819 2723 4874 successit
2753 4820 2805 4873 in
2829 4822 2997 4889 patris
3024 4821 3196 4876 locum
3225 4823 3599 4890 Asarhaddon,

2030 4920 2188 4975 quem
2214 4905 2489 4976 Scriptura
2532 4916 2759 4963 testatur
2794 4911 3007 4966 misisse
3050 4912 3377 4969 habitatores
3413 4913 3603 4971 Sama-

2029 4997 2141 5059 rite,
2171 5011 2237 5050 ne
2268 5007 2409 5052 terra
2447 5007 2688 5053 maneret
2732 4999 2951 5056 inculta.
2980 5002 3211 5057 Ararath
3248 5012 3425 5059 autem
3455 5007 3602 5074 regio

2030 5088 2083 5142 in
2135 5088 2389 5143 Armenia
2436 5092 2753 5159 campestris
2812 5100 2932 5158 est,
2980 5108 3078 5163 per
3118 5109 3277 5164 quam
3331 5094 3601 5151 Araxases

2029 5177 2161 5240 fluit,
2195 5178 2520 5234 incredibilis
2547 5182 2810 5237 ubertatis
2840 5182 2905 5236 ad
2946 5183 3152 5238 radices
3188 5183 3347 5239 Tauri
3379 5186 3598 5251 montis,

2030 5269 2121 5337 qui
2149 5283 2317 5337 usque
2351 5267 2476 5321 illuc
2502 5270 2828 5324 extenditur.
2864 5270 3006 5341 Ergo
3029 5280 3084 5326 et
3111 5288 3239 5327 arca
3263 5273 3316 5326 in
3339 5289 3441 5343 qua
3470 5274 3602 5326 libe-

2033 5370 2181 5415 ratus
2204 5369 2288 5416 est
2311 5360 2422 5416 Noe
2455 5376 2575 5415 cum
2611 5362 2795 5417 liberis
2819 5365 2951 5431 suis,
2980 5376 3224 5420 cessante
3251 5366 3468 5430 diluvio,
3494 5381 3597 5418 non

2032 5453 2098 5507 ad
2125 5465 2333 5508 montes
2360 5453 2680 5525 generaliter
2702 5454 2968 5511 Armeniae
3009 5456 3183 5511 delata
3226 5465 3327 5522 est,
3372 5455 3461 5524 qui
3506 5470 3601 5523 ap-

2031 5545 2298 5617 pellantur
2319 5545 2576 5617 ArarﬁjjIl
2606 5546 2698 5601 sed
2742 5552 2807 5601 ad
2841 5557 3049 5603 montes
3087 5548 3249 5601 Tauri
3290 5545 3595 5613 altissimos,

2031 5638 2123 5705 qui
2149 5636 2379 5691 Ararath
2405 5636 2681 5693 innﬁ'ilient
2717 5639 2920 5708 campis
2948 5637 3098 5711 (Gen.
3128 5638 3262 5702 vin).
