3912 6160
376 310 485 367 259

967 416 1195 472 CAPUT
1235 413 1350 468 XX.

371 516 451 570 De
475 513 812 583 aegrotatione
838 506 1079 583 sec/tia:
1102 515 1149 560 et
1174 505 1238 583 de
1265 518 1501 558 sermone
1521 496 1733 583 Domini
1747 497 1816 551 ad
1838 512 1957 583 eunt

442 564 649 655 phiam
690 596 799 655 pe:
838 578 1049 655 [spiam
1080 575 1404 655 prophetam.
1434 602 1503 612 —
1532 571 1608 624 De
1643 564 1957 655 sig‘no’quod

439 641 730 724 postulavit
751 641 1089 724 Eiechiqu'i
1116 641 1420 724 reductiona
1445 658 1627 722 cursus
1649 641 1871 724 solaris;
1889 666 1960 724 j—

440 706 525 777 'Dé
564 720 757 776 nuntiis
793 716 1040 772 Berodalt
1080 716 1215 786 regis
1248 708 1775 786 _Babquniorum_ad_
1823 706 1959 760 Eze—

440 794 615 847 chiam
650 788 844 851 missis,
882 797 929 841 et
970 778 1207 841 sermo'ne
1239 778 1452 837 Domini
1479 797 1628 852 quem
1661 778 1837 833 Isaias
1864 791 1958 846 pro

441 864 567 934 ipsis
594 861 789 915 nuntiis
819 857 1062 911 Ezechia:
1087 854 1282 909 retulit.

441 974 591 1047 (CAP.
611 971 726 1045 xx.)
755 990 773 1022 ι
812 970 870 1024 In
892 968 1081 1023 diebus
1103 968 1208 1022 illis
1222 965 1501 1037 aegrotavit
1515 961 1774 1018 Ezechias
1790 970 1961 1027 usque

375 1089 393 1119 ι
440 1066 508 1120 ad
543 1072 794 1128 mortem,
836 1071 891 1116 ct
918 1061 1067 1131 venit
1112 1061 1178 1114 ad
1212 1074 1335 1114 eum
1369 1057 1556 1118 Isaias,
1600 1054 1743 1108 ﬁlius
1772 1052 1957 1114 Amos,

374 1180 391 1207 ι
437 1156 722 1225 propheta,
746 1153 986 1220 dixitque
1012 1151 1060 1204 ei
1094 1168 1106 1203 :
1144 1150 1267 1203 llzcc
1307 1147 1436 1202 dicit
1478 1146 1737 1200 Dominus
1768 1143 1908 1195 Deus
1941 1157 1954 1193 :

373 1266 392 1295 ι
441 1244 679 1312 Praecipe
712 1242 895 1296 domui
928 1250 1057 1305 tuas;
1084 1238 1335 1293 morieris
1364 1237 1529 1300 enim,
1555 1243 1612 1289 et
1633 1248 1737 1287 non
1763 1247 1954 1296 unus,»

366 1346 473 1391 etc.
514 1335 594 1390 Ne
638 1334 943 1389 elevaretur
1006 1347 1099 1386 cor
1163 1330 1409 1384 Ezechias
1458 1336 1580 1397 post
1618 1322 1961 1380 incredibiles

368 1426 675 1495 triumphos
723 1433 779 1478 et
814 1423 989 1477 media
1033 1421 1346 1490 captivitate
1384 1418 1688 1481 victoriam,
1735 1413 1960 1468 infirmi-

368 1524 479 1570 tate
520 1513 768 1584 corporis
800 1512 1070 1577 visitatur,
1108 1520 1166 1565 et
1204 1510 1355 1564 audit
1382 1524 1443 1563 se
1465 1523 1584 1563 esse
1612 1505 1955 1568 moriturum,

365 1614 429 1660 ut
470 1618 768 1659 conversus
808 1602 875 1656 ad
902 1600 1210 1665 Dominum,
1244 1598 1425 1654 flectat
1462 1596 1785 1652 sententiam
1818 1593 1955 1663 ejus.

367 1696 522 1763 Quod
554 1695 771 1766 quidem
802 1701 858 1747 et
887 1692 941 1747 in
963 1689 1097 1746 Jona
1126 1691 1388 1761 prepheta
1416 1687 1642 1759 legimus
1672 1683 1729 1756 (Ι
1734 1702 1819 1738 οη.
1851 1682 1957 1755 ιιι),

1024 306 1085 360 Β.
1128 300 1381 358 ΒΑΒΛΝΙ
1420 297 1640 355 ΜΑιιιιι
1678 292 1961 351 ARCHIEF

2066 287 2346 346 IOGUNT.
2388 284 2677 343 OPERUM
2717 285 2895 342 PARS
2935 285 2971 339 1.

1988 411 2033 469 Α
2060 418 2155 456 vas
2196 401 2488 471 aperuerit,
2536 409 2843 471 serpentem
2890 412 3100 473 aznetjm
3146 397 3549 461 comminuerit,
3600 408 3655 453 e'.

3544 283 3657 339 260

2062 503 2258 548 caetera
2288 491 2475 545 fecerit
2499 505 2622 560 quae
2644 490 2927 561 Scriptura
2952 495 3362 544 commemorat.
3390 486 3499 555 (Ex
3526 486 3656 542 Gre.

2061 587 2256 656 goria.)
2288 582 2612 653 Plerumque
2643 584 2909 653 aliquibus
2958 581 3091 652 justi
3122 580 3541 635 necessitatibus
3568 578 3655 633 af.

2059 675 2214 741 ﬂicti,
2263 691 2359 731 sua
2404 691 2570 746 opera
2622 684 2889 746 coguntur
2918 673 3094 728 fateri.
3145 671 3254 728 Sed
3298 688 3423 726 cum
3466 686 3657 726 eorum

2062 767 2202 821 dicta
2232 765 2415 834 injusti
2437 765 2685 831 audiunt,
2715 766 2829 819 hmo
2852 779 2951 834 per
2975 763 3265 819 elationem
3287 764 3469 833 potius
3490 778 3662 832 quam

2061 871 2160 926 per
2186 856 2472 910 veritatem
2498 855 2816 909 existimant
2842 853 3073 924 prolata.
3107 852 3187 906 Ex
3219 852 3336 907 suis
3364 851 3509 905 enim
3536 866 3662 906 cor-

2063 945 2220 999 dibus
2269 946 2437 999 verha
2476 944 2749 1014 justorum
2808 951 3058 1012 pensant,
3119 950 3173 996 et
3217 942 3323 996 dici
3381 940 3665 995 humiliter

2061 1049 2160 1103 pos
2190 1050 2221 1089 e
2261 1050 2390 1089 vera
2438 1035 2579 1091 bona
2618 1024 2726 1087 non
2771 1035 3062 1088 aestimant.
3102 1031 3251 1086 Sicut
3289 1031 3470 1104 gravis
3498 1030 3663 1101 culpa

2062 1133 2148 1179 est
2194 1124 2295 1179 sibi
2337 1124 2441 1179 hoc
2487 1124 2757 1178 hominem
2799 1136 3056 1194 arrogare
3108 1122 3250 1192 quod
3294 1138 3401 1176 non
3438 1130 3543 1187 est,
3575 1121 3665 1176 sic

2061 1215 2380 1286 plerumque
2409 1215 2568 1285 culpa
2600 1214 2744 1269 nulla
2782 1223 2885 1280 est,
2925 1215 2971 1268 si
3019 1213 3297 1297 humiliter
3332 1216 3532 1267 bonum
3574 1211 3665 1266 di-

2062 1316 2151 1361 cat
2177 1308 2319 1376 quod
2348 1315 2448 1360 est.
2476 1306 2631 1362 Unde
2671 1320 2811 1376 saape
2850 1305 3117 1375 contingit
3145 1313 3204 1358 ut
3226 1303 3360 1372 justi
3390 1314 3446 1358 et
3470 1302 3662 1372 injusti

2062 1398 2299 1452 habeant
2345 1397 2681 1463 verisimilia,
2731 1397 2825 1451 sed
2871 1407 3055 1451 tamen
3095 1410 3193 1450 cor
3234 1409 3450 1465 semper
3496 1397 3663 1465 longe

2060 1489 2343 1544 dissimile.
2400 1488 2466 1543 Et
2518 1488 2574 1543 in
2618 1488 3028 1559 quibus.dictis
3080 1487 3340 1542 Dominus
3394 1486 3463 1541 ab
3514 1484 3662 1553 inju-

2062 1584 2161 1638 stis
2212 1581 2523 1669 offenditur,
2563 1581 2617 1637 in
2670 1582 2875 1637 eisdem
2924 1595 3139 1650 quoque
3182 1595 3211 1633 a
3257 1577 3419 1649 justis
3472 1579 3660 1650 placa—

2063 1686 2169 1729 tur.
2230 1674 2362 1728 Nam
2394 1673 2702 1729 Phariszeus
2750 1674 3025 1745 ingressus
3074 1671 3331 1742 templum
3383 1672 3599 1726 dicebat
3639 1690 3655 1726 :

365 1798 424 1844 et
457 1788 510 1841 in
542 1784 1057 1842 comminationibus
1099 1790 1287 1838 contra
1326 1778 1517 1844 David,
1548 1792 1668 1847 quae
1704 1775 1959 1831 dicuntur
1985 1770 2037 1829 Β
2068 1788 2087 1820 ι
2118 1767 2310 1836 Jejuno
2358 1769 2442 1823 bis
2494 1769 2547 1823 in
2595 1768 2840 1834 sabbato,
2873 1767 3110 1823 decimas
3147 1767 3214 1821 do
3252 1765 3493 1820 omnium
3533 1781 3660 1835 qua:

367 1879 569 1943 futura,
618 1892 717 1931 nec
758 1875 902 1930 facta
948 1881 1074 1929 sunt
1118 1870 1203 1944 (11
1234 1869 1363 1941 Reg.
1394 1868 1517 1943 xu).
1557 1867 1674 1922 Non
1700 1867 1811 1922 Deo
1839 1880 1957 1919 mu-

367 1977 520 2024 tante
570 1966 916 2030 sententiam,
954 1966 1049 2019 sed
1086 1969 1418 2033 provocante
1456 1960 1752 2014 humanum
1787 1968 1958 2024 genus

366 2063 436 2116 ad
463 2060 713 2115 notitiam
747 2058 854 2123 sui,
894 2054 1154 2110 Dominus
1182 2053 1452 2122 paenitens
1480 2057 1565 2104 est
1603 2063 1765 2118 super
1811 2044 1958 2101 mali-

364 2154 477 2208 tiis.
509 2150 664 2204 Nulla
692 2163 812 2217 qua:
843 2147 896 2200 in
932 2147 1036 2201 hoc
1068 2144 1268 2199 mundo
1302 2141 1612 2197 hominibus
1656 2139 1792 2194 fiunt
1841 2138 1961 2192 abs-

364 2259 473 2315 que
498 2239 884 2311 omnipotentis
921 2237 1013 2291 Dei
1038 2236 1252 2291 occulto
1286 2232 1515 2290 consilio
1540 2231 1782 2287 veniunt.
1820 2228 1959 2283 Nam

367 2340 562 2388 cuncta
597 2332 736 2384 Deus
763 2335 1014 2383 secutura
1042 2324 1356 2394 praescicns,
1388 2330 1513 2376 ante
1552 2319 1746 2376 saecula
1771 2317 1959 2374 decre-

364 2426 444 2479 vit
467 2421 700 2493 qualiter
719 2434 817 2491 pcr
837 2418 1031 2473 saecula
1059 2418 1434 2486 disponantur.
1463 2414 1736 2469 Statutum
1763 2413 1958 2483 quippe

360 2517 477 2587 jam
516 2513 850 2577 hominibus,
877 2511 962 2566 vel
994 2522 1254 2580 quantum
1290 2509 1452 2578 hujus
1478 2506 1659 2562 mundi
1687 2504 1959 2575 prosperi-

368 2613 454 2657 tas
481 2609 759 2670 sequatur,
805 2606 1135 2666 quantumve
1179 2592 1523 2648 adversitatis
1562 2590 1747 2646 feritas
1777 2589 1956 2655 feriat,

362 2708 438 2750 ne
467 2694 669 2747 electos
696 2689 814 2759 ejus
852 2695 944 2742 aut
986 2685 1341 2741 immoderata
1384 2681 1721 2753 prosperitas
1763 2679 1958 2745 elevet,

366 2793 464 2840 aut
507 2783 673 2837 nimia
717 2779 1019 2834 adversitas
1050 2784 1256 2849 gravet.
1304 2772 1575 2830 Statutum
1613 2786 1827 2844 quoque
1853 2779 1959 2837 est,

367 2885 631 2951 quantum
678 2875 734 2928 in
773 2874 889 2945 ipsa
916 2872 1023 2926 vita
1065 2867 1285 2924 mortali
1315 2866 1683 2937 temporaliter
1724 2864 1958 2919 vivatur.

367 2970 506 3026 Nam
555 2968 657 3023 etsi
705 2980 878 3021 annos
916 2961 1223 3034 quindecim
1254 2959 1503 3016 Ezechiae
1538 2956 1648 3029 regi
1682 2956 1749 3011 ad
1794 2956 1959 3010 vitam

367 3063 573 3118 addidit
600 3059 943 3129 omnipotens
980 3054 1144 3118 Deus,
1175 3067 1300 3107 cum
1338 3066 1461 3105 eum
1503 3050 1639 3103 mori
1683 3048 1957 3119 permisit,

369 3165 498 3209 tunc
519 3149 793 3221 praiscivit
818 3160 939 3201 esse
985 3143 1330 3198 moriturum.
1355 3140 1470 3206 Qua
1519 3139 1572 3192 in
1624 3154 1682 3192 re
1729 3138 1956 3208 quzestio
1984 3125 2029 3187 C

367 3245 583 3301 oritur:
617 3240 888 3311 quomodo
920 3237 969 3291 ei
1017 3251 1048 3289 a
1090 3235 1352 3305 propheta
1392 3231 1629 3286 dicitur:
1665 3248 1684 3281 ι
1725 3230 1959 3299 Dispone

368 3335 550 3391 domui
574 3343 704 3399 tuac,
727 3332 851 3407 quip
876 3329 1124 3383 morieris
1145 3336 1224 3393 tu,
1250 3334 1433 3381 etnon
1458 3324 1632 3380 vives.
1664 3342 1681 3376 ι
1711 3323 1809 3379 Cui
1835 3337 1958 3377 cum

369 3429 563 3483 mortis
609 3424 877 3482 sententia
916 3422 1060 3478 dicta
1098 3428 1200 3487 est,
1249 3420 1498 3489 protinus
1529 3418 1596 3472 ad
1631 3417 1751 3488 ejus
1786 3416 1960 3486 lacry-

368 3533 487 3573 nias
516 3525 600 3571 est
640 3517 750 3570 vita
797 3514 999 3569 addita.
1048 3512 1154 3567 Sed
1196 3526 1297 3582 per
1334 3511 1654 3582 prophetam
1698 3508 1960 3563 Dominus

368 3608 507 3661 dixit
538 3622 645 3676 quo
683 3614 926 3674 tempore
956 3604 1093 3657 mori
1115 3602 1231 3670 ipse
1257 3601 1606 3656 merebatur:
1638 3614 1740 3654 nec
1779 3597 1961 3652 Domi-

367 3701 492 3756 nica
541 3700 790 3754 instituta
830 3695 1089 3753 convulsa
1132 3702 1278 3761 sunt,
1314 3693 1441 3763 quia
1488 3702 1547 3747 ut
1592 3708 1661 3747 ex
1711 3690 1962 3761 largitate

370 3794 467 3849 Dei
506 3792 631 3846 anni
677 3790 805 3845 vitae
850 3798 1179 3853 crescerent,
1222 3787 1326 3841 hoc
1360 3801 1575 3856 quoque
1611 3791 1737 3840 ante
1765 3782 1962 3839 saecula

368 3884 650 3956 pnefixum
681 3881 799 3944 fuit,
847 3889 1010 3950 atque
1054 3879 1289 3950 spatium
1316 3878 1461 3943 vitae,
1497 3876 1640 3947 quod
1687 3876 1962 3946 inopinate

370 3977 505 4031 foris
538 3983 623 4029 est
667 3974 931 4039 additum,
980 3969 1098 4027 sine
1137 3980 1426 4043 augmento
1460 3968 1817 4039 praescientia:
1860 3965 1965 4022 fuit

370 4070 518 4123 intus
554 4062 837 4123 statutum.

454 4183 471 4212 ι
506 4161 609 4228 Qui
636 4158 905 4215 convertit
929 4157 1127 4213 faciem
1163 4171 1315 4212 suam
1344 4156 1413 4211 ad
1448 4155 1734 4226 parietem,
1758 4161 1815 4208 et
1841 4167 1964 4208 ora-

374 4272 399 4305 ι
446 4253 524 4307 vit
566 4251 874 4317 Dominum,
923 4250 1111 4305 dicens
1150 4267 1164 4302 :
1212 4268 1232 4301 ι
1276 4246 1665 4316 Convertitque
1701 4243 1965 4300 Ezechias

374 4344 571 4400 faciem
596 4358 749 4398 suam
789 4341 858 4396 ad
893 4343 1180 4412 parietem,
1209 4341 1337 4410 quia
1370 4340 1438 4394 ad
1470 4338 1724 4408 templum
1752 4338 1831 4393 ire
1854 4352 1963 4392 non

369 4443 606 4505 poterat,
635 4442 740 4489 etc.
772 4432 856 4486 Ad
894 4432 1155 4503 parietem
1184 4439 1362 4486 autem
1409 4429 1616 4500 templi,
1636 4429 1793 4500 juxta
1817 4429 1961 4499 quod

2057 1859 2327 1931 possideo.
2374 1857 2482 1914 Sed
2523 1854 2854 1928 justificatus
2904 1860 3074 1931 magis
3116 1860 3453 1931 publicanus,
3490 1876 3659 1931 quam

2059 1949 2149 2004 ille
2182 1950 2314 2004 exiit
2343 1948 2492 2023 (Luc.
2539 1955 2718 2023 xviii).
2758 1971 2776 2003 ι
2825 1951 3086 2006 Ezechias
3131 1967 3343 2021 quoque
3392 1968 3483 2007 rex
3529 1968 3659 2008 cum

2059 2042 2310 2098 molestia
2349 2042 2594 2113 corporis
2637 2042 2867 2097 afﬂictus
2910 2042 2977 2097 ad
3017 2043 3417 2098 extremitatem
3462 2058 3663 2113 perve-

2059 2134 2251 2199 nisset,
2295 2133 2350 2187 in
2394 2134 2639 2190 oratione
2683 2142 3034 2204 compunctus
3082 2134 3217 2189 dixit
3270 2153 3285 2188 :
3335 2153 3353 2186 ι
3389 2134 3657 2199 Obsecro,

2058 2224 2307 2290 Domine,
2334 2233 2606 2280 memento
2631 2224 2901 2295 quomodo
2941 2224 3330 2280 ambulaverim
3371 2241 3556 2281 coram
3600 2236 3660 2282 te

2058 2314 2115 2370 in
2141 2315 2370 2371 veritate
2398 2323 2452 2370 et
2478 2316 2533 2370 in
2564 2316 2725 2371 corde
2759 2314 3034 2385 perfecto;
3075 2335 3093 2366 ι
3127 2331 3228 2371 nec
3257 2326 3437 2370 tamen
3465 2316 3660 2371 Domi-

2059 2423 2165 2462 nus
2186 2407 2329 2461 hanc
2353 2404 2746 2462 confessionem
2774 2405 3123 2475 perfectionis
3144 2408 3261 2477 ejus
3289 2407 3535 2477 despexit
3558 2416 3661 2462 aut

2061 2497 2261 2562 renuit,
2296 2512 2457 2567 quem
2502 2511 2629 2551 mox
2669 2498 2721 2551 in
2762 2497 2874 2550 suis
2906 2497 3158 2565 precibus
3182 2497 3474 2551 exaudivit.
3506 2496 3658 2551 Ecce

2059 2588 2366 2644 Pharisaeus
2393 2605 2451 2644 se
2466 2587 2785 2657 justilicavit
2812 2589 2867 2643 in
2909 2603 3092 2658 opere.
3141 2587 3401 2645 Ezechias
3441 2589 3657 2660 justum

2061 2694 2120 2735 se
2149 2680 2382 2734 asseruit
2409 2680 2572 2733 etiam
2602 2679 2656 2732 in
2686 2678 3031 2749 cogitatione,
3077 2688 3242 2749 atque
3270 2680 3410 2734 unde
3438 2678 3526 2733 ille
3566 2679 3659 2734 of-

2061 2769 2254 2835 fendit,
2295 2771 2419 2825 inde
2450 2770 2551 2825 iste
2578 2770 2867 2824 Dominum
2893 2770 3144 2840 placavit.
3177 2770 3287 2825 Cur
3311 2770 3492 2841 itaque
3522 2771 3654 2838 hoc,

2060 2864 2164 2919 nisi
2192 2863 2315 2934 quia
2339 2862 2679 2933 omnipotens
2702 2861 2846 2917 Deus
2871 2862 3203 2933 singulorum
3230 2863 3392 2917 verba
3418 2879 3482 2918 ac
3510 2865 3659 2933 cogi-

2061 2954 2301 3023 tationes
2319 2961 2540 3024 pensat;
2570 2960 2624 3007 et
2649 2952 2702 3007 in
2729 2953 2846 3024 ejus
2869 2954 3091 3008 auribus
3116 2954 3347 3023 superba
3372 2971 3478 3010 non
3501 2965 3654 3021 sunt,

2061 3061 2182 3117 qua?
2208 3046 2398 3102 humili
2423 3046 2585 3100 corde
2612 3044 2995 3115 proferuntur?

2137 3155 2156 3188 ι
2189 3136 2363 3191 Flevit
2390 3137 2570 3206 itaque
2595 3136 2857 3191 Ezechias
2877 3134 3004 3191 ﬂetu
3028 3152 3242 3207 magno,
3273 3149 3328 3192 et
3359 3146 3657 3208 antequam

2066 3247 2085 3279 ι
2129 3230 2476 3300 egrederetur
2501 3227 2672 3284 Isaias
2699 3228 2933 3283 mediam
2956 3238 3165 3299 partem
3191 3230 3336 3293 atrii,
3371 3228 3544 3285 factus
3567 3240 3661 3286 est

2066 3337 2086 3370 ι
2132 3334 2313 3374 sermo
2351 3319 2565 3375 Domini
2602 3320 2669 3374 ad
2715 3334 2841 3374 eum
2881 3320 3105 3375 dicens:
3132 3320 3427 3377 Revertere
3468 3331 3524 3378 et
3564 3323 3661 3379 dic

2066 3429 2084 3461 ‹
2130 3410 2379 3465 Ezechiae
2417 3410 2539 3466 duci
2588 3409 2771 3480 populi
2828 3409 2936 3465 mei
2977 3429 2990 3464 :
3034 3411 3159 3467 Haec
3210 3412 3342 3467 dicit
3392 3413 3659 3469 Dominus

2066 3521 2085 3554 ‹
2129 3501 2274 3557 Deus
2302 3503 2472 3572 patris
2518 3503 2594 3557 tui
2635 3502 2804 3558 David
2840 3502 3080 3559 :Audivi
3128 3505 3429 3560 orationem
3478 3514 3653 3570 tuam,

2066 3610 2085 3643 ι
2133 3602 2188 3647 et
2216 3592 2325 3646 vidi
2372 3590 2668 3663 lacrymam
2709 3600 2890 3658 tuam;
2922 3604 2979 3648 et
3023 3608 3152 3649 ecce
3199 3594 3386 3649 sanavi
3439 3600 3510 3649 te.
3555 3593 3659 3650 Die

2067 3700 2086 3732 ι
2135 3681 2295 3737 tertio
2322 3682 2582 3737 ascendes
2609 3682 2866 3753 templum
2898 3683 3134 3749 Domini,
3163 3692 3213 3738 et
3244 3685 3438 3739 addam
3464 3685 3659 3740 diebus

2068 3792 2086 3825 ι
2134 3773 2241 3829 tuis
2265 3773 2577 3843 quindecim
2617 3788 2806 3828 annos.
2852 3773 2957 3828 Sed
2985 3783 3042 3829 et
3068 3775 3134 3829 de
3166 3790 3331 3829 manu
3367 3776 3509 3846 regis
3549 3774 3658 3829 As-

2069 3885 2087 3916 ‹
2133 3865 2403 3936 syriorum
2428 3864 2673 3920 liberabo
2702 3873 2753 3919 te
2783 3874 2838 3920 et
2877 3866 3149 3921 civitatem
3198 3866 3356 3929 hanc,
3389 3875 3444 3920 et
3469 3878 3659 3937 prote-

2069 3973 2087 4005 ‹
2134 3970 2256 4025 gam
2288 3955 2478 4009 urbem
2525 3954 2684 4009 istam
2727 3963 2947 4025 propter
2990 3972 3076 4012 me
3121 3968 3176 4011 et
3210 3966 3434 4028 propter
3479 3957 3659 4013 David

2069 4067 2088 4098 ι
2131 4063 2346 4102 servum
2383 4062 2583 4101 meum.
2624 4066 2642 4098 ι
2679 4045 2789 4118 (Ea:
2823 4046 3072 4121 Hieron.)
3109 4048 3283 4104 Flevit
3313 4058 3492 4103 autem
3522 4047 3656 4104 ﬂetu

2062 4155 2257 4209 magno
2279 4147 2498 4209 propter
2516 4138 2929 4208 promissionem
2952 4139 3166 4195 Domini
3187 4140 3254 4193 ad
3282 4140 3467 4205 David,
3487 4156 3660 4210 quam

2063 4232 2279 4286 videbat
2320 4230 2374 4284 in
2417 4244 2516 4284 sua
2563 4236 2739 4284 morte
2779 4230 3097 4299 perituram.
3130 4229 3209 4285 Eo
3240 4232 3383 4286 enim
3409 4240 3661 4301 tempore

2064 4320 2324 4377 Ezechias
2358 4319 2496 4375 ﬁlios
2534 4336 2641 4374 non
2678 4321 2933 4376 habebat.
2964 4320 3097 4375 Nam
3122 4330 3245 4392 post
3274 4331 3503 4387 mortem
3536 4320 3661 4391 ejus

2066 4413 2364 4479 Mauasses,
2404 4428 2529 4468 cum
2572 4413 2856 4469 duodecim
2904 4429 3168 4468 annorum
3209 4424 3373 4478 esset,
3425 4427 3663 4483 regnare

374 4482 632 4583 Salomon
674 4482 936 4596 palatium
973 4530 1343 4586 exstruxerat,
1371 4520 1457 4575 vel
1495 4482 1739 4575 absolute
1764 4482 1962 4590 adipa-
1985 4482 2040 4542 D
2068 4505 2233 4576 C(Bpil
2254 4505 2307 4559 in
2330 4502 2535 4560 Judtea.
2563 4504 2642 4559 Ex
2657 4520 2774 4596 quo
2792 4505 3136 4596 perspicuum
3163 4512 3267 4570 es"
3288 4513 3411 4574 Ροεῑ
3433 4506 3659 4563 Hirtium

375 4621 586 4681 rietem,
621 4632 689 4670 ne
715 4616 986 4684 lacrymas
1028 4628 1153 4666 suas
1184 4610 1547 4666 assidentibus
1578 4617 1853 4664 ostentare
1879 4610 1962 4663 vi-

375 4710 615 4764 deretur.
644 4706 753 4759 Aut
780 4712 948 4768 recte,
974 4702 1130 4772 juxta
1174 4699 1489 4765 Jeremiam,
1538 4700 1606 4754 ad
1644 4715 1739 4769 cor
1779 4716 1959 4765 suum,

370 4799 469 4870 qui
502 4799 728 4860 circum,
760 4793 812 4848 id
845 4802 948 4858 est,
992 4784 1273 4863 pariete'm,
1318 4804 1414 4845 cor
1455 4789 1705 4859 appellat,
1752 4797 1812 4844 ut
1849 4798 1961 4844 tota

377 4898 560 4947 mente
589 4886 875 4943 Dominum
898 4890 1237 4955 precaretur.

455 4998 474 5032 ‹
520 4978 777 5039 Obsecro,
807 4974 1057 5037 Domine,
1099 4980 1396 5038 memento,
1429 4970 1698 5042 quomodo
1727 4970 1971 5026 ambula-

398 5092 415 5126 ι
446 5070 621 5125 verim
656 5082 839 5122 coram
871 5074 922 5120 te
963 5065 1020 5119 in
1052 5064 1279 5118 veritate
1318 5072 1373 5117 et
1412 5064 1467 5116 in
1513 5063 1676 5117 corde
1705 5061 1968 5133 perfecto,

388 5180 411 5214 ι
447 5169 504 5216 et
525 5158 670 5229 quod
694 5156 952 5227 placitum
979 5163 1061 5212 est
1091 5170 1273 5210 coram
1311 5162 1363 5208 te
1401 5152 1646 5220 fecerim,
1681 5173 1700 5207 ι
1732 5163 1837 5209 etc.
1870 5153 1973 5208 Fe-

381 5254 455 5309 lix
498 5249 847 5313 conscientia,
898 5261 1020 5318 quas
1063 5246 1366 5301 alliictionis
1420 5252 1660 5314 tempore
1702 5244 1970 5299 bonorum

379 5358 610 5418 Operum
640 5341 973 5397 recordatur.
1003 5358 1022 5391 ι
1050 5340 1200 5394 Beati
1227 5340 1369 5393 enim
1397 5336 1597 5392 mundo
1624 5336 1811 5400 corde,
1837 5351 1973 5406 quo-

384 5441 531 5495 niam
545 5437 646 5508 ipsi
664 5435 832 5490 Dcum
846 5433 1105 5488 videbunt
1117 5431 1328 5503 (Matth.
1352 5431 1426 5504 v).
1441 5452 1459 5484 ›
1479 5431 1546 5485 Et
1559 5430 1827 5500 quomodo
1842 5428 1969 5484 alibi

383 5531 681 5587 scribitur:
718 5544 737 5577 ‹
773 5525 907 5595 Quis
941 5524 1258 5595 gloriabitur
1288 5538 1515 5593 parvum
1551 5522 1752 5577 habere
1791 5535 1851 5576 se
1877 5535 1973 5576 cor

384 5623 569 5694 (Prov.
603 5619 731 5691 xx)?
752 5640 769 5670 ι
802 5616 957 5684 Quod
981 5615 1058 5669 ita
1086 5613 1313 5669 solvitur
1337 5633 1348 5668 :
1378 5613 1768 5684 perfectionem
1790 5612 1971 5667 cordis

387 5715 444 5768 in
472 5729 537 5767 eo
566 5726 710 5767 nunc
751 5709 879 5776 dici,
919 5721 1027 5777 quo
1072 5704 1213 5761 idola
1260 5704 1609 5771 destruxerit,
1640 5701 1823 5773 templi
1856 5701 1973 5756 val-

2067 4611 2268 4650 annum
2298 4611 2572 4651 concessa:
2614 4595 2740 4650 vitae
2790 4594 3093 4650 Manasscm
3141 4610 3263 4650 esse
3298 4605 3657 4666 generatum.

2068 4687 2209 4758 Ergo
2230 4688 2332 4742 iste
2355 4687 2533 4741 omnis
2561 4684 2717 4740 fletus
2737 4693 2836 4748 est,
2867 4684 3010 4755 quod
3035 4683 3357 4754 desperabat
3378 4684 3660 4741 Christum

2070 4780 2137 4835 de
2166 4795 2264 4835 suo
2305 4779 2512 4835 semine
2556 4778 2912 4833 nasciturum.
2964 4776 3071 4830 Alii
3119 4786 3394 4840 asserunt,
3438 4782 3661 4848 quosvis

2071 4882 2289 4929 sanctos
2320 4873 2465 4928 viros
2508 4879 2682 4926 morte
2716 4864 2933 4935 terreri,
2968 4877 3187 4940 propter
3222 4869 3487 4925 incertum
3512 4869 3665 4940 judi-

2071 4965 2217 5019 cium
2262 4972 2319 5019 et
2357 4962 2749 5033 ignorationem
2791 4961 3070 5015 sententia:
3112 4960 3229 5026 Dei,
3265 4975 3428 5029 quam
3474 4962 3663 5016 sedem

2074 5056 2309 5113 habituri
2354 5056 2482 5110 sint.
2534 5053 2816 5123 Simulque
2854 5051 2985 5107 facti
3032 5054 3258 5124 quaestio
3306 5053 3557 5120 solvitur,
3595 5070 3665 5111 ac

2073 5146 2417 5203 necessitatis
2458 5145 2670 5200 vincula
2717 5154 2881 5214 atque
2932 5159 3241 5208 causarum,
3277 5144 3420 5211 quod
3457 5158 3667 5213 nequa-

2073 5255 2235 5310 quam
2272 5237 2389 5292 dies
2413 5238 2603 5292 mortis
2638 5236 2864 5306 singulis
2903 5235 3203 5305 prtestituta
3231 5234 3322 5300 sit,
3348 5234 3442 5289 sed
3471 5235 3668 5291 volun-

2075 5338 2185 5384 tate
2212 5328 2330 5394 Dei,
2356 5338 2411 5382 et
2458 5327 2655 5396 ignotis
2683 5325 3001 5380 mortalibus
3045 5325 3226 5380 causis
3258 5325 3344 5380 vel
3377 5325 3520 5380 vivat
3558 5328 3664 5382 ali-

2075 5425 2214 5496 quis,
2244 5424 2329 5479 vel
2358 5424 2639 5478 moriatur.
2681 5420 2991 5475 Prmsertim
3027 5436 3148 5474 cum
3192 5429 3246 5475 et
3291 5429 3490 5475 statuta
3517 5435 3671 5476 nunc

2076 5517 2267 5572 mortis
2305 5515 2602 5570 necessitas
2632 5512 2931 5579 differatur,
2976 5522 3028 5567 et
3053 5524 3176 5582 post
3214 5521 3445 5567 mortem
3482 5527 3670 5565 resus-

2075 5610 2271 5664 citatos
2314 5607 2576 5679 plurimos
2630 5606 2949 5676 legerimus,
2995 5602 3309 5660 Revertitur
3357 5613 3536 5659 autem
3594 5605 3670 5657 ad

2074 5715 2256 5771 regem
2297 5699 2582 5771 propheza,
2615 5696 2825 5753 Domini
2866 5694 3129 5766 iussione,
3174 5703 3232 5750 ut
3272 5695 3387 5765 ipse
3443 5705 3669 5748 sanaret
