3912 6160
330 265 435 322 361

1152 256 1508 319 COMMENT.
1550 260 1617 316 IN
1656 259 1901 317 LIBROS
1936 258 2003 315 IV
2046 261 2382 320 REGI‘M.-—
2417 263 2486 319 IN
2522 264 2650 321 LIB.
2690 264 2777 322 IV.

3487 270 3596 325 269.

321 377 423 448 qui
452 375 741 445 percussit.
772 372 840 426 Et
867 377 1097 426 vocatur
1134 370 1396 427 Ezechias
1436 372 1541 426 dux
1571 372 1747 442 populi
1775 372 1913 443 ejus,
1943 376 1994 434 Α
2018 387 2179 444 supra
2219 384 2390 431 terras
2417 376 2590 431 elatus
2615 379 2679 432 ad
2708 377 2981 434 Orientem
3025 379 3180 450 quasi
3224 381 3446 435 secundi
3492 383 3599 439 diei

319 476 386 523 et
412 466 557 520 ﬁlius
583 462 773 529 David,
802 463 959 533 cujus
985 476 1149 532 opera
1171 464 1498 519 sectabatur.
1528 464 1750 519 Fecerat
1774 465 1918 519 enim

328 565 538 614 certum
561 554 716 623 juxta
746 554 928 607 omnia
962 567 1082 622 qua:
1129 551 1257 607 fecit
1301 553 1468 610 David
1495 563 1650 625 pater
1689 555 1826 625 ejus,
1864 563 1921 610 et

324 647 553 703 auditur
578 645 700 715 ejus
722 644 919 705 oratio,
965 644 1321 714 videnturque
1364 644 1634 715 lacrymre,
1663 646 1916 715 quoniam

324 739 706 794 ambulaverat
734 750 920 791 coram
948 734 1176 789 Domino
1204 735 1257 788 in
1284 735 1529 800 veritate,
1573 745 1628 791 et
1667 737 1720 790 in
1756 738 1919 791 corde

326 829 590 900 perfecto,
630 835 685 881 et
722 826 944 880 ﬂeverat
973 824 1098 879 fletu
1143 840 1362 895 magno,
1396 834 1452 881 et
1490 826 1631 896 quod
1662 827 1916 897 placitum

324 929 447 973 erat
477 922 531 972 iu
570 916 744 973 oculis
782 915 901 985 ejus
949 914 1170 971 fecerat.
1217 917 1661 987 Adjiciunturque
1695 919 1919 988 quinde-

326 1011 438 1065 cim
465 1009 594 1063 anni
623 1009 691 1061 ad
736 1008 923 1069 vitam,
974 1022 1111 1076 quos
1162 1007 1251 1062 ille
1295 1023 1400 1062 non
1446 1009 1835 1078 postulaverat,
1864 1018 1919 1064 et

330 1105 572 1172 insuper,
604 1101 820 1154 vivente
868 1113 954 1162 eo,
1004 1098 1153 1169 regni
1189 1098 1454 1153 securitas
1502 1099 1913 1168 repromittitur.

329 1192 425 1246 Sin
458 1199 639 1244 autem
665 1192 749 1260 (ut
769 1188 988 1257 quidam
1019 1186 1230 1259 putant)
1258 1189 1309 1242 in
1341 1204 1568 1259 corpore
1587 1189 1767 1243 vivere
1791 1205 1917 1245 con-

332 1281 606 1339 demnatio
648 1288 750 1344 est,
780 1289 837 1334 et
872 1278 1028 1347 juxta
1062 1278 1191 1332 illud
1215 1279 1358 1347 quod
1393 1279 1591 1334 dicitur
1619 1297 1632 1333 :
1663 1299 1683 1330 ε
1722 1279 1918 1336 Rever-

333 1384 464 1433 tere,
486 1371 666 1426 anima
688 1384 829 1435 mea,
855 1370 911 1423 in
943 1370 1185 1438 requiem
1221 1378 1367 1423 tuam
1393 1385 1407 1434 ;
1432 1388 1452 1421 ›
1480 1378 1534 1425 et
1552 1371 1604 1424 in
1628 1370 1733 1426 alio
1755 1371 1873 1425 loco
1900 1388 1912 1424 :

336 1487 356 1516 ‹
408 1466 559 1519 Edue
603 1465 671 1518 de
714 1476 934 1516 carcere
973 1461 1210 1515 animam
1257 1476 1461 1527 meam;
1508 1479 1527 1513 ι
1567 1462 1800 1532 optanda
1835 1471 1918 1517 est

332 1573 499 1619 ωσι-ε.
544 1564 606 1608 ιιι
645 1554 712 1608 de
754 1567 973 1607 carcere
1000 1551 1311 1616 liberemur,
1339 1553 1607 1622 quomodo
1637 1562 1777 1607 nunc
1815 1552 1917 1606 Do-

331 1647 512 1698 minus
555 1645 718 1697 donat
754 1655 853 1711 pro
881 1639 1163 1704 beneﬁcio,
1209 1646 1272 1693 ut
1306 1654 1399 1709 qut
1446 1640 1756 1695 liberandus
1798 1648 1919 1695 erat

330 1737 509 1790 adhuc
538 1734 849 1804 quindecim
873 1732 1029 1786 annis
1055 1730 1201 1785 vivat
1223 1731 1275 1785 in
1307 1732 1565 1785 carcere?
1586 1760 1603 1770 -

407 1847 427 1879 ι
473 1826 726 1894 Dixitque
754 1823 942 1888 Isaias,
978 1821 1181 1878 Aﬂ‘erte
1207 1837 1439 1877 massam
1465 1822 1710 1877 ﬁcorum.
1742 1821 1915 1889 Quam

336 1937 355 1968 ι
399 1932 524 1971 cum
561 1914 868 1969 attulissent
892 1922 948 1968 et
972 1914 1280 1983 posuissent
1305 1928 1468 1983 super
1487 1913 1639 1968 ulcus
1657 1912 1792 1982 ejus,
1817 1930 1917 1970 cu-

333 2026 354 2058 (
399 2020 552 2061 ratus
607 2014 711 2061 est.
759 2024 777 2057 ι
816 2005 983 2059 Aiunt
1032 2004 1244 2060 Hebraei
1302 2005 1530 2060 verbum
1578 2004 1719 2071 Sim,
1774 2006 1916 2075 quod

327 2099 724 2170 pnetermisere
746 2095 1119 2166 Septuaginta,
1153 2095 1301 2149 ulcus
1325 2109 1541 2161 sonare,
1570 2111 1678 2151 non
1706 2096 1913 2151 vulnus.

327 2189 464 2243 Nam
494 2197 552 2244 et
578 2188 792 2257 Aquila,
825 2185 1308 2258 Symmachusque,
1342 2196 1399 2242 et
1423 2187 1725 2243 Theodotio
1745 2187 1916 2242 Laroc

327 2279 669 2347 interpretati
706 2286 853 2342 sunt,
885 2291 983 2347 per
1009 2276 1151 2345 quod
1178 2277 1421 2330 morbum
1452 2277 1657 2348 regium
1688 2276 1915 2348 intelligi

328 2372 533 2427 volunt.
565 2370 698 2425 Cum
735 2368 1008 2424 contraria
1036 2375 1298 2438 putantur
1326 2367 1411 2421 vel
1438 2375 1651 2437 sumpta
1681 2368 1738 2421 in
1768 2368 1913 2433 cibo,

328 2464 412 2519 vel
440 2462 687 2531 opposita
711 2460 948 2530 corpori,
993 2474 1328 2528 quaecunque
1371 2468 1495 2515 sunt
1534 2460 1731 2514 dulcia.
1775 2459 1916 2530 Ergo

326 2562 387 2608 ut
420 2554 517 2607 Dei
555 2552 794 2622 potentia
820 2559 1232 2615 monstraretur,
1265 2565 1363 2622 per
1396 2564 1483 2606 res
1523 2552 1712 2607 noxias
1738 2560 1793 2606 et
1823 2552 1917 2606 ad-

327 2659 516 2699 versas
544 2644 751 2699 sanitas
779 2642 1026 2696 restituta
1054 2649 1156 2695 est.
1191 2640 1294 2695 Alii
1333 2637 1445 2695 Sim
1471 2656 1580 2696 non
1608 2642 1778 2706 ulcus,
1821 2641 1916 2696 sed

327 2743 595 2803 apostema
640 2731 1003 2800 suspicantur,
1034 2730 1251 2799 quando
1291 2740 1504 2784 tumens
1541 2745 1734 2800 corpus
1761 2739 1916 2785 cocto

328 2830 382 2875 et
421 2829 769 2891 putrescente
809 2834 945 2890 pure
971 2819 1288 2888 completur.
1318 2819 1385 2873 Et
1415 2817 1570 2887 juxta
1604 2829 1775 2874 artem
1804 2837 1918 2876 me-

327 2914 573 2967 dicorum
597 2912 778 2968 omnis
802 2914 1002 2977 sanies,
1030 2911 1348 2966 siccioribus
1375 2911 1493 2967 ﬁcis
1531 2920 1695 2982 atque
1727 2922 1916 2967 contu-

326 3003 420 3067 sis,
456 3003 512 3056 in
542 3002 686 3057 cutis
712 3000 1051 3070 superﬁciem
1082 3010 1434 3070 provocatur;
1465 3016 1529 3057 ac
1554 3016 1653 3071 per
1675 3001 1779 3056 hoc
1808 3018 1914 3057 non

2019 480 2199 531 mane,
2224 467 2367 522 nulla
2396 469 2788 525 interveniente
2821 480 2996 536 nocte,
3030 472 3271 527 facturus
3302 473 3597 529 advolaret.

2018 559 2153 615 Nam
2196 570 2252 617 et
2289 563 2394 618 hoc
2433 564 2524 634 qui
2567 563 2619 617 in
2659 565 2831 620 insula
2856 566 3045 633 Thule,
3076 583 3195 637 qum
3221 567 3361 621 ultra
3387 567 3602 623 Britan-

2020 650 2161 705 niam
2211 658 2315 717 est,
2357 652 2440 707 vel
2469 653 2522 707 in
2558 653 2761 709 ultimis
2799 654 3121 727 Scytharum
3154 657 3349 713 ﬁnibus
3378 659 3597 730 degunt,

2017 741 2163 794 omni
2189 749 2375 796 testate
2400 742 2602 813 aliquot
2624 744 2823 800 diebus
2849 747 2963 800 ﬁeri
2992 747 3197 811 vident,
3231 749 3355 818 quia
3392 749 3471 803 sol
3498 764 3602 804 ca:-

2021 838 2136 885 tcro
2160 832 2276 885 orbi
2317 832 2368 886 in
2417 848 2611 888 occasu
2642 843 2695 889 et
2720 836 2819 891 sub
2847 843 2989 890 terra
3020 837 3248 907 positus,
3280 838 3409 907 ipsis
3436 837 3601 892 nihil-

2018 923 2232 976 ominus
2273 931 2384 977 tota
2435 925 2522 979 die
2566 941 2728 996 super
2780 934 2981 981 terram
3027 937 3325 998 appareat;
3374 938 3429 983 et
3466 945 3603 999 quo-

2019 1012 2176 1067 modo
2219 1029 2248 1067 a
2293 1022 2446 1082 parte
2485 1015 2793 1071 Occidentis
2841 1018 2907 1071 ad
2949 1017 3225 1074 Orientem
3264 1020 3480 1075 humilis
3518 1038 3604 1076 re—

2019 1106 2164 1170 deat,
2210 1105 2493 1161 manifeste
2530 1108 2794 1172 videatur,
2828 1108 2997 1163 donec
3026 1120 3267 1179 tempore
3297 1120 3603 1181 Opportuna

2019 1194 2196 1249 denuo
2222 1202 2335 1250 toto
2359 1195 2475 1251 orbi
2502 1197 2772 1251 communi
2818 1208 3008 1252 exortu
3052 1201 3325 1263 reddatur,
3364 1202 3504 1256 sicut
3548 1210 3601 1254 ct

2016 1291 2259 1337 veterum
2292 1284 2551 1351 historiae,
2600 1295 2654 1340 et
2697 1286 2868 1340 nostri
2917 1288 3163 1343 homines
3202 1290 3328 1355 aevi,
3373 1291 3465 1360 qui
3497 1290 3605 1345 illis

2019 1371 2088 1427 de
2137 1373 2384 1442 partibus
2433 1373 2771 1440 adveniunt,
2825 1378 3289 1433 abundantissime
3348 1382 3598 1449 produnt.

2019 1457 2303 1529 Nunquam
2346 1471 2526 1516 autem
2565 1462 2619 1517 hi
2665 1464 2756 1534 qui
2801 1464 3058 1520 interiora
3100 1467 3285 1521 Austri
3341 1469 3602 1536 incolunt,

2021 1549 2205 1605 videre
2234 1550 2401 1607 solem
2443 1568 2541 1621 per
2577 1552 2899 1610 Meridianas
2928 1555 3111 1627 plagas
3136 1557 3203 1610 ad
3229 1555 3506 1614 Orientem
3533 1562 3602 1615 ab

2019 1639 2224 1697 Occasu
2248 1642 2446 1697 redire.
2488 1643 2596 1714 (Ex
2619 1642 2863 1715 Hieron.)
2907 1644 3059 1712 Quod
3108 1647 3317 1715 signum
3369 1657 3424 1703 et
3467 1665 3606 1720 prae-

1948 1750 1991 1809 Β
2020 1731 2189 1785 sentis
2218 1732 2474 1801 temporis
2522 1741 2579 1787 et
2628 1732 2795 1787 futuri
2834 1741 2991 1805 typus
3041 1743 3179 1801 erat,
3228 1745 3290 1791 ut
3333 1742 3605 1807 quomodo

2017 1821 2097 1876 sol
2126 1831 2487 1877 reverteretur
2510 1823 2577 1877 ad
2602 1824 2883 1878 exordium
2911 1826 3014 1891 sui,
3044 1826 3116 1880 ita
3143 1837 3196 1881 et
3225 1828 3468 1884 Ezechia:
3494 1832 3605 1886 vita

2016 1911 2084 1965 ad
2125 1912 2372 1967 detextos
2415 1928 2587 1968 annos
2630 1915 2851 1981 rediret,
2893 1916 3153 1987 nobisque
3185 1920 3236 1973 in
3272 1920 3607 1980 hebdomade

2015 2011 2073 2058 et
2115 2004 2354 2075 ogdoade
2402 2006 2710 2061 viventibus
2759 2023 2858 2077 per
2910 2011 3360 2067 resurrectionem
3404 2012 3605 2070 Christi

2014 2096 2141 2151 vitae
2184 2097 2357 2165 spatia
2401 2098 2758 2166 protelentur.
2802 2099 2989 2154 Solent
3015 2112 3323 2157 sanctorum
3360 2104 3604 2161 locorum

2017 2184 2071 2238 in
2098 2185 2198 2240 hac
2224 2186 2498 2256 provincia
2533 2197 2925 2245 monstratores
2950 2192 3090 2246 intra
3127 2204 3443 2263 conseptum
3469 2204 3607 2251 tem-

2015 2274 2088 2343 pli
2125 2276 2410 2331 ostendere
2464 2277 2665 2346 gradus
2713 2278 2904 2334 domus
2958 2279 3223 2348 Ezechiae,
3271 2285 3355 2337 vel
3399 2284 3603 2352 Achaz,’

2015 2368 2159 2438 quod
2216 2368 2297 2423 sol
2344 2384 2442 2439 per
2493 2385 2587 2425 eos
2627 2370 2981 2426 descenderit.
3030 2372 3135 2428 Sed
3180 2391 3457 2447 nunquam
3503 2394 3605 2449 ego

2016 2458 2252 2525 credam,
2299 2474 2404 2513 non
2444 2460 2563 2515 dico
2607 2460 2809 2527 Achaz,
2851 2462 2943 2532 qui
2985 2478 3080 2518 rex
3117 2465 3313 2535 impius
3350 2467 3474 2535 fuit,
3510 2472 3606 2524 sed

2015 2546 2300 2616 cujuslibet
2338 2551 2481 2621 regis
2513 2551 2645 2621 justi
2691 2551 2907 2607 domum
2948 2553 3117 2610 fuisse
3163 2557 3216 2610 in
3261 2559 3456 2627 templo
3489 2561 3603 2626 Dei,

2015 2654 2141 2694 cum
2179 2640 2431 2696 Salomon
2465 2642 2668 2697 idcirco
2703 2642 2871 2698 Deum
2911 2645 3050 2701 inter
3093 2656 3285 2702 caetera
3319 2648 3611 2706 offendisse

2015 2730 2244 2793 dicatur,
2295 2732 2439 2800 quod
2458 2708 2533 2785 ’in
2576 2732 2803 2787 sublime
2845 2734 3190 2797 mdiﬁcavcgit
3230 2736 3405 2804 Melle,
3467 2742 3607 2797 unde

2016 2818 2218 2873 atrium
2252 2820 2434 2890 templi
2464 2821 2813 2877 deambulans
2852 2823 2905 2876 in
2931 2832 3078 2879 turre
3106 2826 3289 2895 palatii
3326 2830 3606 2899 despicere

2017 2910 2207 2965 solitus
2233 2910 2322 2964 sit.
2377 2910 2566 2965 Solent
2599 2910 2817 2980 quidam
2849 2922 2970 2982 post
2995 2914 3179 2969 decem
3208 2918 3403 2987 gradus
3434 2920 3605 2974 linea-

2020 3015 2136 3053 rum
2164 3001 2231 3055 ad
2258 3001 2574 3071 mysterium
2610 3001 2806 3056 Christi
2843 3003 3161 3072 transferre,
3200 3016 3254 3061 et
3279 3010 3500 3065 umbras
3542 3010 3605 3065 ﬁ-

324 3093 689 3163 spernendam
732 3107 853 3148 esse
893 3091 1247 3158 medicinam,
1293 3107 1413 3162 qua:
1457 3107 1558 3147 usu
1608 3101 1820 3148 constet
1858 3104 1915 3149 et
1940 3097 1986 3159 Ο
2016 3106 2271 3161 gurarum
2302 3092 2358 3146 in
2392 3092 2797 3148 descensionem
2838 3093 3035 3150 Christi
3062 3097 3483 3169 interpretantur
3508 3118 3609 3173 per

323 3185 722 3254 experimento,
753 3187 878 3254 quia
905 3192 961 3238 et
986 3184 1125 3239 hanc
1149 3184 1335 3240 fecerit
1363 3184 1522 3240 Deus.

399 3294 420 3325 ι
466 3274 692 3329 Dixerat
739 3281 919 3329 autem
966 3273 1229 3329 Ezechias
1263 3274 1331 3328 ad
1359 3274 1592 3329 Isaiam:
1632 3274 1786 3342 Quod
1812 3275 1919 3331 erit

332 3383 350 3414 ι
394 3364 633 3435 signum,
662 3365 789 3435 quia
816 3365 1078 3420 Dominus
1102 3380 1190 3420 me
1225 3365 1460 3432 sanabit,
1498 3373 1552 3420 et
1575 3367 1701 3435 quia
1727 3381 1916 3422 ascen-

330 3476 353 3506 ι
396 3470 559 3509 suros
610 3456 713 3509 sim
763 3456 850 3511 die
895 3457 1058 3511 tertio
1110 3456 1367 3527 templum
1406 3456 1652 3511 Domini?
1699 3456 1797 3511 Cui
1839 3458 1916 3511 ait

333 3564 352 3596 ι
396 3546 605 3601 Isaias:
634 3544 750 3600 Hoc
788 3547 895 3600 erit
922 3547 1136 3618 signum
1165 3562 1195 3600 a
1220 3546 1466 3611 Domino,
1505 3548 1648 3617 quod
1676 3548 1916 3603 facturus

332 3656 351 3687 ι
397 3636 471 3690 sit
496 3636 758 3692 Dominus
800 3652 1106 3692 sermonem
1139 3652 1300 3707 quem
1345 3636 1554 3693 locutus
1591 3646 1695 3693 est.
1728 3638 1822 3694 Vis
1858 3647 1918 3693 ut

333 3748 351 3778 ε
398 3730 661 3784 ascendat
703 3729 895 3783 umbra
924 3731 1111 3784 decem
1156 3728 1347 3783 lineis?
1391 3744 1459 3785 an
1508 3740 1566 3786 ut
1613 3740 1919 3787 revertatur

331 3842 350 3873 ι
398 3825 624 3877 totiuem
652 3823 942 3892 gradibus?
973 3840 993 3873 ι
1024 3832 1129 3876 etc.
1159 3821 1325 3876 Datur
1358 3832 1539 3878 autem
1586 3825 1819 3895 signum,
1858 3835 1919 3880 ut

326 3913 409 3968 sol
437 3915 625 3968 decem
650 3915 905 3984 gradibus
932 3925 1258 3981 revertatur,
1285 3931 1421 3986 quos
1448 3932 1563 3980 nos,
1585 3918 1739 3988 juxta
1762 3917 1917 3989 Sym—

325 4004 606 4069 machum,
634 4005 691 4058 in
721 4003 893 4060 lineas
914 4014 969 4060 et
995 4006 1330 4077 horologium
1357 4007 1638 4062 vertimus.
1663 4008 1765 4075 Qui
1795 4023 1919 4078 gra-

326 4096 433 4149 dus
460 4095 711 4165 intelligit
732 4096 787 4150 in
816 4096 994 4162 lineis,
1023 4106 1084 4151 ut
1108 4096 1532 4153 manifestiorem
1578 4114 1797 4155 sensum
1840 4100 1920 4156 1e-

325 4184 581 4256 gentibus
605 4184 829 4240 faceret.
857 4185 983 4242 Sive
1007 4187 1082 4240 ita
1109 4197 1264 4242 erant
1291 4189 1553 4243 exstructi
1578 4191 1774 4261 gradus
1800 4198 1919 4247 arte

326 4274 673 4340 mechanica,
704 4283 763 4328 ut
800 4290 899 4345 per
925 4276 1164 4347 singulos
1207 4280 1403 4333 umbra
1440 4280 1791 4347 descendens,
1822 4283 1919 4338 ho-

325 4379 516 4420 rarum
560 4367 734 4436 spatia
783 4368 1119 4423 terminaret.
1173 4368 1282 4438 (Ex
1324 4369 1516 4443 Beda.)
1556 4372 1686 4426 Erat
1735 4382 1916 4429 autem

2018 3199 2155 3253 quos
2184 3185 2381 3239 iterum
2415 3184 2496 3239 sol
2519 3185 2762 3257 justitiae,
2794 3185 3060 3251 Christus,
3092 3199 3212 3259 post
3254 3194 3608 3247 resurrectio-

2019 3290 2163 3340 nem,
2191 3276 2452 3330 ascendit.
2512 3275 2620 3348 (Ea:
2646 3275 2899 3348 Isidoro.)
2937 3277 3148 3335 Primus
3194 3281 3374 3352 itaque
3406 3285 3609 3353 gradus

2017 3365 2383 3420 descensionis
2414 3366 2480 3421 de
2509 3366 2617 3420 Deo
2640 3367 2693 3421 in
2723 3368 2914 3435 angelo
2948 3367 3069 3433 fuit,
3099 3370 3222 3439 quia
3264 3373 3444 3443 magni
3472 3388 3606 3429 con-

2017 3455 2126 3510 silii
2147 3457 2368 3512 nuntius
2399 3466 2536 3512 erat.
2587 3457 2829 3528 Denique
2864 3468 2920 3514 et
2957 3458 3123 3515 Jacob
3152 3462 3231 3517 sic
3272 3463 3603 3534 alloquitur:

2018 3549 2086 3603 Et
2110 3548 2265 3615 dixit,
2292 3549 2485 3618 inquit,
2514 3549 2738 3620 angelus
2764 3550 2856 3605 Dei
2889 3568 2901 3604 :
2940 3570 2958 3602 ‹
2992 3551 3104 3622 Ego
3146 3566 3264 3607 sum
3304 3554 3467 3619 Deus,
3513 3555 3601 3609 cui

2016 3639 2219 3695 unxisti
2255 3639 2489 3705 titulum,
2515 3648 2569 3695 et
2602 3641 2793 3696 vovisti
2824 3650 3026 3696 votum.
3059 3662 3077 3695 ι
3138 3642 3207 3697 Ut
3254 3650 3308 3698 et
3355 3643 3607 3714 angelum

2016 3739 2073 3785 et
2114 3731 2285 3787 Deum
2324 3730 2654 3797 ostenderet,
2696 3733 2964 3787 secundus
2989 3734 3187 3804 gradus
3215 3734 3604 3799 descensionis,

2018 3823 2086 3877 de
2109 3822 2299 3893 angelo
2325 3824 2377 3877 in
2406 3823 2732 3893 patriarchis
2758 3823 2876 3888 fuit,
2911 3824 3034 3893 quia
3089 3842 3106 3873 ε
3136 3823 3189 3877 in
3229 3824 3482 3878 omnibus
3524 3824 3608 3896 (ut

2019 3913 2097 3967 ait
2120 3912 2427 3984 Apostolus)
2459 3914 2572 3982 ipse
2610 3923 2693 3968 est
2722 3921 2975 3982 operatus
3006 3912 3057 3985 (Ι
3090 3912 3213 3968 Cor.
3250 3913 3370 3985 xu).
3401 3934 3420 3966 ›
3479 3915 3612 3969 Ter-

2018 4003 2125 4058 tius
2154 4004 2207 4057 in
2241 4003 2376 4074 legis
2404 4004 2637 4068 (latione,
2666 4004 2789 4072 quia
2819 4012 2871 4058 et
2901 4004 2956 4058 in
2990 4004 3106 4075 lege
3139 4004 3253 4075 ipse
3291 4005 3502 4061 locutus
3526 4014 3615 4061 est

2021 4092 2217 4165 (Exod.
2248 4093 2361 4165 xx).
2413 4094 2649 4160 Quartus
2672 4094 2870 4164 gradus
2898 4094 2950 4148 in
2980 4092 3107 4149 Jesu
3134 4094 3303 4162 Nave,
3344 4104 3404 4151 ut
3442 4112 3612 4167 popu-

2018 4184 2129 4239 lum
2183 4185 2239 4238 in
2291 4195 2492 4240 terram
2538 4184 2971 4255 repromissionis
3023 4185 3302 4242 induceret
3356 4185 3491 4265 (Jog.
3546 4186 3609 4259 ι).

2019 4276 2249 4345 Quintus
2276 4278 2328 4332 in
2350 4278 2642 4348 judicibus,
2669 4279 2793 4348 quia
2815 4280 3062 4334 eumdem
3088 4280 3342 4349 populum
3377 4296 3476 4351 per
3510 4296 3609 4336 eos

2021 4372 2135 4441 ipse
2162 4372 2398 4441 regebat.
2451 4369 2647 4425 Sextus
2681 4371 2734 4424 in
2769 4371 2987 4441 regibus
3009 4368 3337 4435 Judaeorum,
3386 4370 3512 4440 quia
3555 4371 3615 4424 in

327 4458 466 4512 hora
491 4456 598 4513 diei
627 4458 856 4523 decima,
889 4460 1103 4528 quando
1144 4460 1258 4515 haec
1290 4462 1403 4532 regi
1441 4464 1702 4531 propheta
1730 4464 1918 4534 loque-
1943 4447 1995 4505 D
2021 4464 2102 4518 eis
2132 4463 2406 4533 regnabat.
2465 4461 2738 4531 Septimus
2778 4461 2831 4515 in
2876 4461 3171 4532 prophetis,
3221 4463 3347 4531 quia
3390 4477 3489 4532 per
3517 4476 3618 4516 eos

326 4550 491 4604 batur
517 4567 532 4603 :
568 4567 588 4600 ι
633 4547 725 4602 Vis
751 4565 904 4620 ergo,
933 4552 1125 4620 inquit,
1148 4560 1207 4604 ut
1230 4554 1485 4616 ascendat
1513 4556 1702 4609 umbra
1730 4556 1912 4613 decem

328 4640 508 4705 lineis,
548 4659 568 4691 ι
597 4643 923 4711 procedente
960 4642 1072 4696 sole
1116 4658 1279 4713 super
1318 4653 1515 4699 terram
1544 4661 1641 4715 per
1664 4647 1916 4702 Boreales

326 4731 516 4801 plagas
542 4747 714 4801 usque
735 4733 803 4787 ad
833 4732 1127 4798 Orientem,
1168 4735 1310 4803 quod
1336 4736 1524 4791 subtus
1551 4746 1750 4791 terram
1783 4753 1916 4808 quo-

328 4823 534 4875 tidiana
563 4823 954 4879 consuetudine
998 4824 1080 4878 sui
1125 4841 1319 4884 cursus
1342 4837 1459 4880 erat
1487 4826 1758 4894 facturus;
1790 4847 1808 4879 ‹
1845 4846 1914 4883 an

328 4924 389 4967 ut
436 4925 741 4969 revertatur
785 4917 977 4971 utnbra
1023 4918 1247 4973 totidem
1295 4919 1570 4990 gradibus,
1603 4939 1621 4971 ι
1655 4936 1915 4976 conversa

330 5014 635 5059 retrorsum
658 5006 795 5061 facie
822 5007 970 5071 solis,
1005 5009 1230 5078 ipsoque
1250 5024 1348 5079 per
1372 5010 1678 5064 Australem
1709 5010 1918 5081 plagam

326 5095 395 5148 ad
426 5093 703 5149 Orientem
729 5098 1007 5166 regresso?

409 5208 428 5240 ι
455 5191 528 5243 At
555 5206 672 5255 rex,
704 5190 886 5246 Facile
910 5202 1011 5258 est,
1044 5192 1240 5262 inquit,
1269 5193 1520 5247 umbram
1550 5208 1799 5249 crescere
1828 5194 1921 5249 de-

331 5300 353 5333 c
382 5298 501 5337 cem
531 5283 710 5339 lineis.
768 5283 879 5339 Nec
914 5285 1016 5338 hoc
1056 5284 1197 5350 volo,
1242 5292 1300 5338 ut
1340 5283 1455 5350 ﬂat,
1504 5287 1598 5338 sed
1640 5292 1700 5338 ut
1744 5299 1922 5339 rever-

331 5392 352 5424 ε
385 5382 535 5427 tatur
586 5384 881 5430 retrorsum
943 5376 1127 5431 decem
1176 5376 1432 5446 gradibus
1462 5416 1476 5440 ,
1511 5396 1529 5428 ι
1595 5384 1700 5430 etc.
1772 5374 1919 5430 Vidit

326 5480 569 5534 namque
598 5466 725 5534 quia
765 5466 981 5535 majoris
1017 5467 1261 5521 miraculi
1297 5483 1419 5523 esse
1465 5474 1701 5537 poterat,
1752 5466 1797 5522 si
1838 5466 1921 5522 sol

325 5562 669 5618 contrarium
703 5576 801 5615 suo
828 5575 977 5615 more
1012 5576 1230 5616 cursum
1268 5570 1472 5632 ageret,
1503 5576 1665 5632 quam
1701 5560 1745 5616 si
1791 5575 1918 5615 con-

327 5664 488 5710 sueto
512 5667 768 5723 processu
800 5654 1050 5709 incedens
1080 5654 1293 5710 tametsi
1319 5655 1489 5711 multo
1514 5654 1698 5722 altius,
1728 5654 1783 5709 id
1810 5662 1917 5719 est,

2024 4554 2394 4607 annuntiatur.
2441 4551 2677 4607 Octavus
2705 4552 2757 4605 in
2780 4551 3145 4621 pontiﬁcibus,
3171 4551 3296 4622 quia
3330 4552 3442 4623 ipse
3465 4566 3614 4607 sum-

2023 4658 2145 4698 mus
2178 4643 2432 4697 sacerdos
2462 4650 2545 4696 est
2575 4640 2760 4711 (Hebr.
2793 4639 2866 4712 v).
2909 4639 3096 4696 Nonus
3127 4641 3180 4695 in
3217 4641 3452 4695 homine.
3508 4640 3613 4695 De-

2024 4733 2198 4790 cimus
2252 4735 2305 4788 in
2358 4733 2627 4804 passione.
2674 4730 2781 4787 Per
2820 4732 2918 4789 hos
2968 4733 3112 4788 enim
3161 4734 3345 4788 decem
3385 4733 3605 4805 gradus,

2025 4825 2177 4895 quasi
2206 4840 2302 4894 per
2337 4825 2582 4878 umbram
2614 4823 2747 4894 legis
2776 4824 2987 4892 priscae,
3025 4823 3274 4879 Christus
3312 4824 3613 4889 descendit,

2026 4930 2215 4970 rursus
2247 4922 2368 4984 post
2398 4914 2851 4967 resurrectionem
2879 4927 3029 4967 suam
3066 4909 3157 4966 Sol
3181 4910 3426 4979 justitize,
3454 4911 3615 4968 Chri-

2023 5016 2160 5071 stus,
2188 5023 2285 5076 per
2311 5007 2526 5062 eosdem
2556 5006 2753 5077 gradus
2788 5021 3006 5060 sursum
3034 5006 3088 5059 in
3120 5005 3314 5059 cmlum
3342 5006 3615 5071 ascendit,

2021 5107 2077 5153 et
2114 5114 2327 5153 omnem
2372 5098 2517 5151 illam
2561 5097 2805 5151 umbram
2836 5096 2993 5168 legis,
3024 5098 3272 5152 veritatis
3299 5098 3464 5152 radiis
3491 5097 3614 5150 illu-

2021 5195 2214 5250 stravit
2238 5192 2416 5266 (Joan.
2454 5191 2513 5264 l),
2548 5192 2777 5246 obscura
2812 5190 3078 5257 rcvelans,
3109 5190 3289 5246 clausa
3335 5204 3613 5253 reserans,

2021 5296 2077 5341 ct
2103 5286 2282 5340 omnia
2316 5293 2455 5340 tecta
2480 5282 2781 5338 denudans.

2098 5397 2116 5428 c
2145 5376 2201 5429 In
2250 5384 2492 5445 tempore
2537 5374 2628 5428 illo
2662 5373 2808 5427 misit
2839 5371 3123 5427 Merodach
3154 5370 3432 5435 Baladam,
3465 5367 3610 5423 ﬁlius

2027 5488 2046 5521 ι
2077 5468 2348 5535 Baladam,
2381 5485 2474 5522 rex
2503 5466 2942 5538 Babyloniorum,
2971 5466 3181 5521 litteras
3205 5473 3259 5520 et
3287 5477 3509 5518 munera
3539 5460 3613 5514 ad

2026 5582 2045 5615 ς
2075 5563 2386 5618 Ezechiam.
2442 5560 2701 5615 Audierat
2728 5559 2894 5623 enim,
2929 5558 3073 5628 quod
3111 5559 3425 5626 aegrotasset
3468 5550 3612 5607 Eze-

2027 5673 2045 5704 ‹
2075 5655 2241 5709 chias.
2291 5652 2523 5707 Lzetatus
2548 5660 2632 5706 est
2658 5659 2838 5704 autem
2881 5649 2934 5702 in
2979 5647 3209 5701 adventu
3240 5656 3427 5698 eorum
3466 5638 3611 5695 Eze—
3652 5645 3681 5652 ”
