3902 6146
358 268 462 323 265

1004 261 1066 315 Β.
1108 258 1360 315 RABANI
1398 260 1616 316 MAURI
1651 256 1969 319 ARCHIEP.
2012 254 2321 314 MOGUNT.
2357 254 2643 312 OPEBUM
2681 253 2859 310 PARS
2892 253 2930 306 l.

3498 254 3610 310 9.64

368 403 385 433 ι
412 380 595 443 chias,
621 386 677 432 et
698 376 933 431 ostendit
960 376 1038 449 eis
1065 378 1281 431 domum
1309 388 1633 444 aromatum,
1659 387 1715 433 et
1744 394 1935 433 aurum
1961 385 2013 444 Α
2038 377 2317 446 Scriptura
2343 386 2527 432 sancta
2559 378 2842 433 elationem
2884 378 3064 433 cordis
3106 377 3225 447 ejus
3267 378 3397 434 dicit
3436 382 3614 451 pani-

368 494 387 522 ‹
416 480 471 526 et
515 475 817 538 argentum,
866 479 922 522 et
962 469 1232 538 pigmenta
1274 470 1444 523 varia.
1487 470 1769 540 Unguenta
1805 486 1935 539 quo-

370 583 387 613 ι
420 578 523 632 que
557 571 611 615 et
645 560 861 613 domum
886 573 1138 612 vasorum
1184 574 1425 624 suorum,
1469 568 1523 615 et
1567 562 1769 626 omnia,
1819 576 1938 630 qua:

369 673 387 704 ι
417 653 617 707 habere
660 657 870 720 poterat
906 649 960 703 in
997 650 1262 704 thesauris
1296 651 1425 704 suis.
1472 650 1588 706 Non
1632 652 1754 715 fuit,
1797 651 1939 720 quod

371 761 387 791 ι
419 758 523 794 non
569 746 895 792 monstraret
921 737 1000 791 eis
1032 737 1291 792 Ezechias
1325 739 1377 792 in
1428 739 1586 793 domo
1623 755 1741 804 sua,
1784 748 1839 794 et
1883 739 1939 793 in

371 849 390 880 ε
420 828 562 882 omni
596 833 858 895 potestate
888 840 984 879 sua
1026 825 1159 897 (Isa.
1198 826 1407 898 xxxix).
1437 847 1457 879 ι
1500 826 1675 897 Supra
1714 828 1941 891 legimus

370 917 475 991 (IV
506 918 633 986 Reg.
667 915 842 985 vaII),
877 915 1087 970 decimo
1111 925 1304 985 quarto
1335 932 1477 970 anno
1520 918 1661 986 regis
1699 917 1942 972 Ezechiae

367 1008 671 1062 ascendisse
707 1004 1096 1070 Sennacherib,
1142 1020 1322 1075 regem
1369 1005 1736 1076 Assyriorum,
1783 1022 1944 1077 super

367 1112 555 1152 omnes
581 1096 823 1149 civitates
850 1092 985 1148 Juda
1019 1096 1272 1159 munitas,
1297 1103 1352 1148 et
1394 1096 1599 1164 cepisse
1624 1110 1737 1159 eas,
1767 1105 1818 1149 et
1850 1111 1944 1165 po-

369 1200 483 1244 slea
514 1189 788 1243 obsedisse
818 1188 1029 1252 Lachis,
1059 1189 1315 1243 transisse
1338 1188 1595 1251 Lobnam,
1622 1189 1832 1247 misisse
1856 1187 1947 1243 Je-

370 1281 602 1336 rusalem
649 1291 855 1350 partem
889 1280 1156 1334 exercitus
1181 1281 1285 1343 sui,
1313 1294 1558 1348 caesaque
1578 1294 1677 1349 per
1697 1279 1944 1349 angelum

367 1379 580 1425 centum
628 1371 897 1439 octoginta
945 1370 1180 1438 quinque
1223 1369 1389 1422 millia
1427 1368 1695 1424 exercitus
1729 1370 1864 1436 ejus,
1891 1378 1950 1425 et

369 1463 546 1531 ipsum
589 1460 789 1528 fugisse
837 1459 1083 1523 Niniven,
1140 1456 1589 1527 interfectumque
1638 1473 1670 1511 a
1719 1456 1843 1512 filiis
1891 1457 1947 1511 in

369 1550 495 1604 fano
522 1551 615 1603 Dei
650 1550 752 1612 sui,
788 1557 842 1603 et
875 1565 1128 1620 regnasse
1163 1565 1264 1619 pro
1310 1565 1374 1604 eo
1397 1549 1737 1609 Asarhaddon
1780 1548 1946 1602 filium

371 1638 519 1707 ejus;
560 1647 847 1709 :egrotasse
887 1638 1197 1704 Ezechiam,
1240 1646 1296 1694 et
1351 1640 1636 1709 recepisse,
1687 1639 1949 1709 prapheta

2036 469 2204 523 tentia
2237 469 2559 538 mitigatam,
2591 469 2827 523 inferens
2858 484 2872 522 :
2905 487 2923 519 ι
2954 469 3023 523 Et
3051 469 3364 526 humiliatus
3406 480 3492 527 est
3521 489 3618 543 po-

2036 566 2173 621 stea,
2213 573 2279 613 eo
2301 559 2444 627 quod
2470 558 2762 613 exaltatum
2803 557 2989 613 fuisset
3023 574 3120 614 cor
3151 559 3288 628 ejus,
3332 570 3441 617 tam
3475 564 3614 633 ipse,

2038 666 2198 719 quam
2235 651 2565 705 habitatores
2604 648 2928 711 Jerusalem;
2972 659 3026 705 et
3069 651 3270 705 idcirco
3311 669 3418 707 non
3465 654 3619 708 venit

2039 742 2118 796 ira
2154 741 2364 796 Domini
2414 756 2573 810 super
2608 755 2703 795 eos
2740 741 2791 794 in
2834 740 3023 794 diebus
3058 740 3301 796 Ezechiae
3347 741 3554 814 (Ibid)
3591 762 3612 795 ι

2040 830 2276 885 Limatus
2310 838 2393 884 est
2416 844 2544 899 ergo
2581 829 2634 882 in
2677 829 2909 882 adventu
2958 829 3256 899 legatorum
3305 829 3619 895 Merodach,

2040 936 2201 990 quem
2239 929 2446 991 patrem
2475 919 2642 975 fuisse
2668 918 3162 975 Nabuchodonosor
3200 920 3408 977 Hebraei
3460 934 3624 977 autu-

2042 1019 2226 1073 mant,
2272 1018 2328 1063 et
2370 1010 2423 1062 in
2456 1008 2723 1063 oblatione
2759 1024 3038 1063 munerum
3069 1019 3126 1064 et
3154 1012 3627 1081 congratulatione

2043 1098 2286 1153 sanitatis
2311 1114 2441 1153 sum.
2499 1116 2518 1149 ι
2546 1097 2895 1167 Ostenditque
2924 1098 3002 1153 eis
3040 1100 3210 1171 (juxta
3241 1100 3620 1176 Septuaginta)

2042 1187 2260 1242 domum
2289 1187 2562 1243 Necbotba
2591 1208 2610 1239 ι
2651 1203 2750 1257 pro
2787 1204 2893 1258 qua
2920 1188 3274 1260 Symmachus
3319 1193 3620 1259 transtulit,

2050 1295 2071 1329 ι
2101 1286 2401 1333 aromatum
2436 1293 2675 1343 suorum,
2701 1287 2755 1333 et
2783 1280 3062 1334 thesauros
3089 1281 3298 1352 argenti
3326 1290 3381 1336 et
3412 1283 3529 1337 auri
3563 1294 3626 1338 et

2045 1367 2515 1423 odoramentorum
2567 1375 2621 1421 et
2664 1368 2918 1438 unguenti
2966 1368 3152 1436 optimi
3204 1369 3366 1439 (quod
3416 1373 3470 1425 in
3516 1371 3626 1425 lle-

2045 1457 2232 1511 braico
2254 1456 2527 1521 scribitur,
2554 1454 2655 1509 olei
2682 1456 2843 1526 boni),
2872 1464 2926 1510 et
2948 1471 3135 1512 omnes
3158 1459 3439 1516 thesauros
3469 1476 3626 1516 vaso-

2047 1562 2168 1600 rum
2204 1545 2382 1610 Gazte,
2412 1566 2431 1598 ι
2482 1546 2595 1601 sive
2650 1549 2732 1616 (ut
2772 1546 2845 1600 ibi
2888 1546 3102 1619 legitur)
3159 1566 3178 1599 ε
3206 1565 3457 1605 vasorum
3498 1568 3627 1607 sro-

2051 1652 2190 1691 rum.
2223 1657 2243 1690 o
2295 1636 2441 1692 Gaza
2469 1645 2671 1700 autem,
2710 1637 2888 1709 lingua
2917 1637 3221 1705 Persarum,
3256 1643 3450 1697 divitia;-
3490 1661 3629 1699 nun-

371 1731 583 1791 nuutio,
629 1730 971 1798 sospitatem;
1022 1728 1221 1784 factum
1259 1730 1469 1799 signum
1509 1729 1842 1794 incredibile,
1892 1737 1950 1783 ut
1977 1726 2023 1785 B
2051 1733 2325 1795 cupalul‘;
2387 1740 2489 1780 nec
2522 1732 2607 1779 est
2649 1724 2904 1781 Hebrieus
2953 1742 3149 1794 sermO,
3196 1731 3291 1785 sed
3340 1732 3624 1788 barbarus.

374 1822 454 1877 sol
500 1822 686 1876 decem
732 1823 983 1874 horarum
1041 1821 1231 1891 spatiis
1284 1830 1647 1876 reverteretur
1678 1823 1745 1877 ad
1770 1830 1947 1877 ortum

374 1929 550 1977 suum,
589 1920 645 1967 et
684 1926 819 1982 pene
864 1911 1057 1981 duplex
1104 1912 1220 1966 dies
1264 1911 1416 1966 fieret
1462 1910 1569 1983 (IV
1624 1910 1752 1983 Reg.
1798 1911 1945 1983 xu);

374 2020 519 2058 nunc
544 2004 766 2072 legimus
795 2004 936 2073 quod
965 2004 1017 2056 in
1051 2011 1290 2071 tempore
1331 2003 1441 2066 illo,
1483 2003 1584 2058 hoc
1620 2011 1724 2068 est,
1764 2004 1816 2057 in
1861 2018 1951 2059 eo-

376 2094 496 2147 dem
527 2108 688 2157 anno,
719 2108 824 2162 quo
860 2093 972 2146 haec
998 2102 1148 2163 gesta
1180 2101 1307 2147 sunt
1349 2093 1549 2159 omnia,
1594 2094 1742 2149 misit
1781 2093 1953 2149 Mero-

376 2184 510 2237 dach
544 2183 812 2244 Baladam,
844 2182 982 2236 [ilius
1016 2182 1288 2244 Baladam,
1333 2199 1423 2237 rex
1462 2182 1769 2256 Babylonis,
1809 2184 1955 2239 litte-

377 2289 466 2326 ras
485 2281 537 2326 et
562 2287 785 2326 munera
808 2273 874 2324 ad
902 2271 1207 2337 Ezechiam,
1236 2270 1612 2338 Asarhaddon,
1629 2274 1723 2343 qui
1749 2273 1955 2328 Senna-

376 2362 562 2417 clIerib
604 2364 743 2431 patri
781 2361 918 2432 apud
957 2361 1202 2434 Assyrios
1242 2363 1295 2415 in
1334 2377 1555 2431 regnum
1599 2372 1950 2429 successerat,

381 2452 448 2505 de
481 2452 635 2520 cujus
661 2468 753 2505 seu
781 2459 952 2505 morte
981 2466 1076 2505 seu
1106 2450 1216 2525 viga
1253 2449 1528 2520 Scriptura
1558 2454 1832 2507 conticuit.
1874 2452 1952 2507 Ex

381 2558 488 2611 quo
518 2543 855 2611 perspicuum
885 2551 969 2595 est
992 2541 1136 2596 aliud
1174 2540 1343 2596 fuisse
1376 2552 1501 2597 tunc
1530 2557 1754 2612 regnum
1781 2543 1950 2613 Assy-

380 2632 611 2696 riorum,
639 2641 694 2687 et
717 2632 858 2686 aliud
886 2632 1312 2703 Babyloniorum.
1360 2633 1598 2701 Denique
1634 2632 1953 2701 Samariam,

383 2721 436 2775 id
462 2730 567 2786 est,
602 2722 786 2775 decem
842 2722 1011 2775 tribus
1049 2737 1241 2791 cepere
1280 2722 1506 2793 Assyrii.
1546 2721 1739 2777 Judam
1777 2733 1955 2781 autem

380 2820 438 2865 et
467 2810 761 2867 Jerusalem
791 2824 971 2882 postea
1001 2813 1224 2884 legimus
1252 2816 1456 2884 cepisse
1491 2814 1791 2882 Chaldmos,
1828 2833 1960 2887 quo-

384 2919 502 2958 rum
542 2919 631 2959 rex
679 2904 1174 2961 Nabuchodonosor
1214 2906 1330 2961 fuit.
1385 2908 1450 2961 Et
1487 2908 1634 2977 quia,
1681 2909 1822 2977 apud
1861 2926 1956 2967 eos

380 3003 648 3049 astrorum
683 2995 1022 3050 observantia
1053 3004 1156 3061 est,
1181 2996 1561 3065 stellarumque
1589 3012 1779 3053 cursus
1800 2998 1959 3070 longo

382 3101 484 3139 usu
539 3092 598 3139 et
648 3085 1029 3138 exercitatione
1073 3086 1333 3153 cognitus,
1383 3087 1525 3155 quod
1562 3095 1618 3140 et
1655 3088 1708 3141 in
1744 3089 1955 3143 Domini
1984 3073 2028 3134 C-

385 3175 662 3229 nativitate
690 3182 1040 3240 monstratur,
1066 3175 1444 3231 intellexerunt
1467 3179 1633 3235 solem
1660 3195 1954 3245 reversum,

384 3265 490 3318 diei
534 3266 706 3332 spatia
748 3266 1038 3336 duplicata,
1068 3267 1270 3321 servire
1299 3268 1347 3322 ei
1380 3280 1537 3337 quem
1565 3269 1738 3325 solum
1764 3272 1954 3338 Deum,

386 3356 439 3409 id
463 3364 566 3415 est,
596 3355 761 3409 solem
798 3358 1077 3426 putabant.
1127 3355 1367 3426 Cumque
1392 3373 1582 3415 causas
1612 3359 1771 3430 hujus
1796 3363 1961 3417 mira-

387 3448 492 3502 culi
521 3449 887 3517 rationemque
912 3448 1301 3519 perquirereut,
1332 3450 1473 3505 fama
1507 3468 1602 3522 per
1625 3468 1812 3508 omnes
1830 3469 1959 3524 gen-

387 3545 467 3591 tes
497 3537 768 3600 volitante,
799 3538 1100 3593 didicerunt
1131 3549 1349 3611 pr0pter
1379 3544 1781 3610 aegrotationem
1820 3545 1960 3615 regis

384 3626 583 3682 Judtea:
611 3627 770 3681 etiam
802 3643 1016 3682 cursqu
1056 3628 1195 3699 signi
1234 3629 1515 3685 clarissimi
1550 3641 1955 3687 commutatum.

389 3718 562 3783 Quam
588 3732 694 3772 non
737 3732 855 3772 esse
896 3718 1259 3787 opinationem
1298 3735 1494 3786 meam,
1539 3721 1634 3776 sed
1669 3719 1960 3791 Scriptum

390 3817 610 3873 sanctae,
661 3808 876 3863 Dierum
924 3809 1101 3865 Verba
1146 3818 1433 3877 testantur,
1476 3828 1594 3882 qua:
1620 3814 1802 3868 dixere
1842 3821 1965 3884 post

390 3899 493 3952 alia
526 3916 539 3952 :
578 3916 596 3949 ‹
623 3898 740 3969 Ipse
763 3909 844 3952 est
879 3899 1160 3965 Ezechias,
1188 3901 1277 3970 qui
1316 3902 1586 3955 obturavit
1629 3902 1960 3972 superiorem

389 3988 591 4043 fontem
620 4003 882 4058 aquarum
912 3988 1070 4054 Giou,
1100 4000 1156 4044 et
1183 3990 1377 4045 avertit
1400 4007 1492 4045 eas
1525 3992 1713 4046 subtus
1759 3993 1825 4047 ad
1870 4008 1962 4048 oc-

390 4080 658 4134 cidentem
689 4080 837 4133 urbis
862 4080 1050 4134 David.
1102 4079 1160 4135 ln
1186 4082 1435 4137 omnibus
1471 4083 1719 4151 operibus
1746 4083 1859 4138 suis
1884 4082 1963 4138 fe-

389 4168 464 4221 cit
495 4182 751 4237 prospere
785 4183 905 4237 quae
935 4167 1130 4234 voluit;
1162 4177 1398 4224 attamen
1429 4170 1481 4223 in
1511 4169 1774 4239 legatione
1813 4170 1961 4240 prin-

387 4258 564 4326 cipum
588 4256 892 4327 Babylonis,
922 4257 1013 4327 qui
1037 4258 1183 4311 missi
1211 4258 1425 4312 fuerant
1451 4258 1517 4311 ad
1542 4273 1684 4323 eum,
1706 4266 1765 4311 ut
1795 4259 1963 4312 inter-

389 4355 642 4415 rogarent
671 4346 735 4400 de
771 4355 1037 4415 portento,
1065 4347 1205 4415 quod
1243 4347 1514 4402 acciderat
1546 4363 1708 4418 super
1737 4356 1958 4414 terram,

2056 1832 2076 1864 ι
2102 1815 2218 1869 Νοη
2243 1813 2365 1880 fuit,
2393 1815 2587 1885 inquit,
2612 1815 2835 1870 verbum
2881 1816 3062 1887 (quod,
3104 1818 3258 1889 juxta
3305 1819 3628 1878 Hebraicam

2051 1908 2515 1974 consuetudinem,
2550 1924 2648 1978 pro
2690 1925 2750 1964 re
2789 1907 3098 1979 frequenter
3131 1913 3393 1983 accipitur
3417 1915 3455 1986 :)
3483 1918 3630 1986 quod

2051 2014 2159 2054 non
2200 2000 2507 2054 ostenderet
2546 2000 2626 2054 eis
2664 2000 2718 2054 in
2752 2001 2908 2055 domo
2948 2017 3045 2056 sua
3081 2012 3137 2057 et
3180 2005 3324 2059 omni
3361 2016 3633 2076 potestate

2050 2105 2169 2146 sua.
2199 2111 2217 2144 ι
2285 2091 2436 2147 Unde
2476 2092 2571 2146 Dei
2616 2092 2696 2146 ira
2737 2091 3059 2160 justissima,
3104 2098 3248 2165 quod
3296 2114 3404 2153 non
3451 2100 3629 2154 solum

2052 2182 2334 2237 thesauros
2361 2196 2489 2238 suos
2514 2190 2674 2252 atque
2692 2184 2899 2253 palatii,
2926 2186 3018 2240 sed
3062 2193 3117 2241 et
3156 2188 3339 2258 templi
3378 2192 3635 2244 ostende~
3688 2213 3695 2219 κ

2052 2272 2125 2326 rit
2152 2272 2339 2340 ;'quod
2366 2281 2513 2326 certe
2535 2272 2637 2328 fuit
2659 2275 2941 2342 potestatis
2974 2274 3112 2345 ejus,
3159 2279 3226 2333 de
3270 2277 3420 2348 cujus
3458 2281 3633 2336 valvis

2052 2360 2170 2414 auri
2196 2359 2427 2414 laminas
2440 2358 2553 2428 jam
2586 2362 2800 2417 tulerat.

2130 2450 2422 2506 «Introivit
2460 2456 2639 2506 autem
2674 2453 2842 2509 Isaias
2876 2456 3137 2525 propheta
3174 2457 3243 2511 ad
3281 2472 3458 2526 regem
3494 2459 3628 2514 Eze-

2060 2558 2078 2590 ι
2111 2539 2311 2604 chiam,
2340 2547 2394 2593 et
2418 2539 2555 2595 dixit
2576 2542 2627 2595 ei
2659 2559 2672 2595 :
2700 2541 2835 2608 Quid
2861 2543 3113 2598 dixerunt
3140 2545 3239 2599 viri
3263 2546 3373 2610 isti,
3405 2556 3458 2601 et
3486 2550 3633 2602 unde

2060 2648 2077 2680 ι
2110 2637 2377 2684 venerunt
2402 2630 2469 2685 ad
2498 2630 2593 2685 te?
2632 2630 2699 2685 Et
2745 2631 2880 2687 dixit
2903 2633 3162 2689 Ezechias
3195 2652 3208 2689 :
3245 2636 3318 2690 De
3347 2645 3487 2692 terra
3514 2637 3633 2691 10::-

2061 2739 2079 2770 ‹
2107 2720 2304 2791 ginqua
2332 2729 2612 2787 venerunt,
2655 2723 2723 2777 ad
2757 2738 2865 2789 me,
2903 2724 2970 2778 de
3005 2724 3295 2795 Babylone.
3347 2727 3414 2780 Et
3446 2729 3584 2782 dixit
3612 2746 3627 2782 :

2064 2830 2081 2861 ι
2110 2812 2246 2878 Quid
2272 2812 2522 2867 viderunt
2558 2813 2611 2868 in
2646 2813 2805 2870 domo
2856 2816 2991 2869 tua?
3037 2816 3104 2870 Et
3142 2818 3278 2872 dixit
3324 2817 3585 2875 Ezechias
3614 2837 3627 2873 :

2063 2920 2080 2952 ι
2112 2901 2303 2957 Omnia
2336 2919 2457 2973 quae
2494 2904 2546 2958 in
2585 2905 2745 2960 domo
2776 2921 2894 2961 mea
2930 2916 3054 2962 sunt
3087 2908 3351 2973 viderunt,
3393 2926 3498 2964 non
3528 2908 3633 2964 fuit

2065 3016 2082 3047 ‹
2116 2998 2340 3052 verbum
2369 2998 2482 3051 sive
2509 3012 2594 3052 res
2619 3012 2779 3067 quam
2804 3013 2910 3056 non
2936 3000 3262 3056 ostenderim
3302 3002 3381 3057 eis
3412 3002 3466 3056 in
3513 3003 3633 3057 the-

2065 3104 2084 3136 ι
2115 3086 2289 3141 sauris
2333 3087 2487 3141 meis.
2542 3087 2608 3142 Et
2642 3088 2779 3142 dixit
2823 3088 2990 3144 Isaias
3030 3090 3099 3144 ad
3137 3090 3418 3145 Ezechiam
3450 3111 3465 3145 :
3493 3094 3631 3148 Audi

2064 3196 2082 3229 ι
2112 3178 2272 3233 verba
2312 3179 2521 3233 Domini
2561 3180 2915 3234 exercituum.
2962 3181 3101 3236 Ecce
3139 3181 3253 3237 dies
3304 3184 3538 3249 venient,
3577 3194 3634 3239 et

2064 3290 2083 3320 ‹
2109 3269 2420 3324 auferentur
2457 3272 2636 3325 omnia
2676 3286 2793 3341 quae
2819 3273 2872 3326 in
2909 3274 3069 3328 domo
3116 3284 3206 3329 tua
3237 3286 3386 3342 sunt,
3426 3286 3480 3332 et
3514 3294 3636 3348 qua:

2065 3381 2083 3412 ‹
2115 3363 2618 3419 thesaurizaveruut
2642 3376 2824 3435 patres
2852 3368 2949 3432 tui,
2993 3384 3162 3439 usque
3197 3371 3265 3425 ad
3303 3372 3445 3426 diem
3493 3372 3636 3429 hanc

2065 3472 2082 3505 ι
2114 3454 2167 3508 in
2212 3454 2557 3525 Babylonem.
2611 3455 2725 3511 Non
2780 3458 3113 3530 relinquetur
3146 3463 3459 3534 quidquam,
3502 3465 3636 3520 dicit

2064 3565 2082 3597 ‹
2116 3545 2393 3602 Dominus.
2446 3548 2514 3602 Et
2555 3549 2621 3604 de
2657 3549 2781 3606 filiis
2808 3553 2934 3618 tuis,
2965 3555 3054 3623 qui
3084 3556 3425 3626 egredientur
3455 3573 3519 3612 ex
3556 3569 3631 3623 te,

2065 3653 2082 3684 ι
2113 3649 2249 3703 quos
2280 3638 2551 3706 genueris,
2582 3637 2865 3706 tollentur;
2898 3652 2952 3696 et
2975 3653 3133 3698 erunt
3164 3647 3398 3701 eunuchi
3440 3647 3492 3701 in
3535 3662 3635 3718 pa—

2064 3746 2082 3777 (
2113 3725 2242 3783 latio
2274 3729 2416 3799 regis
2443 3729 2748 3802 Babylonis.
2787 3733 2851 3787 Et
2877 3735 3011 3788 dixit
3038 3736 3296 3793 Ezechias
3316 3740 3381 3792 ad
3404 3738 3630 3794 lsaiam:

2066 3832 2084 3865 ι
2112 3814 2319 3871 Bonum
2352 3819 2577 3872 verbum
2605 3820 2833 3886 Domini,
2863 3825 3003 3891 quod
3024 3824 3237 3881 locutus
3265 3835 3367 3881 est.
3421 3828 3490 3881 Et
3515 3830 3593 3883 ait
3617 3847 3630 3882 :

2065 3922 2084 3954 ι
2112 3905 2233 3960 Fiat
2268 3914 2476 3962 tantum
2505 3924 2608 3978 pax
2642 3921 2697 3965 et
2738 3912 2934 3967 veritas
2960 3914 3012 3968 in
3045 3916 3230 3971 diebus
3263 3917 3419 3983 meis,
3471 3937 3490 3970 ι
3522 3928 3631 3974 etc.

2061 3997 2301 4056 Tradunt
2325 4000 2533 4057 llebrzci
2562 4005 2682 4060 ideo
2709 4016 2997 4076 aegrotasse
3022 4009 3307 4064 Ezechiam
3352 4012 3633 4080 quoniam,

2057 4102 2181 4162 post
2207 4095 2500 4150 inauditam
2528 4098 2807 4152 victoriam
2829 4097 3156 4166 Judaeorum,
3182 4111 3238 4156 et
3255 4102 3463 4172 Assyrii
3492 4104 3636 4173 regis

2060 4184 2356 4249 interitum,
2401 4201 2507 4240 non
2548 4187 2802 4242 cecinerit
2836 4188 3018 4244 laudes
3046 4190 3289 4256 Domino,
3320 4207 3454 4261 quas
3485 4194 3635 4247 ceci—

2061 4275 2143 4329 nit
2167 4275 2396 4344 Moyses,
2424 4275 2706 4334 Pbaraone
2730 4279 3009 4334 submerso
3039 4280 3235 4351 (Exod.
3264 4281 3375 4349 xv),
3423 4290 3478 4336 et
3526 4284 3635 4337 De-

2060 4362 2212 4427 bora,
2246 4363 2528 4419 interfecto
2551 4365 2731 4420 Sisara
2759 4368 2907 4438 (Jud.
2934 4368 3011 4439 v),
3047 4378 3101 4424 et
3126 4369 3304 4434 Anna,
3326 4370 3506 4440 genito
3529 4371 3634 4425 Sa-

387 4437 606 4506 reliquit
650 4453 773 4491 eum
823 4438 982 4503 DeUS,
1025 4446 1084 4492 ut
1126 4448 1438 4504 tentaretur.
1483 4447 1538 4495 et
1589 4449 1713 4495 nota
1771 4415 2036 4496 ﬁerentD
2060 4415 2235 4506 maele
2262 4452 2308 4523 (Ι
2343 4452 2469 4523 Reg.
2498 4415 3156 4526 It);unde‘commdnitum
3179 4415 3304 4514 esse
3326 4415 3637 4528 Fragilitatis

389 4530 571 4584 omnia
592 4545 709 4600 qua:
735 4530 962 4584 erantin
990 4528 1150 4584 corde
1178 4529 1295 4598 ejus
1323 4530 1409 4602 (ΙΙ
1442 4530 1572 4585 Par.
1597 4531 1789 4605 XXXII).
1814 4552 1832 4585 ι
1876 4533 1960 4587 ld—
2058 4556 2187 4595 sum.
2237 4541 2578 4612 Rursumque
2616 4555 2739 4614 post
2776 4548 3017 4614 corporis
3054 4546 3361 4611 sanitatem,
3403 4557 3457 4601 et
3493 4549 3633 4616 signi

388 4621 535 4676 circo
563 4629 740 4674 autem
764 4619 1044 4673 tentatioui
1074 4619 1289 4674 relictus
1313 4629 1416 4685 est,
1442 4621 1566 4690 quia
1595 4631 1715 4690 post
1751 4632 1957 4677 tantam
2057 4632 2497 4701 magnitudinem,
2528 4633 2711 4688 circi-ri
2763 4635 2924 4690 aliam
2972 4637 3305 4691 occasionem
3347 4639 3633 4706 superbiae,

389 4710 693 4773 victoriam,
732 4716 787 4762 et
814 4707 942 4762 solis
987 4721 1309 4778 regressum,
1348 4717 1403 4763 et
1445 4711 1956 4778 eongratulationem
2054 4735 2233 4791 quam,
2288 4730 2348 4775 ut
2392 4722 2628 4792 prudens
2670 4733 2725 4779 et
2774 4725 2866 4780 Dei
2906 4726 3101 4790 cultor,
3142 4726 3310 4781 vitare
3351 4729 3633 4794 debuerat,

390 4799 540 4869 regni
567 4796 923 4867 potentissimi
951 4814 963 4850 :
988 4812 1083 4852 cor
1108 4796 1247 4852 illius
1273 4798 1536 4854 elevatum
1569 4809 1671 4855 est.
1718 4802 1956 4873 Denique
2053 4826 2155 4867 nec
2176 4822 2477 4868 monstrare
2500 4814 2812 4885 alienigenis
2826 4817 3039 4872 divitias
3064 4834 3208 4884 suas,
3235 4834 3389 4888 quas,
3410 4819 3520 4873 Deo
3545 4823 3639 4874 tri-

392 4889 448 4941 in
499 4888 686 4941 eodem
730 4886 996 4941 volumine
1050 4887 1303 4942 scribitur
1341 4906 1354 4941 :
1393 4907 1411 4939 ι
1443 4888 1591 4944 Multi
1646 4891 1961 4947 deferebant

393 4978 598 5033 bostias
633 4985 689 5031 et
723 4976 987 5031 sacriﬁcia
1026 4977 1252 5033 Domino
1288 4980 1341 5033 in
1379 4978 1675 5037 Jerusalem
1697 5023 1713 5049 ,
1747 4993 1802 5038 et
1837 5001 1957 5039 mu-

393 5082 525 5121 nera
574 5066 817 5120 Ezechim
866 5068 976 5135 regi
1025 5065 1202 5133 Judaz;
1248 5077 1303 5123 et
1349 5072 1614 5127 exaltatus
1656 5082 1738 5129 est
1776 5091 1957 5130 coram

391 5157 600 5211 cunctis
639 5157 907 5227 gentibus.
954 5157 1012 5212 ln
1042 5157 1229 5214 diebus
1255 5160 1363 5215 illis
1390 5163 1667 5232 aegrotavit
1694 5181 1863 5235 usque
1891 5167 1959 5221 ad

392 5255 644 5312 mortem,
668 5255 725 5301 et
756 5247 928 5301 oravit
957 5248 1262 5315 Dominum,
1303 5259 1357 5305 et
1402 5252 1674 5307 exaudivit
1715 5269 1858 5319 eum,
1906 5266 1961 5311 et

391 5338 539 5393 dedit
561 5339 609 5392 ei
641 5339 850 5409 signum
891 5338 995 5411 (IV
1032 5338 1160 5410 Reg.
1193 5342 1307 5413 xx).
1361 5342 1465 5399 Sed
1491 5360 1595 5399 non
1617 5346 1770 5416 juxta
1798 5350 1961 5404 bene-

391 5429 511 5485 ﬁcia
551 5445 672 5499 quae
718 5441 996 5502 acceperat
1047 5435 1333 5490 retribuit:
1366 5438 1488 5505 quia
1534 5441 1825 5495 exaltatum
1880 5453 1963 5498 est

394 5536 489 5575 cor
522 5521 656 5592 ejus,
694 5531 747 5576 et
775 5522 915 5578 facta
940 5532 1023 5579 est
1059 5535 1240 5580 contra
1273 5543 1394 5581 eum
1428 5530 1530 5594 ira,
1570 5540 1625 5585 et
1658 5543 1843 5589 contra
1869 5535 1962 5590 Ju-

395 5610 518 5666 dam
566 5622 621 5668 et
666 5610 964 5669 Jerusalem
1022 5613 1107 5679 (ΙΙ
1157 5614 1286 5671 Par.
1328 5620 1518 5681 xxxu).
1550 5641 1570 5674 ι
1623 5621 1962 5695 Rursumque

2058 4902 2274 4969 buente,
2297 4906 2629 4974 possederat.
2681 4906 2759 4961 Ex
2785 4922 2891 4977 quo
2912 4909 3066 4978 juxta
3096 4909 3240 4980 leges
3269 4922 3483 4979 quoque
3526 4918 3641 4964 tro-

2058 4995 2281 5069 pologia:
2313 4996 2589 5061 discimus,
2634 5016 2651 5049 ι
2685 5015 2790 5053 non
2831 5001 3119 5057 mittendas
3157 5002 3476 5071 margaritas
3507 5010 3640 5059 ante

2058 5099 2271 5152 porcos,
2298 5102 2394 5141 nec
2423 5089 2653 5143 dandum
2678 5101 2921 5146 sanctum
2960 5093 3182 5147 canibus
3213 5093 3427 5165 (Matth.
3461 5093 3580 5164 vn).
3614 5115 3632 5145 ι

2060 5174 2159 5240 Qui
2200 5176 2342 5231 enim
2382 5176 2554 5233 fidelis
2583 5188 2683 5244 est,
2730 5183 2918 5250 spiritu
2965 5184 3244 5239 abscondit
3290 5183 3520 5253 negotia.
3572 5184 3643 5238 Et

2060 5266 2362 5336 quicunque
2417 5266 2643 5335 fecerit,
2683 5272 2860 5326 omnis
2909 5272 3076 5328 virtus
3125 5273 3264 5328 illius
3307 5282 3638 5340 enervatur,

2059 5358 2303 5427 peritque
2337 5362 2641 5428 posteritas,
2669 5370 2724 5415 et
2758 5362 2957 5416 amisso
2982 5364 3124 5417 virili
3173 5365 3385 5427 robore,
3427 5364 3483 5417 iu
3518 5380 3642 5419 mu-

2060 5447 2283 5501 liebrem
2300 5450 2554 5519 redigitur
2570 5451 2972 5508 mollitudinem.
3009 5452 3309 5524 Ingreditur
3321 5469 3449 5524 ergo
3472 5454 3642 5510 Isaias

2063 5535 2129 5590 ad
2156 5552 2352 5605 regem,
2379 5548 2454 5603 et,
2482 5542 2633 5607 quasi
2664 5544 2878 5597 nescius
2906 5545 3211 5598 sciscitatur
3239 5562 3250 5595 :

2139 5647 2157 5679 ι
2190 5629 2327 5695 Quid
2349 5630 2599 5686 dixerunt
2624 5635 2725 5688 viri
2753 5637 2861 5703 isti,
2893 5645 2948 5691 et
2975 5640 3117 5694 unde
3145 5637 3440 5694 venerunt?
3468 5656 3486 5689 ι
3520 5636 3642 5690 Due
