3912 6160
1138 223 1600 286 COMRENT.-1N
1637 221 1882 281 LIBROS
1916 220 1988 278 IV
2024 220 2386 285 REGUM.'—
2411 224 2480 281 IN
2515 225 2647 293 LIB.
2682 225 2768 283 IV.

3491 229 3596 286 266

336 356 657 421 interrogat,
722 365 741 398 ι
771 344 900 414 quid
939 341 1110 397 iocati
1150 350 1307 405 sunt,
1327 359 1357 393 ι»
1411 346 1465 394 et
1514 355 1534 389 ι
1563 336 1704 393 unde
1755 348 1918 391 vene-
1942 334 1995 399 Δ
2019 333 2209 391 reddet
2231 334 2329 392 tibi
2353 320 2568 409 (καὶαι.
2598 336 2695 413 vi).
2724 355 2743 389 ι
2779 335 2915 392 liinc
2936 344 3020 392 est
3043 337 3189 409 quod
3213 337 3279 394 de
3302 338 3597 397 electorum

341 445 510 501 runt?
536 463 556 496 ι
606 441 699 497 ille
727 439 794 494 ad
832 452 997 493 unum
1025 434 1320 505 respondit,
1342 430 1512 486 altero
1533 425 1916 500 praetermisso,

331 536 487 609 quod
511 549 636 590 eum
658 528 900 601 emphasi
937 536 993 582 et
1018 524 1305 594 supercilio
1332 520 1614 594 legendum
1751 536 1766 573 :
1803 535 1822 569 ι
1841 514 1919 571 De

339 606 486 681 terra
533 620 824 693 longinqua
869 622 1135 671 venerunt
1187 612 1256 667 ad
1308 625 1399 666 me
1447 609 1514 664 de
1560 606 1861 677 Babylone;
1894 624 1914 658 ι

340 716 481 787 quod
527 719 732 783 quanto
770 717 915 764 terra
946 704 1161 777 longior
1185 702 1256 758 sit
1283 701 1423 756 unde
1455 706 1738 764 venerunt,
1768 702 1920 753 tanto

336 811 443 867 iste
468 807 782 879 gloriosior,
820 810 1042 873 propter
1083 813 1244 868 quem
1275 795 1539 850 venerint.
1595 792 1663 847 Et
1705 809 1724 843 ι
1751 789 1922 879 vehe-

339 878 493 965 runt,
529 896 737 968 inquit,
774 891 841 948 ad
871 905 980 956 me,
1009 907 1029 942 ι
1075 887 1169 959 qui
1202 887 1463 941 debuerat
1495 882 1675 938 dicere
1704 897 1719 934 :
1746 878 1921 934 Vene-

339 999 467 1046 runt
491 987 560 1045 ad
590 981 1001 1059 gloriﬁcandum
1028 978 1195 1036 Deum
1221 991 1322 1047 pro
1343 974 1485 1045 signi
1518 968 1914 1043 magnitudine,

345 1102 363 1134 ι
393 1082 459 1137 de
493 1078 787 1150 Babylone,
816 1094 837 1128 ι
871 1087 992 1143 quae
1018 1070 1150 1126 urbs
1170 1069 1226 1123 in
1252 1075 1365 1123 toto
1385 1065 1517 1120 orbe
1544 1060 1918 1137 potentissima

338 1182 439 1230 est.
485 1173 832 1240 Rursumque
870 1163 1036 1221 Isaias
1065 1180 1079 1217 :
1116 1180 1135 1213 ι
1163 1159 1324 1228 Quid,
1360 1157 1553 1228 inquit,
1583 1153 1832 1210 viderunt
1861 1150 1917 1207 in

338 1264 497 1320 domo
547 1258 689 1315 tua?
716 1277 735 1311 ι
801 1255 871 1310 Et
916 1252 1006 1309 ille
1053 1248 1327 1321 respondit
1366 1261 1434 1303 ex
1473 1252 1628 1317 parte
1677 1257 1867 1299 verum
1897 1280 1914 1309 ,

337 1353 478 1425 quod
505 1350 686 1414 omnia
708 1346 943 1403 viderint
969 1344 1025 1398 in
1052 1342 1213 1397 domo
1252 1338 1410 1401 illius,
1457 1351 1561 1391 nec
1601 1333 1767 1390 fuerit
1804 1347 1914 1398 res,

338 1424 497 1515 quam
524 1455 633 1495 non
660 1434 959 1495 ostenderit
981 1432 1061 1488 eis
1090 1431 1143 1486 in
1180 1428 1450 1485 thesauris
1479 1426 1613 1483 suis.
1653 1424 1760 1481 Sed
1787 1424 1918 1479 alte-

340 1552 457 1592 rum
477 1542 640 1598 tacet,
672 1532 738 1587 de
767 1544 874 1601 quo
897 1527 1187 1584 verebatur
1204 1523 1485 1589 oli'ensam,
1508 1521 1651 1593 quod
1668 1519 1919 1577 ostende-

336 1627 409 1681 rit
441 1626 522 1682 eis
561 1630 755 1679 cuncta
796 1634 916 1690 quae
955 1617 1178 1673 haberet
1212 1615 1267 1670 in
1303 1622 1566 1685 potestate
1602 1627 1696 1669 sua
1727 1629 1742 1667 :
1773 1609 1916 1667 haud

2018 423 2258 494 Ecclesia
2304 440 2408 495 per
2448 423 2792 483 Psalmistam
2841 429 3038 485 dicitur
3083 448 3098 485 :
3145 426 3375 489 «Omnis
3426 432 3598 503 gloria

2019 510 2136 583 ejus
2176 512 2300 570 illim
2326 528 2512 587 regum
2547 517 2615 572 ab
2650 518 2794 573 intus
2834 517 3007 591 (Psal.
3039 520 3208 592 κων).
3239 540 3259 575 ι
3295 520 3434 577 Hine
3461 521 3601 578 Pau-

2018 601 2104 659 lus
2130 602 2207 658 ait
2246 622 2259 658 :
2291 622 2311 656 ι
2337 603 2517 661 Gloria
2549 614 2733 661 nostra
2759 608 2875 662 haec
2909 616 3016 675 est,
3063 611 3431 666 testimonium
3470 626 3600 668 eon-

2020 693 2259 749 scientice
2294 701 2493 751 nostra:
2532 693 2620 769 (II
2663 693 2786 752 Cor.
2827 697 2891 769 ι).
2921 718 2940 752 ι
2992 696 3130 779 Filia
3170 702 3366 773 quippe
3406 714 3598 775 regum

2019 781 2285 851 Ecclesia,
2318 801 2438 859 qua:
2466 787 2521 841 in
2562 786 2705 843 bono
2735 797 2820 844 est
2848 806 3010 861 opere
3046 793 3370 865 spiritalium
3401 796 3603 867 princi-

2017 889 2145 945 pum
2195 876 2580 944 praadicatione
2620 889 2874 950 generata
2897 922 2911 945 ,
2961 883 3187 953 gloriam
3224 884 3373 941 intus
3411 884 3597 951 habet,

2018 963 2144 1032 quia
2168 964 2271 1020 hoc
2299 966 2441 1035 quod
2479 968 2591 1039 agit
2630 969 2685 1024 in
2733 973 3097 1030 ostentatione
3135 976 3451 1047 jactantiam
3486 992 3596 1033 non

2016 1052 2199 1109 habet.
2242 1054 2481 1113 Gloriam
2519 1072 2673 1113 suam
2702 1060 2899 1118 Paulus
2929 1065 3295 1122 testimonium
3319 1068 3600 1123 Conscien-

2016 1146 2107 1204 tia:
2139 1159 2422 1218 memorat,
2467 1154 2594 1224 quia
2628 1152 2866 1210 favorem
2897 1156 3010 1210 oris
3042 1156 3200 1212 alieni
3235 1158 3593 1229 non'appetit,

2016 1240 2140 1295 vita:
2176 1258 2288 1297 suae
2321 1244 2515 1314 gaudia
2544 1255 2700 1300 extra
2736 1246 3086 1318 semetipsum
3119 1263 3320 1319 ponere
3360 1250 3594 1321 ignorat.

2017 1329 2345 1391 Occultanda
2365 1342 2490 1391 sunt
2514 1350 2644 1407 ergo
2663 1352 2782 1407 quae
2804 1337 3033 1407 agimus,
3070 1352 3139 1394 ne
3172 1339 3290 1396 haec
3332 1340 3388 1395 in
3435 1341 3596 1412 hujus

2015 1420 2140 1479 vitae
2164 1423 2358 1479 itinere
2390 1424 2604 1481 incaute
2636 1436 2938 1498 portantes,
2970 1428 3409 1487 latrocinandum
3438 1432 3597 1502 spirid

2017 1522 2168 1571 tuum
2190 1514 2500 1574 incursione
2521 1518 2829 1590 perdamus.

2579 1631 2809 1689 CAPUT
2870 1631 3011 1689 XXI.

337 1716 557 1771 dubium
590 1712 720 1783 quin
759 1719 814 1765 et
856 1706 1045 1780 templi
1085 1705 1487 1778 supellectilem,
1531 1713 1753 1775 propter
1796 1718 1916 1774 quae

2027 1717 2097 1773 De
2144 1718 2391 1794 Honeste
2439 1721 2551 1791 ﬁlio
2594 1721 2864 1794 Ezechiaz,
2911 1722 3122 1794 quando
3156 1731 3281 1794 post
3325 1734 3595 1794 peccatum

335 1805 501 1860 lsaias
523 1803 618 1858 Dei
644 1815 893 1857 sermone
924 1796 1129 1869 profert
1172 1797 1495 1852 sententiam
1526 1813 1539 1848 :
1579 1813 1598 1847 ‹
1626 1794 1765 1849 Audi
1797 1808 1916 1849 ver-

337 1897 463 1951 bum
515 1891 727 1947 Domini
783 1886 1372 1945 exercituum:Veniet
1422 1892 1654 1954 tempus,
1703 1883 1916 1954 quando
1988 1912 1995 1917 -

334 1984 517 2039 omnia
545 1982 682 2047 haec,
715 1995 833 2049 quae
862 1980 914 2033 in
941 1979 1098 2034 domo
1128 1984 1221 2031 tua
1254 1984 1396 2037 sunt,
1437 1983 1493 2030 et
1530 1989 1636 2029 non
1682 1983 1795 2041 tuo,
1822 1975 1918 2032 sed

288 2068 294 2072 ’
331 2086 547 2147 patrum
578 2083 789 2128 tuorum
819 2071 1001 2125 labore
1028 2067 1363 2139 qumsita,‘in
1393 2065 1715 2140 Babylonem
1744 2074 1918 2123 trans-

332 2168 614 2230 ferantur,
656 2172 710 2220 et
755 2163 822 2219 de
865 2161 1070 2218 semine
1114 2168 1205 2215 tuo
1251 2158 1383 2213 ﬁant
1425 2159 1657 2214 eunuchi
1706 2158 1758 2214 in
1795 2159 1916 2215 aula

332 2258 505 2327 regia.
537 2275 556 2307 ι
594 2254 670 2309 Ex
720 2268 827 2323 quo
852 2249 1061 2307 Hebraei
1102 2249 1284 2305 volunt
1308 2248 1602 2314 Dauielem,
1626 2248 1913 2316 Auaniam,

334 2347 632 2413 Misaelem,
669 2346 940 2413 Azariam,
969 2344 1061 2416 qui
1099 2342 1251 2399 fuere
1285 2343 1350 2398 de
1386 2343 1533 2413 regio
1571 2342 1797 2409 semine,
1834 2341 1916 2397 fa-

334 2440 455 2495 ctos
487 2455 610 2494 esse
637 2438 931 2502 eunuchos,
963 2450 1098 2506 quos
1133 2436 1186 2490 in
1220 2435 1519 2490 ministerio
1562 2433 1917 2491 Nabuchodo-

332 2547 499 2587 nosor
523 2531 707 2594 fuisse,
737 2546 843 2585 non
879 2529 1101 2585 dubium
1134 2536 1217 2583 est
1240 2526 1402 2600 (Dan.
1431 2527 1495 2598 1).

413 2642 431 2675 ε
457 2622 712 2692 Dixitque
735 2620 993 2676 Ezechias
1019 2636 1031 2673 :
1054 2618 1262 2674 Bonum
1277 2617 1497 2672 verbum
1519 2616 1750 2682 Domini,
1774 2617 1916 2688 quod

334 2732 359 2764 ι
386 2713 601 2768 locutus
648 2720 750 2766 est.
775 2729 795 2763 ι
838 2708 901 2765 1n
946 2724 1053 2779 quo
1094 2709 1163 2763 ab
1211 2706 1450 2767 Hebraeis
1486 2706 1912 2776 reprehenditur,

328 2816 436 2856 cur
463 2814 573 2855 non
603 2799 675 2854 sit
693 2797 933 2853 imitatus
964 2796 1261 2852 bonitatem
1286 2794 1453 2867 Moysi
1488 2794 1579 2864 qui
1611 2794 1819 2850 locutus
1849 2794 1917 2849 ad

321 2890 627 2958 Dominum
663 2896 747 2943 est
776 2906 791 2942 :
821 2905 846 2939 ι
874 2886 982 2941 Aut
1017 2886 1227 2943 dimitte
1251 2886 1328 2941 eis
1360 2885 1500 2940 hanc
1542 2900 1759 2951 noxam,
1801 2892 1912 2951 aut,

328 2984 381 3040 si
413 2996 521 3038 non
548 2979 704 3046 facis,
742 2979 857 3035 dele
888 2993 975 3034 me
1010 2979 1077 3035 de
1110 2977 1250 3033 libro
1289 2987 1404 3044 tuo,
1445 2991 1604 3046 quem
1652 2977 1914 3046 scripsisti

329 3036 539 3145 {Eram
570 3036 766 3138 xxxii).
799 3088 817 3122 ›
870 3066 1021 3125 Unde
1040 3075 1094 3124 et
1116 3036 1602 3137 apostolustaulus
1628 3036 1916 3124 anatinama
1941 3036 1987 3099 Ο

333 3160 454 3216 vult
479 3175 603 3215 esse
625 3175 655 3213 a
680 3157 896 3214 Christo
920 3172 1018 3228 pro
1044 3156 1301 3214 fratribus
1327 3159 1456 3221 suis,
1481 3157 1573 3228 qui
1600 3164 1726 3213 sunt
1750 3158 1920 3215 lsraec

331 3251 450 3306 lita:
476 3248 654 3323 (Rom.
682 3248 779 3322 ιχ).
819 3248 928 3321 (Ea:
964 3245 1256 3321 Gregorio.)
1287 3249 1411 3305 Haec
1441 3250 1619 3320 itaque
1654 3250 1941 3314 sententia.

328 3341 617 3413 prophetae
655 3339 721 3394 ad
775 3338 1061 3393 Ezechiam
1107 3340 1330 3409 mystice
1381 3348 1567 3395 contra
1613 3339 1922 3410 hypocritas

335 3430 553 3504 prolata
578 3428 751 3498 accipi
782 3434 977 3498 potest.
1021 3427 1123 3494 Qui
1154 3434 1436 3497 postquam
1464 3427 1675 3498 magnis
1706 3427 1924 3482 virtuti-

336 3520 445 3576 bus
487 3525 828 3583 excrescunt,
853 3517 979 3587 quia
1009 3532 1202 3574 cavere
1232 3517 1590 3588 malignon
1635 3518 1922 3587 spirituum

340 3611 571 3669 insidias
611 3610 923 3682 negligant,
972 3617 1028 3664 et
1062 3608 1238 3664 celare
1287 3609 1343 3662 in
1387 3608 1594 3664 eisdem
1631 3608 1923 3665 virtutibus

338 3701 534 3759 nolunt
562 3698 879 3773 bone-sua,
915 3698 1269 3763 ostendendo,
1326 3697 1559 3755 hostium
1603 3696 1829 3763 faciunt,
1868 3708 1925 3754 et

340 3789 635 3864 prodentes
664 3789 844 3847 subito
869 3790 1143 3853 amittunt,
1166 3787 1423 3857 quidquid
1460 3788 1662 3843 diutius
1698 3788 1921 3845 studen-

340 3888 430 3934 tes
462 3886 773 3950 operantur.
809 3875 947 3932 Hinc
981 3891 1078 3947 per
1111 3874 1449 3932 Psalmistam
1474 3876 1671 3932 dicitur
1699 3895 1712 3930 :
1751 3896 1769 3928 ε
1797 3877 1926 3933 Tra-

344 3968 483 4026 didit
511 3969 564 4024 in
590 3970 955 4039 captivitatem
980 3969 1233 4022 virtutem
1253 3982 1461 4034 eorum,
1491 3977 1545 4022 et
1573 3968 1925 4038 pulchritudi-

312 4052 474 4117 “nem
503 4074 687 4115 eorum
711 4059 765 4113 in
785 4073 974 4114 manus
994 4058 1198 4113 inimici
1224 4056 1394 4132 (Psal.
1426 4059 1651 4129 Lxxvn).
1682 4076 1707 4109 ιι
1745 4057 1924 4115 Virtus

343 4152 548 4225 quippe
574 4159 628 4206 et
656 4140 998 4220 pulchritudo
1027 4132 1393 4220 arrogantium
1446 4149 1648 4205 inimici
1677 4150 1925 4206 manibus

343 4243 604 4307 traditur,
640 4234 769 4311 quia
801 4252 958 4296 omne
986 4240 1207 4305 bonum,
1239 4242 1379 4310 quod
1406 4256 1505 4312 per
1540 4242 1925 4311 concupiscen-

344 4335 483 4390 tiam
500 4332 685 4388 laudis
713 4330 1030 4395 ostenditur,
1067 4331 1277 4386 occulte
1315 4332 1606 4387 adversarii
1632 4330 1742 4401 juri
1778 4347 1925 4387 man-

347 4424 581 4494 cipatur.
631 4422 826 4478 Hostes
848 4438 1082 4493 namque
1115 4423 1182 4477 ad
1219 4423 1458 4492 rapinam
1484 4430 1802 4493 provocant,
1832 4425 1925 4495 qui

346 4533 479 4574 suas
522 4531 707 4572 eorum
754 4516 958 4571 notitiae
1003 4515 1218 4570 divitias
1263 4514 1554 4569 denudent.
1600 4515 1717 4583 Quo
1754 4531 1927 4587 usque

347 4610 499 4665 enim
528 4608 597 4664 ab
623 4615 861 4663 externa?
878 4605 1069 4676 patria:
1083 4606 1381 4662 securitate
1405 4606 1843 4677 disjungimur,in
1860 4608 1936 4662 ia-

346 4704 572 4753 tronu'm
608 4695 980 4751 insidiantium
1006 4697 1110 4750 iter
1140 4695 1500 4750 ambulamus.
1552 4696 1658 4764 Qui
1705 4711 1836 4769 ergo
1870 4698 1926 4752 in

346 4788 549 4845 itinere
584 4785 883 4856 deprredari
935 4783 1209 4851 formidat,
1255 4785 1550 4841 abscondat
1591 4800 1812 4842 necesse
1845 4796 1930 4843 est

348 4879 495 4935 bona
515 4892 634 4949 quae
665 4883 860 4947 portat.
900 4874 945 4931 Ο
979 4874 1157 4930 miseri
1184 4876 1196 4929 !
1240 4874 1364 4944 quia
1397 4874 1708 4932 all‘ectantes
1742 4876 1927 4933 laudes

350 4970 656 5035 hominum,
684 4968 738 5023 in
768 4966 1071 5036 semetipsis
1104 4966 1365 5036 dissipant
1410 4966 1619 5023 fructus
1654 4967 1923 5024 laborum.

351 5060 602 5130 Cumque
642 5075 703 5115 se
732 5059 1023 5114 ostendere
1062 5057 1252 5113 alienis
1277 5058 1446 5113 oculis
1468 5066 1742 5128 appetunt,
1773 5060 1928 5115 dam-

353 5161 494 5206 nant
532 5149 672 5220 quod
710 5157 893 5220 agunt.
954 5148 1099 5215 Quos
1141 5149 1394 5203 nimirum
1434 5149 1653 5220 maligni
1709 5151 1930 5219 spiritus

354 5240 489 5295 dum
517 5238 916 5307 adjactantiam
945 5248 1260 5310 provocant,
1283 5255 1469 5295 eorum
1493 5240 1653 5312 (sicut
1672 5241 1929 5316 diximus)

352 5345 526 5401 opera
573 5330 904 5399 captivantes
943 5331 1233 5385 denudant.
1286 5330 1425 5387 Hinc
1469 5340 1553 5386 est
1593 5332 1737 5388 enim
1786 5336 1932 5404 quod

356 5437 459 5494 per
480 5422 823 5492 Evangelium
851 5420 1057 5478 Veritas
1080 5423 1215 5477 dixit
1239 5441 1252 5477 :
1282 5442 1299 5473 ι
1331 5422 1543 5479 Nesciat
1579 5425 1799 5480 sinistra
1836 5434 1930 5481 tua

352 5512 493 5583 quid
513 5512 674 5567 faciat
693 5513 910 5567 dextera
938 5520 1125 5575 tua,ut
1146 5512 1216 5567 sit
1241 5512 1580 5583 elcemosyna
1611 5522 1700 5568 tua
1726 5515 1782 5568 in
1811 5515 1933 5570 abs-

352 5605 614 5667 condito,
653 5611 707 5659 et
747 5602 907 5659 Pater
962 5611 1116 5670 tuus,
1163 5606 1253 5676 qui
1305 5605 1446 5661 videt
1492 5605 1547 5659 in
1596 5603 1929 5677 abscondito,

606 5696 879 5758 Ριτιιοι..
926 5694 1071 5758 CIX

2125 1789 2448 1872 amitentiam'
2470 1792 2648 1864 gessit,
2677 1803 2725 1849 et
2752 1793 2813 1847 ob
2843 1789 2941 1847 hoc
2964 1792 3033 1847 de
3062 1789 3270 1848 carcere
3304 1789 3495 1847 meruit
3536 1793 3597 1846 li-

2120 1874 2279 1913 eran.

2086 1966 2236 2040 (Car.
2289 1969 2428 2043 xxx.)
2469 1990 2488 2024 ‹
2511 1970 2877 2042 Dormivitque
2903 1971 3165 2029 Ezechias
3196 1987 3323 2028 cum
3342 1971 3591 2044 patribus

2021 2079 2042 2113 ι
2072 2061 2208 2129 suis,
2253 2070 2310 2119 et
2370 2064 2617 2134 regnavit
2677 2064 2950 2121 Manasses
3001 2064 3143 2120 ﬁlius
3193 2064 3310 2136 ejus
3359 2079 3458 2134 pro
3501 2079 3587 2119 eo.

2020 2172 2041 2206 ι
2068 2153 2359 2212 Duodecim
2398 2172 2659 2213 annorum
2699 2165 2817 2213 erat
2860 2157 3155 2225 Manasses,
3200 2171 3326 2213 cum
3365 2170 3592 2228 regnare

2022 2263 2041 2297 ‹
2068 2246 2342 2316 coepisset,
2381 2255 2437 2304 et
2469 2248 2855 2320 quinquaginta
2882 2248 3120 2320 quinque
3156 2248 3313 2303 annis
3346 2246 3592 2317 regnavit

2022 2354 2040 2388 ι
2069 2335 2126 2391 in
2150 2333 2472 2407 Jerusalem,
2501 2358 2521 2392 ι
2550 2348 2655 2396 etc.
2695 2337 2822 2395 Post
2843 2347 3073 2395 mortem
3103 2352 3316 2410 quoque
3345 2337 3591 2394 Ezechiae

2015 2435 2204 2483 narrat
2243 2426 2522 2500 Scriptura
2573 2431 2856 2488 Manassen
2886 2431 3053 2487 lilium
3091 2431 3210 2502 ejus
3256 2446 3511 2503 regnasse
3536 2431 3589 2485 iu

2013 2515 2333 2575 Jerusalem.
2378 2520 2482 2588 Qui
2506 2537 2628 2577 cum
2652 2522 2718 2578 ad
2744 2521 2883 2578 idola
2908 2521 3129 2578 colenda
3152 2528 3207 2577 et
3235 2520 3593 2576 abominatio-

2015 2624 2114 2666 nes
2141 2606 2416 2667 faciendas
2450 2626 2509 2668 se
2549 2620 2907 2679 converteret,
2945 2608 3255 2682 relinquens
3282 2610 3457 2665 Deum
3496 2625 3592 2680 pa-

2015 2707 2159 2756 trum
2189 2714 2428 2766 suorum,
2459 2712 2514 2758 et
2537 2702 2676 2758 bona
2699 2702 2965 2773 exempla,
2999 2717 3117 2773 quae
3142 2702 3196 2756 in
3225 2701 3465 2771 genitore
3494 2713 3592 2755 suo

2014 2791 2245 2848 Ezechia
2276 2801 2652 2864 conspexerat,
2689 2793 2901 2848 locutus
2941 2801 3022 2848 est
3062 2792 3320 2847 Dominus
3366 2791 3434 2846 ad
3466 2805 3592 2846 eum

2016 2889 2072 2938 et
2101 2882 2169 2938 ad
2209 2882 2462 2954 populum
2508 2884 2648 2953 ejus,
2696 2892 2750 2939 ct
2792 2885 3071 2940 attendere
3107 2882 3411 2938 noluerunt.
3464 2900 3483 2932 ι
3509 2880 3595 2935 Ide

2018 2974 2165 3031 circo
2189 2974 2564 3046 superinduxit
2590 2974 2668 3031 eis
2690 2974 2961 3047 principes
2991 2975 3259 3030 exercitus
3302 2970 3451 3043 regis
3494 2971 3596 3025 As:-

2021 3068 2311 3141 syriorum,
2333 3074 2697 3138 ceperuntque
2717 3066 3023 3132 Manassen,
3053 3074 3106 3121 et
3128 3066 3365 3120 vinctum
3392 3061 3597 3119 catenis

2022 3165 2184 3227 atque
2208 3156 2555 3228 compedibus
2576 3155 2921 3212 duxeruntin
2950 3155 3294 3227 Babylonem.
3318 3153 3425 3221 ‘Qui
3451 3161 3600 3224 post-

2022 3265 2184 3321 quam
2239 3256 2622 3319 coangustatus
2673 3256 2798 3314 est,
2853 3246 3029 3303 oravit
3073 3245 3358 3301 Dominum
3424 3243 3596 3298 Deum

2023 3357 2199 3407 suum,
2222 3349 2278 3396 ct
2303 3339 2671 3410 pmnilentiam
2702 3340 2811 3409 egit
2838 3338 2993 3393 valde
3028 3351 3209 3392 coram
3244 3336 3354 3389 Deo
3383 3343 3598 3405 patrum

2023 3449 2262 3490 suorum.
2314 3433 2749 3503 Deprecatusque
2770 3439 2853 3487 est
2883 3446 3027 3496 eum,
3055 3438 3109 3484 et
3134 3428 3436 3483 obsecravit
3469 3440 3597 3480 ora-

2025 3526 2229 3582 tionem
2257 3523 2395 3594 ejus,
2425 3524 2746 3593 reduxitque
2777 3538 2899 3577 eum
2937 3521 3235 3577 Jerusalem
3275 3520 3328 3575 in
3370 3532 3595 3590 regnum

2023 3632 2202 3682 suum,
2235 3624 2291 3671 et
2321 3615 2570 3687 cognovit
2606 3613 2879 3670 Manasses
2909 3613 3050 3685 quod
3077 3613 3333 3667 Dominus
3371 3612 3482 3681 ipse
3516 3618 3602 3664 est

2024 3705 2167 3763 Deus
2207 3704 2293 3770 (II
2333 3703 2465 3759 Par.
2509 3704 2726 3778 χχχιιι).
2757 3726 2776 3759 ι
2836 3704 3124 3774 Exemplar
3160 3711 3337 3757 autem
3372 3709 3453 3755 est
3482 3700 3599 3754 haec

2022 3798 2342 3869 poenitentia
2386 3792 2677 3864 Manassae,
2726 3797 2868 3869 quod
2909 3805 3030 3867 post
3065 3791 3597 3851 commissa’seelera

2025 3887 2202 3941 nullus
2225 3887 2383 3941 debet
2408 3885 2474 3940 de
2500 3884 2594 3941 Dei
2629 3887 2995 3941 misericOrdia
3020 3887 3305 3955 desperare
3321 3924 3336 3949 ,
3366 3883 3459 3939 sed
3483 3898 3602 3936 ma-

2025 3978 2107 4048 gis
2146 3992 2240 4047 per
2263 3976 2651 4048 paenitentiam
2674 3991 2966 4047 congruam
2996 3991 3144 4048 spem
3177 3975 3378 4029 habere
3406 3973 3600 4039 veniae,

2026 4069 2071 4124 si
2107 4083 2227 4123 eam
2263 4068 2365 4123 rite
2394 4067 2699 4138 perlecerit.
3430 4080 3435 4085 ·

2601 4179 2827 4237 CAPUT
2864 4179 3027 4235 XXII.

2028 4270 2105 4326 De
2128 4269 2277 4326 Josia
2309 4286 2447 4342 rege,
2475 4271 2563 4343 qui
2600 4281 2791 4343 terram
2830 4286 3029 4343 omnem
3065 4265 3208 4343 Juda
3239 4263 3303 4319 ab
3343 4262 3601 4317 idolorum

2515 4341 2765 4412 spurcitia
2802 4339 3117 4394 amandavit.

2098 4430 2227 4487 Post
2254 4431 2398 4487 hunc
2424 4430 2671 4501 regnavit
2705 4428 2845 4485 filius
2881 4430 2996 4500 ejus
3035 4430 3261 4484 Ammon
3295 4427 3599 4482 idololatra.

2028 4517 2157 4574 Post
2181 4533 2339 4588 quem
2364 4517 2557 4584 Josias,
2587 4518 2727 4573 illius
2753 4518 2887 4589 ejus,
2916 4532 3008 4572 rex
3038 4518 3368 4588 justissimus
3414 4531 3605 4586 regna-

2029 4608 2129 4675 vit,
2160 4607 2251 4679 qui
2283 4623 2500 4663 omnem
2536 4607 2847 4677 Spurcitiam
2895 4606 3179 4671 idolorum,
3221 4621 3381 4675 quam
3420 4614 3604 4676 patres

2027 4696 2568 4763 sui‘fabricaverunt,
2617 4697 2959 4762 emundavit;
3018 4705 3074 4751 et
3116 4712 3176 4752 se
3219 4697 3275 4750 in
3321 4696 3416 4752 Dei
3455 4694 3603 4749 cultu

2030 4798 2250 4845 strenue
2285 4789 2545 4844 exercuit.
2593 4787 2659 4842 Et
2693 4787 2905 4842 merito.
2949 4785 3082 4853 Quia
3130 4785 3289 4856 longe
3330 4793 3457 4840 ante
3502 4784 3607 4839 hoc

2033 4882 2099 4937 de
2122 4881 2212 4936 il'lo
2240 4880 2553 4950 prmdictum
2589 4886 2674 4934 est
2712 4894 2812 4949 per
2839 4878 3172 4948 prophetam.
3217 4877 3601 4947 Interpretatur

2035 4984 2215 5031 autem
2252 4972 2447 5038 Josias,
2487 4973 2636 5043 cujus
2666 4981 2738 5027 est
2763 4972 3080 5041 sacriﬁcium
3114 4969 3361 5034 Domino,
3399 4968 3484 5023 vel
3520 4982 3607 5022 sa-

2035 5067 2117 5123 lus
2141 5054 2382 5131 Domini,
2406 5065 2485 5120 vel
2516 5063 2768 5135 fortitudo
2795 5064 3022 5118 Domini.
3072 5062 3183 5129 (Ea:
3217 5061 3408 5131 Beda.)
3451 5059 3606 5127 Quod

2035 5167 2211 5212 autem
2242 5157 2483 5227 sequitur
2509 5157 2575 5211 de
2601 5158 2787 5212 eodem
2823 5170 2969 5227 rege,
3003 5155 3144 5226 quod
3165 5155 3346 5210 audito
3369 5154 3508 5208 libro
3530 5152 3608 5206 ie-

2036 5247 2117 5318 gis
2150 5247 2377 5311 Domini,
2407 5262 2564 5316 quem
2594 5247 2804 5302 llelcias
2829 5248 3080 5302 sacerdos
3113 5246 3333 5301 invenit'
3354 5246 3407 5298 in
3447 5244 3606 5298 domo

2029 5335 2263 5400 Domini,
2313 5336 2564 5392 scidisset
2607 5338 2922 5391 vestimenta
2966 5352 3081 5400 sua,
3122 5347 3176 5391 et
3209 5335 3445 5390 misisset
3475 5330 3602 5384 Hel-

2032 5427 2169 5482 ciam
2196 5426 2529 5481 sacerdotem
2556 5434 2612 5481 et
2637 5436 2860 5481 ceteros
2896 5429 2984 5497 qui
3024 5427 3410 5496 subsequenter
3438 5421 3606 5473 admi-

2035 5530 2333 5584 merantur,
2376 5519 2443 5573 ad
2482 5519 2703 5574 lloldam
2747 5522 3081 5590 prophetam,
3119 5531 3343 5573 uxorem
3374 5510 3597 5577 Selium,

2040 5628 2058 5659 ι
2092 5624 2210 5679 qum
2231 5608 2508 5663 habitabat
2537 5609 2587 5663 in
2613 5608 2907 5664 Jerusalem
2942 5610 2992 5662 in
3020 5607 3272 5669 secunda,
3305 5623 3323 5654 ι
3353 5613 3459 5659 etc.

3186 5694 3225 5753 9
