3912 6160
384 266 495 326 399

1207 264 1560 323 COMMENT.
1602 264 1669 320 IN
1708 263 1956 320 LIBROS
1994 264 2060 321 IV
2104 264 2362 322 REGUM.
2390 296 2461 308 —-
2496 264 2565 321 IN
2602 266 2732 323 LIB.
2770 267 2852 325 IV.

3548 272 3663 332 270

384 379 517 435 hcto
541 374 703 431 altari
746 375 891 446 quod
913 383 1033 429 erat
1078 375 1131 429 in
1154 354 1372 445 templo,
1419 375 1627 430 hostias
1652 374 1974 439 oll'erebant,
2004 378 2054 435 A
2082 374 2190 429 sias
2239 376 2339 431 iste
2371 385 2554 447 typum
2587 384 2734 431 tenet
2776 376 2991 433 Domini
3021 379 3318 437 Salvatoris
3376 382 3469 452 qui
3510 384 3660 441 salus

382 467 530 523 unde
581 464 779 536 saepius
807 464 860 518 in
884 463 1142 519 hoclibro
1178 464 1245 519 de
1272 464 1488 535 regibus
1510 464 1599 534 qui
1631 465 1808 519 minus
1848 478 1974 535 per-

380 555 523 612 fecte
541 553 677 624 justi
699 552 851 608 fuere
874 553 1075 610 dicitur
1103 571 1117 607 :
1167 572 1185 605 ‹
1224 553 1601 609 Verumtamen
1630 552 1842 609 excelsa
1862 567 1971 607 non

381 646 630 703 abstulit.
679 665 699 699 ι
1812 665 1816 669 -

449 737 687 793 Montem
755 744 938 791 autem
988 734 1301 792 offensionis
1348 744 1586 791 montem
1638 735 1767 791 idoli
1814 735 1968 800 dicit,

378 829 504 899 quia
524 828 781 882 nimirum
797 825 1204 883 consuetudinis
1222 835 1306 881 est
1331 825 1757 896 Scripturarum,
1801 824 1971 881 oﬁ'en-

377 926 586 981 sionem
637 921 778 979 idola
810 938 1148 993 nuncupare,
1201 923 1329 993 quia
1354 923 1439 978 vel
1470 923 1523 978 in
1553 922 1658 979 illis
1680 922 1972 979 oﬁ‘enditur

375 1018 539 1084 Deus,
562 1017 647 1073 vel
676 1014 1031 1071 offensionem
1077 1022 1133 1070 et
1157 1015 1367 1069 ruinam
1396 1015 1508 1070 suis
1527 1013 1761 1070 offerunt
1798 1014 1970 1071 culto-

374 1108 545 1173 ribus,
600 1107 741 1163 sicut
770 1106 826 1161 in
842 1107 947 1160 hac
970 1104 1091 1175 ipsa
1120 1104 1387 1160 sententia
1421 1105 1813 1175 subsequenter
1843 1105 1971 1160 inti-

371 1207 576 1264 matur,
626 1197 753 1253 dum
791 1196 992 1252 dicitur
1023 1214 1036 1249 :
1071 1214 1091 1247 ‹
1137 1194 1268 1263 Quae
1307 1195 1668 1252 mdiﬁcaverat
1713 1195 1967 1251 Salomon

372 1304 464 1344 rex
507 1287 698 1352 lsrael,
730 1286 989 1342 Astarotb
1036 1285 1179 1341 idolo
1222 1285 1592 1351 Sidoniorum,
1648 1294 1703 1343 et
1731 1286 1968 1343 Cbamos

370 1378 654 1434 oﬁ’ensioni
682 1370 863 1446 Moab,
905 1378 959 1432 et
984 1376 1249 1432 Melchom
1289 1377 1680 1432 abominationi
1729 1376 1965 1432 ﬁliorum

371 1471 622 1524 Ammon.
669 1489 687 1521 ι
739 1466 842 1525 Ubi
866 1467 971 1523 hoc
997 1483 1212 1538 quoque
1243 1467 1322 1539 (ni
1349 1466 1526 1541 fallor)
1562 1467 1740 1539 palam
1781 1474 1964 1522 osten-

375 1563 533 1628 ditur,
567 1561 711 1632 quod
747 1561 955 1615 utinam
978 1575 1085 1615 non
1116 1560 1513 1624 ostenderetur,
1562 1558 1689 1630 quia
1717 1558 1966 1614 videlicet

370 1651 623 1706 Salomon
648 1654 715 1706 de
742 1650 942 1705 amisso
966 1648 1283 1705 idololatria:
1311 1648 1515 1705 scelere
1542 1664 1815 1718 nunquam
1837 1665 1964 1720 per-

2076 469 2132 516 et
2171 460 2432 518 fortitudo
2495 464 2707 519 Domini
2749 468 2943 521 merito
2988 467 3207 535 dicitur,
3259 470 3387 540 quia
3422 471 3539 542 ipse
3572 484 3658 530 est

2075 550 2141 605 de
2167 566 2275 621 quo
2317 552 2594 623 Scriptura
2624 553 2755 608 dicit
2786 572 2799 607 :
2843 572 2863 606 ι
2899 554 3158 612 Dominus
3182 556 3362 625 fortis,
3396 558 3657 619 Dominus

2069 651 2261 714 potens
2283 644 2336 698 in
2361 644 2731 715 prmlio(Psal.
2760 646 2936 718 mu).
2974 666 2992 700 ι
3030 646 3095 702 Ει
3119 648 3247 704 alibi
3271 667 3285 703 :
3323 667 3345 702 ι
3371 650 3658 723 lpseenim

2070 733 2280 788 salvum
2349 734 2510 791 faciet
2577 737 2831 807 populum
2876 754 3035 794 suum
3090 755 3122 794 a
3173 744 3416 812 peccatis
3464 758 3658 801 eorum

2072 823 2285 895 (Matth.
2317 825 2380 897 ι).
2418 846 2438 879 ι
2493 826 2612 897 Ipse
2641 829 2859 897 quidem
2906 831 3025 885 zelo
3047 830 3142 886 Dei
3160 833 3396 889 mundat
3442 843 3652 891 terram

2068 913 2206 971 Juda
2248 925 2303 971 et
2329 916 2626 973 Jerusalem
2658 921 2726 974 ab
2758 920 3009 976 omnibus
3036 922 3398 979 immunditiis
3439 932 3501 980 et
3525 925 3658 981 abo-

2069 1007 2478 1075 minationibus,
2536 1012 2629 1080 qui
2682 1025 2781 1081 per
2817 1012 3135 1082 prophetam
3188 1015 3378 1071 dixit:
3424 1033 3447 1067 t
3497 1014 3659 1073 Zelus

2068 1100 2262 1155 domus
2276 1110 2378 1155 tute
2389 1101 2624 1156 comedit
2636 1116 2721 1156 me
2733 1100 2907 1174 (Psal.
2929 1106 3142 1177 vam).
3180 1125 3200 1160 ι
3219 1108 3296 1164 De
3308 1118 3481 1179 quoet
3495 1108 3660 1166 Joan-

2068 1209 2166 1248 nes
2193 1194 2268 1248 ait
2299 1210 2314 1246 :
2352 1211 2373 1244 ί
2412 1191 2577 1261 Cujus
2610 1194 2969 1250 ventilabrum
2999 1197 3054 1250 in
3083 1212 3244 1253 manu
3280 1215 3397 1266 sua,
3443 1208 3501 1255 et
3525 1216 3657 1272 pur-

2066 1282 2212 1354 gabit
2240 1298 2422 1337 aream
2439 1298 2589 1338 suam
2617 1283 2830 1355 (Matth.
2849 1285 2954 1356 ιιι).
2990 1305 3009 1339 ι
3061 1287 3138 1342 De
3157 1303 3266 1358 quo
3286 1297 3340 1344 et
3366 1290 3658 1346 Malacliias

2068 1370 2200 1426 dicit
2226 1390 2240 1425 :
2278 1391 2296 1423 ι
2332 1372 2473 1427 Ecce
2500 1372 2670 1437 venit,
2695 1372 2828 1428 dicit
2858 1374 3117 1431 Dominus
3137 1379 3497 1446 exercituum,
3528 1381 3653 1450 quis

2066 1461 2269 1531 poterit
2300 1462 2539 1531 cogitare
2577 1463 2717 1517 diem
2761 1463 3027 1519 adventus
3047 1465 3187 1535 ejus,
3241 1475 3298 1522 et
3320 1468 3445 1537 quis
3488 1470 3657 1525 stabit

2070 1555 2139 1609 ad
2168 1554 2457 1610 videndum
2507 1554 2671 1608 eum?
2697 1554 2818 1625 Ipse
2839 1556 2986 1611 enim
3036 1558 3193 1627 quasi
3222 1559 3362 1631 ignis
3394 1558 3654 1626 conﬁsus,

2069 1645 2288 1714 etquasi
2313 1645 2475 1700 herba
2500 1644 2783 1700 fullonum.
2808 1645 2873 1700 Et
2890 1648 3097 1703 sedebit
3121 1649 3362 1705 condaris
3385 1660 3440 1706 et
3468 1668 3658 1708 emun-

366 1742 509 1798 fecte
551 1743 826 1813 paenituit.
883 1739 1019 1795 Nam
1044 1740 1096 1795 'si
1126 1739 1338 1796 fructus
1382 1740 1719 1810 paenitentia:
1766 1740 1958 1810 dignos
1986 1745 2033 1806 Β
2062 1739 2196 1795 dans
2232 1745 2532 1807 argentum,
2593 1746 2647 1791 et
2675 1739 2926 1809 purgabit
2960 1738 3099 1795 ﬁlios
3140 1739 3290 1796 Levi.
3340 1742 3408 1797 Et
3457 1743 3659 1800 celabit

366 1831 591 1898 faceret,
638 1837 910 1903 satageret
935 1839 1062 1886 ante
1082 1830 1266 1885 omnia
1299 1839 1359 1885 ut
1386 1829 1529 1885 idola
1569 1845 1691 1900 qum
1719 1830 1958 1885 aediﬁca-

364 1931 541 1988 verat,
570 1923 637 1978 de
662 1922 879 1977 civitate
904 1928 1092 1977 sancta
1118 1918 1457 1988 tollerentur,
1494 1929 1548 1976 et
1585 1936 1693 1977 non
1720 1921 1775 1976 in
1804 1937 1965 1977 scan-

364 2014 548 2070 dalum
577 2013 886 2077 stultorum,
926 2028 1047 2083 qua:
1077 2013 1214 2082 ipse,
1263 2027 1386 2067 cum
1410 2011 1603 2068 fuisset
1624 2012 1965 2083 sapientissi-

362 2119 508 2168 mus,
533 2118 765 2157 erronea
796 2101 1020 2167 fecerat,
1047 2102 1203 2171 quasi
1230 2102 1504 2171 sapienter
1526 2116 1591 2155 ac
1616 2109 1763 2156 recte
1794 2100 1960 2169 facta,

363 2192 714 2262 relinqueret.
767 2191 1013 2246 Meminit
1044 2205 1207 2261 supra
1244 2198 1300 2246 et
1327 2190 1489 2259 hujus
1516 2186 1619 2245 l'oci
1654 2189 1960 2261 Scriptura,

362 2281 591 2337 dicens:
618 2300 638 2333 ‹
688 2281 841 2337 'l‘une
885 2280 1174 2337 aediﬁcavit
1212 2277 1471 2336 Salomon
1496 2280 1685 2335 fanum
1727 2280 1978 2338 Cham09

360 2373 508 2429 idolo
557 2372 739 2440 Moab,
779 2374 836 2428 in
857 2381 1043 2428 monte
1074 2371 1168 2442 qui
1209 2378 1293 2428 est
1327 2378 1517 2426 contra
1560 2368 1882 2436 Jerusalem,
1907 2380 1964 2427 et

358 2465 573 2520 Holoch
617 2463 761 2520 idolo
788 2463 1023 2520 ﬁliorum
1052 2463 1282 2518 Ammon
1316 2459 1437 2536 (III
1477 2458 1605 2532 Reg.
1633 2459 1736 2534 χι).
1778 2478 1799 2514 ι
1850 2460 1962 2517 Nec

355 2558 534 2614 videri
559 2558 894 2613 contrarium
917 2558 1095 2622 debet,
1121 2557 1267 2628 quod
1292 2555 1366 2612 ibi
1388 2570 1570 2622 mons,
1601 2554 1657 2609 in
1686 2569 1793 2626 quo
1816 2552 1959 2609 facta

357 2658 488 2706 sunt
520 2652 639 2707 hac
666 2649 834 2716 idola,
868 2656 1059 2705 contra
1085 2646 1409 2714 Jerusalem,
1464 2646 1554 2703 hic
1579 2647 1635 2702 in
1660 2645 1961 2702 Jerusalem

354 2758 481 2800 esse
521 2742 732 2815 positus
760 2739 1045 2806 asset-itur,
1085 2738 1213 2808 quia
1253 2737 1515 2792 nimirum
1558 2736 1616 2791 in
1652 2744 1803 2791 tanta
1842 2744 1963 2791 erat

358 2837 513 2892 urbis
542 2835 740 2891 vicinia
768 2833 1000 2903 positus,
1026 2838 1087 2885 ut
1114 2830 1183 2885 ad
1200 2831 1371 2900 ipsam
1397 2828 1696 2898 pertinere,
1717 2835 1774 2883 et
1788 2826 1962 2897 ipsam

356 2943 579 2999 quoque
599 2926 869 2991 sordibus,
897 2938 1017 2995 quae
1047 2923 1103 2978 in
1126 2936 1191 2978 eo
1215 2921 1667 2992 congerebantur,
1697 2917 1963 2975 contami-

357 3035 497 3075 nare
522 3019 823 3075 videretur.

2066 1843 2181 1894 eos,
2229 1826 2381 1897 quasi
2413 1842 2625 1894 aurum,
2659 1839 2714 1884 et
2743 1831 2899 1898 quasi
2924 1842 3230 1901 argentum,
3272 1842 3326 1889 et
3354 1844 3515 1890 erunt
3544 1838 3655 1893 Do-

2064 1918 2215 1973 mino
2268 1918 2556 1973 offerentes
2607 1920 2878 1975 sacriﬁcia
2934 1920 2987 1976 in
3022 1919 3258 1989 justitia.
3312 1925 3381 1980 Et
3416 1928 3654 1996 placebit

2066 2010 2177 2065 Deo
2198 2009 2524 2066 sacriﬁcium
2544 2008 2680 2064 Juda
2709 2017 2763 2065 et
2787 2010 3108 2076 Jerusalem,
3134 2015 3277 2069 sicut
3304 2015 3423 2071 dies
3447 2019 3653 2085 surculi,

2064 2108 2120 2159 et
2144 2104 2287 2168 sicut
2315 2104 2442 2159 anni
2471 2105 2700 2174 antiqui.
2746 2105 2815 2159 Et
2840 2106 3092 2161 accedam
3120 2107 3189 2161 ad
3214 2122 3313 2162 vos
3348 2109 3401 2162 in
3425 2108 3653 2178 judicio,

2064 2202 2119 2249 et
2155 2209 2250 2251 ero
2284 2194 2440 2250 testis
2473 2194 2629 2249 velox
2682 2195 2959 2261 maleﬁeis,
2993 2204 3050 2253 et
3075 2198 3356 2265 adulteris,
3386 2209 3442 2255 et
3471 2202 3655 2272 perju-

2064 2283 2169 2348 ris,‘
2192 2291 2248 2338 et
2294 2283 2385 2354 qui
2439 2284 2842 2338 calumniantur
2869 2286 3170 2341 mercedem
3218 2292 3564 2358 mercenarii,
3600 2307 3657 2352 ct

2063 2373 2354 2429 humiliant
2380 2372 2573 2427 viduas
2600 2381 2657 2427 et
2683 2373 2936 2443 pupillos,
2992 2383 3048 2430 et
3070 2376 3383 2445 opprimunt
3415 2382 3656 2452 peregri-

2063 2481 2215 2531 num,
2244 2478 2345 2520 nec
2371 2463 2668 2518 timuerunt
2702 2478 2810 2530 me,
2861 2464 2989 2519 dicit
3024 2466 3653 2524 Dominusexercituum

2064 2553 2284 2629 (Malae.
2302 2549 2409 2627 ιιι).
2433 2571 2453 2605 ι
2474 2551 2724 2607 Celebrat
2742 2566 2871 2623 ergo
2886 2551 3064 2609 Josias
3077 2561 3262 2610 noster
3276 2570 3462 2610 verum
3484 2560 3661 2628 phase

2063 2646 2119 2701 in
2166 2653 2360 2702 octavo
2388 2643 2598 2700 decimo
2624 2658 2767 2700 anno
2796 2644 2949 2716 regni
2969 2645 3074 2712 sui,
3130 2647 3350 2715 quando
3378 2646 3432 2701 in
3458 2657 3652 2704 octava

2062 2746 2241 2805 aatate,
2304 2735 2544 2810 generali
2603 2737 3001 2792 resurrectione
3049 2746 3389 2807 perpetrata,
3434 2747 3655 2796 sanctos

2062 2844 2190 2886 suos
2218 2843 2339 2884 cum
2370 2826 2703 2899 perfectione
2738 2827 3002 2882 bonorum
3032 2842 3257 2899 operum
3278 2831 3539 2905 perducet
3583 2831 3654 2885 ad

2062 2931 2279 2978 tetemze
2307 2917 2657 2975 beatitudinis
2701 2918 2980 2974 denarium
3016 2919 3410 2990 accipiendum,
3463 2919 3654 2990 ejectis

2062 3012 2216 3084 prius
2241 3010 2495 3067 omnibus
2520 3008 2791 3066 scandalis
2842 3010 2909 3066 de
2942 3023 3111 3080 regno
3136 3010 3255 3080 ejus
3284 3007 3504 3081 (Matth.
3537 3027 3644 3079 xx;

440 3131 459 3163 ι
486 3110 558 3165 Ει
588 3122 883 3164 conversus
906 3104 1081 3161 Josias
1109 3105 1244 3161 vidit
1272 3105 1345 3161 ibi
1372 3103 1639 3176 sepulcra,
1659 3117 1779 3173 quae
1799 3110 1959 3158 erant
1984 3093 2031 3158 C
2064 3102 2254 3158 Matth.
2312 3101 2456 3176 xm).
2507 3121 2526 3155 ι
2585 3102 2663 3159 De
2715 3117 2822 3172 quo
2870 3101 3163 3174 prmdictus
3220 3102 3483 3173 propheta
3522 3103 3602 3158 ait
3634 3121 3649 3158 :

367 3220 389 3255 ι
438 3201 492 3255 ἰιι
520 3206 728 3264 monte,
782 3196 1038 3266 misitque
1088 3205 1143 3250 et
1182 3195 1305 3250 tulit
1328 3209 1453 3251 ossa
1486 3195 1552 3250 de
1576 3193 1859 3265 sepulcris,
1903 3203 1959 3250 et

366 3312 389 3347 ι
436 3292 738 3348 combussit
756 3307 820 3347 ea
868 3306 1030 3363 super
1053 3291 1240 3357 altare,
1289 3299 1343 3345 et
1366 3290 1557 3362 polluit
1582 3290 1731 3346 illud.
1783 3308 1802 3343 ι
1848 3290 1960 3345 Cur

360 3395 543 3441 autem
580 3384 758 3442 Josias
777 3401 903 3440 ossa
928 3394 1265 3441 mortuorum
1297 3399 1649 3466 concremare
1663 3382 1827 3452 jussit
1873 3396 1959 3437 su-

360 3491 461 3548 per
484 3477 685 3542 altare,
721 3476 910 3531 nisiut
946 3474 1256 3531 ostenderet
1288 3474 1432 3545 quod
1466 3472 1692 3545 profana
1736 3471 1958 3527 fuerunt

360 3584 553 3624 eorum
595 3566 910 3623 sacriﬁcia?
941 3565 1012 3620 Et
1052 3580 1160 3619 non
1204 3564 1379 3620 solum
1427 3563 1692 3633 pecudum
1746 3562 1957 3617 hostias

361 3660 649 3718 daemoniis
677 3657 995 3722 oﬂ‘erebant,
1031 3656 1127 3712 sed
1153 3656 1320 3711 etiam
1346 3654 1666 3725 semetipsos
1686 3667 1786 3724 per
1812 3664 1960 3708 erro-

359 3768 481 3807 rem
517 3749 837 3805 idololatria:
887 3748 941 3802 in
978 3753 1303 3819 potestatem
1358 3746 1663 3801 daemonum
1718 3743 1956 3799 tradide-

360 3851 516 3908 runt,
574 3841 667 3911 qui
691 3840 841 3909 justo
889 3838 985 3893 Dei
1008 3837 1214 3910 judicio
1255 3836 1413 3892 simul
1436 3851 1562 3891 cum
1585 3835 1780 3901 altare,
1810 3833 1956 3904 quod

360 3932 521 3987 idolis
546 3930 971 3995 fabricaveram,
996 3928 1291 3999 dissipandi
1310 3934 1488 3982 erant.
1527 3926 1749 3998 Mystice
1772 3932 1954 3980 autem

360 4022 635 4093 signiﬁcat
662 4034 874 4085 omnes,
920 4019 1012 4089 qui
1046 4017 1244 4074 diaboli
1274 4017 1494 4074 servitio
1533 4016 1826 4088 mancipati
1875 4016 1957 4070 vi-

360 4122 477 4167 tam
518 4111 837 4182 sacrilegam
867 4109 1236 4181 temporaliter
1264 4107 1541 4174 ﬁnierant,
1581 4106 1801 4163 aeternis
1832 4122 1955 4162 cru-

356 4205 595 4261 ciatibus
626 4203 1045 4268 consumendos,
1093 4198 1206 4256 Deo
1240 4202 1346 4257 illis
1373 4202 1709 4257 retribuente
1759 4214 1956 4256 secun-

360 4294 491 4348 dum
543 4292 763 4362 propria
799 4292 991 4346 merita
1018 4306 1241 4362 operum
1272 4289 1506 4346 illorum.

2067 3211 2085 3245 t
2141 3192 2279 3248 Ecce
2305 3193 2452 3248 enim
2496 3191 2611 3247 dies
2641 3191 2821 3247 veniet
2845 3205 3124 3258 succensa,
3181 3192 3339 3264 quasi
3381 3194 3649 3259 caminus,

2059 3293 2115 3338 et
2156 3290 2317 3337 erunt
2345 3296 2534 3337 omnes
2563 3282 2798 3351 superbi,
2857 3289 2913 3338 et
2941 3296 3132 3338 omnes
3158 3282 3421 3339 facientes
3457 3283 3650 3355 impie-

2058 3382 2225 3428 tatem
2252 3372 2467 3443 stipula,
2502 3381 2557 3426 et
2580 3372 2935 3427 inﬁammabit
2960 3386 3055 3429 eos
3084 3372 3202 3429 dies
3226 3373 3471 3442 veniens,
3514 3375 3647 3430 dicit

2056 3465 2319 3521 Dominus
2341 3465 2697 3520 exercituum.
2729 3464 2860 3531 Quae
2879 3479 2987 3519 non
3017 3464 3284 3535 relinquet
3309 3467 3390 3522 eis
3411 3467 3652 3524 radicem

2057 3565 2112 3612 et
2145 3570 2384 3627 germen.
2416 3554 2482 3609 Et
2509 3555 2715 3611 orietur
2740 3556 2893 3612 vobis
2909 3555 3224 3613 timentibus
3252 3572 3451 3613 nomen
3465 3573 3650 3615 meum

2059 3645 2151 3701 Sol
2199 3645 2451 3701 Justitire.
2485 3645 2553 3700 Et
2587 3646 2792 3701 sanitas
2820 3646 2875 3700 in
2900 3644 3091 3716 pennis
3116 3646 3250 3717 ejus.
3302 3648 3371 3703 Et
3400 3648 3650 3720 egredie—

2056 3740 2214 3807 mini,
2270 3748 2325 3795 et
2358 3738 2584 3805 salictis,
2614 3738 2754 3794 sicut
2778 3738 2933 3793 vituli
2972 3739 3038 3794 de
3061 3746 3330 3804 armento,
3382 3749 3440 3793 et
3467 3738 3649 3795 calca-

2056 3829 2185 3885 bitis
2240 3830 2454 3899 impios,
2517 3844 2639 3884 cum
2666 3828 2867 3884 fuerint
2901 3829 3041 3902 cinis
3087 3829 3188 3885 sub
3221 3827 3404 3899 planta
3448 3831 3647 3902 pedum

2055 3930 2359 3976 vestrorum
2393 3918 2549 3991 (Hal.
2574 3918 2729 3992 tv)..i
2761 3920 2829 3974 Et
2854 3928 3002 3975 recte
3030 3920 3231 3975 dictum
3258 3932 3343 3975 est
3363 3920 3508 3991 quod
3536 3935 3645 3976 non

2056 4008 2259 4065 factum
2289 4009 2451 4063 fuerit
2476 4010 2645 4080 phase
2672 4008 2779 4064 tale
2804 4025 2835 4063 a
2868 4009 3058 4065 diebus
3086 3995 3356 4076 Judicum,
3389 4011 3480 4080 qui
3501 3996 3647 4079 judi-

2056 4113 2317 4160 caverunt
2340 4103 2526 4171 lsrael,
2555 4112 2611 4159 et
2629 4104 2871 4159 omnium
2903 4103 3113 4159 dierum
3142 4119 3330 4176 regum
3361 4104 3546 4170 lsrael,
3592 4114 3649 4159 et

2056 4212 2243 4268 regum
2257 4194 2416 4262 Juda,
2445 4195 2585 4251 sicut
2609 4196 2664 4251 in
2680 4204 2872 4251 octavo
2900 4196 3110 4252 decimo
3137 4212 3280 4251 anno
3311 4198 3454 4269 regis
3477 4195 3642 4253 Josia:

2057 4288 2112 4342 in
2140 4286 2464 4356 Jerusalem,
2497 4290 2646 4359 quia,
2686 4288 2879 4344 ablatis
2905 4289 3111 4361 ﬁguris,
3157 4291 3430 4346 veraciter
3479 4290 3531 4344 in
3559 4289 3648 4346 die

440 4402 459 4434 ι
507 4383 888 4454 Reversusque
911 4394 996 4439 est
1035 4382 1215 4438 Josias
1236 4380 1554 4449 Jerusalem,
1614 4392 1670 4440 et
1695 4383 1954 4455 prtecepit
1979 4447 2024 4455 _
2052 4380 2240 4451 judicii
2274 4381 2578 4436 transibunt
2599 4382 2783 4435 sancti
2802 4381 2869 4436 de
2898 4390 3072 4436 morte
3102 4381 3170 4436 ad
3196 4382 3386 4449 vitam,
3414 4381 3480 4438 de
3519 4396 3645 4438 cor-

366 4495 387 4527 t
436 4476 583 4531 omni
632 4447 849 4546 populo,
903 4476 1088 4532 dicens
1117 4494 1130 4530 :
1161 4474 1346 4531 Facite
1385 4447 1555 4545 phase
1584 4447 1813 4533 Domino
1842 4447 1954 4535 Deo
1978 4447 2033 4509 Ῑ)
2054 4447 2309 4542 raptione
2336 4472 2404 4527 ad
2428 4472 2686 4543 gloriam:
2717 4471 2903 4542 sicque
2947 4473 3001 4527 in
3030 4481 3322 4542 conspectu
3351 4447 3648 4529 conditoris

367 4586 388 4618 ι
434 4576 642 4633 vestro,
692 4566 990 4621 secundum
1019 4566 1161 4636 quod
1185 4566 1448 4636 scriptum
1482 4575 1566 4623 est
1596 4568 1651 4622 in
1678 4568 1817 4624 libro
1851 4568 1954 4624 foe-

369 4675 390 4707 ς
437 4656 585 4711 deris
645 4655 821 4726 hujus,
868 4675 888 4707 ι
928 4663 1034 4711 etc.
1093 4654 1249 4723 Quod
1295 4664 1476 4711 autem
1517 4657 1807 4727 praedictus
1858 4672 1954 4713 rex

362 4749 557 4820 ejectis
581 4747 741 4802 idolis
766 4747 833 4802 de
862 4755 1031 4813 terra,
1078 4764 1289 4803 necnon
1315 4749 1644 4819 pythonibus
1687 4756 1743 4805 et
1770 4749 1956 4806 ariolis

363 4850 425 4897 et
448 4841 700 4896 omnibus
725 4840 1080 4897 immunditiis
1104 4849 1263 4913 atque
1289 4842 1782 4900 abominationibus
1807 4843 1956 4899 abla-

365 4932 460 4994 tis,
511 4929 566 4983 in
586 4940 779 4985 octavo
811 4930 1021 4986 decimo
1045 4947 1187 4987 anno
1220 4933 1372 5002 regni
1401 4933 1482 4988 sui
1531 4932 1758 4990 Domino
1784 4936 1954 5006 phase

362 5023 781 5078 mleberrimum
811 5021 1007 5080 fecisse
1034 5023 1252 5094 legitur,
1301 5026 1578 5081 moraliter
1641 5028 1797 5084 docet
1830 5044 1952 5094 nos,

362 5129 430 5169 ut
464 5129 758 5185 purgemus
785 5115 1021 5186 primum
1052 5123 1255 5171 terram
1280 5117 1459 5172 cordis
1485 5119 1654 5173 nostri
1692 5121 1759 5175 ab
1779 5120 1953 5175 omni-

360 5206 473 5260 bus
495 5206 645 5260 vitiis
687 5212 745 5260 et
770 5207 1091 5261 mundemus
1132 5214 1287 5263 actus
1315 5218 1529 5264 nostros
1584 5210 1651 5265 ab
1684 5210 1830 5266 omni
1865 5211 1952 5266 in-

361 5297 724 5369 quinamento
748 5306 1114 5369 peccatorum,
1145 5308 1201 5355 et
1229 5302 1297 5354 ab
1323 5302 1577 5370 operibus
1607 5303 1854 5369 mortuis,
1896 5312 1958 5358 ut

361 5390 577 5445 servire
602 5391 870 5460 possimus
890 5390 1003 5447 Deo
1030 5391 1250 5446 viventi.
1279 5390 1477 5464 Sicque
1496 5401 1712 5465 gratum
1727 5394 1956 5450 Domino

360 5479 711 5536 celebramus
751 5483 950 5552 pascha
1000 5501 1020 5535 ι
1072 5497 1181 5538 non
1218 5484 1403 5553 utique
1450 5484 1505 5540 in
1529 5484 1795 5543 fermento
1840 5477 1991 5542 ma-'

359 5571 497 5628 litim
545 5581 600 5628 et
636 5572 905 5643 nequitizn,
932 5574 1028 5629 sed
1056 5574 1108 5628 in
1137 5575 1343 5646 azymis
1371 5576 1701 5633 sinceritatis
1742 5586 1799 5633 et
1817 5579 1956 5635 veri-

360 5664 499 5722 tatis
526 5663 578 5735 (ι
622 5664 725 5719 Cor
773 5665 846 5736 v).
889 5685 906 5716 ι
951 5664 1259 5730 Secundum
1291 5667 1600 5740 allegoriam
1637 5679 1813 5728 autem
1863 5671 1953 5735 Jo-,

2058 4564 2141 4619 sui
2200 4564 2257 4618 in
2300 4563 2512 4620 eoelesti
2558 4563 2859 4621 Jerusalem
2911 4565 2966 4620 in
3014 4574 3277 4621 aeternum
3318 4566 3643 4637 gaudebunt,

2058 4656 2185 4726 quia
2216 4674 2235 4708 ι
2269 4656 2541 4712 videbitur
2561 4657 2704 4719 Deus
2717 4658 2938 4715 deorum
2955 4658 3010 4717 in
3033 4657 3165 4714 Sion
3184 4657 3357 4732 (Psal.
3384 4659 3642 4730 umu).

2057 4746 2130 4801 Et
2148 4746 2341 4802 civitas
2368 4746 2456 4801 illa
2486 4763 2596 4803 non
2622 4756 2745 4818 eget
2770 4748 2901 4812 sole,
2945 4764 3121 4819 neque
3148 4749 3297 4817 luna,
3347 4758 3410 4805 ut
3430 4749 3649 4806 luceant

2058 4834 2114 4889 in
2142 4849 2227 4890 ea.
2264 4835 2401 4889 Nam
2429 4836 2649 4892 claritas
2681 4838 2775 4891 Dei
2810 4838 3134 4893 illuminahit
3167 4853 3310 4906 eam,
3342 4847 3396 4896 et
3424 4840 3644 4897 lucerna

2056 4924 2172 4998 ejus
2194 4929 2379 4998 Agnus
2396 4936 2501 4995 est,
2525 4937 2577 4983 et
2605 4928 2955 4985 ambulabunt
2979 4939 3165 5001 gentes
3193 4931 3247 4986 in
3276 4931 3479 4987 lumine
3504 4933 3643 5005 ejus,
3678 4978 3682 4983 .

2056 5030 2112 5076 et
2144 5035 2297 5092 reges
2336 5031 2493 5076 terra:
2522 5021 2751 5077 afferent
2781 5022 3008 5092 gloriam
3041 5039 3194 5079 suam
3216 5033 3273 5080 et
3299 5026 3561 5080 honorem
3589 5028 3643 5081 in

2057 5111 2227 5179 illam,
2283 5108 2341 5168 et'
2362 5120 2533 5183 porta:
2557 5112 2671 5181 ejus
2700 5129 2808 5168 non
2835 5114 3159 5169 claudentur
3186 5132 3285 5186 per
3305 5117 3472 5173 diem.
3524 5116 3646 5171 Nox
3684 5122 3686 5126 ’

2056 5204 2201 5259 enim
2229 5218 2335 5259 non
2361 5205 2468 5259 erit
2498 5203 2625 5258 illic.
2690 5203 2759 5258 Et
2793 5201 3020 5260 alferent
3048 5204 3273 5276 gloriam
3303 5214 3359 5262 et
3382 5208 3644 5261 honorem

2060 5299 2299 5371 gentium
2331 5296 2384 5351 in
2411 5296 2579 5363 illam,
2626 5313 2727 5353 nec
2757 5296 2981 5352 intrabit
3008 5298 3062 5352 in
3092 5313 3214 5353 eam
3267 5298 3468 5367 aliquid
3491 5297 3643 5351 eoin-

2060 5389 2363 5458 quinatum,
2397 5396 2451 5440 et
2480 5386 2684 5443 faciens
2711 5388 3165 5445 abominationem
3193 5397 3250 5444 ct
3278 5388 3642 5451 mendacium,

2058 5484 2162 5539 nisi
2195 5484 2287 5554 qui
2314 5484 2502 5554 scripti
2533 5492 2658 5539 sunt
2695 5483 2749 5537 in
2780 5485 2918 5541 libro
2944 5487 3070 5540 vita:
3103 5485 3239 5556 Agni
3272 5483 3453 5557 (Apoc.
3498 5482 3639 5550 xm).

2061 5579 2128 5633 Et
2149 5596 2342 5635 nomen
2357 5578 2592 5634 civitatis
2606 5593 2669 5634 ex
2694 5579 2780 5634 illa
2798 5580 2905 5644 die,
2924 5580 3178 5634 Dominus
3200 5577 3395 5630 ibidem
3419 5571 3639 5646 (Ezech.

2060 5672 2247 5744 xxxv).
2270 5672 2591 5727 Betietlictus
2616 5671 2877 5726 Dominus
2905 5669 3159 5740 quoniam
3199 5666 3506 5722 mirificavit
3534 5666 3637 5722 mi-
