3902 6146
431 214 457 247 Ι

317 308 410 364 ’Ξῖ
421 310 441 363 1

982 305 1043 359 Β.
1086 302 1338 358 RABANI
1376 302 1592 359 ΜΑΕηί
1629 301 1947 358 ARCIIIEP.
1989 300 2294 358 MOGUNT.
2331 299 2616 379 OPERUM
2651 300 2830 359 PARS
2867 302 2907 358 I.

3470 296 3577 361 ΤΗ

335 421 685 480 smicordiam
711 434 864 476 suam
916 418 970 473 in
995 418 1213 473 civitate
1253 416 1672 472 circumstantia:
1727 413 1898 487 (Psal.
1929 416 1974 476 Α
2004 430 2168 471 nosor
2212 414 2377 471 alium
2405 416 2769 487 intelligimus,
2820 415 2924 470 nisi
2968 414 3217 469 eumdem
3248 431 3408 486 quem
3440 417 3582 473 Pha-

336 509 491 580 xxx).
539 529 558 562 ι

412 619 433 653 ι
476 599 667 656 Occiso
692 594 872 668 itaque
912 593 1064 653 Josia
1086 611 1214 667 rege
1264 596 1318 651 in
1349 594 1587 664 Magedo,
1641 593 1756 649 tulit
1812 608 1904 665 po-

342 711 360 743 ι
402 691 561 763 pnlus
611 700 771 747 terrae
815 686 1051 743 Joacbaz
1109 688 1276 742 ﬁlium
1322 685 1503 752 Josite,
1551 692 1607 741 et
1634 692 1905 741 unxerunt

340 803 361 836 ι
405 798 561 849 eum;
589 789 643 837 et
669 781 1064 837 constituerunt
1085 796 1209 836 eum
1242 794 1423 852 regem
1472 793 1573 850 pro
1592 786 1746 849 patre
1780 791 1901 843 suo,

339 894 358 927 ι
405 890 565 944 quem
590 873 802 929 Pharao
839 871 1022 928 Necho
1049 872 1224 927 vinxit
1252 872 1306 926 in
1337 871 1527 937 Bebla,
1559 879 1616 925 et
1644 869 1797 926 duxit
1842 868 1899 924 in

338 983 358 1017 ι
403 964 720 1036 Egyptum,
779 971 838 1019 et
887 962 1146 1033 imposuit
1194 960 1419 1016 multam
1471 968 1631 1016 terrm
1685 968 1905 1016 centum

338 1078 363 1111 ιη
400 1059 612 1115 talentis
638 1057 866 1130 argenti,
895 1064 950 1112 et
978 1055 1177 1110 talento
1202 1054 1356 1121 auri;
1387 1068 1676 1125 regemque
1704 1052 1905 1108 consti-

338 1167 359 1199 ι
404 1148 507 1203 tuit
558 1148 804 1214 Eliaeim,
854 1145 1021 1200 ﬁlium
1050 1143 1211 1201 Josia:
1253 1159 1350 1214 pro
1374 1143 1518 1199 Josia
1568 1152 1726 1214 patre
1753 1141 1901 1211 ejus;

338 1257 359 1290 ι
404 1239 672 1307 vertitque
696 1251 890 1292 nomen
911 1237 1025 1306 ejus
1051 1234 1319 1301 Joachim,
1355 1254 1374 1287 ι
1408 1244 1514 1290 etc.
1557 1233 1697 1301 Quid
1722 1240 1903 1288 autem

331 1329 638 1385 interfectio
670 1327 832 1384 Josia:
868 1327 1158 1399 signiﬁcat,
1217 1327 1365 1397 quia
1394 1327 1678 1382 Pharaone
1720 1326 1903 1382 Necho

2005 519 2225 561 raonem
2252 520 2373 561 esse
2397 506 2649 572 diximus,
2705 505 3001 576 principem
3030 506 3278 561 videlicet
3307 508 3580 563 confusio~

2003 597 2125 660 nis,
2181 605 2237 652 et
2285 607 2548 650 rectorem
2595 597 2940 651 tenebrarum
2982 595 3174 649 harum
3206 596 3420 667 (Ephes.
3463 599 3582 667 vr)?

2003 685 2146 758 Ergo
2197 702 2318 741 eum
2345 686 2597 755 antiquus
2625 685 2794 741 hostis
2821 685 3053 755 aliquem
3083 685 3186 741 sibi
3211 700 3432 741 censum
3457 703 3585 757 pee-

2002 778 2110 833 cati
2139 777 2347 832 solvere
2367 776 2675 846 persuadet,
2702 791 2825 831 mox
2850 784 3020 831 totum
3035 776 3088 831 in
3102 776 3398 831 dominium
3422 794 3584 833 suum

2004 869 2249 941 redigere
2295 877 2350 924 et
2375 868 2589 939 plenum
2622 868 2904 923 servitium
2956 868 3261 939 expendere
3303 869 3579 925 admonet.

2002 955 2141 1025 Quid
2166 966 2249 1013 est
2277 972 2403 1029 ergo
2428 956 2570 1011 aliud
2602 957 2771 1010 tribus
2813 956 2971 1010 annis
3003 957 3115 1027 regi
3143 956 3430 1028 Babylonis
3466 974 3584 1014 ser-

2002 1060 2129 1100 vum
2156 1060 2294 1109 esse,
2320 1060 2480 1115 quam
2499 1044 2869 1115 persuasione,
2894 1044 3245 1101 delectatione
3268 1057 3428 1115 atque
3450 1062 3584 1102 con-

2003 1159 2164 1201 sensu
2213 1144 2436 1214 antiquo
2480 1142 2623 1199 hosti
2666 1142 2938 1198 subditum
2965 1142 3100 1208 fore,
3148 1153 3204 1198 et
3224 1154 3395 1199 totum
3434 1146 3582 1201 vitiis

2001 1235 2242 1291 deditum
2269 1234 2423 1306 quasi
2450 1234 2622 1290 libere
2642 1233 2711 1288 ab
2740 1248 2806 1289 eo
2829 1234 3128 1305 possideri?
3154 1233 3261 1290 Sed
3286 1251 3427 1307 saepe
3451 1252 3585 1291 con.

2004 1325 2165 1396 tingit
2196 1325 2339 1395 quod
2371 1322 2521 1389 tales,
2571 1339 2672 1395 per
2697 1323 2793 1380 Dei
2826 1322 3251 1379 misericordiam
3298 1325 3580 1389 admoniti,

328 1420 688 1489 interemptus
716 1428 800 1474 est
823 1419 880 1473 in
918 1418 1160 1490 Magedo,
1214 1416 1317 1473 nisi
1345 1417 1775 1487 persecutionem
1813 1431 1928 1472 πο.
2003 1415 2268 1471 rebellare
2295 1422 2485 1470 contra
2506 1429 2737 1484 nequam
2778 1413 3042 1484 Spiritum
3067 1414 3581 1474 meditentunllinc

332 1511 466 1581 tiqui
498 1510 670 1565 hostis
696 1510 954 1565 adversus
976 1517 1191 1565 sanctos
1211 1509 1608 1579 praedicatores,
1645 1523 1781 1578 quos
1807 1521 1905 1578 per
2001 1516 2086 1565 est
2112 1509 2253 1579 quod
2275 1507 2556 1563 subditur:
2587 1526 2606 1560 ι
2642 1522 2833 1563 rursus
2857 1506 3137 1562 rebellavit
3158 1515 3344 1563 contra
3374 1524 3518 1563 eum.
3555 1529 3576 1561 ι

319 1600 589 1655 invidiam
632 1599 751 1655 neci
783 1599 995 1655 tradere
1022 1599 1264 1664 molitur,
1310 1607 1366 1654 et
1393 1597 1607 1654 auferre
1662 1597 1729 1652 de
1759 1607 1905 1652 terra
2004 1597 2115 1655 Nec
2145 1608 2325 1653 tamen
2370 1596 2566 1654 suﬁicit
2599 1597 2883 1663 rebellare,
2928 1597 2974 1653 si
3000 1613 3105 1653 non
3132 1602 3491 1669 perseverarit
3525 1601 3581 1655 in

322 1689 586 1746 Ecclesia:
614 1698 859 1755 conatur,
905 1698 1172 1759 quatenus
1216 1689 1429 1745 facilius
1479 1697 1647 1745 totam
1692 1689 1903 1759 plebem
1931 1750 1975 1759 _
2006 1690 2324 1746 certamine.
2376 1687 2479 1755 Qui
2526 1688 2670 1743 enim
2722 1687 2929 1757 antiqui
2984 1687 3155 1743 hostis
3203 1696 3469 1759 potestate
3522 1706 3583 1746 se

332 1780 596 1850 dissipare
639 1787 695 1834 et
738 1750 992 1834 invade-re
1034 1779 1253 1849 possit?
1287 1780 1674 1848 Interpretatur
1694 1750 1901 1835 nantem
1931 1750 1979 1809 Β
2007 1797 2207 1837 exuere
2227 1750 2519 1846 desiderat,
2567 1795 2788 1837 necesse
2818 1750 2904 1837 est
2929 1788 2988 1835 ut
3014 1750 3227 1836 fortiter
3250 1794 3434 1837 contra
3456 1799 3583 1838 eum

322 1871 542 1926 Pharao
586 1870 866 1941 dissipans,
907 1869 1089 1927 Necho
1116 1871 1402 1942 percussio,
1460 1869 1679 1941 Magedo
1706 1871 1770 1925 de
1798 1880 1908 1925 tert-
2005 1872 2242 1938 dimicet,
2300 1879 2355 1927 et
2381 1869 2709 1938 adjutorium
2753 1884 2784 1925 a
2821 1885 3030 1925 summa
3055 1872 3295 1941 potentia
3342 1874 3577 1928 assiduis

320 1962 546 2035 tatione.
597 1960 899 2016 Perruissus
931 1961 1129 2031 quippe
1156 1960 1401 2016 diabolus
1432 1975 1758 2032 consurgere
1807 1961 1903 2016 ad-
2005 1963 2255 2033 precibus
2294 1960 2562 2030 imploret,
2599 1967 2864 2030 quatenus
2906 1960 3085 2016 divina
3125 1961 3299 2032 gratia
3344 1963 3581 2033 adjutus,

331 2065 521 2105 versus
548 2057 785 2115 sanctos,
811 2050 916 2105 hoc
950 2050 1286 2105 solummodo
1306 2050 1436 2122 agit,
1484 2051 1586 2105 hoc
1613 2050 1739 2105 totis
1778 2050 1908 2104 viri-

331 2139 434 2193 bus
456 2146 650 2204 certat,
697 2147 964 2208 quatenus
992 2138 1246 2194 tentando
1275 2153 1489 2209 gregem
1519 2139 1732 2192 Domini
1786 2155 1909 2208 per-

326 2230 544 2284 cutiens
579 2229 820 2298 dissipet,
874 2243 1073 2298 eosque
1121 2228 1351 2298 primum
1398 2226 1626 2294 auferat,
1677 2243 1908 2297 quorum

328 2320 527 2375 solatio
564 2318 758 2389 adjuti,
810 2328 1001 2375 contra
1031 2319 1241 2373 hostem
1285 2319 1545 2375 dimicare
1589 2318 1905 2373 debuerant.

407 2429 426 2461 ι
465 2409 612 2466 Tulit
648 2409 877 2481 pepulus
933 2416 1091 2464 terra:
1117 2407 1371 2475 Joachaz,
1417 2408 1585 2463 ﬁlium
1622 2406 1799 2474 Josiae,
1854 2416 1910 2463 et

315 2500 730 2555 constituerunt
762 2514 886 2554 eum
917 2514 1096 2569 regem
1124 2513 1222 2569 pro
1245 2504 1398 2566 patre
1425 2513 1540 2553 suo.
1572 2517 1590 2550 ι
1649 2496 1906 2563 Joachaz,

332 2589 843 2659 quianterpretatur
865 2598 1109 2654 retentus,
1155 2587 1427 2657 signiﬁcat
1452 2588 1622 2644 malos
1637 2588 1906 2654 doctores,

332 2676 719 2755 quospOpulus
743 2684 902 2732 terra:
929 2677 1199 2742 carnales,
1228 2676 1477 2733 videlicet
1504 2684 1732 2733 terrenae
1760 2678 1912 2748 cupi-

333 2768 491 2822 ditati
535 2766 726 2833 dediti,
771 2767 1063 2822 secundum
1105 2782 1288 2823 mores
1339 2781 1465 2823 suos
1511 2768 1911 2823 consentientes

332 2858 481 2914 vitiis
505 2857 641 2927 suis,
658 2872 930 2929 personas
962 2856 1165 2929 eligunt
1194 2876 1207 2912 :
1240 2872 1376 2927 quos
1409 2856 1621 2912 Pharao
1664 2856 1719 2911 in
1743 2856 1912 2913 Rehla

332 2949 509 3003 vinxit
531 2956 586 3003 et
618 2948 673 3003 in
699 2947 995 3019 Egyptum
1025 2948 1200 3015 duxit,
1231 2964 1352 3005 cum
1381 2947 1625 3003 diabolus
1651 2963 1750 3018 per
1775 2949 1913 3004 mul-

330 3037 615 3092 titudinem
641 3035 980 3092 adulatorum
1013 3052 1276 3093 enervans
1314 3035 1513 3107 decipit
1537 3038 1699 3091 corda
1722 3037 1913 3109 praela-

330 3137 532 3184 torttm.
562 3127 732 3183 Rebla
757 3126 902 3182 enim
943 3126 1224 3181 multitudo
1251 3126 1656 3197 interpretatur.
1714 3126 1912 3198 Sicque

334 3217 633 3288 spiritualis
664 3216 887 3289 Egypti
928 3216 1137 3272 vinctos
1186 3216 1392 3272 catenis
1434 3226 1782 3287 peccatorum
1832 3228 1914 3275 te-

332 3309 631 3367 nebrosum
658 3308 853 3377 mergit
879 3308 933 3363 in
964 3307 1240 3379 abyssum.

409 3419 430 3451 ‹
476 3398 583 3456 Pro
610 3399 844 3456 Joaehaz
873 3412 1085 3469 quoque
1106 3398 1290 3454 Necho
1310 3398 1553 3455 Joaenim
1571 3413 1750 3471 regem
1786 3415 1912 3457 oon-

333 3492 566 3548 stituens
606 3490 861 3561 imposuit
890 3489 1113 3546 multam
1137 3499 1297 3545 terra:
1339 3499 1555 3546 centum
1586 3489 1801 3547 talentis
1825 3506 1915 3545 ar-

331 3582 500 3653 genti,
526 3589 581 3637 et
608 3580 807 3636 talento
832 3581 971 3636 auri.
1006 3599 1025 3634 ι
1079 3580 1214 3637 Cum
1242 3580 1509 3651 malignus
1533 3582 1755 3651 spiritus
1780 3596 1913 3653 pen-

326 3691 452 3731 sum
494 3674 702 3732 servitii
747 3673 829 3729 sui
859 3674 912 3728 in
946 3672 1141 3745 populo
1188 3673 1523 3744 perditorum
1563 3674 1792 3744 expetit,
1852 3682 1912 3729 ut

333 3776 442 3822 tam
459 3782 628 3823 sensu
661 3782 823 3838 quam
851 3766 1063 3839 eloquio
1095 3766 1211 3837 ejus
1252 3782 1349 3839 per
1371 3769 1551 3823 omnia
1598 3769 1773 3838 parati
1802 3769 1912 3825 sint

306 3858 610 3926 .ubscquio.
640 3858 793 3914 Unde
817 3857 1063 3914 Joachim
1083 3856 1237 3928 juxta
1265 3869 1591 3930 praeceptum
1617 3860 1912 3917 Pharaonis

333 3962 770 4018 unumquemque
790 3949 1090 4004 secundum
1112 3949 1255 4005 vires
1278 3965 1403 4005 suas
1437 3953 1635 4021 exegit,
1677 3961 1738 4006 ut
1761 3952 1913 4006 daret

336 4045 448 4090 tam
476 4045 758 4108 argentum
800 4052 962 4107 quam
989 4054 1200 4104 aurum,
1249 4049 1513 4109 quatenus
1539 4042 1641 4096 hoc
1668 4041 1914 4096 redderet

335 4124 626 4192 Pharaoni,
656 4126 781 4196 quia
807 4126 1047 4183 diabolus
1065 4144 1161 4198 per
1173 4129 1273 4211 sibi
1297 4130 1506 4185 deditos
1526 4130 1669 4186 viros
1691 4131 1758 4185 ab
1779 4147 1912 4187 uno-

332 4231 547 4286 quoque
568 4216 735 4287 exigit
786 4219 1080 4274 secundum
1108 4220 1249 4275 vires
1284 4235 1411 4276 suas
1452 4222 1660 4291 peccati
1690 4236 1910 4277 censum

334 4309 568 4375 solvere,
619 4309 804 4381 sicque
837 4309 891 4367 in
918 4311 1167 4388 nequiter
1202 4312 1442 4382 praelatis
1485 4313 1728 4384 quotidie
1766 4330 1910 4392 prte-

333 4411 492 4474 parat
514 4403 866 4474 perditionem
889 4403 1164 4472 subjectis.

876 4533 1103 4590 CAPUT
1140 4534 1327 4590 XXIV.

334 4643 490 4709 Quod
534 4660 704 4714 regem
745 4641 985 4697 Joachim
1032 4660 1150 4697 eum
1182 4654 1347 4698 matre
1387 4655 1436 4700 et
1475 4647 1739 4713 uxoribus,
1784 4667 1903 4706 cum

396 4713 654 4786 mitellis
691 4729 758 4786 ac
787 4723 976 4768 σανίσι-α
1015 4713 1193 4786 turba,
1241 4724 1453 4786 etnparte
1499 4734 1740 4772 vasorum
1784 4720 1900 4786 Dei,

405 4782 894 4855 ﬂabucltodonosor
950 4784 1217 4855 transtulit
1276 4782 1615 4855 Babylonem.
1705 4820 1766 4829 —
1823 4782 1903 4845 De

404 4850 655 4934 Sedes/tia
688 4854 956 4934 rege.uq.ui
983 4853 1043 4934 ob
1077 4853 1327 4934 scelerum
1356 4850 1765 4934 magnitudinem
1792 4870 1902 4914 tra-

398 4921 546 4976 ditus
570 4931 645 4977 est
668 4921 785 4977 cum
808 4921 935 4992 filiis
973 4932 1020 4977 et
1045 4924 1184 4977 omni
1216 4924 1429 4995 populo.

406 5033 555 5107 (CAP.
589 5031 758 5107 xxiv.)
813 5053 831 5086 ι
876 5034 935 5090 In
961 5035 1149 5092 diebus
1195 5035 1312 5108 ejus
1352 5040 1594 5096 ascendit
1620 5040 1899 5098 Nabucbm

340 5147 360 5181 ι
401 5127 658 5191 donosor,
694 5141 786 5180 rex
812 5125 1116 5198 Babylonis,
1158 5136 1213 5184 et
1247 5127 1419 5186 factus
1446 5142 1530 5187 est
1565 5133 1614 5187 ei
1661 5132 1903 5188 Joaehim

341 5238 361 5272 ‹
407 5232 595 5273 servus
652 5216 821 5272 tribus
846 5218 1035 5284 annis;
1070 5226 1124 5274 et
1148 5235 1362 5276 rursum
1402 5222 1679 5280 rebellavit
1719 5234 1908 5280 contra

343 5331 362 5364 ι
411 5326 556 5377 eum,
596 5329 616 5362 ι
665 5320 770 5368 etc.
799 5309 931 5365 Cum
959 5311 1126 5367 semel
1151 5313 1272 5383 quis
1305 5315 1523 5384 cuilibet
1558 5332 1617 5374 se
1639 5319 1912 5389 mancipa-

335 5404 408 5459 rit
439 5402 583 5465 vitio,
623 5418 728 5457 non
754 5401 869 5470 uni,
907 5403 1001 5457 sed
1031 5402 1214 5459 multis
1241 5405 1473 5462 dominis
1498 5408 1761 5465 obnoxius
1783 5409 1908 5463 erit.

340 5497 493 5552 Unde
516 5494 778 5555 Joacltim.
802 5510 960 5564 quem
982 5495 1194 5551 Pharao
1210 5507 1337 5551 ante
1351 5513 1567 5552 censum
1591 5499 1689 5553 sibi
1706 5500 1912 5556 solvere

340 5586 540 5656 coegit,
569 5602 709 5639 nunc
738 5584 1232 5640 Nabuchodonosor
1257 5602 1349 5641 rex
1384 5586 1666 5657 Babylonis
1690 5589 1788 5642 sibi
1818 5591 1913 5644 tri-

344 5670 445 5726 bus
472 5675 625 5732 annis
671 5675 873 5729 servire
902 5674 1191 5746 compellit.
1228 5675 1339 5731 Sed
1369 5694 1525 5749 quem
1560 5677 1911 5734 Nabuchodo-

2006 2053 2214 2107 bostem
2246 2049 2600 2106 fortissimum
2630 2063 2887 2121 superare
2936 2058 2991 2105 et
3019 2050 3205 2122 jugum
3235 2051 3584 2107 durissimum

2006 2142 2236 2197 evadere
2260 2148 2440 2210 queat.

2082 2257 2101 2291 ‹
2148 2237 2276 2294 Post
2323 2236 2566 2293 Joachim
2611 2244 2790 2293 autem
2838 2239 3079 2310 regnavit
3126 2237 3393 2305 Joachim,
3441 2239 3584 2294 ﬁlius

2014 2349 2034 2384 ι
2080 2328 2220 2400 ejus,
2253 2345 2351 2402 pro
2377 2345 2472 2396 eo;
2498 2338 2553 2386 et
2574 2328 2703 2385 fecit
2726 2329 2924 2385 malum
2950 2345 3133 2387 coram
3164 2331 3391 2387 Domino
3428 2331 3585 2402 juxta

2014 2440 2033 2474 ι
2078 2423 2259 2478 omnia
2288 2436 2409 2492 qua:
2433 2420 2636 2476 fecerat
2653 2428 2811 2490 pater
2837 2420 2974 2490 ejus.
3002 2422 3061 2475 In
3092 2429 3336 2491 tempore
3362 2421 3452 2476 illo
3490 2438 3583 2477 as-

2013 2530 2033 2564 ι
2078 2514 2376 2569 cenderunt
2399 2512 2540 2568 servi
2557 2511 3070 2578 Nabuchodonosor,
3099 2511 3244 2582 regis
3271 2511 3581 2583 Babylonis.

2015 2623 2035 2658 ς
2080 2605 2136 2659 ἱιι
2162 2604 2479 2671 Jerusalem,
2500 2612 2555 2658 et
2568 2604 2897 2659 circumdata
2917 2613 2999 2659 est
3018 2603 3148 2658 urbs
3170 2603 3583 2666 munitionibus,

2016 2714 2036 2749 ι
2078 2694 2331 2765 venitque
2358 2692 2867 2761 Nabuchodonosor,
2907 2710 3002 2751 rex
3028 2693 3334 2767 Babylonis,
3362 2695 3427 2749 ad
3455 2695 3589 2749 civi-

2016 2804 2036 2839 t
2076 2794 2242 2841 tatem
2270 2800 2392 2840 cum
2410 2785 2581 2839 servis
2601 2786 2736 2851 suis,
2764 2793 2825 2841 ut
2847 2794 3371 2858 oppugnarenteam.
3398 2786 3589 2858 Egres-

2018 2895 2037 2930 ι
2081 2891 2281 2948 susque
2315 2884 2400 2932 est
2427 2874 2696 2941 Joachim,
2746 2892 2842 2932 rex
2863 2876 3019 2943 Juda,
3048 2878 3114 2932 ad
3145 2893 3322 2947 regem
3354 2877 3587 2949 Babylo-

2017 2983 2037 3019 ι
2083 2967 2185 3031 nis,
2218 2965 2333 3037 ipse
2352 2972 2407 3020 et
2432 2974 2610 3020 mater
2630 2962 2769 3033 ejus,
2796 2973 2852 3021 et
2878 2966 3015 3021 servi
3044 2966 3182 3036 ejus,
3230 2974 3286 3022 et
3313 2966 3589 3038 principes

2019 3077 2039 3111 ‹
2080 3057 2216 3127 ejus,
2273 3066 2330 3113 et
2351 3057 2583 3113 eunuchi
2612 3054 2761 3125 ejus;
2789 3065 2844 3112 et
2863 3058 3094 3128 suscepit
3120 3074 3242 3112 eum
3276 3073 3371 3112 rex
3404 3058 3590 3129 Baby-

2020 3166 2041 3200 ‹
2085 3146 2224 3203 Ionis
2251 3161 2392 3201 anno
2421 3153 2614 3203 octavo
2641 3145 2792 3216 regni
2813 3147 2930 3212 sui;
2962 3155 3017 3201 et
3040 3147 3261 3217 protulit
3295 3146 3416 3202 inde
3464 3163 3590 3202 om-

2017 3255 2036 3290 ι
2081 3252 2178 3293 nes
2203 3238 2487 3293 thesauros
2512 3238 2704 3292 domus
2734 3235 2969 3301 Domini,
3011 3244 3065 3291 et
3089 3237 3371 3291 thesauros
3394 3237 3594 3291 domus

2016 3347 2037 3382 ι
2081 3329 2262 3398 regite,
2279 3336 2334 3384 et
2360 3328 2595 3384 concidit
2615 3328 2862 3383 universa
2885 3342 3013 3382 vasa
3037 3343 3219 3390 aurea,
3243 3344 3361 3398 quae
3385 3327 3593 3382 fecerat

2015 3436 2034 3470 ι
2080 3416 2335 3474 Salomon
2380 3432 2476 3472 rex
2512 3416 2675 3471 Israel
2702 3416 2757 3471 in
2789 3416 2984 3485 templo
3009 3415 3239 3481 Domini,
3278 3415 3431 3486 juxta
3466 3433 3595 3471 ver-

2017 3525 2036 3560 (
2080 3508 2209 3563 bum
2246 3507 2480 3572 Domini,
2538 3515 2591 3562 et
2622 3505 2896 3562 transtulit
2927 3521 3141 3561 omnem
3164 3505 3485 3571 Jerusalem,
3531 3518 3594 3561 et

2016 3621 2035 3655 ι
2078 3602 2358 3657 universos
2384 3600 2657 3671 principes
2697 3608 2753 3655 et
2775 3613 2961 3656 omnes
2983 3600 3150 3655 fortes
3178 3602 3446 3656 exercitus
3494 3601 3593 3657 de-

2014 3713 2033 3747 t
2077 3708 2194 3749 cem
2224 3692 2411 3758 millia,
2464 3693 2519 3747 in
2543 3692 2930 3761 captivitatem,
2984 3699 3040 3746 et
3068 3706 3282 3746 omnem
3322 3692 3591 3746 artiﬁcem

2016 3801 2034 3836 ι
2079 3792 2135 3840 et
2159 3782 2514 3847 inclusorem;
2539 3781 2778 3851 nihilque
2803 3780 3049 3835 relictum
3064 3788 3162 3843 est,
3189 3781 3428 3849 exceptis
3454 3795 3595 3850 pau-

2015 3892 2034 3926 ι
2080 3873 2300 3944 peribus
2325 3871 2505 3942 populi
2538 3878 2714 3925 terrm.
2763 3869 3058 3924 Transtulit
3100 3885 3313 3939 quoque
3339 3867 3591 3924 Joaehim

2014 3983 2035 4016 ι
2077 3963 2134 4018 in
2159 3962 2487 4034 Babylonem
2538 3970 2595 4016 et
2621 3968 2848 4016 matrem
2880 3960 3042 4031 regis,
3095 3966 3151 4012 et
3186 3974 3380 4013 uxores
3420 3960 3591 4029 regis,

2015 4073 2033 4105 ι
2075 4061 2132 4108 et
2170 4052 2447 4108 eunuchos
2468 4050 2610 4121 ejus,
2649 4059 2704 4105 et
2724 4050 2935 4122 judices
2956 4058 3117 4105 terrae
3141 4048 3293 4103 duxit
3333 4050 3386 4103 in
3418 4052 3595 4119 capti-

2015 4162 2035 4197 t
2074 4144 2294 4199 vitatem
2340 4142 2408 4197 de
2440 4141 2735 4197 Jerusalem
2791 4141 2846 4195 in
2895 4140 3238 4211 Babylonem.
3287 4139 3355 4193 Et
3398 4156 3595 4196 omnis

2015 4253 2035 4287 ι
2076 4234 2220 4289 viros
2241 4233 2508 4296 robustos,
2539 4240 2744 4302 septem
2776 4230 2965 4294 millia,
2993 4238 3047 4284 et
3069 4227 3304 4283 artiﬁces
3333 4236 3389 4283 et
3416 4229 3595 4284 inclu-

2014 4340 2036 4375 ι
2076 4337 2229 4379 sores
2254 4319 2399 4376 mille
2421 4334 2608 4375 omnes
2635 4320 2781 4374 viros
2806 4318 2972 4373 fortes
3000 4324 3054 4373 et
3073 4317 3383 4378 bellatores.
3412 4317 3595 4371 duxit-

1928 4434 1984 4495 ι)
2018 4432 2038 4466 ι
2080 4428 2185 4484 que
2209 4426 2304 4466 eos
2346 4426 2441 4465 rex
2462 4409 2753 4480 Babylonis
2785 4409 3026 4478 captivos
3072 4408 3127 4462 in
3158 4407 3506 4479 Babylonem,
3566 4428 3587 4459 ι

2002 4513 2111 4562 etc.
2159 4501 2286 4575 (Ea:
2324 4498 2514 4572 Beda.)
2571 4499 2722 4567 Quod
2769 4498 3001 4554 refertur
3046 4497 3113 4553 de
3160 4496 3597 4552 Nabuchodono-

2003 4613 2114 4661 sor,
2138 4594 2264 4664 quia
2291 4590 2626 4647 transtulerit
2654 4605 2867 4645 omnem
2880 4588 3197 4653 Jerusalem,
3221 4596 3276 4641 et
3304 4588 3594 4643 universos

2000 4687 2291 4760 principes,
2325 4695 2379 4740 et
2392 4700 2577 4741 omnes
2605 4680 2771 4739 fortes
2799 4682 3091 4745 exercitus,
3122 4681 3305 4736 decem
3336 4679 3503 4735 millia
3534 4682 3589 4736 in

2002 4777 2396 4849 captivitatem,
2423 4774 2733 4842 addiditque
2760 4772 3039 4841 Scriptura
3060 4772 3282 4825 (licens:
3311 4789 3329 4820 ι
3368 4769 3433 4823 Et
3470 4785 3593 4824 om-

2000 4883 2124 4923 nem
2145 4864 2407 4922 artiﬁcem
2429 4873 2485 4920 et
2506 4863 2851 4929 inclusorem,
2875 4883 2893 4916 ι
2926 4864 3029 4918 hoc
3054 4871 3137 4917 est
3165 4862 3304 4931 quod
3329 4877 3491 4932 supra
3506 4863 3592 4917 ei-

2004 4955 2124 5011 dem
2136 4954 2331 5027 populo
2345 4954 2509 5009 Israel
2520 4952 2838 5009 Philisthiim
2847 4993 2861 5016 ,
2870 4959 3154 5022 regnantes
3168 4950 3356 5006 fecisse
3366 4965 3592 5007 narran-

2002 5053 2114 5112 tur,
2129 5061 2251 5101 cum
2278 5046 2473 5101 dicitur
2496 5064 2507 5099 :
2529 5063 2548 5096 r
2579 5043 2748 5099 Porro
2768 5042 2920 5098 faber
2938 5043 3197 5097 ferrarius
3211 5057 3316 5097 non
3343 5042 3594 5098 invenie-

2002 5134 2162 5191 batur
2182 5136 2235 5190 in
2257 5136 2401 5192 omni
2412 5143 2557 5189 terra
2580 5133 2763 5188 Israel.
2789 5132 3057 5189 Caverant
3070 5132 3212 5187 enim
3236 5126 3592 5196 Philisthiim,

2010 5244 2081 5284 ne
2110 5231 2248 5286 forte
2302 5228 2546 5285 facerent
2589 5228 2801 5283 Hebrtei
2848 5226 3081 5299 gladium
3122 5233 3214 5280 aut
3242 5226 3481 5281 lanceam
3534 5225 3595 5297 (1

2013 5320 2137 5392 Reg.
2174 5320 2315 5392 xm).
2364 5338 2383 5371 ι
2442 5320 2593 5374 Sicut
2623 5319 2765 5373 enim
2791 5329 2919 5374 tunc
2950 5325 3204 5371 caverant
3230 5330 3296 5369 ne
3324 5314 3598 5370 habentes

2014 5412 2195 5467 fabros
2221 5409 2477 5466 ferrarios
2501 5410 2712 5465 Hebrrei
2744 5424 2894 5464 arma
2917 5409 2983 5462 ad
3006 5407 3410 5479 repugnandum
3446 5405 3598 5461 face-

2014 5508 2154 5566 rent,
2187 5502 2261 5555 ita
2282 5515 2426 5556 nunc
2451 5499 2705 5564 Chaldaei,
2740 5498 3013 5554 destructa
3053 5497 3373 5561 Jerusalem,
3418 5503 3475 5550 et
3497 5511 3599 5549 va-

2016 5597 2154 5645 stata
2196 5590 2344 5645 omni
2372 5599 2514 5645 terra
2544 5587 2995 5658 repromissionis,
3046 5594 3299 5657 satagunt
3325 5595 3385 5639 ut
3414 5585 3600 5641 nullus

2014 5683 2069 5737 in
2094 5698 2156 5738 ea
2189 5691 2464 5738 remaneat
2488 5681 2704 5751 artifex,
2732 5682 2930 5737 nullus
2953 5681 3208 5747 inclusor,
3247 5679 3338 5750 qui
3365 5681 3450 5736 vel
3495 5680 3601 5735 fue-
