3912 6160
391 302 502 358 273

1180 291 1533 353 COMMENT.
1570 290 1640 347 ΙΝ
1675 286 1918 345 LIBROS
1957 287 2023 344 IV
2062 284 2322 343 BEGUM.
2364 316 2432 326 ——
2467 282 2538 339 IN
2572 282 2698 339 LIB.
2738 279 2819 336 IV.

3537 275 3647 330 27L!

390 415 518 468 data
556 410 706 465 urbis
744 405 943 463 moenia
967 419 1312 476 componere,
1364 401 1446 457 vel
1488 402 1661 473 possit
1704 400 1969 455 resarcire
1997 402 2045 460 A
2072 396 2139 451 ad
2184 406 2530 466 peccatorum
2580 410 2743 465 opera
2791 391 3033 448 converti
3088 388 3490 459 intelligendum
3540 396 3643 450 est,

392 506 596 559 diruta.
658 498 799 566 Quin
849 495 1029 566 potius
1068 493 1326 564 quidquid
1361 491 1501 563 apud
1531 501 1746 562 gentem
1789 497 1973 544 exter-

393 593 659 648 minatum
712 588 849 642 artis
901 585 1240 649 invenerant,
1293 590 1571 651 totumque
1615 577 1965 650 Babyloniam

394 678 808 740 transtulerant,
843 674 929 728 vel
967 673 1035 728 ad
1068 670 1293 727 nihilum
1315 670 1490 725 valeat
1514 670 1679 735 ultra,
1717 668 1801 723 vel
1831 668 1969 721 illius

390 768 632 826 civitatis
678 765 1004 821 utilitatibus
1035 761 1305 833 proﬁciat.
1351 758 1516 829 Cujus
1560 767 1670 813 tam
1718 755 1976 813 deﬂenda:

392 858 654 920 historia,
707 854 832 925 quia
860 853 1087 909 multum
1118 850 1454 921 negligentia:
1498 846 1668 903 nostri
1714 845 1974 914 temporis

389 948 665 1021 congruit,
724 961 833 1001 non
859 944 1052 1015 opinor
1094 942 1403 1009 allegoriam
1451 955 1571 995 esse
1618 938 1969 993 reticendum.

392 1040 619 1093 Constat
644 1051 898 1106 namque,
949 1035 1075 1104 quia
1104 1032 1404 1088 Jerusalem
1452 1042 1508 1087 et
1534 1039 1676 1086 terra
1703 1028 1869 1084 lsrael
1897 1027 1974 1083 ci-

391 1131 617 1184 vitatem
646 1126 871 1189 Christi,
912 1125 962 1179 id
984 1132 1090 1189 est,
1120 1122 1416 1177 Ecclesium
1446 1127 1709 1183 sanctam,
1738 1118 1974 1190 Babylon

392 1233 575 1275 autem
610 1227 666 1274 et
691 1217 924 1273 Chaldaei
949 1217 1063 1271 sive
1099 1213 1397 1269 Philisthazi
1430 1212 1701 1267 civitatem
1751 1210 1971 1276 diaboli,

395 1312 451 1365 id
492 1319 597 1375 est,
625 1324 787 1365 omne
809 1308 1163 1378 malignorum
1194 1305 1306 1359 sive
1327 1303 1603 1357 hominum
1644 1317 1736 1356 seu
1761 1299 1976 1372 angelo-

393 1417 517 1456 rum
544 1398 943 1456 multitudinem
982 1397 1285 1465 designant.
1340 1392 1629 1461 Servitque
1657 1389 1820 1446 lsrael
1852 1389 1977 1444 Phi-

393 1490 617 1545 listhaeis
666 1489 783 1544 sive
820 1486 1106 1550 Chalzlreis,
1145 1500 1267 1540 cum
1296 1483 1482 1538 ﬁdeles
1521 1482 1720 1552 quique
1758 1481 1977 1535 nomine

396 1590 554 1635 tenus
574 1581 626 1633 in
663 1577 900 1633 Ecclesia
928 1575 1312 1637 consistentes,
1343 1573 1411 1627 ab
1443 1570 1736 1626 immundis
1758 1569 1841 1624 vel
1871 1570 1977 1638 spi-

397 1670 590 1724 ritibus
620 1668 697 1723 t’el
724 1667 1034 1721 hominibus
1054 1665 1287 1734 decepti,
1319 1671 1412 1717 aut
1436 1663 1679 1717 avaritia:
1700 1669 1792 1714 aut
1823 1661 1975 1715 luxu-

2072 502 2367 556 omnesque
2400 488 2544 542 viros
2574 485 2741 540 fortes
2760 492 2816 539 et
2841 482 3128 539 bellatores
3155 481 3315 537 simul
3338 479 3395 534 in
3422 479 3647 549 captivi“-

2073 584 2240 631 tatem
2265 578 2472 640 ductos,
2499 575 2603 630 hoc
2628 582 2732 640 est,
2762 588 2855 628 eos
2881 571 2972 642 qui
3001 571 3322 625 videbantur
3347 569 3449 623 viri
3478 567 3646 624 fortes

2073 681 2212 731 esse,
2256 675 2311 722 et
2353 666 2671 731 bellatores,
2716 665 2912 719 astutia
2960 662 3315 734 malignorum
3360 661 3644 731 spirituum

2072 759 2347 827 deceptos,
2391 765 2551 827 atque
2592 757 2646 811 in
2689 769 2960 811 carcerem
3005 753 3301 825 spiritualis
3340 751 3646 822 Babylonia:

2074 851 2401 920 captivatos;
2444 862 2661 903 necesse
2697 855 2778 903 est
2806 855 2866 901 ut
2891 861 3108 915 operam
3135 844 3344 907 demus,
3385 853 3648 912 quatenus

2072 940 2352 993 saevissimi
2383 938 2525 1009 regis
2559 945 2876 1006 potestatem
2924 934 3244 999 evadamus;
3284 931 3569 1002 vigilemus
3595 939 3651 984 et

2074 1028 2238 1084 sobrii
2265 1029 2450 1091 simus,
2490 1029 2736 1081 timorem
2758 1025 2853 1080 Dei
2884 1034 3008 1078 ante
3036 1022 3220 1077 oculos
3245 1035 3456 1091 semper
3483 1034 3650 1090 pona-

2074 1134 2215 1183 mus,
2244 1125 2299 1171 et
2332 1115 2707 1171 mandatorum
2737 1116 2853 1185 ejus
2884 1114 3204 1169 oblivionem
3232 1112 3451 1166 omnino
3481 1111 3649 1181 fugia-

2073 1225 2213 1265 mus.
2261 1209 2649 1264 Constrnamns
2679 1207 2834 1262 nobis
2873 1207 3065 1261 turrim
3108 1206 3371 1259 bonorum
3401 1219 3646 1274 operum,

2074 1311 2125 1357 et
2153 1318 2250 1371 per
2292 1301 2591 1372 profectum
2619 1301 2745 1354 vita:
2778 1301 2831 1355 in
2862 1298 3005 1353 illam
3034 1297 3478 1360 conscendamus,
3511 1314 3530 1346 ι
3569 1296 3651 1349 ἰη-

2075 1392 2186 1447 duti
2212 1391 2375 1445 lorica
2396 1390 2640 1458 justitize,
2664 1400 2718 1446 et
2738 1389 2889 1460 galea
2917 1389 3127 1452 salutis,
3155 1388 3415 1441 habentes
3439 1394 3649 1439 scutum

2075 1481 2230 1546 ﬁdei,
2281 1490 2336 1537 et
2386 1483 2621 1552 gladium
2667 1480 2918 1552 Spiritus,
2975 1480 3114 1550 quod
3163 1488 3247 1534 est
3286 1478 3509 1533 verbum
3556 1477 3652 1531 Dei

2076 1572 2292 1644 (Ephes.
2324 1572 2421 1644 vr).
2459 1593 2477 1625 ›
2508 1573 2885 1628 Custodiamus
2931 1580 3114 1643 portas
3156 1586 3410 1626 sensuum
3441 1579 3654 1625 nostro-

2076 1679 2215 1729 rum,
2247 1680 2317 1719 ne
2358 1680 2505 1719 mors
2531 1664 2697 1719 intret
2729 1679 2828 1734 per
2869 1663 3105 1718 fenetras
3135 1669 3350 1716 nostras
3388 1658 3522 1730 (Jer.
3551 1660 3652 1730 rx).

394 1758 508 1822 τίω,
570 1765 665 1813 aut
692 1756 850 1812 alteri
908 1755 1127 1811 cuilibet
1166 1761 1388 1825 peccato
1432 1752 1626 1807 mentis
1662 1752 1800 1807 colla
1850 1753 1975 1807 sub-
2004 1738 2048 1796 Β
2076 1755 2233 1811 Omni
2261 1756 2503 1810 custodia
2543 1769 2820 1809 servemus
2847 1766 2941 1809 cor
2970 1761 3236 1817 nostrum,
3272 1753 3397 1821 quia
3438 1766 3502 1806 ex
3538 1751 3656 1821 ipso

394 1851 639 1905 mittunt.
670 1848 904 1904 Abducit
931 1856 1111 1902 autem
1143 1844 1635 1901 Nabuchodonosor
1676 1842 1976 1899 Jerusalem

390 1946 452 1996 et
474 1940 756 1994 universos
780 1937 1051 2008 principes
1074 1935 1240 1992 fortes
1259 1934 1552 2000 exercitus,
1575 1935 1760 1989 decem
1788 1934 1975 2001 millia,

393 2030 452 2085 in
486 2029 878 2100 captivitatem,
910 2042 1031 2082 cum
1064 2033 1118 2081 et
1147 2025 1437 2097 magistros
1457 2022 1772 2094 populorum
1811 2032 1865 2078 et
1886 2038 1979 2078 eos

392 2121 486 2191 qui
512 2118 809 2174 invincibili
835 2118 1016 2171 animo
1043 2116 1269 2171 Domino
1299 2115 1523 2179 servire,
1575 2129 1640 2168 ac
1665 2112 1978 2183 decalogum

393 2213 530 2284 legis
569 2210 802 2267 ﬁdeliter
850 2208 1173 2264 videbantur
1196 2206 1250 2261 in
1278 2205 1374 2261 Dei
1423 2219 1487 2260 ac
1521 2203 1753 2273 proximi
1795 2215 1980 2256 amore

393 2317 747 2368 conservare,
801 2300 979 2356 subito
1004 2300 1119 2354 sive
1148 2295 1415 2352 illecebris
1446 2294 1630 2349 mundi
1666 2308 1761 2348 seu
1784 2291 1979 2347 adver-

391 2396 651 2451 sitatibus
678 2390 908 2457 subacti,
949 2400 1041 2446 aut
1069 2388 1362 2461 majoribus
1401 2401 1459 2442 se
1491 2384 1822 2441 facinoribus
1871 2381 1984 2453 pol-

393 2484 571 2548 luunt,
612 2490 705 2535 aut
740 2490 886 2536 certe
914 2480 966 2534 in
1005 2479 1252 2535 haeresim
1277 2475 1596 2532 declinando
1636 2481 1821 2544 aperte
1852 2489 1982 2543 apo—

394 2573 577 2628 stasne
612 2578 793 2627 notam
835 2570 1099 2625 incidunt.
1153 2568 1320 2622 Arma
1346 2580 1477 2621 vero
1512 2565 1727 2635 quibus,
1790 2572 1981 2619 contra

394 2662 671 2717 diabolum
696 2666 1079 2731 repugnantes,
1131 2657 1437 2712 libertatem
1466 2670 1497 2710 a
1523 2655 1634 2709 Deo
1674 2654 1832 2709 nobis
1888 2653 1984 2709 do-

394 2762 579 2809 natam
606 2753 979 2816 defendamus,
1017 2764 1136 2819 quae
1159 2756 1286 2804 sunt
1304 2747 1432 2812 alia,
1457 2746 1559 2800 nisi
1585 2744 1797 2815 eloquia
1834 2743 1982 2799 Scri-

393 2843 727 2917 pturarum?
759 2842 818 2897 In
843 2842 1037 2911 quibus
1065 2847 1120 2895 et
1145 2838 1311 2909 ipsius
1339 2836 1551 2891 Domini
1592 2844 1647 2890 et
1671 2842 1983 2890 sanctorum

394 2934 517 3005 ejus
553 2928 847 3004 exemplis,
901 2946 1008 3003 quo
1041 2930 1230 2985 ordine
1273 2927 1411 2983 bella
1445 2926 1696 2981 vitiorum
1737 2925 1982 2996 superari

398 3022 657 3086 debeant,
679 3021 799 3077 luce
826 3020 1023 3076 clarius
1053 3018 1333 3074 discimus.
1381 3016 1485 3072 Sed
1516 3014 1812 3070 Pliilisthtei
1844 3014 1982 3070 ﬁlios

397 3114 565 3169 Israel
597 3112 768 3168 fabris
795 3128 1066 3168 armorum
1087 3111 1322 3182 privant,
1362 3125 1486 3165 cum
1514 3107 1733 3179 maligni
1760 3108 1984 3178 spiritus

2076 1848 2185 1902 vita
2212 1848 2475 1916 procedit.
2504 1846 2571 1900 Et
2599 1853 2724 1900 ante
2754 1846 2934 1899 omnia
2963 1860 3111 1914 spem
3146 1853 3388 1898 nostram
3414 1843 3464 1897 in
3491 1843 3657 1913 Regis

2078 1937 2314 1995 ccelestis
2344 1938 2582 1993 bonitate
2608 1951 2891 2008 ponamus,
2927 1943 3170 2005 petentes
3190 1945 3250 1988 ut
3280 1933 3396 2005 ejus
3422 1934 3593 2004 gratia
3626 1948 3656 1988 a

2077 2030 2235 2085 malis
2257 2030 2507 2085 omnibus
2529 2028 2838 2083 liberemur.
2867 2025 3067 2096 Sicque
3090 2025 3294 2080 erimus
3319 2037 3533 2093 semper
3557 2024 3659 2077 ini-

2077 2136 2270 2176 munes
2297 2121 2364 2175 ab
2394 2120 2638 2176 hostibus
2663 2118 3049 2189 spiritualibus,
3070 2116 3195 2187 quia
3222 2134 3242 2167 ι
3273 2116 3529 2170 Dominus
3553 2113 3659 2169 for-

2079 2209 2252 2265 titudo
2275 2209 2446 2279 plebis
2468 2222 2600 2274 sum,
2628 2215 2682 2264 et
2708 2214 2980 2277 protector
3005 2205 3321 2259 salutarium
3343 2203 3544 2259 Christi
3572 2206 3656 2259 sui

2079 2307 2184 2366 est,
2227 2301 2319 2370 qui
2349 2299 2519 2355 salvat
2544 2310 2733 2354 omnes
2771 2303 3048 2369 sperantes
3092 2294 3145 2350 in
3175 2310 3234 2351 se
3266 2292 3437 2367 (Paul.
3475 2309 3656 2360 xxvii;

2081 2391 2229 2447 Psaf.
2256 2390 2414 2462 xvn).
2447 2408 2468 2444 ι

2157 2502 2175 2534 ι
2210 2483 2400 2554 Igitur,
2422 2481 2667 2537 Joachim
2689 2480 2979 2551 captivato,
3003 2478 3284 2535 constituit
3301 2476 3658 2533 Nabuchodo-

2086 2592 2106 2626 ι
2142 2589 2306 2630 nosor
2334 2573 2703 2636 Matthaniam,
2728 2580 2977 2641 patruum
3006 2569 3123 2642 ejus
3148 2584 3248 2641 pro
3275 2584 3360 2635 eo,
3384 2569 3664 2639 imposuit-

2089 2683 2109 2717 ι
2145 2680 2248 2736 que
2276 2678 2472 2718 nomen
2511 2662 2561 2718 ei
2604 2659 2903 2717 Sedeciam.
2954 2659 3282 2715 Vicesimum
3329 2666 3384 2713 et
3426 2659 3660 2730 primum

2089 2772 2109 2806 ‹
2147 2769 2347 2809 annum
2402 2753 2577 2809 artatis
2633 2750 2887 2807 Sedecias
2948 2750 3211 2813 habebat,
3265 2765 3387 2805 cum
3434 2765 3663 2820 regnare

2089 2864 2108 2899 ι
2145 2845 2429 2915 cmpisset;
2459 2852 2514 2898 et
2534 2842 2781 2897 undecim
2810 2841 2966 2896 annis
2994 2840 3237 2911 regnavit
3259 2840 3313 2894 in
3340 2837 3659 2903 Jerusalem,

2090 2954 2110 2989 ι
2148 2935 2380 3005 fecitque
2425 2934 2626 2989 malum
2666 2949 2849 2990 coram
2878 2933 3104 2988 Domino
3131 2931 3283 3001 juxta
3319 2932 3500 2987 omnia
3545 2948 3664 3001 qua:

2035 3075 2054 3097 ,
2092 3048 2111 3082 ι
2150 3030 2353 3086 fecerat
2380 3027 2645 3093 Joachim,
2680 3046 2697 3079 ι
2726 3036 2832 3083 etc.
2864 3027 3002 3095 Quid
3033 3026 3087 3081 in
3125 3025 3350 3081 Sedecia
3406 3025 3548 3080 aliud
3577 3027 3662 3079 in-

2090 3121 2330 3191 tclligere
2356 3135 2662 3190 possumus,
2707 3117 2810 3173 nisi
2850 3119 2990 3187 quod
3021 3118 3075 3173 in
3104 3116 3346 3173 Joachim
3375 3125 3499 3171 ante
3527 3131 3664 3186 pne-

398 3205 615 3260 animos
646 3203 931 3259 ﬁdeliuma
961 3201 1307 3257 meditatione
1333 3215 1500 3255 sacrae
1522 3198 1785 3263 lectionis,
1818 3212 1989 3253 saecu-
2089 3213 2343 3277 diximus,
2397 3212 2501 3267 hoc
2546 3218 2630 3265 es;
2676 3210 2845 3265 malos
2888 3217 3128 3265 rectores
3172 3208 3226 3263 in
3270 3207 3532 3273 Ecclesia,
3573 3206 3665 3276 qni

402 3298 540 3353 Ῑπίθ
561 3297 671 3353 illis
693 3296 1229 3368 “98°‘iainsel'end0,
1251 3292 1547 3357 retardant:
1570 3305 1638 3346 ne
1657 3289 1742 3345 vel
1769 3289 1868 3359 ipsi
1890 3303 1992 3358 Per
2088 3320 2314 3363 munere
2347 3313 2404 3360 et
2440 3304 2581 3359 dono
2606 3302 2787 3358 divino
2815 3302 3130 3367 abutuntur,
3175 3307 3230 3355 et
3270 3298 3406 3355 falso
3440 3298 3541 3354 sibi
3578 3313 3667 3352 no-

399 3389 565 3459 hujus
583 3388 906 3444 exercitium
937 3386 1220 3442 resistendi
1238 3384 1485 3439 ﬁduciam
1502 3379 1834 3445 sumant,vel
1856 3379 1991 3436 alios
2090 3413 2214 3453 men
2247 3394 2472 3465 ιιιειίιεω
2500 3401 2779 3480 usurpan
2792 3393 3082 3450 Mauhania
3114 3392 3258 3447 enim
3285 3393 3669 3461 interpr-cmm-

403 3481 569 3548 farte,
611 3482 703 3553 qui
731 3480 913 3551 legere
940 3479 1202 3542 nesciunt,
1247 3478 1313 3533 ad
1340 3475 1698 3532 resistendum
1723 3473 1870 3528 vitiis
1890 3487 1986 3528 ex-
2090 3506 2282 3544 manu,
2328 3488 2441 3544 sive
2484 3473 2706 3552 donum;
2766 3483 3021 3541 δρασείεις
3072 3484 3249 3554 iam“
3291 3481 3521 3536 ῃοηιίηί,
3565 3479 3668 3546 Qui

404 3573 677 3627 hortando
704 3579 800 3625 aut
826 3569 1167 3640 corripiendo
1211 3567 1528 3623 accendant.
1562 3564 1777 3620 Tollunt
1806 3563 1991 3620 fabros
2090 3578 2338 3635 undecim
2372 3577 2527 3633 anuis
2555 3590 2810 3649 regnasse
2838 3575 3051 3637 dicitur,
3082 3573 3226 3643 quod
3254 3571 3519 3642 signiﬁcat
3544 3556 3697 3626 cum'

405 3678 706 3729 armorum,
739 3677 860 3717 cum
889 3677 984 3717 eos
1014 3661 1104 3731 qui
1132 3675 1284 3716 sacra
1305 3658 1519 3728 eloquia
1560 3664 1757 3711 norunt
1796 3656 1849 3710 in
1878 3663 1996 3710 tan-

408 3763 525 3808 tum
549 3752 844 3809 sceleribus
880 3754 1138 3819 obruunt,
1184 3760 1242 3806 ut
1272 3752 1451 3806 dicere
1478 3750 1619 3805 bona
1640 3765 1760 3820 quae
1790 3748 1995 3803 didice-

407 3853 553 3906 rant,
602 3858 828 3913 prorsus
871 3842 1214 3897 erubescant.
1270 3839 1624 3895 Transferunt
1651 3853 1863 3895 omnem
1907 3854 1994 3893 ar-

410 3933 611 3987 tiﬁcem
641 3942 698 3987 et
736 3931 1056 3987 inclusorem
1088 3932 1142 3986 in
1185 3930 1535 4003 Babyloniam
1564 3929 1628 3985 de
1669 3928 1993 3997 Jerusalem,

408 4037 534 4077 cum
562 4038 658 4078 eos
686 4022 779 4092 qui
812 4021 1099 4076 multifaria
1124 4023 1383 4077 virtutum
1408 4021 1720 4093 operatione
1753 4021 1996 4092 pluribus

406 4114 670 4185 prodesse
701 4122 757 4169 et
798 4114 1074 4170 civitatem
1104 4115 1200 4169 Dei
1229 4125 1419 4169 contra
1464 4114 1790 4185 irruptiones
1817 4122 1993 4169 tenta-

411 4208 621 4262 tionum
649 4207 859 4260 munire
903 4206 1178 4271 solebant,
1214 4221 1243 4259 a
1294 4207 1565 4277 proposito
1594 4204 1883 4261 deﬂectunt
1911 4215 1996 4261 at-

416 4310 518 4367 que
564 4296 836 4367 ingenium
867 4296 1010 4365 quod
1036 4296 1249 4351 tuitioni
1277 4296 1534 4353 Ecclesia:
1561 4305 1760 4352 sanctae
1786 4298 1996 4366 impen-

411 4390 542 4444 dere
568 4389 867 4443 debuerant
899 4388 965 4443 ad
990 4387 1325 4443 voluntatem
1362 4389 1540 4457 potius
1577 4389 1718 4460 regis
1741 4389 1995 4442 vitiorum

413 4479 732 4548 dispensare
758 4477 1103 4547 compellunt.
1133 4476 1284 4545 Quod
1314 4479 1360 4533 si
1400 4478 1713 4534 iuclusorem
1745 4480 1847 4535 hoc
1879 4479 1998 4535 loco

413 4584 525 4623 non
554 4569 819 4623 ostiorum
849 4568 963 4623 sive
1000 4582 1276 4624 murorum
1299 4610 1315 4636 ,
1345 4569 1439 4625 sed
1479 4571 1596 4625 auri
1630 4570 1809 4640 potius
1850 4586 2000 4642 gem-

416 4676 738 4731 marumque
764 4660 1065 4730 intelligere
1085 4660 1436 4728 voluerimus,
1468 4662 1537 4717 ad
1570 4678 1734 4716 unum
1758 4661 2000 4732 profecto

417 4754 779 4823 eumdcmque
821 4752 1118 4825 spiritualis
1162 4754 1512 4825 expositionis
1550 4752 1710 4809 ﬁnem
1758 4753 1998 4824 respicit.

420 4844 741 4913 Dictumque
772 4842 971 4913 quippe
996 4850 1080 4898 est
1110 4843 1177 4899 de
1205 4844 1489 4914 sapientia,
1540 4845 1664 4914 quia
1693 4851 1777 4900 est
1809 4859 2002 4899 aurum

418 4941 475 4988 et
501 4932 791 4988 multitudo
826 4946 1162 5003 gemmarum
1184 4973 1199 5001 ,
1244 4940 1406 5003 atque
1436 4934 1557 4990 ideo
1588 4934 1886 4989 inclusores
1907 4934 2007 4988 ho-

420 5038 566 5087 rum,
586 5037 695 5076 non
722 5022 857 5078 alios
881 5023 1061 5093 aptius
1084 5037 1244 5092 quam
1271 5024 1519 5081 doctores
1542 5024 1842 5097 intelligere
1866 5025 2009 5080 vale«

417 5129 565 5177 ntus,
594 5113 689 5183 qui
722 5112 958 5183 quandiu
1006 5121 1153 5169 recte
1186 5114 1373 5169 vivunt
1413 5130 1478 5171 ac
1517 5115 1732 5181 docent,
1764 5115 1816 5170 in
1847 5131 2010 5171 orna-

417 5216 539 5258 tum
582 5212 787 5259 sanctae
827 5204 1064 5260 civitatis
1105 5204 1425 5260 industriam
1466 5222 1577 5261 sum
1623 5208 1757 5263 artis
1804 5208 2011 5279 impen-

415 5295 577 5348 dunt.
595 5292 662 5347 At
688 5294 732 5348 si
756 5292 892 5348 forte
917 5295 1240 5362 erraverint,
1255 5295 1381 5364 quid
1401 5296 1504 5351 nisi
1531 5312 1561 5350 a
1587 5312 1712 5369 rege
1730 5296 2008 5353 Chaldmo—

420 5400 547 5439 rum
575 5384 775 5453 captivi
809 5383 1160 5454 Babyloniam
1201 5385 1633 5441 transferuntur?
1665 5388 1729 5442 Et
1753 5389 2006 5458 quoniam

418 5473 691 5531 artiﬁcem
723 5483 777 5529 et
821 5475 1144 5531 inclusorem
1181 5476 1250 5530 ab
1275 5475 1623 5550 Jerosolymis
1663 5478 2005 5550 Babyloniam

422 5564 826 5632 transmigrari,
871 5565 974 5620 hoc
997 5572 1100 5629 est,
1145 5566 1406 5622 talentum
1430 5567 1579 5621 verbi
1609 5568 1824 5624 ccelitus
1849 5585 2010 5625 acce-

413 5662 579 5723 ptum
610 5655 665 5710 in
697 5663 840 5711 terra
869 5655 1114 5721 defodiri,
1145 5657 1198 5713 id
1229 5666 1325 5729 est
1362 5658 1640 5714 scientiam
1674 5658 2005 5728 spiritualern

2093 3677 2547 3741 transgressorem
2582 3667 2717 3737 legis
2758 3666 2952 3732 fuisse;
2998 3664 3329 3719 undenarius
3377 3664 3520 3718 enim
3572 3678 3657 3717 nn-

2093 3776 2309 3827 merus,
2358 3761 2449 3829 qui
2489 3759 2768 3814 denarium
2814 3756 3251 3827 sapergrcditnr,
3301 3754 3669 3808 excessionem

2094 3850 2341 3921 Decalogi
2372 3848 2658 3921 signiﬁcat.
2696 3847 2805 3903 Nec
2833 3848 2935 3902 rite
2963 3862 3058 3901 rex
3092 3846 3197 3901 diei
3236 3851 3441 3914 potest,
3471 3846 3561 3915 qui
3593 3860 3674 3901 se-

2095 3942 2331 3997 cundum
2359 3940 2613 3995 mandata
2643 3939 2855 3995 Domini
2882 3940 3230 4010 semetipsum
3266 3944 3323 3994 et
3357 3937 3460 3994 sibi
3496 3938 3676 3994 subdi-

2095 4039 2181 4088 tos
2209 4046 2396 4105 regere
2424 4030 2676 4087 noluerit.

2666 4163 2896 4223 CAPUT
2936 4161 3103 4221 XXV.

2097 4276 2177 4332 De
2220 4276 2583 4331 Nabuzardan
2624 4277 2856 4347 principe
2892 4278 3149 4347 exercitus
3192 4279 3327 4347 regis
3366 4276 3675 4347 Babylonis,

2168 4346 2257 4418 qui
2277 4357 2469 4418 terram
2488 4346 2799 4418 Judteorum
2817 4346 3121 4418 devastavit,
3145 4346 3374 4403 civitates
3396 4346 3676 4411 destruxit,

2029 4425 2075 4483 ι)
2172 4415 2419 4485 templum
2448 4416 2793 4470 concremavit
2817 4427 2865 4471 et
2890 4417 3071 4471 domos
3097 4418 3265 4484 regius
3292 4417 3529 4471 incendio
3556 4433 3680 4471 con-

2173 4488 2412 4557 sumpsit,
2455 4494 2503 4540 ει
2547 4502 2747 4541 omnem
2784 4486 3018 4557 prwdam
3056 4486 3111 4540 in
3148 4485 3465 4557 Babylonem
3502 4502 3678 4542 secum
3766 4514 3775 4523 -

2175 4556 2458 4611 transtulit.

2177 4662 2328 4737 (CAP.
2356 4662 2506 4736 xxv.)
2541 4680 2558 4714 ‹
2591 4661 2816 4719 Factum
2853 4674 2936 4720 est
2964 4671 3142 4719 autem
3180 4678 3323 4719 anno
3354 4680 3495 4721 nono
3529 4667 3679 4737 regni

2113 4772 2131 4805 ι
2166 4753 2299 4822 ejus,
2332 4768 2518 4808 mense
2547 4751 2777 4818 decimo,
2809 4753 3017 4808 decima
3044 4754 3131 4809 die
3154 4755 3378 4821 mensis,
3405 4756 3555 4812 venit
3585 4756 3685 4813 Na-

2114 4862 2132 4895 ι
2168 4843 2598 4908 huchodonosor,
2624 4856 2720 4895 rex
2748 4841 3036 4914 Babylonis
3060 4843 3174 4915 ipse
3198 4853 3254 4899 et
3272 4846 3448 4900 omnis
3474 4849 3687 4903 exerci—

2111 4952 2129 4985 ‹
2165 4942 2251 4986 tus
2275 4931 2391 5002 ejus
2416 4930 2466 4985 in
2493 4930 2824 4998 Jerusalem,
2862 4940 2917 4986 et
2943 4932 3413 4990 circumdederunt
3439 4949 3558 4991 eam
3579 4978 3593 5003 ,
3629 4946 3687 4993 et

2114 5045 2135 5078 ‹
2169 5032 2559 5081 exstruxerunt
2582 5023 2637 5078 in
2659 5025 2887 5080 circuitu
2914 5023 3029 5095 ejus
3054 5027 3404 5095 munitiones,
3426 5039 3480 5085 et
3501 5028 3685 5084 clausa

2114 5134 2133 5168 ι
2168 5124 2252 5171 est
2278 5116 2470 5171 civitas
2498 5124 2660 5185 atque
2686 5115 2881 5169 vallata
2916 5132 3087 5186 usque
3110 5117 3551 5174 ad'undecimum
3582 5134 3683 5174 an-

2116 5224 2135 5255 ‹
2171 5220 2297 5259 num
2328 5204 2470 5275 regis
2495 5203 2759 5267 Sedeciae,
2802 5220 2945 5260 nona
3001 5207 3087 5261 die
3124 5208 3344 5263 mensis.
3375 5207 3687 5263 Praevaluit—

2118 5316 2137 5349 ‹
2172 5312 2277 5368 que
2298 5295 2468 5350 fames
2489 5296 2540 5350 in
2564 5297 2805 5362 civitate,
2828 5313 2927 5353 nec
2948 5306 3061 5353 erat
3083 5298 3239 5369 panis
3257 5298 3450 5369 populo
3472 5306 3680 5363 terrae,»

2112 5393 2217 5440 etc.
2258 5384 2607 5451 ‘Novenarius
2661 5402 2939 5452 numerus,
2987 5387 3077 5457 qui
3124 5387 3302 5441 minus
3337 5387 3497 5441 habet
3519 5385 3686 5440 dena-

2109 5478 2213 5539 rio.
2266 5475 2726 5547 imperfectionem
2756 5477 2888 5548 legis
2930 5477 3214 5550 signiﬁcat,
3267 5477 3403 5531 sicut
3450 5475 3688 5530 undena-

2114 5566 2228 5621 rins
2259 5567 2762 5637 transgressionem.
2803 5566 2866 5621 Et
2896 5576 3043 5623 recte
3075 5566 3273 5620 dictum
3304 5571 3389 5620 cst
3419 5564 3559 5635 quod
3585 5564 3689 5619 Nu-

2113 5658 2526 5714 buchodonosor
2558 5658 2613 5714 in
2642 5673 2786 5714 nono
2813 5674 2954 5714 anno
3008 5656 3154 5729 regni
3188 5655 3425 5714 Sedecia:
3458 5656 3686 5715 obsede-
