3902 6146
331 392 435 448 275

968 396 1030 449 Β.
1068 393 1319 449 RABANI
1360 392 1578 449 MAURI
1616 389 1937 446 ARClllEP.
1982 387 2287 444 MGGUNT.
2328 386 2613 445 OPERUM
2650 387 2828 443 PARS
2868 387 2909 442 l.

3458 390 3566 445 276

329 512 399 566 rit
431 510 701 565 civitatem
744 522 927 563 mense
965 508 1194 572 decimo,
1231 518 1284 563 et
1325 508 1533 564 decima
1559 507 1645 563 die
1672 505 1896 571 mensis,
1925 507 1972 566 Α
2001 515 2278 571 possessor
2308 502 2511 559 intima:
2539 503 2869 558 confusionis
2900 520 2913 556 :
2954 502 3043 572 qui
3082 518 3232 573 prius
3275 502 3413 560 filios
3447 516 3574 562 ante

327 601 453 670 quia
503 599 628 654 mali
679 605 926 669 pastores
976 614 1097 654 cum
1151 598 1399 667 Dccalogi
1457 598 1725 663 mandata,
1777 612 1896 667 qua:

327 690 552 746 scientia
576 697 780 752 tenent,
797 704 960 758 opere
983 696 1038 743 et
1058 688 1299 744 doctrina
1323 688 1581 760 perlicere
1601 687 1894 758 negligant,

326 793 549 835 necesse
568 787 651 834 est
676 786 736 834 ut
758 779 965 848 plebem
1001 779 1102 835 sibi
1133 779 1473 835 commissam
1510 781 1762 848 antiquus
1795 777 1895 832 ho-

326 869 425 924 stis
449 884 571 924 cum
601 883 699 924 suo
718 869 960 924 exercitu
985 870 1262 926 obsidione
1282 869 1593 932 circumdet,
1622 877 1699 934 et,
1723 868 1899 923 muni-

326 958 472 1013 tione
516 959 718 1014 erroris
762 973 829 1015 ac
859 960 1112 1015 vitiorum
1162 966 1490 1024 constructa,
1534 957 1745 1014 claudat
1777 957 1895 1014 val-

322 1048 482 1104 laudo
512 1048 809 1115 civitatem,
838 1049 1024 1117 sicque
1047 1048 1219 1105 fames
1247 1048 1303 1103 in
1330 1050 1548 1103 civitate
1571 1047 1892 1118 prmvaleat:

320 1139 493 1195 fames
520 1140 703 1209 utique
726 1140 875 1195 verbi
900 1139 1015 1205 Dei,
1061 1155 1184 1195 cum
1218 1154 1324 1194 non
1365 1140 1689 1209 expenditur
1729 1139 1897 1194 libere

320 1230 477 1300 panis
500 1229 754 1287 doctrinae
779 1229 973 1299 populo
999 1238 1175 1284 terrm.
1504 1290 1509 1294 ,

398 1339 417 1371 ε
454 1319 522 1374 Ει
550 1320 847 1391 interrupta
874 1329 958 1376 est
985 1322 1198 1388 civitas,
1223 1336 1518 1392 omnesque
1542 1321 1642 1375 viri
1670 1320 1894 1375 bellam-

325 1431 345 1464 ο
384 1427 471 1467 res
499 1421 656 1469 nocte
685 1413 955 1484 fugerunt.
987 1433 1005 1467 ι
1041 1413 1343 1483 Interrupta
1366 1413 1580 1483 quidem
1603 1426 1700 1481 per
1724 1418 1898 1466 tenta-

320 1504 498 1559 tiones
524 1505 702 1560 varias
730 1504 1085 1577 malignorum
1115 1505 1399 1576 spirituum
1444 1505 1685 1559 custodia
1731 1519 1899 1573 popu-

318 1594 493 1649 lorum
511 1634 529 1661 ,
558 1596 613 1650 hi
636 1596 728 1665 qui
753 1596 1052 1651 debuerant
1087 1596 1253 1651 armis
1279 1595 1554 1650 civitatem
1582 1594 1892 1663 defendere,

318 1696 478 1743 nocte
516 1686 832 1758 ignorantia:
860 1694 915 1742 et
940 1687 1175 1742 tenebris
1201 1685 1386 1741 vallati
1418 1692 1786 1756 peccatorum,
1819 1683 1897 1739 fu-

315 1778 503 1848 giunt,
536 1777 662 1847 quia
697 1778 991 1833 secundum
1021 1777 1268 1834 veritatis
1300 1791 1488 1832 vocem
1519 1795 1532 1830 :
1568 1795 1587 1828 ι
1622 1776 1897 1831 Mercena—

2001 591 2258 645 intuentis
2282 591 2466 647 oculos
2500 593 2760 656 trucidat,
2793 592 2916 662 quia
2955 607 3096 663 saepe
3128 594 3208 648 sic
3239 594 3379 649 bona
3407 610 3574 664 opera

2000 680 2277 747 interficit,
2320 690 2381 736 ut
2420 682 2537 737 hate
2580 698 2640 737 se
2684 683 2930 738 amittere
2974 684 3089 751 ipse
3125 684 3217 753 qui
3262 692 3451 754 captus
3491 694 3578 740 cst

2000 770 2211 827 animus
2231 770 2418 827 dolens
2456 780 2661 827 cernat.
2701 773 2836 828 Nam
2883 776 3065 845 genuit
3104 775 3417 847 plerumque
3459 778 3578 831 ani-

1999 877 2148 930 mus,
2195 872 2252 918 et
2293 872 2470 919 tamen
2510 866 2690 921 carnis
2734 881 2844 921 suae
2888 867 3329 923 delectationibus
3375 869 3576 933 victus,

1998 957 2139 1012 bona
2179 972 2299 1029 quae
2339 959 2525 1030 genuit
2560 975 2749 1014 amans
2789 960 3039 1032 perdidit.
3086 961 3161 1015 Ea
3208 976 3327 1031 quze
3374 963 3581 1031 patitur

1999 1046 2195 1101 damna
2244 1050 2593 1114 considerat,
2651 1065 2752 1104 nec
2801 1058 2978 1105 tamen
3028 1050 3246 1105 virtutis
3298 1051 3579 1105 brachium

1999 1147 2185 1194 contra
2220 1153 2399 1210 regem
2438 1138 2726 1210 Babylonis
2768 1139 2928 1194 levat.
2964 1139 3069 1195 Sed
3097 1140 3224 1194 dum
3248 1141 3439 1195 videns
3478 1156 3577 1194 nc-

1999 1227 2182 1297 quitia:
2224 1229 2679 1297 perpetrationem
2724 1229 3039 1298 percutitur,
3092 1230 3159 1290 ad
3206 1231 3310 1285 hoc
3345 1231 3581 1299 quando-

1998 1331 2104 1386 que
2126 1318 2332 1386 peccati
2369 1332 2467 1371 usu
2500 1318 2834 1386 perducitur,
2872 1325 2931 1371 ut
2970 1318 3085 1388 ipso
3112 1330 3324 1388 quoque
3352 1321 3579 1375 rationis

1995 1406 2198 1460 lumine
2217 1407 2475 1476 privetur.
2502 1406 2656 1462 Unde
2679 1407 2969 1478 Babylonis
2991 1425 3103 1474 rex,
3127 1411 3405 1466 exstinctis
3427 1412 3579 1480 prius

1999 1497 2145 1563 filiis,
2176 1498 2414 1553 Sedecias
2460 1498 2646 1553 oculos
2690 1499 2850 1563 eruit,
2882 1500 3008 1569 quia
3041 1499 3304 1570 malignus
3332 1501 3576 1572 spiritus,

1998 1587 2276 1643 subductis
2311 1588 2461 1658 prius
2488 1588 2644 1642 bouis
2666 1587 2938 1658 operibus,
2970 1596 3095 1659 post
3126 1602 3183 1644 et
3217 1589 3581 1659 intelligentia:

1998 1678 2178 1733 lumen
2214 1678 2368 1733 tollit.
2402 1677 2558 1745 Quod
2594 1686 2742 1733 recte
2773 1677 3025 1734 Sedecias
3073 1678 3127 1733 in
3154 1676 3417 1734 Reblatha
3443 1680 3582 1748 pati-

1998 1776 2104 1822 tur.
2141 1767 2403 1822 Reblatba
2438 1768 2655 1838 quippe,
2682 1766 2878 1822 mulcta
2903 1769 3015 1823 haec
3041 1768 3446 1839 interpretatur.
3487 1769 3579 1824 Et-

316 1868 455 1933 rius,
483 1876 539 1923 et
558 1868 652 1939 qui
676 1882 782 1923 non
824 1876 907 1923 est
934 1875 1140 1939 pastor,
1185 1867 1331 1922 videt
1352 1866 1536 1938 lupum
1569 1866 1892 1932 venientem,
1924 1854 1971 1913 B
1997 1858 2142 1912 enim
2171 1858 2221 1912 ei
2250 1857 2571 1928 quandoque
2603 1866 2657 1913 et
2694 1857 2875 1913 lumen
2911 1857 3135 1913 rationis
3162 1858 3450 1924 clauditur,
3483 1858 3581 1929 qui

317 1972 374 2018 et
418 1964 646 2018 dimittit
672 1978 824 2026 oves,
862 1972 918 2018 et
957 1960 1114 2031 fugit,
1143 1968 1201 2016 et
1229 1960 1388 2030 lupus
1421 1959 1565 2028 rapit
1607 1966 1665 2013 et
1693 1957 1899 2028 disper-

319 2053 398 2124 git
437 2067 568 2109 oves
595 2051 774 2125 (Ioau.
816 2051 894 2123 x).
936 2071 956 2104 ›
981 2051 1049 2106 Et
1067 2050 1395 2121 Apostolus:
1434 2068 1453 2101 ι
1481 2050 1583 2117 Qui
1603 2049 1894 2111 dormiunt,

317 2141 511 2211 inquit,
566 2152 725 2197 nocte
762 2140 1075 2206 dormiunt;
1121 2146 1177 2193 et
1218 2139 1312 2212 qui
1354 2138 1494 2199 ebrii
1541 2147 1689 2205 sunt,
1738 2145 1897 2197 nocte

314 2233 450 2290 ebrii
478 2240 604 2289 sunt
630 2232 677 2307 (Ι
711 2229 888 2288 Thess.
916 2230 991 2304 v).
1029 2250 1049 2286 ι

387 2323 540 2389 Quod
567 2332 745 2377 autem
772 2322 1035 2392 sequitur,
1063 2321 1210 2391 quod
1246 2339 1264 2372 ι
1297 2334 1395 2392 per
1422 2321 1564 2375 viam
1590 2328 1757 2391 portae
1778 2333 1897 2389 quae

316 2422 400 2469 est
417 2413 559 2468 inter
577 2413 841 2482 duplicem
862 2428 1076 2467 murum
1098 2412 1167 2466 ad
1188 2412 1402 2467 hortum
1425 2412 1565 2485 regis
1586 2410 1840 2482 fugerint,
1869 2430 1888 2463 ι

311 2502 548 2560 latenter
581 2504 758 2573 arguit
800 2502 1048 2557 inertiam
1079 2503 1383 2568 doctorum,
1412 2502 1506 2571 qui
1548 2503 1688 2557 inter
1715 2501 1894 2573 dupli-

315 2608 433 2650 cem
462 2610 676 2649 murum
710 2594 937 2648 duorum
965 2601 1408 2649 testamentorum
1441 2594 1749 2661 constituti,
1785 2609 1893 2650 non

313 2684 652 2755 belligerare,
679 2684 774 2738 sed
796 2683 1031 2754 effugere
1056 2693 1336 2755 qumrunt;
1364 2694 1419 2739 et
1463 2683 1518 2738 in
1551 2683 1758 2741 deliciis
1784 2701 1896 2741 ma-

315 2775 400 2846 gis
419 2774 677 2838 dillluerc,
705 2776 850 2847 quod
873 2777 1067 2833 hortus
1091 2777 1377 2850 signiﬁcat,
1401 2792 1563 2849 quam
1591 2784 1743 2834 scuto
1768 2775 1892 2833 fidei

314 2868 559 2923 hostibus
581 2867 866 2924 obsistere.

390 2973 409 3006 ι
442 2955 612 3011 Porro
643 2956 877 3013 Chaldaei
909 2957 1226 3013 obsidebant
1253 2959 1529 3014 civitatem
1560 2957 1615 3013 in
1641 2957 1888 3013 circuitu.

319 3065 339 3098 ι
370 3045 530 3116 Fugit
571 3047 754 3117 itaque
782 3047 1035 3104 Sedecias
1065 3065 1164 3119 per
1184 3049 1325 3103 viam
1348 3064 1465 3118 qtue
1488 3048 1634 3104 ducit
1662 3049 1729 3103 ad
1752 3063 1893 3103 cam-

2000 1964 2169 2018 pravo
2193 1963 2294 2003 usu
2321 1957 2375 2004 et
2400 1948 2700 2017 iniquitatis
2722 1964 2832 2004 suae
2862 1949 3202 2004 multitudine
3231 1958 3506 2021 gravatur.

2077 2057 2095 2089 ι
2129 2037 2312 2095 Mense
2342 2038 2550 2108 quinto,
2594 2041 2821 2111 septima
2858 2039 2945 2094 die
2980 2040 3179 2095 mensis
3212 2038 3347 2111 (ipse
3375 2049 3458 2094 est
3483 2056 3583 2094 an-

2006 2149 2026 2182 c
2061 2146 2163 2186 nus
2197 2145 2372 2186 nonus
2402 2130 2642 2185 decimus
2683 2130 2828 2201 regis
2865 2127 3171 2202 Babylonis)
3209 2131 3358 2184 venit
3393 2130 3580 2185 Nabu-

2004 2243 2023 2274 ι
2061 2220 2279 2287 zardau,
2310 2221 2560 2293 princeps
2585 2221 2878 2287 exercitus,
2909 2235 3099 2276 servus
3122 2220 3265 2292 regis
3294 2221 3584 2292 Babylonis

2003 2332 2023 2366 ι
2059 2316 2114 2370 in
2144 2313 2464 2381 Jerusalem,
2492 2319 2548 2365 et
2576 2312 2851 2367 succendit
2881 2312 3098 2367 domum
3122 2312 3330 2367 Domini
3348 2353 3362 2375 ,
3394 2322 3447 2368 et
3478 2315 3580 2369 do-

2003 2423 2023 2457 ι
2061 2421 2208 2460 mum
2244 2406 2408 2477 regis,
2449 2413 2503 2461 et
2529 2404 2719 2461 domos
2750 2401 3071 2459 Jerusalem.
3117 2402 3450 2473 Omnemque
3478 2404 3580 2459 do-

2003 2513 2022 2545 ι
2055 2511 2203 2551 mum
2235 2495 2533 2551 combussit
2562 2496 2693 2566 igni.
2731 2493 2911 2551 Muros
2939 2491 3238 2551 Jerusalem
3267 2493 3319 2550 in
3350 2495 3581 2551 circuitu

2002 2604 2021 2638 ι
2058 2586 2325 2642 destruxit
2365 2587 2542 2641 omnis
2581 2587 2851 2642 exercitus
2891 2586 3287 2653 Chaldaeorum,
3329 2587 3419 2657 qui
3459 2597 3584 2643 erat

2002 2695 2022 2728 ι
2058 2692 2183 2733 cum
2237 2678 2482 2748 principe
2527 2678 2777 2734 militum.
2834 2677 3120 2748 Reliquam
3171 2686 3349 2733 autem
3394 2677 3581 2749 populi

2001 2786 2021 2821 ‹
2055 2776 2295 2838 partem,
2331 2783 2453 2839 qute
2487 2776 2821 2824 remanserat
2851 2770 2904 2823 in
2935 2769 3185 2834 civitate,
3218 2775 3271 2824 et
3302 2769 3581 2839 perfugas,

2010 2876 2025 2909 ι
2056 2858 2148 2928 qui
2178 2858 2585 2931 transfugerant
2608 2860 2675 2914 ad
2706 2875 2887 2931 regem
2906 2859 3215 2932 Babylonis,
3237 2870 3292 2915 et
3309 2860 3581 2930 reliquum

1999 2972 2018 3005 ι
2054 2952 2245 3023 vulgus
2289 2952 2566 3008 transtulit
2604 2952 2956 3009 Nabuzardan
2993 2953 3243 3025 princeps
3290 2952 3514 3018 militize,
3551 2972 3573 3006 ι

1993 3050 2098 3098 etc.
2129 3041 2391 3113 Congruit
2428 3058 2561 3114 ergo
2598 3044 2858 3115 temporis
2889 3044 3024 3099 ordo
3054 3059 3174 3099 curn
3218 3043 3427 3099 ratione
3454 3044 3579 3098 vin-

318 3159 337 3189 ι
374 3140 574 3208 pestria
618 3140 954 3205 solitudinis;
1010 3148 1064 3195 et
1118 3151 1435 3211 persecutus
1483 3148 1567 3196 est
1618 3140 1890 3196 exercitus
1922 3199 1958 3211 _
1993 3134 2170 3189 dictae.
2226 3133 2407 3190 Hense
2476 3134 2658 3206 quinto
2710 3135 2906 3207 legitur
2941 3145 3148 3190 vastata
3189 3150 3309 3191 esse
3363 3135 3581 3200 civitas,

318 3248 336 3279 ι
374 3199 744 3284 Bbaldaeorum
776 3199 978 3300 regem,
1005 3199 1517 3300 comprehenditque
1545 3246 1667 3286 eum
1704 3232 1759 3285 in
1783 3231 1892 3302 pla-
1916 3199 1960 3261 Ο
1991 3240 2111 3296 quae
2135 3199 2556 3281 Pentateuchum
2580 3226 2713 3297 legis
2738 3199 2957 3282 servare
2976 3226 3238 3297 despexit.
3265 3226 3333 3283 Et
3355 3227 3580 3297 septima

319 3336 337 3368 ι
376 3318 510 3373 nitie
542 3317 781 3385 Iericho,
809 3327 866 3373 ct
887 3334 1076 3374 omnes
1105 3319 1408 3387 bellatores,
1439 3322 1531 3390 qui
1568 3330 1725 3376 erant
1767 3336 1891 3376 eum
1989 3320 2074 3374 die
2099 3320 2313 3385 mensis,
2349 3320 2477 3390 quia
2509 3318 2730 3375 Sabbati
2766 3320 3006 3389 requiem
3034 3335 3142 3375 non
3172 3319 3494 3384 custodivit,
3521 3328 3582 3375 et

317 3424 338 3457 ι
373 3420 460 3471 eo,
485 3407 711 3475 dispersi
751 3416 898 3473 sunt,
927 3416 981 3463 et
1016 3409 1348 3479 reliquerunt
1373 3426 1515 3476 eum,
1548 3431 1567 3464 ι
1600 3419 1703 3466 etc.
1733 3409 1889 3465 Mali-

312 3497 434 3568 gnis
469 3498 745 3568 spiritibus
778 3499 1030 3569 populum
1070 3500 1549 3567 circumdantibus,
1594 3509 1773 3556 rector
1800 3501 1888 3555 fu-

311 3589 407 3660 git,
437 3604 542 3644 nou
572 3588 640 3644 ad
669 3597 902 3655 montes,
929 3591 995 3645 de
1019 3592 1213 3660 quibus
1236 3592 1496 3662 scriptum
1522 3600 1605 3648 est
1634 3611 1646 3647 :
1684 3610 1703 3643 ‹
1739 3591 1890 3647 Mon-

313 3690 394 3735 tes
424 3680 479 3735 in
517 3679 744 3735 circuitu
784 3677 923 3748 ejus,
952 3689 1008 3735 et
1050 3680 1309 3737 Dominus
1351 3682 1404 3735 in
1446 3682 1673 3737 circuitu
1706 3681 1887 3752 populi

311 3770 393 3826 sui
414 3768 584 3839 (Psal.
602 3768 804 3842 cxxrv),
835 3788 854 3822 ι
883 3770 979 3826 sed
1000 3779 1067 3826 ad
1090 3771 1413 3841 campestria
1435 3770 1761 3836 solitudinis,
1786 3771 1889 3826 hoc

310 3869 416 3926 est,
453 3860 523 3915 ad
567 3860 934 3916 dilatationem
970 3860 1215 3917 luxuriae.
1267 3860 1421 3917 Unde
1456 3861 1716 3932 scriptum
1756 3870 1839 3917 est
1869 3880 1882 3916 :

317 3971 336 4003 ε
367 3953 609 4023 Angusta
638 3958 693 4008 et
717 3961 867 4007 arcta
890 3953 977 4007 via
1005 3962 1107 4019 est,
1134 3969 1254 4024 quae
1283 3954 1432 4010 ducit
1458 3953 1524 4009 ad
1555 3955 1745 4021 vitam,
1776 3955 1885 4011 lata

310 4049 366 4098 et
391 4043 624 4113 spatiosa
649 4058 768 4113 qua:
792 4044 860 4099 ad
884 4052 1113 4099 mortem
1149 4044 1362 4116 (Matth.
1391 4045 1508 4116 vn).
1543 4067 1561 4099 ι

384 4151 404 4185 ι
439 4132 959 4204 Comprehenditque
1009 4150 1130 4189 eum
1175 4137 1231 4189 in
1272 4136 1494 4206 planitie
1538 4137 1782 4206 Iericho,
1833 4150 1889 4197 et

315 4241 333 4275 ι
367 4236 557 4277 omnes
580 4221 867 4279 bellatores
892 4224 984 4293 qui
1017 4232 1175 4279 erant
1203 4239 1324 4280 cum
1351 4240 1436 4291 eo,
1465 4227 1693 4297 dispersi
1736 4238 1882 4295 sunt,

313 4330 333 4362 ι
366 4319 423 4367 ει
447 4311 781 4381 reliquerunt
801 4327 944 4368 eum.
977 4333 997 4367 ι
1027 4313 1195 4369 Recte
1219 4330 1347 4384 ergo
1373 4332 1498 4372 cum
1531 4318 1761 4375 virtutes
1791 4320 1887 4376 ho—

308 4403 507 4457 minem
535 4402 822 4470 deserunt,
855 4419 972 4475 quae
1006 4420 1129 4460 eum
1165 4405 1452 4463 defendere
1477 4409 1801 4476 debuerant,
1831 4411 1885 4467 in

1987 3411 2168 3466 omnia
2197 3410 2471 3467 contraria
2507 3410 2794 3480 praeceptis
2819 3409 3016 3467 divinis
3060 3410 3190 3483 egit,
3228 3408 3429 3465 frustra
3473 3409 3579 3465 sibi

1986 3501 2267 3557 blandiens
2290 3502 2358 3556 de
2388 3500 2680 3556 securitate
2722 3515 2821 3571 pro
2860 3510 3171 3556 sanctorum
3214 3499 3454 3556 locorum
3482 3500 3583 3555 ba-

1985 3594 2268 3650 bitatione.
2302 3593 2452 3649 Unde
2477 3607 2575 3663 per
2596 3590 2887 3648 Ieremiam
2912 3592 3173 3648 Dominus
3203 3593 3333 3648 dicit
3359 3611 3372 3647 :
3411 3611 3430 3643 ‹
3463 3591 3580 3647 No-

1986 3682 2079 3739 lite
2107 3682 2375 3739 confidere
2400 3683 2456 3737 in
2480 3683 2660 3738 verbis
2686 3682 2954 3739 mendacii
2977 3683 3217 3739 dicentes
3241 3697 3255 3736 :
3292 3681 3578 3751 Templum

1987 3776 2234 3841 Domini,
2288 3774 2547 3845 templum
2601 3772 2848 3840 Domini,
2905 3772 3164 3843 templum
3207 3771 3420 3827 Domini
3467 3780 3574 3826 est.

1987 3867 2252 3936 Quoniam
2287 3867 2334 3922 si
2375 3868 2512 3924 bene
2542 3866 2851 3922 direxeritis
2877 3866 2994 3922 vias
3022 3875 3249 3932 vestras,
3296 3873 3351 3919 et
3394 3863 3578 3919 studia

1985 3968 2191 4027 vestra,
2216 3960 2263 4015 si
2292 3959 2529 4016 feceritis
2546 3958 2806 4030 judicium
2831 3958 2975 4014 inter
2997 3958 3175 4013 virum
3196 3966 3251 4013 et
3268 3957 3579 4028 proximum

1984 4047 2124 4117 ejus,
2144 4049 2366 4104 advena:
2387 4061 2444 4104 et
2463 4048 2639 4103 viduae
2663 4056 2718 4102 et
2743 4046 2948 4118 pupillo
2976 4062 3084 4102 non
3111 4044 3347 4102 feceritis
3372 4045 3580 4101 calum-

1987 4139 2159 4203 niam,
2191 4153 2293 4194 aec
2320 4138 2637 4208 sanguinem
2663 4138 3006 4194 innocentem
3042 4135 3342 4194 eti‘uderitis
3374 4137 3429 4191 in
3458 4135 3580 4192 loco

1984 4231 2120 4298 hoc;
2162 4240 2219 4287 et
2254 4237 2379 4301 post
2403 4230 2532 4285 deos
2558 4229 2765 4285 alienos
2797 4245 2904 4285 non
2933 4228 3340 4286 ambulaveritis
3376 4228 3432 4284 in
3461 4243 3581 4282 ma.

1983 4321 2096 4377 lum
2140 4320 2538 4389 vobismetipsis
2580 4337 2594 4374 :
2627 4317 2886 4375 habitabo
2910 4318 3189 4376 vobiscum
3217 4318 3273 4374 in
3305 4318 3425 4374 loco
3468 4318 3577 4374 isto

1983 4413 2039 4469 in
2083 4420 2228 4468 terra
2274 4428 2437 4483 quam
2482 4410 2609 4468 dedi
2657 4410 2904 4482 patribus
2941 4410 3160 4478 vestris,
3203 4426 3236 4467 a
3278 4410 3476 4466 saeculo
3516 4418 3579 4467 et

306 4490 529 4562 planitie
558 4490 773 4549 Iericho
799 4494 1028 4563 capitur,
1068 4496 1172 4551 hoc
1196 4504 1307 4562 est,
1338 4498 1393 4552 in
1422 4499 1723 4555 defectione
1760 4515 1881 4556 car-
1907 4543 1961 4602 Β
1985 4517 2157 4572 usque
2179 4502 2232 4557 in
2265 4501 2541 4559 saeculum.
2570 4502 2711 4559 Ecce
2736 4518 2833 4558 vos
2860 4500 3133 4559 confiditis
3155 4500 3209 4556 in
3234 4501 3579 4559 scrmonibus

308 4584 444 4639 nalis
478 4599 688 4640 sensus.
715 4584 930 4641 Iericho
958 4585 1104 4640 enim
1129 4585 1514 4655 interpretatur
1538 4588 1688 4655 luna,
1721 4598 1776 4645 et
1802 4592 1880 4646 si-

306 4674 524 4743 gnificat
553 4674 819 4733 defectum
849 4676 1048 4731 carnis.
1076 4674 1229 4731 Unde
1261 4676 1351 4730 ille
1374 4677 1556 4744 homo,
1584 4681 1675 4748 qui
1701 4682 1767 4737 de
1793 4683 1883 4741 Ie-

308 4766 541 4821 rusalem
563 4766 922 4823 descendebat
939 4767 996 4822 in
1016 4765 1252 4833 Iericho,
1280 4767 1334 4822 in
1361 4766 1601 4826 latrones
1626 4770 1881 4830 incidisse

305 4856 627 4913 describitur
654 4855 803 4930 (Luc.
833 4857 909 4931 χ).

379 4970 398 5003 ι
429 4951 839 5021 Apprehensum
872 4966 1001 5021 ergo
1030 4966 1209 5022 regem
1242 4952 1582 5009 adduxerunt
1599 4955 1667 5009 ad
1699 4969 1878 5026 regem

308 5060 327 5093 ι
361 5039 650 5111 Babylonis
676 5041 733 5096 in
765 5040 1050 5107 Reblatha,
1081 5042 1173 5112 qui
1200 5042 1412 5098 locutus
1438 5053 1522 5100 est
1544 5061 1667 5100 cum
1698 5063 1763 5102 eo
1789 5046 1876 5115 ju-

306 5149 326 5184 ι
360 5128 578 5186 dicium.
613 5149 633 5183 ι
666 5129 779 5186 Ηοε
805 5137 909 5197 est,
932 5127 1135 5198 justum
1162 5129 1215 5185 in
1238 5145 1303 5186 eo
1323 5133 1567 5186 exercuit
1587 5132 1871 5202 judicium.

374 5241 394 5274 ‹
428 5222 592 5278 Filios
621 5231 799 5279 autem
849 5222 1087 5280 Sedecias
1127 5225 1325 5281 occidit
1351 5240 1533 5282 coram
1560 5241 1647 5292 eo,
1673 5236 1728 5283 et
1754 5243 1877 5283 ocu-

305 5333 323 5368 ι
363 5313 444 5370 los
477 5311 593 5382 ejus
617 5313 817 5380 effodit,
860 5315 1120 5385 unxitque
1149 5330 1273 5372 eum
1304 5317 1527 5382 catenis,
1561 5327 1617 5374 ct
1653 5318 1877 5374 adduxit

303 5425 323 5459 ι
360 5407 417 5462 in
444 5405 792 5478 Babylonem.
827 5424 845 5458 ι
879 5404 989 5478 (Ea:
1012 5404 1307 5478 Gregorio.)
1345 5403 1555 5463 Occidit
1581 5423 1674 5463 rex
1705 5408 1875 5481 Baby-

298 5498 437 5555 lonis
474 5498 615 5556 filios
648 5496 890 5555 Sedecia:
930 5498 987 5554 in
1026 5498 1290 5555 Reblatha
1339 5516 1521 5557 coram
1556 5516 1639 5565 eo,
1690 5500 1875 5555 oculos

300 5606 513 5663 quoque
552 5593 697 5650 illius
737 5593 897 5649 eruit.
933 5593 1072 5650 Dum
1112 5610 1269 5651 sacra
1317 5593 1596 5665 Scriptura
1639 5594 1874 5651 Sedecias

300 5684 665 5750 captivitatem
712 5694 931 5753 narrat,
983 5686 1225 5743 ordinem
1273 5685 1599 5757 captivitatis
1652 5685 1874 5742 interna:

302 5775 597 5829 denuntiat.
628 5777 737 5831 Rex
763 5779 956 5849 quippe
983 5778 1269 5850 Babylonis
1290 5787 1374 5834 est
1401 5778 1653 5845 antiquus
1679 5777 1870 5841 hostis,

1990 4594 2281 4661 mendacii,
2308 4594 2399 4664 qui
2428 4609 2536 4650 non
2563 4594 2863 4666 proderunt
2881 4596 3057 4663 vobis,
3075 4594 3265 4662 furari,
3297 4596 3571 4664 occidere,

1988 4684 2301 4751 adulterari,
2333 4683 2520 4754 jurare
2544 4685 2895 4752 mendaciter,
2933 4683 3104 4741 libare
3128 4683 3365 4752 Baalim,
3407 4695 3462 4741 et
3489 4686 3576 4744 ire

1984 4782 2109 4845 post
2134 4774 2264 4831 deos
2291 4773 2518 4841 alienos,
2541 4790 2677 4844 quos
2706 4772 2990 4844 ignoratis,
3026 4784 3080 4830 et
3100 4775 3321 4831 venistis
3344 4783 3399 4831 et
3417 4777 3575 4831 steti~

1986 4866 2085 4922 stis
2113 4881 2296 4922 coram
2337 4881 2427 4923 me
2466 4864 2520 4921 in
2548 4867 2707 4922 domo
2752 4866 2876 4931 hac,
2917 4865 2970 4920 in
2997 4880 3101 4937 qua
3148 4865 3454 4921 invocatum
3483 4874 3576 4922 est

1986 4972 2184 5012 nomen
2218 4970 2418 5022 meum,
2448 4963 2504 5011 et
2537 4954 2750 5011 dixistis
2777 4973 2791 5010 :
2819 4954 3061 5011 Liberati
3108 4970 3294 5011 sumus
3325 4970 3391 5010 eo
3421 4956 3572 5025 quod
3638 4977 3645 4980 έ

1978 5046 2268 5102 fecerimus
2291 5061 2478 5102 omnes
2502 5044 2933 5102 abominationes
2958 5042 3112 5100 istas.
3158 5043 3226 5099 Et
3268 5059 3410 5098 nunc
3437 5044 3571 5113 quia

1979 5135 2183 5191 fecistis
2208 5136 2389 5191 omnia
2412 5151 2581 5205 opera,
2604 5135 2740 5201 haec,
2768 5134 2899 5190 dicit
2926 5133 3187 5189 Dominus
3214 5150 3228 5186 :
3258 5132 3325 5187 Et
3354 5131 3574 5190 locutus

1979 5248 2098 5288 sum
2124 5232 2192 5287 ad
2221 5246 2317 5287 vos
2358 5244 2516 5287 mane
2544 5246 2877 5301 consurgens
2901 5238 2954 5286 et
2979 5229 3227 5299 loquens,
3253 5236 3307 5283 et
3335 5243 3441 5282 non
3469 5243 3572 5282 au-

1979 5323 2173 5378 distis:
2204 5321 2397 5377 faciam
2424 5321 2608 5377 domui
2634 5321 2784 5386 huic,
2812 5321 2868 5376 in
2892 5336 2998 5390 qua
3025 5320 3333 5375 invocatum
3361 5326 3446 5374 cst
3472 5334 3574 5373 no-

1981 5427 2104 5467 men
2148 5426 2350 5477 meum,
2396 5423 2451 5468 et
2495 5412 2547 5466 iu
2574 5426 2681 5483 qua
2714 5427 2811 5467 vos
2850 5412 3065 5467 habetis
3109 5408 3380 5476 fiduciam,
3424 5416 3480 5463 et
3509 5409 3571 5465 in

1980 5503 2118 5569 loco,
2160 5517 2320 5573 quem
2356 5502 2478 5559 dedi
2506 5502 2659 5559 vobis
2683 5511 2740 5558 et
2774 5504 3021 5572 patribus
3044 5501 3261 5569 vestris,
3291 5500 3431 5556 sicut
3458 5499 3569 5557 feci

1983 5595 2117 5660 Silo,
2146 5603 2201 5651 et
2228 5595 2506 5667 projiciam
2533 5611 2630 5652 vos
2655 5611 2684 5651 a
2717 5594 2854 5651 facie
2879 5610 3019 5660 mea,
3046 5595 3186 5650 sicut
3213 5592 3415 5664 projeci
3446 5609 3571 5648 om-

1980 5701 2077 5741 nes
2104 5685 2301 5741 fratres
2326 5695 2558 5751 vestros,
2584 5685 2894 5741 universum
2924 5700 3110 5740 semen
3138 5682 3390 5754 Ephraim
3423 5682 3566 5754 (Jer.

1982 5776 2100 5845 vn).
2134 5796 2149 5827 ι
2186 5779 2340 5833 Venit
2379 5776 2756 5843 Nabuzardan,
2793 5780 2883 5847 qui
2911 5778 3295 5846 interpretatur
3344 5774 3568 5829 ventila-
