3902 6146
298 345 403 399 977

1088 334 1442 396 cumtum.
1481 333 1550 390 lN
1588 333 1836 390 uanos
1873 332 1935 388 ιγ
1979 333 2242 391 nucum.
2281 364 2352 375 -
2383 334 2452 390 tu
2489 334 2622 390 us.
2662 332 2784 389 un.
3463 333 3583 394 273;

300 458 451 511 brum
475 454 590 508 slve
618 451 896 524 prophetia
920 448 1078 504 alieni
1109 449 1322 520 judicii,
1363 447 1510 518 justo
1544 447 1639 502 Dei
1678 447 1880 518 judicio
1908 455 1953 515 Α
1989 469 2008 501 ‹
2043 451 2270 513 Emath,
2301 458 2356 506 ct
2383 447 2939 506 translatusest‘ldda
2965 449 3031 504 de
3063 454 3206 504 terra
3233 465 3363 506 sua;
3389 449 3568 509 »παθη

301 559 463 613 super
504 551 850 613 peccatores;
899 541 1150 610 princeps
1191 541 1377 608 utique
1423 541 1695 594 exercitus
1740 540 1884 608 regis

301 633 591 704 Babylonis
617 629 920 687 Jerusalem
947 628 1333 698 intelligibilcm
1362 629 1643 683 succendit
1667 628 1884 682 domum

306 726 534 787 Domini,
564 739 692 779 cum
721 723 975 790 antiquus
1007 721 1197 784 hostis,
1230 719 1318 788 qui
1346 727 1402 773 et
1431 733 1526 774 rex
1554 717 1887 774 confusionis

304 825 356 869 et
381 829 635 884 princeps
660 812 902 868 omnium
934 809 1239 878 iniquorum
1265 816 1369 871 est,
1395 815 1503 861 tam
1532 807 1887 877 malignorum

310 907 618 976 spirituum,
652 917 813 972 quam
847 901 1010 957 etiam
1038 900 1323 970 impiorum
1349 899 1646 963 hominum,
1677 898 1888 968 plebem

308 995 510 1050 invadit
538 993 778 1047 ﬁdelium
798 1031 814 1057 ,
845 999 899 1047 et
936 991 1153 1046 domum
1185 990 1350 1060 regis,
1377 998 1431 1043 et
1457 989 1644 1050 domos
1672 987 1890 1044 Jerusa-

306 1087 431 1150 lem,
456 1085 507 1138 id
532 1093 640 1148 est,
671 1089 912 1138 rectores
939 1089 995 1136 et
1022 1095 1116 1135 eos
1136 1079 1227 1149 qui
1256 1079 1576 1134 videbantur
1603 1079 1658 1133 in
1682 1078 1891 1134 visione

307 1176 454 1246 pacis
484 1189 709 1228 manere
739 1173 1099 1227 inﬂammatos
1128 1170 1421 1239 cupiditate
1451 1169 1734 1224 subvertit.

385 1287 403 1318 ι
436 1267 777 1335 Omnemque
798 1267 1012 1321 domum
1037 1265 1333 1322 combussit
1354 1265 1494 1334 igni;
1513 1284 1531 1316 ι
1558 1280 1686 1319 cum
1713 1264 1896 1320 unius-

311 1358 572 1429 cujusque
612 1357 1002 1412 conscientiam
1034 1373 1131 1427 pcr
1170 1355 1440 1411 ﬂammam
1480 1357 1652 1411 illiciti
1693 1357 1894 1412 amoris

312 1450 677 1521 perturbavit.

390 1560 408 1592 ‹
442 1542 512 1598 Et
540 1555 729 1604 muros
750 1537 1048 1598 Jerusalem
1077 1539 1130 1600 in
1156 1539 1385 1600 circuitu
1407 1538 1694 1605 destruxit,
1725 1558 1742 1592 ι
1770 1553 1893 1597 cum

315 1634 666 1691 intentionem
691 1631 954 1686 orationis
976 1639 1030 1684 et
1055 1631 1310 1684 virtutum
1341 1631 1536 1696 studia,
1565 1645 1684 1700 qua:
1705 1640 1892 1686 contra

1984 544 2157 598 solum
2179 545 2323 598 enim
2360 543 2669 612 populares,
2699 541 2880 595 sed-et
2910 538 3080 596 fortes
3111 551 3164 596 et
3198 544 3472 614 principe!
3507 545 3562 600 in

1985 634 2228 688 Ecclesia
2257 633 2501 688 diabolus
2538 633 2802 700 decipere
2814 642 2876 685 ~et
2909 634 3148 703 peccatis
3175 635 3450 704 captivare
3477 653 3564 691 sa-

1986 724 2137 792 tagit.
2168 723 2318 778 Unde
2345 724 2409 778 de
2438 723 2553 791 ipso
2580 722 2634 776 in
2657 720 3042 792 Joilvscr'iptum
3072 731 3156 779 est
3181 743 3194 777 :
3224 743 3244 775 α
3271 725 3422 780 Esca:
3445 725 3563 794 ejus

1986 813 2170 868 electa:
2212 820 2338 866 sunt
2358 812 2506 883 (Job.
2547 810 2678 884 xu).
2711 831 2729 862 ι
2757 813 2901 867 Tulit
2930 824 3148 884 quoque
3167 815 3443 883 Samiam,
3467 819 3564 888 qui

1988 903 2373 971 interpretatur
2399 899 2618 965 vinctus,
2649 902 2982 957 sacerdotem
3009 905 3270 972 primum,
3301 920 3422 959 cum
3453 908 3566 976 pri-

1986 1008 2133 1048 mum
2172 991 2424 1048 Ecclesia:
2451 991 2694 1046 ordinem
2715 1031 2731 1056 ,
2761 993 2851 1062 qui
2871 993 2945 1046 *in
2975 995 3239 1064 episcopis
3266 1003 3572 1049 est-amore

1991 1082 2278 1151 voluptatis
2313 1091 2573 1144 terrente,
2615 1081 2670 1135 in
2707 1081 2962 1135 vitiorum
2993 1091 3182 1137 catena
3219 1085 3559 1154 constringit.

1997 1194 2014 1228 ι
2051 1175 2194 1229 Tulit
2219 1190 2432 1244 quoque
2459 1175 2708 1230 similiter
2741 1184 2794 1230 et
2830 1174 3189 1245 Sdpboniam,
3225 1199 3244 1230 ι
3277 1179 3368 1248 qui
3397 1177 3571 1233 inter-

1990 1273 2238 1335 pretatur
2288 1265 2644 1331 absconditus,
2690 1266 3025 1322 sacerdotem
3073 1270 3398 1335 secundum,
3439 1285 3591 1325 cum:

1993 1355 2213 1411 secundi
2245 1355 2469 1422 ordinis,
2500 1357 2604 1410 hoc
2636 1364 2754 1422 est,
2785 1359 3148 1427 presbyteros,
3181 1359 3273 1428 qui
3305 1360 3591 1414 talentunr

1992 1449 2144 1504 verbi
2180 1450 2272 1504 Dei
2302 1450 2354 1506 in
2377 1455 2529 1514 terra
2547 1449 2821 1508 fodientes
2851 1453 3280 1520 absconderant,
3315 1455 3370 1509 in
3409 1471 3570 1510 suum

1995 1537 2532 1611 Dominumsubigit.
2576 1560 2594 1593 ι
2623 1541 2698 1596 Et
2733 1549 2850 1596 tres
2877 1541 3180 1610 ianitores:
3219 1562 3237 1595 ι
3278 1543 3398 1599 illos
3426 1544 3577 1598 video

1996 1629 2124 1684 licet
2141 1628 2406 1698 ianitores
2431 1631 2521 1700 qui
2543 1632 2742 1686 ostium
2770 1632 2892 1686 ﬁdei
2918 1633 3482 1702 aperire-debuerant,
3515 1642 3573 1687 et

313 1741 372 1780 se
412 1724 596 1778 valere
641 1723 810 1786 novit,
858 1721 913 1775 in
959 1721 1368 1789 desperantibus
1394 1721 1660 1786 dissolvit,
1697 1735 1765 1776 ne
1790 1737 1895 1792 per
1933 1790 1956 1792 ἐ
1996 1727 2242 1776 tenentes
2271 1721 2476 1776 clavem
2505 1722 2763 1787 scientiae,
2809 1737 2910 1777 nec
2950 1722 3427 1792 ipsi'sintroierunt,
3469 1738 3574 1779 nec

313 1829 464 1884 spem
492 1813 666 1867 veniae
691 1812 760 1865 ad
781 1810 963 1865 divina
991 1819 1211 1864 currant
1236 1811 1454 1876 auxilia,
1478 1820 1532 1866 et
1552 1790 1896 1868 correctioris
1924 1790 1970 1850 Β
1997 1811 2132 1872 alios
2159 1813 2385 1875 introire
2409 1811 2771 1881 permiserunt
2801 1812 2950 1884 (Luc.
2971 1790 3078 1872 in;

314 1906 439 1959 vita:
465 1903 876 1972 apprehendant
919 1903 1236 1958 munimina.
1273 1921 1290 1954 ι
1327 1903 1695 1974 Populumque
1726 1906 1779 1960 in
1806 1921 1898 1961 ca-

319 2013 337 2046 l
379 1994 683 2064 ptivitatem
733 1993 968 2058 ducens,
1014 1993 1080 2047 de
1113 1995 1439 2063 pauperibus
1483 2005 1640 2051 terra:
1681 1997 1898 2066 reliquit

319 2104 340 2136 ι
382 2086 645 2140 vinitores
673 2093 728 2139 et
759 2084 1048 2155 agricolas,
1086 2105 1104 2138 ι
1140 2087 1265 2156 quia
1298 2102 1392 2142 eos
1407 2088 1509 2158 .qui
1550 2088 1709 2144 utiles
1735 2089 1897 2143 verbo

313 2185 371 2230 et
397 2176 648 2246 exemplo
678 2191 798 2231 esse
827 2185 1078 2246 poterant
1099 2193 1195 2246 per
1219 2161 1352 2232 vitia
1375 2181 1633 2249 captivat,
1656 2189 1712 2235 et
1737 2181 1899 2235 hebe-

319 2268 463 2321 tibus
496 2267 839 2321 commendat
865 2266 1268 2336 agriculturam,
1297 2277 1562 2337 quatenus
1585 2285 1688 2323 non
1714 2271 1898 2323 vinum

316 2356 506 2425 gratiae
553 2357 852 2426 spiritualis
891 2365 947 2412 et
986 2357 1312 2412 frumentum
1359 2374 1506 2414 sanae
1550 2360 1811 2420 doctrina:
1846 2360 1901 2415 in

317 2448 491 2502 vineis
511 2457 570 2502 et
597 2447 744 2518 agris
767 2448 1085 2518 populorum
1115 2448 1425 2516 fructiﬁcet,
1454 2451 1550 2507 sed
1591 2452 1760 2521 spina:
1788 2465 1902 2507 ma-

316 2538 400 2609 gis
421 2546 480 2592 et
515 2537 701 2592 tribuli
726 2539 981 2595 vitiorum
1009 2550 1338 2596 excrescunt.

395 2648 415 2680 ι
451 2628 748 2684 Columnas
769 2637 950 2684 autem
973 2644 1142 2684 aereas
1169 2645 1288 2699 quae
1313 2639 1469 2685 erant
1494 2631 1550 2684 in
1575 2631 1773 2700 templo
1797 2633 1902 2686 Do—

327 2737 346 2770 ι
383 2719 536 2784 mini,
559 2726 615 2773 et
641 2719 818 2784 bases,
844 2727 900 2774 et
925 2735 1074 2774 mare
1098 2735 1326 2784 tensum,
1353 2724 1496 2790 quod
1518 2731 1636 2776 erat
1663 2724 1718 2777 in
1743 2724 1902 2778 domo

329 2827 347 2859 ι
383 2807 632 2872 Domini,
673 2808 1054 2878 confregerunt
1094 2809 1360 2875 Chaldaei,
1411 2819 1466 2864 et
1513 2811 1905 2866 transtulerunt

329 2916 348 2948 ι
384 2914 457 2952 :es
477 2913 643 2952 omne
664 2899 720 2952 in
741 2898 1088 2969 Babylonem.
1121 2919 1139 2951 ι
1167 2899 1456 2955 Columnas
1475 2915 1645 2955 aereas
1673 2910 1728 2955 et
1747 2901 1905 2956 bases

324 2991 585 3047 doctores
615 3006 902 3061 possumus
933 2992 1200 3060 accipere,
1240 2993 1333 3061 qui
1373 2993 1674 3047 sonoritate
1710 2994 1906 3062 prsidi-

325 3080 558 3134 catiouis
578 3088 636 3134 et
658 3079 785 3134 ﬁdei
813 3080 1066 3136 ﬁrmitate
1087 3082 1388 3137 debuerunt
1413 3082 1547 3138 alios
1571 3092 1899 3138 sustentare.

326 3167 471 3222 llare
493 3184 708 3224 :eneum
729 3170 982 3239 baptismi
1011 3171 1309 3237 lavacrum,
1329 3171 1414 3228 vel
1438 3173 1904 3242 compunctionem

324 3258 720 3331 lacrymarum,
758 3261 843 3314 vel
870 3261 1087 3330 quidem
1129 3263 1311 3317 omnia
1339 3262 1576 3319 Chaldmi
1602 3264 1908 3334 spirituales

326 3366 422 3421 per
465 3350 720 3404 inertiam
752 3351 1136 3422 magistrorum
1166 3353 1233 3407 de
1261 3354 1420 3408 domo
1449 3353 1661 3410 Domini
1692 3353 1908 3410 auferre

327 3442 575 3495 nituntur
603 3449 659 3496 et
701 3440 1058 3511 confringere,
1102 3444 1178 3498 ita
1213 3453 1272 3498 ut
1299 3460 1403 3498 non
1446 3455 1723 3502 remaneat
1749 3453 1905 3511 testa,

329 3548 428 3602 qua
457 3534 634 3602 possit
657 3533 924 3604 igniculus
953 3533 1078 3588 ferri
1105 3535 1174 3590 de
1206 3535 1472 3590 incendio.

401 3643 419 3674 ι
455 3623 610 3678 Ollas
633 3638 850 3692 quoque
881 3639 1070 3690 aereas,
1111 3632 1166 3680 et
1204 3625 1412 3691 trullas,
1449 3634 1511 3681 et
1533 3625 1911 3690 tridentes,.et

337 3732 355 3764 ι
389 3715 628 3784 scyphos
658 3721 714 3767 et
739 3714 1072 3779 mortariola,
1099 3723 1154 3770 et
1173 3716 1352 3769 omnia
1375 3731 1501 3770 vasa
1523 3730 1695 3780 aenea,
1717 3716 1771 3770 in
1793 3715 1912 3783 qui-

337 3823 353 3854 ε
387 3805 488 3858 bus
519 3803 926 3869 ministrabant,
963 3803 1218 3874 tulerunt.
1259 3822 1278 3856 ι
1322 3804 1456 3870 Quia
1490 3804 1699 3858 diversa
1737 3802 1910 3858 cilicia

333 3894 383 3948 in
413 3892 808 3948 ecclesiasticis
827 3894 1106 3948 ordinibus
1127 3893 1192 3948 de
1217 3894 1312 3948 Dei
1331 3894 1554 3948 servitio
1583 3893 1910 3959 auferentes,

332 3987 384 4041 in
407 4001 572 4040 suum
598 4001 754 4040 usum
785 3986 1170 4055 nequissimum
1198 3993 1598 4040 converterunt.

405 4094 422 4126 ι
459 4074 690 4128 Necnon
726 4075 1001 4129 thuribula
1031 4083 1085 4130 et
1111 4075 1337 4143 phialas.
1374 4095 1393 4127 ›
1428 4074 1562 4128 Cum
1587 4075 1910 4140 orationem,

334 4182 434 4236 qua
459 4167 722 4221 divinitas
745 4166 942 4236 placari
963 4167 1155 4236 potuit,
1181 4175 1234 4222 et
1251 4167 1500 4236 poculum
1522 4166 1694 4230 verbi,
1721 4165 1916 4235 quibus

335 4259 458 4315 lassi
485 4258 776 4314 refocillari
804 4259 1119 4324 debuerant,
1148 4258 1482 4327 impediendo
1507 4258 1843 4312 subvertant.

411 4370 428 4400 ε
449 4351 602 4416 Quae
629 4365 826 4416 aurea,
854 4363 1018 4404 aurea
1036 4389 1052 4414 ,
1087 4357 1143 4402 et
1169 4363 1288 4417 quae
1315 4355 1599 4419 argentea,
1627 4353 1880 4417 argentea
1898 4385 1913 4411 ,

2073 1922 2094 1955 ι
2137 1904 2204 1958 Et
2234 1904 2300 1959 de
2339 1904 2557 1960 civitate
2591 1904 2892 1960 eunuchum
2928 1903 3574 1975 unum,.qui‘pra:fectus

1997 2006 2116 2051 erat
2153 2010 2313 2065 super
2344 1995 2490 2049 viros
2527 1995 2834 2050 bellatores.
2877 2014 2895 2048 ι
2941 1994 3374 2051 Eunuchusiste
3409 1993 3576 2065 signi-

1989 2086 2123 2146 .ﬁeat
2159 2100 2250 2140 eos
2265 2101 2412 2155 .quos
2456 2086 2580 2139 alibi
2611 2085 2889 2154 Scriptura
2925 2101 3080 2140 sacra
3122 2085 3579 2156 stultas-uirgines

1999 2178 2232 2247 appellat
2268 2177 2483 2249 (Matth.
2522 2177 2672 2248 xxv).
2701 2177 2800 2243 Qui
2831 2192 2958 2231 vasa
2987 2176 3108 2232 oleo
3130 2191 3301 2232 vacua
3328 2177 3380 2231 in
3408 2176 3577 2230 manis

1997 2269 2099 2324 bus
2133 2270 2408 2332 tenebant,
2435 2268 2772 2322 continentes
2796 2267 3047 2322 videlicet
3073 2281 3130 2321 se
3157 2281 3188 2320 a
3219 2267 3362 2322 coitu
3387 2281 3576 2336 corpo-

1999 2358 2096 2414 rali
2118 2399 2134 2423 ,
2159 2373 2258 2413 nec
2279 2365 2458 2412 tamen
2488 2357 2667 2412 oleum
2695 2357 2880 2428 gratiae
2905 2364 2960 2412 et
2992 2356 3375 2412 misericordiae
3392 2356 3454 2410 in
3481 2371 3580 2425 pe-

1999 2458 2150 2506 ctore
2173 2463 2271 2503 suo
2299 2447 2499 2502 habere
2525 2447 2796 2512 volebant,
2841 2446 2935 2516 qui
2981 2445 3182 2501 frustra
3227 2461 3390 2514 super
3426 2446 3601 2500 viros-

1999 2539 2289 2595 bellatores
2327 2537 2750 2601 constituuntur,
2794 2551 2918 2590 cum
2963 2535 3327 2604 arrogantiam
3372 2550 3580 2605 praesa-

2000 2646 2130 2687 vere
2168 2645 2276 2686 non
2328 2628 2673 2684 meditantur.
2715 2645 2733 2679 ‹
2779 2627 2924 2682 Tulit
2955 2635 3010 2682 et
3037 2626 3275 2696 quinque
3315 2626 3464 2680 viros
3509 2625 3588 2679 de-

2002 2723 2088 2777 his
2123 2723 2214 2790 qui
2256 2728 2522 2775 steterant
2565 2734 2748 2773 coram
2781 2733 2934 2788 rege,
2982 2736 3000 2768 ι
3047 2717 3152 2770 illis
3190 2713 3456 2785 profecto,
3485 2728 3586 2784 qm;

2002 2815 2239 2883 quinque
2283 2811 2530 2867 sensibus
2570 2809 2814 2878 corporis
2837 2806 3102 2877 voluptati
3131 2806 3432 2862 servientes
3465 2805 3581 2874 regi

2004 2903 2256 2957 vitiorum
2285 2916 2498 2970 semper
2519 2900 2863 2955 assistebant.

2078 3012 2097 3044 ι
2138 2993 2204 3046 Et
2245 2990 2456 3062 Sophar
2488 2990 2786 3061 principem
2833 2988 3134 3054 exercitus,
3179 2987 3273 3056 qui
3316 2985 3582 3057 probabat

2007 3085 2214 3138 tirones
2241 3083 2306 3138 de
2331 3081 2527 3152 populo
2553 3089 2730 3135 terrae.
2766 3100 2784 3132 ι
2820 3079 3032 3150 Sepbar
3057 3080 3444 3148 interpretatur
3471 3077 3581 3131 dis-

2006 3175 2184 3243 sipans
2213 3173 2298 3226 vel
2325 3171 2581 3236 dividens,
2615 3170 2926 3241 signiﬁcans
2953 3184 3049 3225 eos
3076 3169 3170 3238 qui
3206 3169 3370 3223 rudes
3399 3168 3455 3222 in
3485 3167 3586 3220 Ec-

2005 3264 2202 3327 clesia,
2235 3278 2370 3332 quos
2402 3262 2471 3316 ad
2506 3261 2752 3315 militiam
2783 3260 2986 3316 Christi
3014 3259 3225 3314 nutrire
3251 3258 3596 3322 debuerant,.

2007 3354 2190 3425 pravis
2231 3353 2490 3422 exemplis
2528 3353 2870 3422 dissipantes,
2918 3353 2972 3406 in
3016 3359 3159 3407 ctetu
3204 3351 3446 3408 ﬁdelium
3487 3365 3584 3420 per

2007 3461 2248 3502 errorem
2288 3453 2648 3514 sequestrant.
2684 3463 2702 3495 ‹
2737 3444 2803 3498 Ει
2831 3459 2925 3498 sex
2951 3444 3096 3499 viros
3134 3459 3166 3498 e
3225 3443 3407 3514 vulgo,
3440 3461 3458 3494 ι
3492 3441 3591 3510 qui

2009 3535 2214 3591 inventi
2243 3534 2461 3590 fuerant
2488 3535 2542 3589 in
2572 3534 2809 3600 civitate,
2839 3535 2944 3589 hoc
2968 3541 3084 3596 est.
3110 3533 3302 3589 stultos
3330 3540 3586 3601 operato-

2010 3649 2098 3688 res
2118 3632 2210 3702 qui
2231 3631 2429 3687 merito
2458 3630 2600 3702 vulgi
2622 3631 2840 3686 nomine
2864 3636 3266 3700 nuncupantur,
3286 3629 3416 3697 quia
3433 3627 3584 3681 utili:-

2012 3732 2175 3778 tatem
2211 3721 2558 3777 consiliorum
2601 3720 2905 3775 divinorum
2943 3720 3150 3774 discere
3191 3725 3247 3772 et
3285 3717 3443 3772 factis
3482 3717 3585 3770 im-

2011 3812 2159 3882 plere
2185 3810 2553 3880 neglexerant.
2590 3807 2699 3862 Hos
2729 3808 2936 3863 scilicet
2963 3821 3151 3861 omnes
3181 3805 3371 3860 tollens
3407 3805 3586 3859 Nabu-

2014 3902 2213 3955 zardan
2254 3901 2506 3970 princeps
2540 3897 2772 3952 militum
2800 3898 2954 3953 duxit
2984 3897 3053 3952 ad
3093 3911 3272 3969 regem
3298 3896 3586 3967 Babylonis

2014 3994 2069 4048 in
2105 3992 2390 4046 Reblatha.

2089 4103 2108 4136 ‹
2142 4083 2523 4152 Percussitque
2557 4097 2650 4138 eos
2677 4097 2773 4136 rex
2800 4079 3119 4153 Babylonis,
3147 4087 3202 4136 et
3230 4077 3500 4135 interfecit
3529 4078 3584 4132 in

2014 4175 2279 4230 Beblatba
2302 4175 2355 4228 in
2379 4183 2523 4228 terra
2545 4173 2758 4239 Ematb,
2790 4191 2808 4225 ι
2839 4173 2964 4241 quia
2990 4171 3242 4241 antiquus
3268 4169 3439 4225 hostis
3463 4183 3587 4223 cum

2014 4281 2112 4336 per
2141 4264 2436 4333 nequitiam
2467 4279 2621 4318 suam
2650 4263 2811 4317 talem
2835 4263 3070 4332 prtedam
3096 4262 3164 4316 ab
3185 4260 3423 4315 Ecclesia
3452 4258 3590 4314 evel-

2018 4356 2132 4410 lens
2161 4354 2320 4419 tollit,
2352 4355 2456 4408 hoc
2488 4360 2612 4408 voto
2637 4353 2835 4418 ambit,
2873 4352 2977 4408 hoc
3007 4359 3122 4408 toto
3154 4351 3335 4407 studio
3363 4351 3496 4422 agit,
3529 4358 3590 4404 ut

343 4461 360 4489 ι
396 4439 518 4492 tulit
549 4438 804 4508 princeps
827 4437 1050 4492 militiae.
1085 4456 1104 4488 ι
1139 4436 1274 4503 Quia
1307 4445 1414 4490 tam
1450 4451 1668 4492 sensum
1710 4435 1915 4504 pretio-
1943 4458 1995 4518 ο
2020 4450 2088 4505 ad
2127 4455 2401 4518 ρει-ρριυτε
2445 4446 2636 4502 monis
2680 4443 3108 4500 interfectionem
3149 4458 3243 4500 eos
3299 4443 3587 4512 perducat.

339 4543 470 4581 sum.
488 4543 654 4597 quam
694 4528 856 4582 etiam
883 4527 1082 4598 eloquii
1111 4534 1449 4583 venustatem
1486 4526 1658 4582 hostis
1685 4541 1916 4595 nequam

342 4617 404 4670 de
430 4618 592 4672 domo
629 4616 844 4671 Domini
885 4615 1096 4672 auferre
1123 4615 1359 4683 molitur,
1395 4625 1450 4672 et
1487 4631 1669 4672 secum
1706 4617 1759 4672 in
1789 4631 1920 4672 con-

342 4706 608 4762 fusionem
633 4707 858 4762 ducere.

419 4817 436 4845 σ
474 4797 620 4851 Tulit
646 4812 863 4867 quoque
899 4799 1148 4869 princeps
1185 4800 1390 4856 militia:
1426 4799 1699 4856 Sarariam
1731 4816 1917 4858 sacer-

352 4905 371 4936 (
407 4889 584 4943 dotem
622 4889 856 4958 primum
877 4930 892 4955 ,
922 4900 976 4944 et
1011 4890 1339 4961 Sophoniam
1368 4892 1702 4947 sacerdotem
1728 4908 1918 4948 secun-

352 4997 370 5027 ι
404 4978 529 5032 dum
575 4986 632 5032 et
674 4986 787 5034 tres
821 4979 1102 5049 ianitores,
1150 4987 1206 5034 et
1249 4981 1314 5035 de
1355 4981 1572 5035 civitate
1613 4983 1915 5036 eunuchum

354 5087 372 5117 ι
407 5084 573 5121 unum
602 5069 695 5140 qui
721 5079 838 5124 erat
863 5070 1148 5140 prmfectus
1174 5086 1338 5140 super
1357 5071 1501 5126 viros
1528 5071 1838 5136 bellatores,
1864 5080 1920 5127 et

353 5175 372 5207 ι
407 5159 640 5228 quinque
682 5160 828 5215 viros
872 5161 936 5216 de
976 5161 1064 5217 bis
1103 5163 1194 5233 qui
1237 5170 1500 5218 steterant
1541 5178 1724 5218 coram
1770 5177 1917 5234 rege,

355 5264 372 5294 ο
407 5261 542 5313 quos
573 5250 776 5317 reperit
797 5250 851 5303 in
876 5249 1112 5315 civitate,
1136 5258 1190 5304 et
1211 5249 1421 5321 Sophar
1441 5251 1738 5321 principem
1763 5265 1920 5306 exer-

353 5355 370 5386 ‹
405 5339 565 5400 ritus,
597 5339 687 5407 qui
712 5339 976 5409 probabat
1004 5342 1208 5397 tirones
1231 5342 1300 5396 de
1331 5342 1526 5411 populo
1555 5351 1712 5398 terrae
1739 5351 1796 5398 et
1825 5357 1920 5398 sex

349 5445 368 5476 ι
406 5427 553 5482 viros
578 5443 607 5483 e
631 5429 818 5501 vulgo,
839 5431 931 5500 qui
957 5431 1158 5486 inventi
1187 5430 1399 5487 fuerant
1426 5433 1480 5486 in
1508 5433 1746 5488 civitate.
1775 5433 1922 5500 Quos

351 5538 368 5570 ι
405 5520 603 5578 tollens
627 5522 984 5580 Nabuzardan
1019 5525 1268 5595 princeps
1301 5526 1530 5581 militum
1553 5527 1706 5581 duxit
1740 5527 1808 5582 ad
1838 5542 1924 5582 re-

353 5630 372 5662 ι
406 5627 529 5680 gem
558 5613 848 5686 Babylonis
882 5616 938 5670 in
972 5615 1231 5670 Beblatha
1259 5634 1272 5669 :
1306 5618 1678 5687 percussitque
1705 5633 1799 5673 eos
1827 5633 1922 5672 rex

356 5720 372 5751 |
410 5701 718 5774 Babylonis,
750 5714 807 5760 ct
850 5705 1240 5762 interfeciteos
1275 5707 1327 5759 in
1372 5707 1632 5762 lieblatba
1678 5707 1731 5762 in
1781 5717 1922 5764 terra

2018 4554 2152 4608 quos
2180 4538 2411 4606 percutit
2433 4551 2528 4590 rex
2552 4535 2881 4591 confusionis
2910 4535 2964 4589 in
2988 4533 3272 4599 Reblatha,
3294 4534 3398 4588 hoc
3426 4540 3510 4588 est
3533 4533 3589 4588 in

2017 4626 2359 4682 multitudine
2402 4625 2664 4681 scelerum
2710 4633 2764 4678 et
2812 4638 2995 4679 amore
3037 4622 3406 4693 voluptatum,
3447 4622 3590 4677 unde

2019 4717 2296 4787 Scriptura
2323 4717 2488 4771 dicit:
2511 4714 2644 4768 Lata
2668 4724 2716 4769 et
2741 4715 2968 4784 spatiosa
2989 4723 3062 4766 est
3085 4715 3191 4778 via,
3217 4728 3332 4783 qm:
3354 4711 3495 4765 ducit
3517 4711 3586 4764 ad

2017 4819 2254 4869 mortem.
2275 4817 2323 4861 et
2344 4806 2494 4860 multi
2515 4815 2633 4859 sunt
2658 4805 2746 4874 qui
2766 4807 2963 4859 intrant
2987 4821 3078 4874 per
3097 4820 3210 4858 eam
3234 4801 3449 4875 (Matth.
3467 4803 3588 4872 vn).

2097 4915 2116 4948 ι
2151 4897 2218 4950 Ει
2255 4895 2545 4949 translatus
2576 4902 2660 4948 est
2684 4892 2814 4948 Juda
2844 4894 2910 4948 de
2947 4901 3089 4947 terra
3116 4908 3237 4955 sua,
3275 4911 3295 4944 ι
3328 4906 3454 4946 cum
3483 4891 3590 4957 illi,

2021 4987 2111 5056 qui
2138 4984 2525 5040 confessionem
2548 4983 2782 5038 nominis
2805 4982 2899 5038 Dei
2930 4983 2982 5037 in
3007 4982 3245 5038 Ecclesia
3271 4982 3594 5037 videbantur

2021 5077 2250 5142 habere,
2293 5089 2388 5145 per
2431 5074 2635 5128 scelera
2674 5081 2729 5128 et
2765 5081 2983 5142 peccata
3011 5073 3324 5143 multiplicia
3352 5072 3420 5125 de
3445 5079 3591 5125 terra

2019 5163 2280 5218 virtutum
2320 5159 2560 5216 translati
2591 5161 2646 5215 in
2684 5175 2909 5231 regnum
2937 5161 3265 5215 confusionis
3298 5169 3355 5214 et
3389 5158 3592 5212 erroris

2021 5254 2378 5320 abducuntur,
2423 5253 2525 5308 sub
2567 5267 2675 5322 quo
2726 5253 2952 5321 imperio
2993 5253 3298 5322 quicunque
3345 5250 3593 5318 nequiter

2021 5346 2320 5403 servientes
2351 5345 2830 5416 perseveraverint,
2859 5358 2958 5398 nec
2985 5345 3329 5398 merebuntur
3347 5355 3445 5410 per
3461 5337 3592 5392 Jesu

2021 5436 2272 5492 ducatum
2308 5436 2516 5507 regredi
2557 5435 2612 5489 in
2653 5442 2851 5488 terram
2881 5432 3046 5498 Juda,
3086 5431 3446 5500 templumque
3485 5427 3592 5481 Do-

2024 5530 2158 5584 mini
2187 5529 2382 5584 ibidem
2413 5527 2743 5583 reaedilicare
2775 5545 2787 5580 :
2819 5525 2874 5580 hi
2900 5532 3020 5594 post
3039 5536 3329 5578 aerumnam
3359 5534 3594 5588 praesen-

2023 5621 2096 5676 tis
2118 5621 2242 5675 vita:
2267 5619 2546 5675 tradentur
2577 5619 2629 5672 in
2660 5631 2929 5673 carcerem
2955 5615 3143 5668 mortis
3171 5619 3470 5682 perpetuae,
3503 5611 3594 5668 ubi

2030 5729 2048 5762 ι
2095 5710 2293 5766 vermis
2340 5725 2527 5765 eorum
2570 5721 2842 5777 nunquam
2885 5703 3162 5769 morietur,
3210 5710 3265 5758 et
3307 5702 3445 5772 ignis
3489 5716 3594 5757 non
