3902 6146
329 381 436 440 τις)

1003 379 1062 432 a.
1105 377 1360 432 mnam
1397 376 1618 431 MAUBI
1640 364 1927 431 Ancum}

2029 375 2320 432 iiOGUNT.
2363 375 2647 432 OPERUM
2682 375 2861 430 PARS
2899 375 2942 428 l.

3477 374 3600 431 280

333 498 706 567 exstinguetur
745 496 877 568 (Isa.
909 496 1072 566 un).
1113 517 1130 547 ι
1176 495 1591 565 lmplebiturque
1628 496 1681 550 in
1713 495 1792 549 eis
1824 495 1909 550 illa
1937 502 1984 559 Α
2017 495 2268 549 traditum
2296 502 2379 550 est
2405 503 2598 548 sancto
2622 494 2876 547 mandato
2906 489 2990 560 (11
3021 487 3164 543 Petr.
3197 487 3280 559 ιι).
3313 507 3331 541 ι
3367 487 3502 555 Quia
3533 498 3594 543 et

331 589 475 644 lzeati
523 587 666 641 Petri
712 587 932 656 apostoli
975 589 1238 641 sententia
1280 603 1385 657 qua
1428 589 1562 641 dicit
1597 602 1611 640 :
1658 606 1676 637 ε
1722 587 1910 642 Melius

2011 597 2242 642 testante
2275 588 2550 641 Veritaze:
2587 605 2604 636 ι
2642 585 2843 640 Servus
2877 583 2966 652 qui
3005 583 3109 637 scit
3135 581 3465 635 voluntatem
3498 582 3597 634 do-

332 681 529 748 quippe
557 686 674 731 erat
703 679 782 731 eis
807 693 913 731 non
945 693 1272 746 cognoscere
1303 678 1443 730 viam
1473 676 1717 743 justitite,
1746 692 1906 744 quam
2007 678 2138 731 mini
2169 678 2281 740 sui,
2323 686 2376 731 et
2406 692 2508 731 non
2544 676 2702 739 facit,
2729 674 3004 745 vapulabit
3039 673 3252 738 multis;
3283 673 3374 742 qui
3405 680 3597 726 autem

332 777 454 838 post
478 769 800 839 agnitionem
831 776 1126 822 retrorsum
1151 769 1392 823 converti
1425 768 1492 822 ab
1527 783 1593 822 eo
1625 768 1766 837 quod
1804 767 1908 821 illis

334 925 1566 955 ξω

2009 769 2202 834 nescit,
2236 777 2291 822 et
2326 783 2431 822 non
2468 766 2617 832 facit,
2647 765 2920 835 vapulabit
2945 764 3136 833 paucis
3160 761 3311 833 (Luc.
3341 762 3460 835 xu).
3495 781 3515 813 ι

3447 935 3591 949 -ιι-

907 1077 1478 1188 ΒΕΔΤῙ
1550 1075 1927 1187 ΒΔΕ

2029 1073 2294 1186 LNI
2367 1073 2984 1186 MAUBI

1051 1304 1436 1362 FULDENSIS
1471 1305 1760 1361 ABBATlS
1796 1303 1885 1358 ET
1924 1302 2304 1361 MOGUNTINI
2341 1300 2862 1358 ARCHIEPISCOPI

519 1490 1344 1654 COMMENTARIA
1452 1490 1584 1646 IN
1686 1487 2082 1643 LIBROS
2185 1489 2288 1643 ll
2394 1484 3409 1645 PARALIPllllllNllN.

1754 1758 1992 1839 ,ΑΝΝο
2033 1758 2204 1837 83ft.)

1041 1981 1414 2048 PROLOGUS
1449 1982 1703 2042 RABANI
1738 1981 1966 2040 SUPER
2002 1979 2266 2040 LIBRUM
2302 1980 2884 2040 PARALIPOMENON

1455 2167 1539 2209 AD
1583 2162 1952 2211 LUDOVICUM
1995 2163 2194 2208 IMPER
2204 2164 2480 2209 ATOREM.

415 2407 644 2466 Domino
671 2401 1016 2459 serenissimo
1040 2405 1095 2452 et
1123 2394 1510 2467 gloriosissimo
1533 2400 1696 2462 atque
1721 2390 1924 2461 plenis-
1953 2395 2001 2453 B
2029 2405 2186 2462 reges
2227 2390 2432 2462 populi,
2480 2389 2685 2461 diligite
2729 2389 3073 2460 sapientiam,
3095 2398 3157 2446 ut
3185 2389 3241 2446 in
3283 2399 3618 2463 perpetuum

341 2501 513 2564 nimo,
551 2497 604 2551 in
639 2506 876 2560 veraque
917 2486 1174 2557 religione
1218 2482 1692 2547 excellentissimo,
1743 2481 1923 2538 Luco-

344 2604 470 2646 vrco
515 2585 664 2655 regi,
691 2580 941 2636 Ranmus
988 2576 1282 2632 vilissimus
1339 2588 1620 2630 servorum
1663 2573 1760 2628 Dei
1815 2588 1927 2629 ser-

345 2697 478 2744 vus,
525 2676 679 2732 ﬂexis
721 2671 948 2742 genibus
986 2676 1244 2724 aeternam
1293 2672 1444 2735 optat
1479 2665 1535 2719 in
1578 2663 1794 2719 Christo
1843 2680 1928 2718 sa-

347 2773 536 2828 lutem.

423 2863 558 2917 Cum
585 2856 779 2928 szepius
797 2853 908 2922 jam
933 2852 1128 2908 dudum
1155 2866 1253 2920 per
1275 2850 1410 2906 alios
1430 2849 1674 2905 audirem
1701 2848 1755 2902 in
1779 2847 1925 2902 cultu

347 2952 566 3022 pietatis
589 2964 686 3004 vos
711 2961 832 3002 esse
856 2942 1260 2999 devotissimum
1303 2950 1464 3010 atque
1490 2939 1925 2995 strenuissimum

349 3043 450 3099 Dei
493 3039 770 3102 famulum,
801 3044 856 3092 et
881 3033 1222 3104 postmodum
1252 3032 1366 3101 ipse
1410 3028 1822 3100 prtesentialiter
1844 3027 1926 3082 vi-

348 3135 535 3188 derem
566 3136 730 3197 atque
772 3125 1056 3194 probarem
1083 3121 1135 3175 id
1165 3135 1351 3176 verum
1400 3135 1542 3184 esse,
1597 3119 1746 3188 quod
1769 3127 1926 3171 antea

349 3224 525 3278 solum
573 3218 760 3273 auditu
812 3227 1182 3284 perceperam,
1212 3210 1444 3281 cogitavi
1491 3209 1707 3279 aliquod
1759 3208 1929 3264 servi-

351 3315 509 3378 tium,
557 3317 620 3366 ut
665 3306 1041 3363 amantissimo
1098 3304 1252 3358 decet
1308 3301 1544 3365 domino,
1574 3299 1728 3355 vobis
1781 3299 1930 3354 exhi-

349 3403 483 3458 bere
509 3417 523 3454 :
553 3397 695 3469 quod
723 3396 885 3452 etiam
914 3401 1111 3450 vestrae
1158 3391 1453 3447 nobilitatis
1494 3391 1548 3444 in
1580 3389 1776 3445 divinis
1798 3388 1931 3458 legi-

352 3493 454 3547 bus
499 3488 766 3560 potuisset
817 3491 1002 3540 nostro
1060 3481 1239 3536 labore
1293 3481 1472 3550 aliquo
1516 3480 1675 3534 modo
1731 3477 1929 3533 ﬂorens

319 3595 616 3639 exercere
668 3576 938 3649 ingenium
997 3574 1284 3642 divinaque
1338 3586 1620 3628 sacrorum
1668 3570 1929 3625 librorum

355 3668 664 3726 testimonia
691 3665 939 3736 rimando
959 3704 974 3731 ,
1024 3663 1173 3733 regni
1225 3659 1586 3731 gubernacula
1635 3659 1930 3721 secundum

2027 2482 2283 2552 regnetis.
2333 2480 2578 2550 Accipite
2613 2493 2744 2549 ergo
2786 2495 2976 2550 regum
3008 2481 3249 2550 priorum
3299 2482 3614 2551 historiam,

2026 2581 2082 2627 et
2102 2588 2320 2630 sensum
2340 2573 2674 2642 spiritualem
2693 2573 2759 2627 ad
2774 2574 3004 2644 gratiam
3027 2573 3228 2629 Christi
3248 2576 3615 2645 pertinentem

2025 2676 2188 2731 super
2205 2662 2386 2717 omnia
2415 2663 2471 2716 in
2493 2662 2580 2717 illa
2614 2671 2816 2718 amate.
2847 2662 2958 2717 Lex
3005 2663 3152 2719 enim
3188 2664 3283 2719 Dei
3313 2665 3614 2736 spiritualis

2026 2761 2103 2808 est
2128 2752 2299 2825 (Rom.
2327 2753 2461 2826 vn),
2500 2763 2555 2809 et
2591 2755 2920 2810 revelatione
2963 2770 3099 2825 opus
3139 2765 3225 2811 est
3250 2765 3312 2810 ut
3339 2756 3615 2827 intelliga-

2029 2852 2134 2910 tur,
2165 2861 2229 2900 ac
2255 2847 2490 2902 revelata
2516 2846 2656 2902 facie
2677 2848 2899 2918 gloriam
2945 2848 3039 2903 Dei
3063 2847 3493 2917 contemplemur
3521 2845 3616 2918 (II

2029 2935 2154 2991 Car.
2177 2935 2282 3008 ιιι).
2321 2936 2470 2992 Unde
2496 2937 2550 2992 in
2576 2937 2897 3008 Apocalypsi
2928 2937 3058 2994 liber
3083 2948 3290 3008 septem
3320 2938 3618 3009 signaculis

2031 3028 2275 3098 signatus
2317 3029 2620 3084 ostenditur
2649 3029 2830 3100 (Apoc.
2862 3029 2951 3101 v),
2989 3044 3148 3098 quem
3187 3041 3347 3085 nemo
3395 3031 3573 3099 aperit
3598 3070 3616 3096 ,

2032 3121 2136 3176 nisi
2174 3121 2262 3176 ille
2291 3128 2517 3187 reseret,
2545 3122 2635 3192 qui
2666 3121 2817 3176 habet
2865 3121 3061 3175 clavem
3091 3121 3279 3186 David,
3304 3121 3394 3192 qui
3419 3122 3617 3191 aperit,

2031 3221 2080 3266 et
2121 3229 2271 3267 nemo
2305 3212 2544 3279 claudit;
2570 3212 2792 3278 claudit,
2817 3223 2864 3268 et
2895 3230 3042 3268 nemo
3083 3215 3246 3284 aperit
3271 3214 3454 3285 (Apoc.
3499 3214 3616 3283 ιιι).

2032 3303 2372 3374 Quapropter
2401 3304 2677 3360 sciendum
2709 3313 2811 3370 est,
2835 3306 2978 3375 quod
3006 3307 3152 3361 inter
3179 3303 3486 3374 Scripturas
3508 3306 3620 3362 Ve—

2033 3395 2166 3452 teris
2210 3395 2546 3451 Testamenti
2593 3410 2831 3466 praesens
2875 3395 3103 3451 historia
3159 3395 3617 3465 Paralipomenon

2031 3504 2140 3544 non
2168 3487 2459 3557 ignobilem
2502 3486 2679 3542 locum
2721 3494 2910 3542 tenet:
2951 3488 3018 3542 de
3044 3500 3150 3556 qua
3187 3485 3492 3542 divinorum
3550 3486 3618 3540 li—

2031 3579 2254 3634 brorum
2291 3578 2654 3648 peritissimus
2705 3579 2972 3649 interpres
3008 3579 3200 3634 beatus
3252 3577 3618 3648 Hieronymus

2035 3670 2110 3725 ita
2149 3670 2228 3724 ait
2261 3688 2274 3724 :
2325 3689 2344 3721 ‹
2379 3669 2831 3741 Paralipomenon
2860 3671 3041 3740 itaque
3059 3669 3198 3725 liber
3232 3669 3374 3724 idem
3402 3669 3619 3724 lnstru-

352 3763 575 3817 Patrum
603 3753 1030 3825 precedcntium
1056 3748 1304 3818 exempla
1327 3747 1570 3816 legitime
1597 3747 1830 3804 tenenda
1848 3749 1927 3802 in-

2033 3759 2202 3814 tuenti
2236 3760 2471 3829 epitoma
2501 3768 2684 3814 tantus
2724 3773 2786 3814 ac
2818 3758 2938 3815 talis
2980 3767 3085 3825 est,
3130 3767 3192 3814 ut
3217 3759 3421 3828 absque
3449 3756 3541 3811 illo
3568 3757 3617 3813 si

351 3863 585 3908 su'uere.
601 3844 811 3901 idcirco
831 3841 1048 3900 decrevi
1077 3839 1576 3910 Expositiunculam
1599 3847 1845 3895 nostram
1873 3839 1928 3893 in

354 3943 556 3999 librum
577 3936 1056 4005 Paralipomenon,
1081 3947 1238 4002 quem
1256 3930 1468 3984 Hebraei
1495 3931 1655 3986 Dibre
1674 3931 1924 3986 Haiamin

361 4029 689 4090 nuncupant,
720 4018 824 4073 hoc
849 4025 951 4083 est,
974 4016 1148 4072 Verba
1181 4017 1409 4082 dierum,
1434 4025 1628 4072 vestra:
1654 4015 1927 4072 dilectioni

354 4113 573 4178 offerre,
609 4113 735 4167 licet
773 4126 879 4166 non
906 4109 1224 4180 condignam
1253 4117 1420 4163 tanta:
1461 4109 1811 4175 excellentia},
1842 4117 1924 4164 ta-

355 4223 479 4262 men
509 4222 614 4262 non
645 4204 907 4275 ingratam
939 4211 1130 4260 vestrae
1155 4201 1558 4268 benevolentiae,
1576 4209 1633 4255 ut
1654 4200 1927 4258 haberetis

354 4298 626 4368 quoddam
682 4295 997 4366 obsequium
1052 4309 1120 4349 ex
1174 4302 1360 4350 nostra
1406 4293 1696 4364 parvitate,
1745 4302 1929 4350 vestro

355 4389 531 4444 ordini
565 4387 1021 4445 decentissimum.
1054 4385 1157 4441 Fas
1205 4385 1347 4441 enim
1394 4395 1513 4441 erat
1543 4395 1603 4440 ut
1626 4386 1738 4454 regi
1781 4386 1931 4442 Chri-

356 4479 687 4536 stianissimo
714 4486 769 4534 et
787 4478 843 4534 in
873 4477 1068 4532 divinis
1099 4476 1381 4546 prazceptis
1409 4476 1806 4533 studiosissimo
1841 4476 1928 4531 hi-

357 4573 526 4628 storia
551 4588 737 4643 regum
775 4566 936 4632 Iuda,
963 4569 1069 4623 hoc
1103 4575 1217 4632 est,
1249 4567 1619 4623 conﬁtentium
1663 4569 1930 4639 spirituali

357 4675 522 4715 sensu
559 4655 951 4727 aliquantulum
982 4655 1268 4724 explanata
1302 4655 1605 4710 oll'erretur.
1639 4657 1775 4712 Nam
1804 4659 1931 4728 quia

357 4749 614 4820 populum
640 4745 1063 4804 ecclesiasticum
1107 4744 1202 4800 ﬁlii
1248 4747 1343 4802 Dei
1392 4747 1630 4816 pretioso
1671 4750 1932 4820 sanguine

312 4901 316 4906 _
357 4839 692 4908 redemptum
721 4837 858 4909 (Act.
905 4835 997 4906 xx)
1017 4878 1030 4901 ,
1054 4844 1108 4892 et
1132 4837 1184 4891 in
1214 4837 1551 4893 confessione
1581 4839 1812 4894 nominis
1836 4839 1932 4894 Dei

357 4929 806 4995 assuetissimum,
841 4936 1018 4982 vestra
1039 4929 1234 4984 nobilis
1277 4929 1343 4984 ad
1366 4931 1644 4986 servitium
1679 4932 1774 4986 Dei
1797 4933 1935 5003 regit

357 5019 668 5091 prudentia,
689 5019 810 5075 ideo
830 5019 966 5074 bene
996 5021 1248 5076 convenit
1286 5023 1529 5092 piissimo
1549 5025 1799 5095 principi,
1831 5026 1934 5081 hoc

2029 3850 2152 3919 quis
2177 3850 2460 3905 scientiam
2505 3849 2910 3920 Scripturarum
2942 3850 3045 3906 sibi
3073 3850 3302 3906 voluerit
3332 3865 3612 3920 arrogare,

2029 3956 2089 3996 se
2135 3942 2310 4012 ipsum
2337 3941 2582 3997 irrideat.
2625 3941 2729 3997 Per
2766 3942 2978 4013 singula
3010 3942 3206 4012 quippe
3249 3941 3468 3996 nomina
3489 3939 3617 4009 jun-

2026 4039 2316 4100 cturasque
2337 4033 2626 4087 verborum
2653 4041 2708 4087 et
2737 4033 3114 4102 przetermissae
3137 4032 3192 4087 in
3224 4031 3432 4101 Regum
3459 4031 3621 4090 libris

2025 4131 2322 4192 tanguntur
2365 4123 2638 4189 historiae,
2693 4135 2749 4180 et
2798 4123 3216 4180 innumerabiles
3273 4123 3622 4194 explicantur

2027 4210 2304 4281 Evangelii
2354 4211 2698 4281 quaestiones.
2735 4231 2755 4266 ι
2781 4212 2908 4268 Haec
2954 4228 3081 4284 ergo
3114 4213 3235 4269 ideo
3282 4227 3622 4267 commemo—

2028 4303 2166 4368 ravi,
2193 4314 2253 4357 ut
2297 4304 2433 4359 sciat
2475 4303 2644 4360 lector
2687 4320 2848 4375 quam
2897 4305 3045 4361 utilis
3088 4312 3175 4362 est
3218 4305 3334 4376 ipse
3372 4305 3515 4361 liber
3543 4305 3617 4360 ad

2028 4393 2378 4448 scrutandum
2433 4403 2490 4449 et
2528 4395 2595 4450 ad
2642 4395 3067 4466 intelligendum.
3112 4393 3250 4450 Nam
3302 4393 3433 4464 quid
3477 4409 3615 4464 ego,

2029 4483 2181 4552 quasi
2206 4482 2396 4538 doctus
2424 4484 2818 4555 magister,per
2840 4486 3022 4541 omnia
3053 4485 3226 4557 ipsius
3247 4486 3508 4557 mysteria
3532 4487 3621 4540 in-

2030 4575 2227 4645 dagarc
2255 4585 2348 4630 aut
2377 4575 2668 4646 explantare
2695 4578 3029 4648 potuissem?
3077 4577 3171 4634 sed
3199 4578 3424 4632 Patrum
3446 4578 3618 4632 vesti-

2030 4665 2115 4732 gia
2141 4679 2396 4734 sequens,
2422 4680 2486 4720 ea
2525 4681 2645 4735 quae
2669 4667 2956 4738 explanata
2984 4669 3053 4722 ab
3079 4668 3160 4723 eis
3203 4667 3409 4730 inveni,
3445 4675 3500 4720 et
3544 4667 3616 4721 ad

2031 4753 2436 4810 similitudinem
2471 4769 2663 4812 sensus
2691 4771 2878 4812 eorum
2913 4757 3115 4830 (gratia
3165 4756 3260 4812 Dei
3313 4755 3611 4826 annuente)

2030 4859 2131 4913 per
2159 4861 2247 4900 me
2267 4845 2592 4916 investigare
2614 4847 2780 4917 potui,
2808 4847 2862 4901 in
2891 4848 3136 4903 ordinem
3170 4847 3430 4917 disposui,
3448 4855 3618 4916 atque

2033 4936 2087 4989 in
2116 4952 2280 4990 unum
2307 4938 2624 5006 opusculum
2653 4939 2906 5009 colligere
2943 4939 3149 4994 curavi.
3177 4937 3293 4994 Non
3317 4939 3464 4993 enim
3496 4939 3616 4994 lon-

2035 5040 2130 5095 gos
2169 5025 2529 5096 ﬂorentesque
2559 5035 2784 5092 tractus,
2818 5029 2870 5082 in
2901 5029 3097 5098 quibus
3142 5026 3448 5098 plausibilis
3475 5029 3620 5082 ludit

357 5118 462 5178 est,
491 5111 689 5167 rectori
717 5113 1086 5167 membrorum
1114 5113 1226 5167 veri
1255 5113 1418 5185 Regis
1449 5115 1651 5171 Christi
1674 5116 1932 5186 unigeniti
1959 5109 2012 5167 D
2037 5117 2231 5183 oratio,
2265 5119 2358 5172 sed
2405 5121 2825 5175 commentarios
2868 5120 2924 5175 in
2949 5120 3160 5175 divinas
3189 5119 3448 5174 historias
3477 5119 3617 5174 scri-

310 5237 312 5240 ν
358 5199 607 5256 videlicet
625 5199 742 5266 Dei,
757 5200 921 5255 ritum
934 5199 1208 5270 regiminis
1222 5204 1515 5258 secundum
1530 5205 1766 5260 divinam
1789 5206 1930 5262 Scri-

358 5297 576 5362 pturam
628 5291 831 5348 habere
875 5299 932 5346 et
970 5306 1130 5362 agere
1152 5331 1169 5357 ,
1203 5293 1435 5349 maxime
1463 5310 1586 5350 cum
1616 5295 1890 5365 Sapientia
1912 5340 1926 5364 ,

359 5395 481 5451 qute
501 5379 558 5436 in
577 5379 711 5452 ipsis
731 5379 926 5436 litteris
953 5381 1394 5438 manifestissime
1420 5384 1608 5450 elucet,
1635 5386 1929 5444 admonens

311 5522 316 5527 .
361 5470 506 5527 dicat
524 5487 539 5526 :
556 5468 663 5527 Per
686 5487 768 5526 me
791 5488 933 5542 reges
954 5482 1251 5543 regnant,et
1277 5475 1569 5532 conditores
1593 5479 1762 5548 legum
1778 5481 1928 5551 justa

359 5562 646 5619 decernunt
669 5559 852 5635 (Prov.
878 5563 1020 5644 vnn).
1042 5563 1108 5618 Et
1131 5563 1260 5620 item
1293 5583 1306 5619 :
1333 5565 1764 5638 Concupiscentt'a
1783 5611 1798 5636 ,
1842 5573 1928 5627 in—

363 5652 514 5719 quit,
558 5653 828 5724 sapientite
865 5653 1080 5709 deducet
1102 5655 1170 5708 ad
1194 5671 1408 5725 regnum
1444 5671 1746 5728 perpetuum
1775 5661 1929 5734 (Sap.

368 5741 477 5808 vi).
510 5743 568 5800 Si
605 5762 734 5821 ergo
781 5747 1121 5804 deiertamini
1165 5748 1384 5805 sedibus
1429 5758 1483 5807 et
1519 5754 1894 5811 stemmatibus
1916 5797 1930 5821 ,

2033 5211 2161 5265 here
2192 5211 2426 5277 decrevi,
2456 5225 2685 5281 quorum
2733 5212 2964 5267 cilicium
3001 5220 3085 5268 est
3117 5213 3393 5283 przeterire
3439 5213 3619 5265 niani-

2033 5297 2195 5365 festa,
2225 5300 2451 5356 obscura
2497 5302 2782 5357 disserere.
2813 5302 2952 5358 Ante
2989 5318 3159 5357 annos
3211 5302 3354 5356 enim
3405 5300 3620 5370 aliquot

2034 5397 2225 5459 rogatu
2258 5389 2490 5446 Hiidonii
2517 5391 2730 5448 abbatis
2757 5393 2810 5446 in
2834 5392 3040 5463 Regum
3079 5392 3266 5456 libros,
3311 5392 3615 5445 secundum

2033 5497 2250 5537 sensum
2299 5483 2688 5540 catholicorum
2723 5485 2966 5550 Patrum,
2999 5491 3227 5553 quatuor
3278 5489 3621 5537 commenta-

2035 5573 2239 5628 riorum
2285 5575 2451 5631 libros
2497 5577 2657 5642 edidi,
2688 5592 2824 5647 quos
2871 5584 2927 5632 et
2968 5573 3336 5631 sacratissimo
3377 5572 3617 5643 genitori

2038 5672 2240 5731 vestro,
2277 5666 2548 5724 Ludovico
2598 5668 2927 5739 imperatori,
2967 5663 3380 5737 praesentialiter
3422 5663 3477 5716 in
3514 5677 3618 5716 no-

2043 5766 2155 5814 stro
2179 5759 2506 5816 monasterio
2534 5761 2729 5817 tradidi
2765 5779 2778 5814 :
2815 5760 2869 5814 in
2899 5759 3114 5828 quibus,
3143 5757 3283 5812 sicut
3307 5762 3362 5810 et
3385 5754 3439 5809 in
3465 5769 3613 5824 pra:-
