3912 6160
307 403 404 462 231
1243 389 1594 449 (ΣΟΜΜΕΝΤ.
1635 387 1702 444 ΙΝ
1739 385 1905 443 PAR!

2008 384 2292 443 POMENA.
2333 415 2405 428 —-
2441 384 2568 440 LIB.
2609 383 2649 438 l.
3451 379 3558 436 283

303 516 443 574 senti
466 526 631 584 opere
675 509 798 575 feci,
827 507 1062 578 .losephi,
1111 504 1418 559 Julzeorum
1464 502 1728 567 historici,
1756 517 1885 556 nar—
1910 506 1959 566 Α
1986 499 2212 554 aliorum
2240 497 2512 553 silentium
2541 511 2704 564 quam
2743 501 2987 550 nostrum
3017 493 3251 549 studium
3303 495 3556 564 probant.

305 609 592 669 rationem,
646 615 856 657 necnon
897 607 953 652 et
1001 596 1209 652 llebrmi
1241 594 1549 663 cujusdam,
1605 592 1883 648 modernis
1982 587 2094 642 Nos
2115 587 2260 642 enim
2306 585 2622 655 simpliciter
2665 600 2728 638 ea
2763 599 2882 652 qua:
2925 584 3232 638 invenimus
3257 583 3558 652 posuimus.

304 696 638 766 temporibus
685 695 738 746 in
770 691 901 761 legis
927 687 1150 744 scientia
1178 686 1419 740 ﬂorentis
1462 683 1743 754 opiniones
1770 683 1884 752 ple-
1983 679 2234 734 Nostrum
2281 685 2364 731 est
2395 678 2562 730 citare
2595 683 2778 738 testes,
2811 675 3047 743 ipsorum
3099 674 3165 728 de
3210 674 3312 728 (ide
3342 675 3559 728 testium

307 793 491 859 risque
517 789 569 842 in
603 786 735 841 locis
772 781 1102 851 interposui;
1147 780 1240 834 sed
1270 795 1377 833 non
1406 779 1499 843 ita,
1530 785 1590 830 ut
1618 776 1772 847 quasi
1807 775 1885 830 le-
1971 769 2240 839 judicare.
2273 769 2352 823 Tu
2378 777 2578 829 autem,
2610 780 2703 819 rex
2750 765 3102 828 nobilissime,
3131 773 3322 818 contra
3355 765 3562 818 invido—

307 892 514 937 ctoreru
563 877 792 932 invitum
844 873 912 926 ad
958 872 1198 941 ipsorum
1248 868 1556 924 traditionis
1601 881 1882 922 assensum
1985 877 2105 915 rum
2147 875 2360 914 morsus
2385 874 2484 912 nos
2532 856 2778 918 defende,
2816 864 2870 908 et
2902 855 3024 908 lidei
3065 861 3219 908 scuto
3255 862 3414 921 atque
3445 853 3558 906 fra-

308 969 703 1042 pertraberem,
736 963 830 1019 sed
854 962 1024 1032 magis
1043 959 1247 1029 judicio
1289 974 1352 1013 ac
1381 955 1688 1026 probationi
1714 955 1884 1025 ipsius
1985 965 2105 1006 mea
2135 951 2301 1004 divini
2336 949 2436 1003 zeli
2467 963 2566 1007 nos
2595 955 2843 1016 protege,
2878 945 3004 1014 quia
3034 945 3435 1012 qualescunque
3464 959 3558 997 su-

309 1062 397 1116 illa
429 1057 828 1126 derelinquens.
860 1052 1125 1107 Caeterum
1156 1049 1201 1104 si
1233 1050 1346 1104 haec
1393 1047 1603 1118 aliquos
1653 1045 1887 1101 olfeude-
1988 1060 2129 1108 mus,
2155 1043 2323 1098 vestri
2346 1041 2519 1096 devoti
2545 1039 2730 1094 famuli
2755 1052 2937 1092 sumus
2972 1044 3026 1090 et
3050 1035 3321 1102 adjutores
3349 1035 3404 1088 in
3439 1051 3562 1104 gra-

309 1153 439 1215 riut,
467 1164 573 1204 non
619 1125 819 1201 nostra:
865 1151 948 1198 est
1001 1141 1194 1209 culpae,
1232 1139 1324 1193 sed
1373 1136 1597 1191 forsitan
1645 1135 1885 1205 ipsorum
1984 1135 2060 1189 tia
2087 1134 2203 1187 Dei.
2235 1131 2427 1187 Divina
2453 1139 2710 1200 potestas,
2735 1136 2790 1184 et
2813 1136 3015 1182 :eterna
3050 1127 3252 1181 Christi
3283 1125 3562 1194 maiestas,

308 1240 546 1313 perversi
578 1235 790 1305 judicii,
838 1232 928 1302 qui
956 1231 1128 1302 magis
1174 1228 1362 1283 volunt
1413 1227 1586 1281 aliena
1628 1224 1885 1295 epuscula
1988 1227 2078 1282 hic
2101 1233 2158 1279 et
2187 1223 2386 1292 ubique
2413 1236 2556 1276 nunc
2579 1230 2634 1274 et
2667 1221 2722 1274 in
2743 1227 3064 1290 perpetuum
3092 1233 3191 1273 vos
3224 1217 3456 1273 feliciter
3478 1232 3564 1273 re-

310 1345 556 1399 carpere,
591 1341 754 1397 quam
801 1339 898 1379 sua
925 1322 1187 1385 condere;
1239 1319 1329 1387 qui
1359 1318 1483 1373 odio
1535 1315 1770 1370 nominis
1796 1330 1889 1370 no-
1987 1323 2216 1387 gnantes
2248 1325 2575 1368 conservare
2611 1310 2883 1381 dignetur.

314 1422 380 1475 tri
436 1435 543 1473 non
599 1431 703 1481 res,
742 1414 837 1470 sed
884 1425 1142 1483 personas
1191 1408 1553 1470 considerant,
1607 1404 1888 1474 magisque

320 1534 3564 1586 _________________..___._________—_—————

1800 1638 2090 1702 INCIPIT

852 1812 1604 1932 EXPOSITIO
1695 1809 1841 1923 IN
1926 1800 3052 1919 PARALIPOMENA.

1505 2128 1804 2208 LIBER
1900 2123 2314 2202 PRIMUS.

821 2381 1046 2442 CAPUT
1098 2375 1386 2434 PRIMUM.

326 2505 602 2576 Catalogus
629 2497 1021 2576 generationam
1042 2492 1105 2546 ab
1129 2490 1299 2544 Adam
1326 2501 1486 2576 usque
1508 2484 1576 2538 ad
1597 2482 1884 2576 Abraham.

563 2553 698 2626 Itgm
733 2568 798 2622 ab
839 2565 1105 2621 Abraham
1140 2576 1301 2630 usque
1345 2553 1413 2610 ad
1449 2553 1639 2609 Israel.

1916 2371 1964 2432 B
1993 2368 2070 2420 vir
2095 2362 2378 2418 secundum
2431 2360 2664 2432 linguam
2704 2377 2875 2427 suam,
2922 2364 3275 2432 cognationem
3303 2381 3474 2434 suam,
3514 2376 3564 2424 et

1991 2466 2192 2528 gentem
2233 2471 2382 2508 suam
2416 2451 2621 2524 (Cenes.
2654 2452 2730 2523 χ).
2763 2452 2839 2508 De
2876 2453 3106 2519 lenibus,
3155 2455 3206 2510 id
3231 2466 3335 2522 est,
3368 2457 3571 2515 Grzecis

1993 2553 2290 2602 nascuntur
2334 2543 2538 2608 Elisei,
2593 2543 2683 2612 qui
2728 2553 2986 2599 vocantur
3037 2545 3270 2601 Eolides.
3317 2547 3467 2605 Unde
3515 2559 3572 2606 et

391 2687 447 2758 (1
469 2685 610 2740 Pan.
637 2680 713 2752 ι.)
738 2679 927 2740 Adam,
968 2675 1118 2737 Seth,
1151 2671 1314 2735 Enos,
1362 2667 1586 2730 Cainan,
1620 2662 1888 2728 Malaleel,

321 2755 503 2843 Jared,
522 2777 761 2837 Henoch,
779 2766 1095 2831 Mathusale,
1112 2761 1358 2828 Lameclt,
1381 2759 1517 2823 Noe,
1539 2757 1685 2822 Sem,
1703 2755 1888 2821 Cham,

321 2882 369 2926 et
416 2867 664 2939 Japheth.
721 2861 970 2918 Decimus
1015 2859 1081 2912 ab
1123 2855 1293 2910 Adam
1347 2851 1461 2906 Noe
1504 2849 1626 2913 fuit,
1658 2848 1797 2903 sicut
1835 2847 1892 2900 in

323 2961 456 3015 libro
483 2937 758 3012 Geneseos
799 2947 1083 3005 manifeste
1108 2953 1384 3001 ostensum
1409 2950 1514 3005 est,
1549 2947 1605 2993 et
1633 2940 1687 2993 in
1717 2937 1893 3006 capite

323 3047 767 3115 Paralipomenon
792 3038 1038 3094 similiter
1059 3034 1274 3090 emicat.
1297 3030 1396 3086 Hic
1427 3030 1589 3084 etiam
1619 3035 1730 3082 tres
1754 3025 1894 3081 ﬁlios

323 3139 530 3203 habuit,
558 3137 662 3190 hoc
705 3141 809 3196 est,
859 3130 1005 3194 Sem,
1039 3126 1208 3183 Cbam
1237 3132 1292 3180 et
1337 3122 1592 3193 Japheth,
1633 3133 1730 3189 per
1759 3132 1895 3187 quos

323 3240 444 3302 post
491 3228 750 3284 diluvium
803 3221 1036 3278 rediviva
1087 3217 1367 3274 hominum
1403 3214 1660 3269 dilatatur
1699 3225 1894 3281 proge—

325 3325 459 3378 nies.
485 3321 555 3375 Et
581 3326 705 3389 apte
747 3314 945 3369 dicitur
973 3310 1086 3366 Noe
1122 3310 1177 3364 in
1219 3307 1465 3377 catalogo
1511 3311 1727 3376 patrum
1775 3314 1897 3356 esse

326 3413 585 3473 decimus,
618 3407 744 3478 quia
775 3403 1066 3476 perfectus.
1097 3401 1230 3456 Nam
1259 3399 1494 3468 primum
1541 3396 1608 3450 de
1656 3409 1722 3449 eo
1762 3393 1899 3449 scri-

327 3514 474 3575 ptum
502 3509 589 3557 est
621 3517 636 3553 ε
671 3499 785 3553 Noe
809 3497 1076 3566 virjustas
1112 3503 1223 3548 erat
1247 3503 1296 3546 et
1321 3491 1578 3561 perfectus
1597 3489 1652 3541 in
1682 3501 1899 3557 genera-

331 3593 555 3647 tionibus
577 3591 707 3644 suis.
720 3587 851 3642 Cum
879 3585 984 3639 Deo
1003 3582 1367 3646 ambulauit,“
1393 3577 1568 3650 genuit
1596 3587 1698 3632 tres
1724 3575 1864 3644 ﬁlios
1880 3613 1895 3639 ,

332 3680 468 3747 Sam,
492 3680 661 3734 Cham
690 3687 740 3732 et
765 3675 991 3746 Japlteth
1021 3671 1171 3745 (Gen.
1206 3670 1305 3742 γι).

399 3771 530 3825 Filii
573 3782 745 3823 autem
786 3764 1041 3836 Japlceth,
1093 3761 1312 3825 Gomer,
1355 3759 1566 3829 Magog,
1625 3755 1812 3810 Madai
1853 3762 1902 3809 et

332 3861 520 3925 Jaaan,
556 3857 778 3924 Thubal,
807 3855 1053 3920 Mosoch,
1099 3853 1140 3906 T
1142 3854 1269 3906 iras.
1300 3849 1529 3919 Japheth
1552 3887 1568 3914 ,
1617 3847 1726 3902 ﬁlio
1768 3845 1901 3910 Noe,

336 3953 441 4008 nati
477 3957 606 4006 sunt
627 3957 832 4019 septem
856 3945 971 4012 filii,
995 3943 1088 4013 qui
1112 3941 1466 4012 possederunt
1488 3947 1689 3993 terram
1716 3936 1903 4000 Masia,

336 4041 626 4098 abAmano
661 4046 720 4094 et
762 4037 942 4091 Tauro
967 4032 1271 4102 Coelesyriae
1296 4038 1353 4085 et
1389 4027 1588 4084 Ciliciae
1633 4024 1908 4082 montibus

337 4145 503 4202 usque
530 4130 602 4186 ad
638 4127 860 4183 ﬂuvium
885 4121 1222 4185 Nathanain;
1252 4120 1307 4174 in
1335 4119 1550 4186 Europa
1577 4129 1708 4169 vero
1738 4127 1908 4182 usque

337 4222 403 4276 ad
431 4220 643 4276 Gadera
679 4215 896 4272 nomina
937 4212 1070 4267 locis
1110 4218 1166 4265 et
1211 4209 1460 4280 gentibus
1506 4205 1905 4274 relinquentes:

339 4332 372 4371 e
393 4315 587 4386 quibus
614 4319 801 4383 postea
825 4308 1106 4364 immutata
1133 4311 1259 4359 sunt
1287 4303 1514 4373 plurima
1531 4341 1546 4367 ,
1575 4307 1766 4355 caetera
1787 4311 1910 4366 per-

340 4385 559 4462 manent
583 4411 644 4457 ut
664 4401 898 4456 fuerunt.
934 4396 1070 4452 Sunt
1093 4403 1273 4449 autem
1312 4393 1510 4447 Gomer
1530 4389 1766 4452 Galatae;
1794 4385 1908 4440 Ma-

343 4511 440 4567 gog
490 4492 736 4564 Scythae;
788 4488 962 4544 Madai
1015 4486 1183 4550 Medi;
1241 4483 1408 4538 Javan
1469 4480 1654 4545 Iones,
1709 4477 1802 4549 qui
1858 4482 1913 4529 et

343 4587 546 4651 Graeci,
573 4583 716 4638 unde
751 4588 808 4636 et
836 4593 984 4634 mare
1027 4577 1267 4641 Ionium;
1297 4572 1506 4629 Thubal
1550 4572 1794 4635 Biberes,
1821 4567 1913 4638 qui

344 4683 397 4730 et
431 4672 672 4743 Hispani,
701 4687 734 4724 a
759 4668 956 4739 quibus
1001 4666 1308 4730 Celtiberia,
1339 4664 1466 4718 licet
1488 4662 1729 4735 .quidam
1751 4659 1915 4714 Italos

346 4767 714 4836 suspicentur;
753 4760 972 4815 Mosoch
992 4757 1354 4828 Cappadoces,
1377 4754 1518 4808 unde
1546 4762 1602 4808 et
1621 4753 1752 4807 urbs
1777 4749 1917 4821 apud

346 4873 439 4913 eos
483 4869 656 4924 usque
695 4851 855 4908 hodie
888 4849 1137 4904 Marecha
1174 4847 1391 4902 dicitur.
1438 4843 1609 4899 Porro
1652 4841 1797 4896 LXX
1829 4840 1918 4893 ln-

347 4955 613 5019 terpretes
643 4939 927 5013 Capturini
959 4937 1299 5008 Cappadoces
1325 4934 1676 4989 arbitrantur.
1723 4930 1918 4986 Thiras

348 5043 588 5098 Thraces
632 5046 860 5104 quorum
893 5043 1009 5084 non
1052 5027 1182 5083 satis
1226 5027 1566 5082 immutatum
1597 5021 1914 5079 vocabulum

346 5139 449 5187 est.
503 5126 600 5181 Hae
653 5125 837 5192 itaque
889 5127 1095 5186 septem
1130 5122 1319 5189 gentes
1343 5154 1360 5179 ,
1395 5127 1532 5182 quas
1577 5111 1645 5166 de
1685 5108 1916 5179 Japheth

349 5218 539 5274 venire
585 5213 755 5283 stirpe
787 5205 1114 5274 memoravi,
1143 5204 1425 5274 Aquilonis
1449 5210 1658 5272 partem
1701 5198 1917 5256 inhabi-

351 5321 488 5370 tant.

423 5402 607 5459 Porro.
647 5398 746 5470 ﬁlii
789 5394 982 5453 Gomer
1026 5394 1274 5457 Ascenez,
1299 5399 1346 5444 et
1392 5385 1640 5456 Riphath,
1685 5392 1732 5437 et
1785 5379 1920 5470 Tho-

351 5510 554 5569 gornta.
604 5468 844 5546 Ascenez
889 5485 1064 5542 Graeci
1113 5481 1348 5550 Regmos
1408 5481 1635 5538 vocant,
1685 5468 1920 5540 Riphath

355 5584 754 5658 Paphlagonas,
776 5579 1080 5648 Tbogorma
1109 5573 1351 5642 Phrigas.

425 5651 754 5731 I’ilii‘lavan
794 5669 944 5724 Elusa
981 5677 1029 5722 et
1061 5663 1297 5727 Tharsis,
1325 5659 1527 5714 Cethim
1562 5666 1608 5710 et
1637 5651 1919 5709 Dodanim.

356 5772 436 5827 Ab.
471 5769 552 5824 his
578 5765 758 5822 diuisa
785 5773 904 5818 sunt
955 5757 1140 5814 insula:
1180 5754 1445 5809 nationum
1493 5751 1546 5802 in
1581 5746 1731 5801 terris
1747 5744 1919 5830 filis,

1991 2638 2179 2708 quinta
2252 2634 2431 2704 lingua
2495 2633 2717 2688 Grzreia:
2778 2633 2958 2689 Aeolis
3005 2636 3340 2705 appellatur,
3407 2649 3570 2713 neuty

1994 2727 2274 2784 awackton
2297 2732 2512 2780 vocant.
2557 2724 2780 2778 Tharsis
2799 2722 3066 2794 Iosephus
3099 2727 3315 2783 Cilicias
3340 2731 3574 2788 arbitra-

1995 2833 2104 2888 tur,
2133 2831 2186 2877 et
2205 2819 2549 2890 aspirationis
2577 2817 2814 2872 litteram
2847 2818 3040 2872 vitiose
3071 2835 3099 2872 a
3130 2823 3364 2888 posteris
3405 2823 3456 2877 in
3485 2833 3574 2894 (ay

1995 2913 2178 2968 dicens
2207 2909 2371 2964 fuisse
2404 2915 2732 2978 corruptam.
2764 2905 2916 2961 Unde
2943 2916 2998 2960 et
3032 2907 3338 2978 llletrOpolis
3386 2927 3572 2966 eorum

1995 3005 2187 3060 civitas
2217 3002 2438 3056 Tharsis
2481 2997 3002 3070 appellaturaPaulo
3051 3001 3294 3069 apostolo
3341 3002 3575 3073 gloriosa

1997 3095 2135 3168 (Act.
2163 3092 2300 3163 xxx).
2331 3091 2540 3146 Cethim
2581 3091 2710 3154 citu,
2743 3105 2772 3143 a
2818 3089 3012 3160 quibus
3060 3091 3217 3146 hodie
3267 3107 3364 3160 per
3412 3093 3575 3148 urbes

1996 3189 2278 3258 Cipricitin
2324 3186 2652 3240 nominatur.
2701 3183 2961 3238 Dodamin
3011 3183 3266 3248 Herodii,
3320 3183 3395 3238 ita
3431 3185 3576 3238 enim

1998 3277 2344 3348 Septuaginta
2371 3275 2691 3344 lnterpretes
2719 3273 3124 3327 transtulerunt.
3154 3271 3419 3342 Legamus
3451 3275 3579 3329 Var-

1996 3371 2146 3427 ronis
2173 3371 2238 3424 de
2261 3367 2671 3437 antiquitatibus
2714 3365 2911 3428 libros,
2939 3373 2993 3418 et
3021 3363 3242 3420 Smirnii
3269 3364 3569 3434 Capitonis,

1997 3471 2052 3519 et
2087 3462 2335 3518 Graecum
2387 3459 2714 3529 Phlegonta,
2766 3467 3095 3526 cazterosque
3143 3457 3573 3522 eruditissimos,

1997 3565 2186 3606 omnes
2206 3565 2342 3620 pene
2371 3548 2595 3611 insulas,
2623 3554 2675 3601 et
2699 3546 2864 3600 totius
2890 3545 3035 3600 orbis
3059 3545 3262 3609 littora,
3298 3555 3580 3615 terrasque

1999 3642 2137 3696 mari
2168 3641 2370 3694 vitiuas
2401 3636 2603 3692 Graecis
2633 3635 2829 3690 accolis
2856 3644 3163 3704 occupatas,
3186 3635 3277 3703 qui
3308 3635 3390 3704 (ut
3416 3648 3580 3704 supra

1929 3714 1975 3778 (ἶ
2007 3732 2260 3801 diximus)
2293 3731 2360 3785 ab
2394 3729 2603 3784 Amano
2638 3735 2692 3782 et
2723 3725 2900 3780 Tauro
2941 3725 3213 3779 montibus
3251 3725 3428 3778 ouinia
3466 3740 3580 3776 ma-

2003 3825 2185 3880 ritima
2237 3822 2352 3877 loca
2392 3837 2560 3892 usque
2606 3818 2672 3872 ad
2716 3819 2988 3874 Oceanum
3035 3815 3324 3886 possedere
3364 3813 3581 3870 Britan-

2005 3928 2208 3968 meum.

2077 4001 2206 4054 Filii
2233 3999 2420 4064 Citam,
2471 3997 2610 4052 Chus
2645 4005 2693 4050 et
2741 3995 3011 4060 Mesraim,
3051 3993 3190 4047 Pltut
3233 4001 3281 4047 et
3328 3992 3582 4048 Chanaan

2008 4091 2180 4164 (Gen.
2223 4089 2312 4161 ι).
2369 4087 2515 4144 Chus
2569 4087 2834 4154 hodieque
2888 4085 2956 4139 ab
3011 4083 3251 4139 Hebraeis
3304 4082 3581 4152 Ethiopia

2007 4192 2367 4251 nuncupatur.
2397 4179 2649 4234 Mesraim
2698 4176 2984 4247 IEgyptus.
3016 4175 3157 4230 Phut
3197 4175 3386 4245 Libya,
3419 4190 3448 4227 a
3476 4188 3584 4244 quo

2009 4282 2063 4328 et
2087 4271 2418 4325 Mauritaniae
2445 4269 2636 4323 lluvius
2657 4283 2827 4337 usque
2854 4268 2905 4320 in
2931 4282 3168 4336 prmsens
3195 4266 3342 4320 Phur
3364 4266 3581 4332 dicitur,

2009 4364 2292 4431 omnisque
2320 4361 2463 4416 circa
2493 4375 2614 4414 eum
2658 4359 2805 4428 regio
2832 4357 3135 4411 Phutensis.
3167 4354 3316 4409 Multi
3359 4353 3585 4423 scriptoc

2010 4467 2117 4518 res,
2142 4460 2251 4506 tam
2276 4449 2478 4516 Grmei,
2510 4464 2669 4520 quam
2699 4447 2918 4512 Latinii,
2959 4445 3117 4515 hujus
3140 4445 3218 4500 rei
3243 4453 3406 4501 testes
3435 4452 3581 4499 sunt.

2012 4542 2191 4610 Quare
2212 4541 2265 4595 in
2291 4555 2397 4595 una
2419 4548 2625 4594 tantum
2655 4538 2884 4592 climatis
2913 4544 3066 4608 parte
3102 4537 3379 4605 antiquum
3403 4534 3587 4604 Libyae

2013 4648 2212 4688 nomen
2242 4631 2520 4695 resederit,
2547 4637 2602 4685 et
2629 4629 2832 4699 reliqua
2862 4637 3003 4682 terra
3045 4635 3234 4682 vocata
3274 4626 3344 4681 sit
3380 4623 3588 4691 Africa,

2014 4743 2124 4782 non
2172 4723 2334 4794 hujds
2370 4723 2472 4778 loci
2520 4735 2623 4777 nec
2668 4720 2922 4788 temporis
2973 4727 3075 4773 est.
3125 4717 3294 4772 Porro
3332 4715 3587 4771 Chanaan

1987 4809 2248 4871 'obtinuit
2277 4822 2476 4868 terram
2510 4825 2668 4880 quam
2705 4808 2874 4864 Judaei
2918 4809 3168 4878 deinceps
3208 4807 3587 4878 possederunt,

2017 4905 2204 4975 ejectis
2228 4902 2567 4958 Chananzeis.

2093 4993 2221 5047 Filii
2274 5001 2448 5046 autem
2499 4991 2675 5056 Chus,
2729 4989 2872 5045 Saba
2910 4999 2958 5044 et
2994 4987 3181 5043 Hevila
3207 5029 3223 5054 ,
3274 4987 3509 5043 Sabatha
3541 4997 3588 5042 et

1941 5059 1994 5119 Ῐ)
2021 5084 2218 5154 Regma
2238 5091 2286 5136 et
2325 5080 2659 5136 Sabathacha
2701 5077 2852 5151 (Gen.
2885 5077 2961 5151 x).
2991 5077 3155 5143 Saba,
3187 5093 3217 5132 a
3255 5093 3363 5148 quo
3394 5075 3588 5143 Sabaei,

2019 5176 2085 5230 de
2110 5174 2303 5244 quibus
2327 5171 2580 5243 Virgilius
2605 5187 2619 5225 :

2615 5279 2742 5332 Solis
2759 5285 2838 5332 est
2855 5287 2996 5332 turea
3018 5283 3152 5340 virga
3179 5279 3378 5329 Sabaeis.

2021 5368 2090 5424 Et
2125 5367 2252 5424 alibi
2283 5382 2297 5420 :

2672 5475 2974 5537 (lentumque
2997 5473 3190 5528 Sabzeo.

2145 5541 2312 5592 Thure
2335 5540 2493 5592 calent
2515 5550 2629 5588 arte.

2025 5646 2208 5701 Ilevila
2227 5642 2421 5708 Getuli,
2439 5642 2489 5696 in
2507 5650 2659 5712 parte
2675 5637 2980 5695 remotioris
3002 5633 3195 5688 Africa:
3218 5644 3397 5684 eremo
3423 5627 3596 5683 cohw

2029 5745 2222 5793 rentes.
2255 5733 2512 5798 Sabatina,
2552 5749 2580 5786 a
2614 5747 2718 5800 quo
2745 5726 3036 5791 Sabathzci,
3068 5722 3157 5793 qui
3179 5737 3318 5776 nunc
3343 5720 3602 5775 Astarobi
