3902 6146
318 417 422 474 Ξιζῧ

968 411 1027 466 Β.
1068 409 1319 466 [MBAN]
1353 408 1570 465 MAURI
1606 406 1925 465 ARCIIIEP.
1967 405 2278 464 MOGUNT.
2316 403 2599 462 OPERUM
2664 407 2841 463 PARS
2880 407 2919 462 1.

3466 410 3573 468 εει

318 533 687 588 nominantur.
748 527 951 598 Regina
1009 542 1139 582 vero
1164 525 1585 582 etSabathacha
1639 525 1894 596 paulatim
1924 526 1972 585 Α
2003 539 2130 577 num
2177 523 2490 578 reservavit.
2521 523 2702 577 Aradii
2751 529 2900 586 sunt,
2945 521 3036 592 qui
3066 521 3305 577 Arabum
3351 523 3589 582 insulam

317 623 536 692 antiqua
573 619 790 674 nomina
831 619 1090 673 vocabula
1124 619 1427 688 perdidere,
1478 627 1534 673 et
1587 634 1706 687 quze
1755 631 1897 672 nunc

316 727 416 783 pro
451 710 722 766 veteribus
752 709 1004 772 haneant,
1032 709 1328 778 ignoratur.

377 802 546 854 Porro
574 799 673 867 ﬁlii
708 799 900 868 Regma
929 799 1071 852 Saba
1095 809 1141 852 et
1165 798 1355 852 Dadan
1371 797 1523 867 (Gen.
1541 798 1617 867 κ).
1638 798 1734 852 Hic
1758 797 1899 852 Saba

319 906 418 961 per
455 891 535 942 sin
560 889 793 941 litteram
821 887 1111 951 scribitur;
1139 902 1301 957 supra
1332 903 1462 942 vero
1483 903 1581 957 per
1607 888 1836 949 samech,
1868 901 1899 940 a

319 995 426 1050 quo
454 979 688 1033 diximus
735 977 1029 1047 appellatos
1068 976 1306 1032 Sabaeos.
1351 976 1742 1046 Interpretatur
1769 991 1900 1047 ergo

319 1084 462 1123 nunc
510 1065 651 1122 Saba
699 1067 918 1120 Arabia.
978 1065 1111 1120 Nam
1167 1067 1220 1120 in
1283 1067 1678 1137 septuagesimo
1728 1068 1901 1135 primo

318 1158 550 1228 psalmo,
583 1155 674 1211 ubi
729 1172 828 1211 nos
869 1157 1132 1212 habemus
1161 1172 1175 1210 :
1207 1156 1365 1226 Reges
1411 1157 1643 1212 Arabum
1674 1167 1721 1211 et
1757 1157 1900 1212 Saba

284 1287 286 1289 ›
319 1266 541 1304 munera
569 1248 972 1319 o/ferent(Psal.
998 1247 1169 1318 LXXI),
1187 1248 1239 1302 in
1257 1247 1482 1301 Hebraeo
1509 1249 1769 1318 scriptum
1784 1257 1897 1302 est:

320 1342 479 1412 Reges
509 1342 649 1396 Saba
679 1352 726 1395 et
753 1340 891 1395 Saba
918 1355 935 1391 :
958 1341 1192 1410 primum
1233 1355 1426 1393 nomen
1455 1355 1554 1409 per
1574 1341 1678 1404 sin,
1711 1355 1902 1395 secun-

319 1435 444 1488 dum
478 1449 572 1504 per
596 1433 825 1487 sameeh.
857 1432 1040 1486 Dadan
1069 1446 1200 1502 gens
1230 1438 1312 1485 est
1341 1430 1634 1500 Aitltiopize
1665 1431 1720 1485 in
1751 1429 1902 1485 Occi-

319 1523 522 1579 dcntali
545 1524 723 1593 plaga.

389 1612 530 1666 Clms
556 1622 730 1666 autem
775 1613 950 1682 genuit
985 1611 1218 1665 Nemrod
1243 1625 1258 1662 :
1290 1612 1382 1666 iste
1409 1611 1556 1682 coepit
1583 1628 1693 1666 esse
1719 1622 1900 1682 potens

318 1705 372 1758 in
397 1715 538 1758 terra
575 1703 726 1774 (Cen.
755 1704 834 1773 ι).
867 1703 1148 1758 Potentem
1170 1703 1304 1757 dicit
1326 1702 1560 1759 Nemrod
1587 1711 1896 1773 propterea,

319 1796 445 1863 quia
492 1795 758 1848 insuetam
790 1793 1131 1864 tyrannidem
1168 1793 1376 1862 primus
1403 1793 1456 1847 in
1501 1792 1713 1863 populis
1761 1793 1902 1848 arri-

2001 615 2355 684 possederunt
2382 621 2610 684 angusto
2655 612 2798 667 fretu
2839 627 2870 666 a
2909 611 3182 669 Phoenicis
3217 612 3402 670 littore
3429 629 3592 686 sepa-

1999 713 2120 760 rata
2170 704 2438 759 Samaria.
2496 704 2706 758 Emissa
2754 703 2953 759 nobilis
3000 703 3308 776 leesyrize
3343 705 3584 774 civitas;

2001 797 2371 866 Amathusque
2399 797 2465 851 ad
2505 805 2749 851 nostrum
2785 806 2996 865 tempus
3024 803 3132 849 tam
3159 811 3190 850 a
3218 796 3374 867 Syris
3417 813 3592 868 quam

2001 889 2071 941 ab
2093 887 2352 952 Hebraeis,
2381 886 2455 940 ita
2486 895 2545 940 ut
2576 885 2716 955 apud
2742 893 2955 940 veteres
2990 885 3135 940 dicta
3166 883 3360 951 fuerat,
3404 886 3595 957 appel-

2001 977 2165 1033 latur.
2208 977 2358 1032 Hanc
2402 977 2750 1039 Macedones,
2799 974 2894 1044 qui
2943 983 3066 1044 post
3107 973 3473 1029 Alexandrum
3527 975 3592 1030 in

2003 1069 2236 1124 Oriente
2291 1075 2630 1139 regnarunt,
2699 1065 3056 1136 Epiphaniam
3109 1073 3589 1134 nuncupaverunt.

2001 1161 2252 1217 Nonnulli
2287 1160 2630 1215 Antiochiam
2665 1159 2736 1213 ita
2771 1156 3091 1227 appellatam
3120 1164 3332 1226 putant.
3363 1155 3491 1221 Alii,
3516 1155 3594 1210 li-

2006 1263 2094 1310 cet
2123 1268 2229 1308 non
2256 1266 2405 1317 vere,
2452 1258 2634 1305 tamen
2681 1248 2993 1318 opinionem
3021 1262 3174 1303 suam
3199 1246 3354 1317 quasi
3397 1246 3594 1300 verisi-

2003 1344 2118 1398 mili
2135 1341 2398 1398 vocabulo
2425 1339 2830 1403 conﬁrmantes,
2849 1338 3052 1393 Emaus
3076 1337 3306 1407 primam
3323 1336 3388 1390 ab
3400 1334 3594 1390 Antio-

2001 1435 2124 1489 chia
2199 1433 2536 1488 mansionem
2595 1429 2869 1485 Edissam
2923 1429 3276 1499 pergentibus
3329 1427 3596 1497 appellari

2001 1536 2191 1599 putant
2217 1536 2272 1582 ct
2299 1526 2547 1582 eamdem
2584 1537 2704 1580 esse
2727 1538 2848 1594 quae
2883 1522 3023 1594 apud
3074 1531 3288 1577 veteres
3332 1520 3474 1576 dicta
3518 1520 3604 1574 sit

2002 1618 2246 1674 IEmath.

2074 1709 2204 1764 Filii
2241 1707 2382 1773 Sam,
2416 1707 2600 1762 Elam
2627 1716 2675 1761 et
2717 1707 2884 1760 Assur
2911 1714 2958 1759 et
2997 1704 3281 1774 Arphaxad
3320 1712 3368 1757 et
3396 1702 3513 1756 Lud
3541 1712 3610 1757 et

2003 1800 2166 1854 Aram
2195 1797 2348 1871 (Gen.
2376 1797 2455 1870 χ).
2487 1797 2552 1852 lli
2592 1797 2661 1852 ab
2684 1796 2961 1866 Euphrate
2993 1793 3154 1849 ﬂuvio
3189 1801 3399 1864 partem
3424 1792 3597 1858 Asim,

317 1885 452 1954 puit.
480 1883 554 1938 De
603 1900 709 1954 quo
761 1884 815 1938 in
863 1882 1138 1939 Geueseos
1177 1883 1441 1953 scriptum
1469 1891 1556 1939 est
1591 1884 1774 1953 :quod
1821 1879 1980 1940 ro—B
2008 1903 2180 1958 usque
2231 1888 2299 1942 ad
2349 1887 2607 1944 Indicium
2659 1883 2934 1942 Oceanum
3003 1893 3209 1939 tenent.
3270 1884 3366 1938 Est
3411 1892 3602 1937 autem

320 1975 500 2029 bustus
541 1983 752 2028 venator
781 1984 924 2029 esset
951 1991 1128 2029 coram
1157 1974 1266 2028 Deo
1306 1973 1459 2045 (Cen.
1511 1973 1567 2046 χ)
1589 2015 1604 2041 ,
1650 1975 1776 2044 quia
1810 1975 1906 2031 lto-

319 2068 492 2122 mines
526 2082 555 2121 a
588 2067 682 2122 Dei
713 2066 919 2122 cultura
963 2065 1180 2121 avertit.
1218 2065 1371 2121 Unde
1419 2064 1688 2136 Iosephus
1728 2066 1795 2121 de
1840 2081 1905 2122 eo

320 2167 527 2222 narrat,
553 2159 739 2214 dicens
770 2177 782 2213 :
823 2177 842 2209 ‹
870 2158 1022 2212 Fecit
1048 2166 1228 2212 autem
1257 2174 1352 2214 eos
1381 2175 1503 2214 esse
1524 2159 1695 2215 elatos
1725 2159 1792 2214 ad
1815 2160 1904 2214 in-

313 2251 515 2322 juriam
564 2251 659 2306 Dei
690 2259 854 2320 atque
879 2259 1247 2322 contemptum
1287 2251 1524 2308 Nemrod
1570 2253 1711 2308 ﬁlius
1737 2251 1906 2308 Cham

323 2341 416 2395 ﬁlii
457 2341 589 2396 Nec.
621 2342 722 2409 Qui
755 2357 879 2396 cum
909 2350 1054 2396 esset
1093 2341 1354 2396 audacior
1399 2350 1456 2396 ct
1485 2357 1646 2397 manu
1677 2341 1910 2397 fortissi-

322 2443 442 2486 mus
462 2475 475 2496 ,
513 2433 903 2497 suadebatcis,
929 2441 987 2485 ut
1019 2449 1127 2486 non
1156 2432 1268 2486 Deo
1297 2433 1637 2488 ascriberent
1659 2434 1784 2504 quia
1813 2435 1909 2488 ho-

323 2524 558 2579 minibus
600 2539 698 2592 per
725 2523 872 2576 illum
912 2522 1142 2576 felicitas
1185 2523 1449 2588 eveniret,
1500 2524 1593 2576 sed
1635 2524 1779 2592 quod
1806 2525 1911 2578 hoc

322 2613 403 2666 eis
431 2613 646 2682 propria
678 2612 878 2667 virtute
904 2613 1266 2680 praeberetur;
1315 2622 1370 2667 et
1395 2622 1654 2683 cognatos
1697 2615 1910 2686 generis

323 2701 405 2756 sui
455 2702 522 2756 ad
569 2717 789 2756 causam
826 2702 1126 2772 tyrannidis
1158 2701 1401 2768 adduxit,
1435 2704 1584 2759 solus
1630 2705 1744 2774 ipse
1773 2721 1911 2775 prce-

323 2807 544 2847 sumens
600 2792 848 2846 homines
875 2808 905 2846 a
946 2793 1042 2847 Dei
1083 2793 1278 2848 timore
1327 2809 1612 2858 revocare,
1667 2803 1722 2849 et
1760 2811 1911 2865 spem

324 2899 477 2938 suam
507 2883 558 2937 in
587 2883 806 2952 propria
845 2885 1043 2938 virtute
1097 2899 1390 2954 reponere,
1436 2884 1735 2956 ulciscique
1789 2899 1910 2941 esse

327 2977 607 3030 dementes
634 2973 686 3028 in
715 2973 825 3028 Deo
852 2974 1118 3043 putabant
1154 2975 1591 3030 interminantem
1631 2974 1746 3030 fere
1774 2975 1913 3030 dilu—

329 3067 473 3120 vium
513 3074 692 3121 terrte.
726 3065 806 3122 Ob
832 3083 992 3136 quam
1040 3079 1259 3120 causam
1296 3067 1486 3119 turrim
1534 3065 1909 3122 aediﬁcandam

326 3156 572 3211 altiorem
599 3156 917 3222 suadebant,
946 3156 1036 3210 ubi
1067 3171 1205 3226 aqua
1230 3172 1335 3210 non
1367 3163 1550 3224 posset
1596 3159 1908 3212 ascendere.

2003 1978 2155 2034 Elam
2192 1993 2221 2032 a
2250 1992 2357 2048 quo
2396 1976 2641 2031 Elamitze
2682 1975 2954 2046 principes
3006 1972 3265 2028 Persidis.
3306 1971 3382 2028 De
3421 1971 3605 2028 Assur

2005 2078 2130 2124 ante
2163 2069 2275 2140 jam
2334 2067 2536 2122 dictum
2576 2075 2680 2132 est,
2711 2065 2856 2135 quod
2903 2063 3133 2118 Niniven
3169 2063 3358 2120 urbem
3401 2063 3602 2119 condi-

2006 2161 2167 2219 derit.
2217 2160 2526 2231 Arphaxad,
2573 2174 2603 2212 a
2639 2173 2748 2230 quo
2799 2156 3057 2213 Chaldaei.
3105 2156 3238 2222 Lud,
3271 2171 3302 2211 a
3340 2171 3446 2226 quo
3492 2155 3605 2228 Ly-

2007 2258 2114 2323 dia,
2150 2257 2311 2311 Aram
2334 2295 2348 2321 ,
2391 2270 2420 2309 a
2459 2268 2566 2324 quo
2595 2252 2738 2324 Syri,
2768 2265 3001 2322 quorum
3031 2249 3346 2322 metropolis
3381 2257 3466 2305 est
3492 2248 3607 2304 Da—

2008 2364 2244 2405 mascus.

2079 2437 2188 2491 Fili
2226 2438 2388 2490 Aram
2437 2433 2553 2488 Hus
2598 2443 2645 2487 et
2682 2431 2793 2486 Hui
2817 2442 2865 2487 et
2895 2431 3086 2488 Gather
3113 2441 3162 2487 et
3193 2430 3306 2485 Mes
3333 2428 3485 2501 (Gen.
3516 2429 3601 2502 ι).

2010 2529 2122 2586 lius
2151 2527 2512 2584 Draconitidis
2539 2535 2594 2581 et
2619 2525 2869 2580 Damasci
2905 2523 3152 2579 conditor
3181 2523 3328 2579 inter
3359 2521 3606 2577 Palesti-

2011 2635 2136 2674 nam
2189 2627 2244 2672 et
2297 2616 2648 2687 lecsyriam
2709 2615 2882 2674 tenuit
2936 2613 3342 2684 principatum,
3396 2627 3427 2666 a
3491 2626 3606 2681 quo

2013 2709 2368 2781 Septuaginta
2409 2709 2738 2777 lnterpretes
2773 2708 2827 2762 in
2872 2706 2967 2761 lib.
2995 2704 3117 2770 Job,
3147 2706 3241 2760 ubi
3272 2705 3330 2760 in
3375 2704 3606 2760 “clamo

2012 2803 2287 2868 scribitur,
2316 2799 2479 2855 Terra
2509 2799 2611 2865 Us,
2643 2797 2902 2868 regionem
2938 2796 3264 2863 Ausitidem,
3297 2796 3451 2867 quasi
3474 2792 3602 2850 Usi-

2013 2893 2204 2957 tidem,
2245 2889 2638 2944 transtulerunt
2671 2887 2797 2952 Hul,
2825 2902 2856 2941 a
2897 2901 3006 2956 quo
3059 2885 3324 2940 Armenii.
3373 2883 3606 2949 Gether,

2013 2998 2044 3038 a
2081 2998 2187 3053 quo
2225 2981 2495 3036 Acarnaui
2524 2980 2638 3034 sive
2670 2977 2836 3034 Carii.
2869 2977 3036 3032 Porro
3061 2990 3160 3045 pro
3196 2973 3308 3030 Mes
3347 2973 3490 3030 LXX
3519 2973 3609 3028 ln-

2016 3080 2281 3143 terpretes
2342 3069 2560 3126 Mosoch
2629 3067 2884 3124 dixerunt
2910 3105 2927 3135 ,
2985 3066 3078 3137 qui
3131 3080 3278 3122 nunc
3340 3071 3610 3120 vocantur

2017 3163 2256 3220 Meones.

328 3247 612 3301 Multitudo
634 3257 815 3301 autem
841 3262 1011 3317 prona
1042 3255 1178 3310 erat,
1197 3254 1255 3299 ut
1280 3245 1512 3300 Nemrod
1535 3247 1912 3316 praeceptioni-
1942 3234 1987 3296 C
2090 3254 2378 3325 Ανριιαπαά
2405 3261 2580 3307 autem
2599 3251 2774 3320 genuit
2805 3249 2954 3316 Sale,
2969 3249 3061 3320 qui
3090 3259 3139 3303 et
3159 3248 3271 3319 ipse
3291 3248 3466 3318 genuit
3496 3245 3610 3300 Ih-

305 3337 426 3393 bus
474 3339 778 3404 obcdirent,
824 3354 986 3409 grave
1029 3346 1280 3408 putantes
1332 3339 1649 3405 servitium,
1687 3341 1913 3410 obsequi

315 3430 439 3484 ‘Deo
473 3447 484 3482 :
514 3429 705 3483 turrim
753 3427 1093 3483 aediﬁcabant
1139 3428 1192 3482 in
1224 3428 1372 3484 nullo
1415 3444 1512 3484 sua
1541 3431 1719 3486 studia
1758 3431 1914 3487 dese-

328 3527 529 3574 rentes.
569 3539 588 3571 ι
633 3518 898 3588 Regnavit
940 3526 1120 3572 autem
1145 3517 1382 3574 Nemrod
1429 3518 1482 3572 in
1536 3519 1810 3592 Babylone
1857 3530 1914 3576 et

329 3609 568 3676 Marcch,
593 3609 697 3664 hoc
724 3619 828 3676 cst,
859 3617 914 3664 ct
935 3611 987 3663 in
1019 3609 1251 3664 Ederam
1273 3618 1326 3664 et
1350 3609 1596 3675 Machad,
1620 3627 1740 3680 qum
1770 3627 1914 3668 nunc

330 3706 521 3761 dicitur
571 3704 795 3771 Nisibis,
821 3714 877 3759 et
909 3706 962 3758 in
1003 3704 1317 3770 Chalamie,
1364 3721 1483 3774 qua:
1523 3713 1706 3774 postea
1757 3722 1914 3761 verso

327 3799 545 3853 nomine
572 3814 600 3852 a
637 3797 864 3852 Seleuco
891 3813 1016 3866 rege
1047 3805 1127 3850 est
1178 3796 1324 3851 dicta
1357 3794 1624 3861 Seleucia,
1653 3795 1734 3850 vel
1763 3806 1912 3852 certe

328 3907 447 3960 qua:
475 3906 616 3944 nunc
642 3889 889 3959 Ktycium
919 3888 1239 3958 appellatur.

399 3984 652 4040 Mesraim
681 3999 798 4037 vero
823 3983 999 4052 genuit
1045 3980 1259 4045 Ludim,
1290 3990 1338 4034 et
1367 3979 1610 4033 Anamim
1633 4020 1646 4045 ,
1677 3989 1723 4033 et
1777 3977 1914 4033 Laa-

327 4078 452 4142 bim,
495 4085 541 4129 et
575 4073 930 4144 Nephthuim,
962 4070 1263 4127 Phetrusim
1311 4089 1512 4143 quoque
1561 4080 1608 4125 et
1655 4068 1910 4126 Casluim.

332 4170 405 4224 De
428 4170 614 4230 quibus
639 4169 833 4239 egressi
867 4177 988 4221 sunt
1016 4166 1341 4220 Philisthiim
1367 4174 1420 4220 et
1441 4165 1741 4236 Caphtorim
1758 4165 1908 4238 (Gen.

333 4277 356 4312 λ
391 4261 432 4331 ).
569 4258 825 4326 Exceptis
882 4256 1142 4322 Laabim,
1201 4272 1232 4310 a
1279 4255 1476 4326 quibus
1516 4255 1669 4328 Libyi
1723 4264 1910 4326 postea

331 4349 593 4403 nominati
641 4357 804 4415 sunt,
852 4349 943 4420 qui
990 4349 1140 4424 prius
1180 4347 1386 4404 Pbutcci
1445 4351 1808 4415 vocabantur;
1859 4359 1915 4404 et

329 4440 589 4505 Casluim,
607 4441 697 4509 qui
717 4441 967 4510 deinceps
994 4439 1319 4495 Philisthiim
1343 4439 1594 4509 appellati
1613 4450 1756 4505 sunt,
1776 4456 1912 4510 quos

332 4545 428 4584 nos
457 4540 710 4599 corrupte
753 4529 1052 4584 Palestinos
1077 4531 1326 4590 dicimus,
1357 4539 1566 4585 czetcrze
1593 4547 1687 4586 sex
1727 4541 1912 4602 gentes

332 4622 528 4692 ignota:
557 4623 712 4677 nobis
739 4631 882 4686 sunt,
910 4638 1029 4690 qua:
1057 4636 1087 4674 a
1109 4621 1249 4676 bello
1280 4620 1591 4690 AEthiopico
1618 4625 1907 4686 subversae,

335 4728 505 4782 usque
533 4712 599 4766 ad
627 4711 951 4766 oblivionem
979 4711 1377 4780 praeteritorum
1418 4713 1696 4766 nominum
1725 4729 1915 4781 perve-

333 4817 482 4856 nere.
527 4789 886 4856 Possederunt
938 4808 1119 4854 autem
1174 4809 1375 4854 terram
1420 4800 1602 4871 Agaza
1648 4817 1820 4870 usque
1845 4801 1911 4856 ad

332 4900 606 4946 extremos
635 4889 771 4946 flues
797 4889 1040 4960 Egypti.

405 4981 664 5035 Chanaan
685 4998 800 5036 vero
826 4982 1001 5052 genuit
1029 4981 1272 5037 Sidonem
1300 4983 1702 5054 primogenitum
1733 5000 1908 5051 suum,

331 5080 380 5124 et
417 5069 712 5137 Hetha’um,
741 5070 1042 5126 Iebusrcum
1085 5090 1310 5144 quoque,
1362 5085 1408 5127 et
1448 5073 1835 5140 Amorrha'um,
1865 5084 1915 5129 et

336 5161 684 5234 Gergeswum,
737 5164 1088 5238 Ilekumque
1131 5177 1179 5220 et
1222 5167 1534 5233 Araca'um,
1567 5178 1614 5222 et
1655 5167 1912 5236 Simrum,

333 5253 592 5308 Aradium
650 5271 892 5327 quoque,
940 5268 989 5312 et
1055 5256 1382 5313 Samarwum
1434 5270 1483 5313 et
1541 5259 1915 5315 Hamatha’um

333 5342 488 5417 (Gen.
513 5345 588 5416 χ).
613 5345 689 5399 De
717 5346 971 5402 Chanaan
1003 5350 1210 5419 primus
1237 5357 1395 5404 natus
1421 5359 1505 5405 est
1532 5350 1719 5414 Sidon,
1742 5366 1772 5404 a
1808 5368 1916 5421 quo

336 5438 466 5493 urbs
501 5437 555 5492 in
602 5437 859 5494 Pluenice
913 5437 1080 5494 Sidon
1129 5449 1373 5495 vocatur.
1417 5442 1548 5495 Dein
1600 5442 1912 5509 Arachzeus,

337 5530 430 5599 qui
480 5529 709 5596 Arcbas,
738 5529 977 5586 condidit
1023 5531 1277 5602 oppidum
1326 5541 1514 5587 contra
1563 5533 1822 5603 Tripolim
1861 5535 1916 5589 in

339 5617 614 5676 radicibus
632 5620 822 5674 Libani
849 5621 1032 5686 situm,
1065 5637 1096 5674 a
1130 5637 1237 5692 quo
1259 5622 1400 5677 haud
1440 5623 1626 5692 procul
1655 5625 1758 5681 alia
1783 5625 1918 5680 civi-

341 5721 424 5766 tas
468 5711 590 5780 fuit,
624 5715 841 5771 nomine
892 5713 1002 5770 Sivi
1033 5757 1048 5782 ,
1099 5731 1217 5785 qua:
1269 5725 1456 5786 postea
1517 5718 1667 5772 vario
1719 5728 1914 5773 eventu

342 5801 604 5861 subversa
649 5805 933 5870 bellorum,
963 5824 1158 5865 nomen
1196 5809 1563 5864 tantummodo
1593 5811 1708 5865 loco
1738 5810 1918 5880 pristi-

2015 3347 2125 3401 ber.
2143 3346 2313 3400 Porro
2331 3343 2506 3400 Heber
2532 3343 2644 3396 nati
2673 3350 2794 3396 sunt
2809 3340 2915 3394 duo
2928 3339 3027 3408 ﬁlii
3043 3352 3063 3390 :
3077 3353 3265 3392 nomen
3284 3335 3389 3392 Uni
3402 3335 3612 3406 Phaleg

2013 3438 2137 3510 quia
2159 3439 2214 3492 in
2239 3437 2422 3491 diebus
2452 3435 2566 3504 ejus
2593 3433 2763 3488 divisa
2787 3441 2862 3486 est
2901 3441 3074 3494 terra;
3117 3438 3166 3484 et
3201 3444 3389 3483 nomen
3418 3428 3608 3498 fratris

2013 3529 2128 3599 ejus
2171 3528 2358 3583 Jectan
2398 3523 2551 3599 (Gen.
2583 3525 2660 3593 ι).
2716 3523 2913 3589 Heber,
2961 3537 2992 3576 a
3020 3536 3129 3592 quo
3175 3519 3388 3576 Hebraei
3425 3520 3610 3574 vocati

2013 3627 2160 3684 sunt,
2197 3617 2452 3672 vaticinio
2477 3615 2710 3685 quodam
2753 3613 2864 3668 ﬁlio
2892 3627 2991 3667 suo
3038 3611 3241 3682 Phateg
3261 3624 3458 3666 nomen
3500 3609 3609 3664 ilu-

2013 3709 2211 3778 posuit,
2244 3707 2336 3777 qui
2384 3707 2772 3774 interpretatur
2795 3703 3004 3766 divisio,
3029 3701 3096 3755 ab
3117 3716 3182 3756 eo
3207 3701 3350 3770 quod
3389 3700 3443 3754 in
3483 3698 3608 3754 die-

2013 3800 2114 3854 bus
2141 3797 2258 3867 ejus
2280 3798 2476 3868 linguae
2502 3798 2556 3851 in
2588 3797 2862 3868 Babylone
2889 3793 3077 3849 divisa:
3104 3801 3252 3848 sunt.
3279 3792 3477 3847 Narrat
3501 3807 3606 3845 au-

2014 3898 2122 3944 tem
2156 3888 2329 3953 Philo,
2385 3889 2440 3944 in
2467 3886 2608 3943 libro
2643 3887 3012 3953 Quaestionum
3055 3899 3275 3940 suarum
3309 3896 3474 3952 super
3499 3880 3609 3936 Ge-

2015 3981 2210 4044 nesim,
2243 3979 2386 4050 quod
2415 3995 2483 4034 ex
2522 3979 2696 4033 tribus
2717 3977 2844 4032 ﬁliis
2872 3977 3007 4042 Noe,
3031 3977 3210 4032 adhuc
3236 3975 3354 4046 ipso
3390 3973 3609 4029 vivente

2014 4073 2126 4127 nati
2163 4073 2274 4126 sint
2306 4079 2574 4142 nongenta
2607 4071 3017 4141 quatuordecim
3070 4069 3236 4124 millia
3278 4063 3609 4121 virorum’ct

2015 4169 2252 4225 centum,
2275 4168 2428 4214 extra
2461 4159 2715 4213 mulieres
2753 4168 2808 4212 et
2833 4156 3108 4227 parvulos,
3150 4155 3408 4209 habentes
3433 4168 3606 4222 super

2014 4265 2074 4304 se
2127 4251 2291 4305 duces
2341 4248 2690 4314 constitutos,
2715 4248 2818 4302 hoc
2844 4255 2947 4310 est,
2993 4245 3088 4300 ﬁlii
3117 4244 3243 4300 Sem
3271 4242 3462 4298 Jectan
3506 4243 3608 4297 du-

2013 4358 2166 4408 cem;
2224 4341 2319 4396 ﬁlii
2345 4339 2515 4396 Cham
2550 4339 2817 4404 Nemrod;
2873 4338 2970 4392 lilii
3013 4344 3193 4392 autem
3229 4334 3460 4406 Japheth
3502 4337 3608 4392 sub

2013 4433 2220 4488 Phenet
2247 4433 2385 4488 duce
2436 4432 2653 4486 fuerunt
2691 4429 2989 4486 constituti.
3030 4429 3201 4484 Porro
3243 4436 3367 4498 post
3393 4428 3608 4482 obitum

2015 4524 2130 4578 Noe
2157 4531 2524 4578 convenerunt
2546 4523 2782 4593 undique
2802 4536 2990 4577 omnes
3018 4520 3076 4575 hi
3097 4521 3259 4575 duces
3280 4534 3402 4576 cum
3433 4519 3610 4589 agmi-

2020 4615 2178 4669 nibus
2203 4613 2318 4669 suis
2347 4613 2606 4683 subjectis
2625 4615 2679 4668 in
2702 4627 2950 4683 campum
2981 4611 3245 4675 Sennaar,
3272 4611 3346 4666 ibi
3369 4611 3609 4681 denique

2021 4708 2213 4762 turrim
2239 4716 2556 4764 construere
2585 4708 2765 4763 conati
2797 4713 2924 4761 sunt
2951 4704 3106 4776 (Gen.
3132 4705 3231 4774 ιι).
3258 4703 3395 4760 Cum
3420 4711 3606 4758 autem

2020 4798 2324 4853 initiasscnt
2381 4798 2649 4853 aediﬁcare
2700 4798 2892 4852 turrim
2918 4837 2933 4860 ,
2974 4797 3156 4852 divisit
3199 4795 3342 4850 Deus
3389 4793 3608 4864 linguas

2018 4903 2227 4954 eorum,
2265 4897 2320 4944 et
2369 4889 2597 4943 mutavit
2630 4903 2816 4943 eorum
2855 4886 3074 4958 elligies,
3111 4895 3168 4940 et
3218 4900 3324 4940 non
3355 4884 3611 4953 cognovit

2017 4980 2388 5050 unusquisque
2443 4979 2666 5034 fratrem
2699 4993 2876 5042 suum,
2920 4992 3022 5032 nec
3064 4975 3355 5030 audiebant
3405 4972 3608 5043 singuli

2017 5072 2217 5142 quique
2260 5071 2498 5143 linguam
2551 5071 2784 5141 proximi
2833 5071 2939 5126 sui.
2986 5069 3186 5139 Sicque
3227 5068 3433 5122 factum
3484 5073 3606 5130 est,

2016 5172 2077 5217 ut
2146 5163 2270 5217 dum
2332 5161 2688 5216 :ediﬁcatores
2743 5161 3004 5216 ministris
3053 5159 3168 5214 suis
3215 5157 3472 5228 juberent
3525 5156 3610 5210 af-

2016 5253 2160 5309 ferre
2187 5253 2418 5322 lapides,
2449 5252 2521 5306 illi
2549 5252 2805 5308 all'errent
2833 5267 3058 5322 aquam;
3087 5259 3141 5304 et
3177 5251 3223 5305 si
3252 5249 3611 5319 deposcerent

2017 5361 2251 5414 aquam,
2300 5343 2374 5398 illi
2424 5342 2680 5398 all‘errent
2735 5343 3020 5412 stipulam;
3079 5351 3135 5397 et
3181 5341 3292 5405 sic,
3342 5338 3606 5394 intercisa

2020 5436 2344 5507 cogitatione
2391 5450 2614 5500 eorum,
2677 5441 3032 5490 cessaverunt
3081 5430 3352 5486 aediﬁcare
3403 5429 3575 5484 civita

2021 5536 2129 5582 tem
2164 5546 2176 5581 :
2210 5526 2464 5598 dispersit
2491 5541 2586 5582 cos
2633 5528 2894 5583 Dominus
2933 5527 2991 5580 in
3041 5523 3382 5594 superﬁciem
3437 5523 3613 5580 totius

2021 5631 2197 5677 teme.

2090 5713 2278 5768 Jertan
2306 5724 2478 5768 autem
2511 5714 2686 5783 genuit
2739 5709 3001 5764 Elmodad
3027 5719 3076 5764 et
3107 5708 3320 5778 Salepla,
3363 5716 3410 5760 et
3446 5705 3614 5759 Λεαν-

2024 5811 2160 5863 moth
2192 5819 2238 5862 et
2269 5808 2395 5862 Jarc
2415 5807 2645 5861 Ariorum
2669 5822 2869 5878 quoque
2887 5814 2934 5859 et
2962 5802 3160 5870 Huzal,
3194 5813 3238 5857 et
3263 5799 3448 5868 Deda,
3485 5798 3614 5856 Hc-
