3912 6160
260 381 375 438 285

1201 371 1550 432 COMMENT.
1591 371 1658 427 IN
1697 369 2250 426 PARALIPOMENA.
2291 401 2360 411 —
2397 369 2525 425 LIB.
2559 371 2602 425 1.

3419 369 3526 423 280

259 492 355 547 bal
375 493 533 546 etiam
554 499 600 545 et
623 488 858 544 Abimael
884 499 930 543 et
961 485 1121 550 Saba,
1149 503 1345 541 necnon
1370 496 1417 540 et
1441 483 1628 556 Ophir,
1653 495 1699 538 ct
1738 483 1845 537 Ile-
1872 490 1919 546 Α
1949 485 2056 537 nati
2089 483 2155 537 de
2196 499 2302 538 uno
2337 482 2622 538 concubitu
2653 481 2908 536 Rebecca:
2937 483 3118 537 uxoris
3140 483 3284 538 Isaac
3315 482 3526 550 (Cenes.

254 582 392 647 eila,
421 591 469 636 et
493 580 682 634 Jobab.
717 578 910 632 Omnes
957 578 1045 631 isti
1085 575 1185 645 filii
1214 576 1399 630 Jeelan
1434 572 1586 644 (Gen.
1619 574 1696 646 Χ).
1743 573 1850 628 Ila-

261 688 386 726 rum
434 671 672 742 gentium
727 669 1025 738 posteriora
1074 666 1289 720 nomina
1340 664 1579 730 invenire
1607 679 1712 717 non
1760 679 1854 732 po-

262 763 375 825 tui;
416 763 510 815 sed
540 775 709 829 usque
734 759 786 812 in
811 772 1050 826 prmsens
1077 755 1201 824 quia
1239 753 1478 823 procula
1519 753 1674 806 nobis
1703 760 1849 812 sunt,

262 853 350 906 vel
410 853 483 906 ita
532 840 814 905 vocantur.
868 846 1233 901 Possederunt
1282 853 1461 898 autem
1517 859 1546 897 a
1601 842 1852 910 Cophene

265 942 428 996 ﬂuvio
463 957 679 996 onmem
727 939 889 993 ludite
937 937 1210 1007 regionem
1237 951 1356 1004 qua:
1384 941 1608 988 vocatur
1647 931 1848 986 Hieria.

341 1033 487 1095 Sent,
515 1029 826 1100 Arplmmd,
856 1027 1010 1088 Sala,
1043 1024 1235 1087 IIeber,
1271 1022 1486 1093 Phaleg,
1513 1023 1720 1092 Ragau,
1758 1021 1855 1075 Se-

268 1143 384 1196 rug,
412 1124 651 1187 Nachor,
679 1121 873 1185 Thare,
905 1119 1098 1172 Abram
1126 1131 1144 1168 :
1171 1118 1267 1170 iste
1297 1126 1370 1170 est
1407 1115 1691 1168 Abraham.
1718 1113 1855 1166 Pru-

268 1220 402 1274 dens
449 1218 641 1280 lector,
691 1223 817 1269 nota
849 1213 991 1282 quod
1018 1211 1157 1266 sicut
1193 1210 1242 1263 in
1273 1208 1539 1278 principio
1568 1206 1637 1262 ab
1680 1207 1852 1260 Adam

266 1327 438 1380 usque
484 1310 553 1363 ad
594 1308 707 1362 Noe
761 1307 947 1361 decem
1003 1303 1379 1375 generationes
1415 1301 1630 1371 posuit,
1680 1300 1754 1354 ita
1800 1307 1857 1354 et

267 1403 393 1457 Sem
431 1417 601 1470 usque
648 1400 716 1453 ad
760 1397 1035 1451 Abraham
1087 1393 1294 1450 denarii
1351 1408 1617 1447 summam
1669 1407 1854 1447 serva-

264 1491 385 1552 vit,
424 1507 533 1544 non
583 1489 699 1542 sine
743 1486 913 1556 ipsius
962 1485 1147 1554 utique
1197 1483 1406 1536 numeri
1435 1481 1692 1552 mysterio
1729 1495 1854 1536 san-

267 1582 538 1635 ctissimo.

346 1671 472 1724 Filii
501 1680 674 1726 autem
699 1669 990 1732 Abraham,
1023 1665 1181 1721 Isaac
1205 1674 1254 1719 et
1284 1663 1514 1718 Ismahel
1543 1673 1628 1718 :et
1654 1660 1735 1716 ha:
1763 1678 1854 1732 ge-

266 1765 565 1817 nerationes
587 1779 787 1817 eorum.
835 1759 1225 1830 Primogenitus
1252 1756 1531 1812 Ismahelis
1564 1754 1854 1818 Nabaioth,

1955 572 2116 642 xxv).

2025 665 2154 720 Filii
2205 666 2379 731 Esau,
2440 665 2682 736 Eliphaz,
2734 666 2970 729 Rnhucl,
3027 667 3234 732 Johns,
3299 667 3528 734 Illelom,

1955 754 2106 810 Core.
2139 756 2194 809 In
2226 757 2364 810 libro
2393 755 2618 812 Genesis
2650 766 2902 810 narratur
2951 756 3102 829 (Cen.
3159 773 3287 812 xxv:
3308 798 3322 822 ,
3358 774 3531 823 xxvu,

1954 845 2182 917 xxxvi),
2232 847 2375 916 quod
2430 847 2570 900 Esau
2626 849 2895 916 acceperit
2941 863 3138 902 uxores
3192 848 3258 902 de
3318 847 3534 902 ﬁliabus

1955 936 2232 1003 Chanaan,
2279 938 2446 1004 Cada,
2487 939 2649 992 ﬁliam
2701 940 2831 993 ΕΙοη
2874 938 3103 1004 Ηυιιιίεί,
3133 947 3187 993 et
3232 937 3532 1003 Oolibama,

1956 1025 2118 1082 ﬁliam
2155 1027 2284 1084 Ana:
2325 1029 2448 1083 ﬁlia:
2488 1028 2699 1084 Sebeon
2744 1028 2944 1093 Ilevzei,
2994 1028 3278 1082 Basemath
3322 1039 3538 1098 quoque

1957 1117 2119 1172 ﬁliam
2153 1119 2379 1184 lsmael,
2432 1135 2675 1173 sororem
2731 1118 3018 1174 Nabaioth.
3074 1120 3294 1188 Peperit
3350 1128 3534 1174 autem

1954 1207 2069 1263 Ada
2116 1209 2358 1279 Eliphaz.
2407 1210 2693 1265 Basemath
2737 1212 2923 1280 genuit
2970 1211 3176 1266 Rahuel
3256 1210 3538 1266 Oolibama

1957 1304 2126 1358 edidit
2151 1303 2316 1358 Jehus
2341 1313 2395 1358 et
2440 1304 2621 1358 lhelon
2663 1313 2718 1359 ct
2745 1304 2901 1360 Core.

2027 1392 2159 1446 Filii
2187 1394 2426 1465 Eliphas.
2474 1395 2723 1460 Theman,
2759 1394 2944 1459 Omar,
2970 1393 3150 1464 Sephi,
3179 1393 3422 1460 Catham,
3447 1391 3542 1448 Ce-

1959 1501 2074 1550 nez,
2107 1484 2361 1539 Thamna.
2406 1485 2573 1554 Cujus
2601 1485 2876 1555 Scriptura
2904 1485 2956 1538 in
2999 1483 3099 1538 Job
3148 1481 3418 1537 volumine
3460 1497 3544 1537 re-

1959 1575 2212 1629 cordatur
2259 1573 2420 1645 (Job.
2475 1591 2532 1637 u,
2594 1574 2770 1648 χχιι).
2829 1573 3100 1639 Quaeritur
3147 1582 3366 1638 autem,
3420 1588 3543 1628 cum

1962 1665 2203 1720 Thamna
2257 1666 2310 1720 iu
2364 1665 2561 1722 Genesi
2594 1664 2746 1736 (Gen.
2779 1666 2976 1735 xxxvr)
3007 1665 3217 1736 legatur
3244 1665 3544 1720 concubina

1962 1769 2082 1811 esse
2109 1757 2330 1827 Eliphaz
2362 1758 2428 1813 de
2474 1773 2670 1827 genere
2721 1757 3086 1821 Horrazorum,
3121 1757 3210 1826 qui
3259 1757 3399 1827 apud
3427 1757 3548 1811 ldu-

263 1862 316 1904 et
341 1851 534 1915 Cedar,
559 1861 606 1904 et
631 1849 842 1914 Adbeel,
865 1858 914 1904 et
947 1848 1210 1913 Mabsam,
1241 1859 1287 1900 et
1321 1845 1550 1910 Masma,
1575 1853 1622 1899 et
1646 1843 1850 1904 Dama,
1887 1832 1930 1891 Β
1959 1860 2123 1901 ιηωοε
2173 1847 2557 1902 habitaverunt
2605 1848 2657 1902 in
2709 1856 2856 1902 terra
2900 1848 3042 1912 Seir,
3082 1863 3201 1916 qua:
3235 1847 3446 1917 peperit
3496 1847 3548 1900 ei

268 1943 476 2007 Massa,
496 1941 689 1996 Iladad
715 1953 761 1996 et
795 1942 1014 2004 Thema,
1041 1940 1250 2005 Jethur,
1273 1937 1498 2008 Naphis,
1539 1933 1734 1990 Cedma
1760 1954 1777 1992 :
1800 1934 1855 1987 hi

263 2045 387 2090 sunt
414 2035 514 2102 ﬁlii
549 2032 847 2088 Ismahelis.
874 2030 1170 2086 Duodecim
1218 2029 1312 2084 ﬁlii
1348 2036 1647 2082 nascuntur
1690 2027 1859 2080 Isma-

265 2126 398 2190 heli,
445 2142 475 2181 e
520 2126 718 2195 quibus
763 2123 1155 2195 primogenitus
1209 2119 1310 2174 fuit
1351 2118 1638 2182 Nabaioth,
1687 2133 1718 2170 a
1752 2130 1859 2186 quo

262 2218 448 2275 omnis
494 2218 643 2287 regio
696 2215 764 2270 ab
805 2215 1082 2285 Euphrate
1111 2225 1282 2283 usque
1325 2211 1392 2266 ad
1419 2224 1567 2264 mare
1614 2208 1859 2262 Rubrum

265 2307 584 2363 Nabathena
615 2321 786 2376 usque
816 2306 977 2361 hodie
1006 2304 1226 2368 dicitur,
1257 2310 1312 2357 et
1352 2315 1471 2370 quae
1495 2314 1621 2370 pars
1648 2297 1861 2352 Arabia:

259 2409 371 2454 est.
402 2397 538 2451 Nam
567 2406 622 2452 et
669 2396 886 2450 familia:
911 2396 1173 2464 ipsorum,
1205 2392 1506 2463 oppidaque
1536 2397 1590 2442 et
1610 2387 1754 2458 pagi,
1800 2401 1863 2442 ac

267 2493 479 2544 minuta
517 2489 736 2544 castella
777 2495 833 2543 et
875 2487 1065 2550 tribus,
1098 2487 1288 2540 horum
1325 2480 1682 2552 appellatione
1730 2477 1866 2533 cele-

263 2579 520 2633 brantur.
543 2579 625 2634 Ab
670 2593 779 2632 uno
808 2592 872 2632 ex
909 2577 994 2632 his
1027 2575 1200 2630 Cedar
1245 2575 1300 2628 in
1330 2575 1564 2636 deserto,
1609 2577 1664 2625 et
1691 2568 1865 2622 Duma

263 2670 372 2724 alia
405 2670 578 2740 rgio,
609 2676 664 2724 et
703 2667 943 2723 Theman
973 2666 1038 2720 ad
1078 2664 1357 2727 Austrum,
1411 2671 1468 2717 et
1512 2659 1748 2716 Cedcma
1795 2656 1864 2712 ad

269 2759 609 2816 Orientalem
647 2758 861 2828 plagam
901 2756 1117 2810 dicitur.

341 2854 477 2908 Filii
503 2862 682 2906 autem
711 2849 914 2904 ϐείω-ιε
955 2848 1261 2902 concubina:
1290 2846 1576 2908 Abraham,
1602 2859 1732 2914 quos
1776 2858 1868 2914 ge-

268 2947 385 3002 nuit
411 2959 430 2997 :
457 2943 734 3007 Zamram,
759 2942 975 3005 Jecsan,
1010 2939 1235 3003 Madan,
1287 2938 1532 3002 Madian,
1566 2935 1790 2990 Jesboch
1820 2945 1868 2989 et

262 3035 571 3092 Sue.Porra
591 3034 686 3103 ﬁlii
709 3033 921 3097 Jecsan,
943 3031 1084 3100 Saba
1108 3041 1154 3085 et
1183 3027 1393 3084 Dadan.
1413 3027 1541 3082 Filii
1567 3037 1740 3082 autem
1765 3026 1872 3080 Da-

268 3131 382 3183 dan
440 3127 682 3180 Assurim
725 3134 772 3178 et
828 3123 1095 3177 Latussim
1145 3131 1191 3174 et
1223 3120 1483 3174 Laomim.
1539 3117 1670 3172 Filii
1693 3126 1870 3170 autem

274 3221 526 3281 lladiau,
562 3217 716 3286 Epha
743 3225 791 3270 et
835 3215 1032 3284 Epher,
1059 3223 1105 3267 et
1133 3212 1315 3266 Enoch
1353 3220 1400 3264 et
1448 3209 1643 3263 Eldaa.
1677 3205 1869 3261 Omnes
1897 3188 1942 3250 (ἶ

270 3314 326 3365 hi
370 3310 474 3379 filii
525 3307 752 3362 ϐείω-ιε.
785 3305 984 3361 Cetura
1032 3304 1258 3360 llebrazo
1316 3315 1567 3358 sermone
1624 3297 1871 3370 copulata

273 3405 690 3473 interpretatur,
727 3405 821 3452 aut
868 3398 1062 3451 vincta.
1097 3395 1270 3462 Quam
1303 3394 1372 3447 ob
1417 3406 1640 3447 causam
1693 3388 1872 3458 suspi-

274 3505 476 3551 cantur
496 3491 708 3546 llebraai
733 3490 1017 3542 immutato
1045 3487 1262 3540 nomine
1283 3482 1527 3538 eamdem
1557 3495 1678 3536 esse
1707 3479 1872 3549 Agar,

276 3603 402 3658 qua:
425 3585 559 3640 Sara
590 3590 800 3637 mortua
823 3580 890 3634 de
913 3578 1214 3634 concubina
1245 3573 1522 3630 transierit
1546 3573 1600 3626 in
1628 3583 1871 3624 uxorem.

280 3655 347 3733 lit
371 3676 590 3732 videtur
612 3673 837 3744 depositi
857 3655 970 3738 jam
1000 3669 1233 3723 Abrahae
1258 3665 1508 3721 excusari
1529 3671 1681 3725 tetas,
1698 3676 1766 3715 ne
1791 3674 1876 3714 se-

279 3788 388 3828 nex
435 3778 559 3840 post
597 3773 826 3840 mortem
859 3763 1046 3818 uxoris
1075 3760 1266 3815 vetula:
1309 3758 1463 3812 novis
1493 3762 1747 3826 arguatur
1777 3767 1877 3806 nu-

281 3865 418 3935 ptiis
440 3860 740 3916 lascivisse.
767 3855 895 3920 Nos,
927 3856 1072 3928 quod
1109 3855 1378 3908 incertum
1422 3857 1534 3911 est,
1565 3846 1874 3914 relinquen-

282 3934 390 4018 tes,
417 3955 519 4007 hoc
537 3951 790 4013 dicimus,
829 3945 972 4016 quod
1016 3945 1082 3998 de
1108 3942 1304 3998 Cetura
1343 3939 1455 3994 nati
1485 3936 1578 3990 ﬁlii
1604 3934 1878 3988 Abraham

280 4048 440 4118 juxta
470 4043 763 4098 historicos
813 4039 1162 4094 Hebrazorum
1208 4035 1628 4103 occupaverunt.
1651 4067 1664 4080 .
1685 4066 1698 4080 .
1723 4064 1737 4079 .
1759 4064 1773 4077 .
1793 4063 1806 4078 .
1825 4065 1838 4078 .
1860 4063 1874 4078 .

285 4149 340 4196 et
369 4137 658 4199 Arabiam,
687 4149 810 4203 quae
840 4147 1002 4186 nunc.
1023 4169 1036 4182 .
1055 4167 1069 4182 .
1093 4167 1106 4181 .
1129 4167 1143 4181 .
1165 4166 1178 4180 .
1203 4167 1215 4180 .
1235 4166 1248 4180 .
1278 4138 1447 4194 usque
1477 4123 1542 4176 ad
1575 4118 1743 4175 maris
1773 4117 1880 4171 Ru-

286 4234 374 4290 bri
405 4232 688 4288 terminos.
721 4229 928 4283 Dicitur
951 4236 1130 4281 autem
1175 4240 1316 4278 unus
1345 4223 1410 4277 de
1458 4218 1690 4290 posteris
1717 4215 1881 4270 Abra-

288 4329 376 4382 ha:
397 4365 414 4391 ,
445 4325 540 4393 qui
567 4323 867 4394 appellatur
888 4321 1087 4389 Epher,
1103 4317 1323 4372 duxisse
1348 4315 1632 4368 adversum
1655 4310 1879 4380 Libyam

288 4416 598 4472 exercitum
622 4425 678 4469 et
715 4413 784 4467 ibi
823 4411 981 4466 victis
1012 4409 1261 4464 hostibus
1291 4403 1624 4466 consedisse,
1655 4401 1880 4472 ejusque

289 4518 543 4580 posteros
570 4523 638 4563 ex
682 4506 903 4561 nomine
925 4503 1070 4557 atavi
1109 4500 1350 4555 Africam
1378 4509 1738 4566 nuncupasse.
1772 4492 1880 4546 llu-
1911 4534 1964 4593 Β

285 4601 380 4670 jus
409 4600 484 4654 rei
518 4598 674 4654 testis
703 4606 788 4653 est
825 4595 1150 4658 Alexander,
1177 4591 1268 4660 qui
1297 4590 1515 4644 dicitur.
1538 4628 1551 4641 .
1575 4626 1589 4641 .
1609 4626 1623 4640 .
1645 4625 1661 4640 .
1690 4593 1746 4640 et
1774 4585 1884 4639 Deo

290 4693 490 4760 demus
517 4695 878 4758 cognomento
913 4684 1135 4740 Machus
1154 4723 1168 4747 ,
1198 4681 1386 4736 Gneco
1419 4693 1669 4733 sermone
1693 4677 1889 4730 barba-

294 4797 418 4836 ram
461 4779 740 4834 historiam
771 4783 1095 4832 retexentes.
1137 4772 1292 4838 Quod
1334 4779 1514 4823 autem
1547 4768 1660 4822 ait:
1693 4766 1761 4819 Et
1789 4765 1889 4834 filii

291 4871 496 4926 Dadan
528 4870 738 4938 {uerunt
786 4865 1026 4920 Assurim
1051 4873 1098 4917 et
1121 4860 1386 4916 Latussim
1413 4868 1461 4912 et
1490 4857 1729 4911 Laomim
1750 4896 1764 4920 ,
1795 4854 1890 4908 As-

290 4963 470 5018 surim
517 4959 570 5013 in
603 4957 967 5029 negotiatores
1013 4951 1296 5008 transferri
1345 4957 1537 5020 putant
1570 4967 1582 5002 :
1612 4944 1889 5003 Latussim

291 5055 426 5110 aris
447 5050 679 5106 metallis
711 5049 986 5109 eudentes,
1015 5045 1258 5100 Laomim
1287 5056 1417 5097 vero
1445 5039 1808 5111 phylarchus,
1833 5034 1888 5089 id

290 5155 403 5207 est,
429 5144 689 5214 princeps
740 5139 1030 5195 multarum
1065 5136 1302 5190 tribuum
1339 5141 1503 5202 atque
1544 5128 1884 5200 pepulorum.

299 5235 403 5289 Alii
443 5235 514 5287 ab
544 5233 648 5287 hoc
670 5231 915 5286 Assurim
945 5237 1164 5283 vocatos
1189 5223 1358 5296 Syros
1388 5237 1508 5278 esse
1537 5218 1886 5282 contendunt,

293 5337 350 5382 et
385 5340 420 5378 a
445 5323 718 5393 plerisque
739 5321 863 5376 ﬁliis
889 5318 1124 5374 Abrahze
1157 5323 1211 5371 et
1243 5316 1456 5371 Ceturte
1485 5317 1778 5380 occupatas
1804 5307 1890 5361 ln-

293 5422 405 5484 dia:
437 5419 711 5489 regiones.

372 5509 660 5565 Generavit
686 5518 860 5562 autem
889 5505 1155 5560 Abraham
1188 5502 1344 5557 Isaac
1368 5501 1521 5570 cujus
1560 5498 1769 5567 fuerunt
1795 5493 1896 5564 ﬁlii

296 5603 458 5658 Esau
503 5610 551 5654 et
583 5599 774 5653 Israel.
802 5599 1075 5653 Abraham
1107 5611 1234 5666 ergo
1259 5594 1383 5648 licet
1413 5592 1594 5661 plures
1634 5589 1772 5643 ﬁlios
1799 5589 1898 5642 ha-

298 5692 525 5754 buerit,
578 5700 757 5744 tamen
790 5689 961 5744 solum
1016 5687 1164 5742 Isaac
1196 5686 1330 5739 Sara
1383 5682 1571 5737 habuit
1613 5696 1680 5734 ex
1718 5692 1901 5748 repro-

301 5786 593 5850 ntiSsiouc,
624 5785 776 5853 cujus
825 5781 1040 5837 fuerunt
1071 5780 1163 5834 ﬁlii
1199 5779 1339 5834 Esau
1387 5783 1440 5829 ct
1488 5772 1649 5829 lsracl
1678 5770 1898 5842 gemini,

1960 1933 2235 2003 Amelech,
2267 1939 2536 2008 quomodo
2565 1938 2655 1992 hic
2681 1939 2821 1993 inter
2844 1939 2982 1993 ﬁlios
3003 1939 3353 1993 numeretur?
3374 1937 3546 1992 maxi—

1961 2045 2077 2095 me,
2107 2045 2229 2085 cum
2255 2031 2310 2084 in
2343 2031 2690 2099 sequentibus
2731 2031 2940 2102 legatur
2967 2031 3080 2100 ipsa
3114 2031 3358 2085 Thamna
3395 2045 3551 2085 soror

1961 2136 2084 2177 esse
2110 2122 2320 2176 Lotam.
2349 2122 2467 2177 Filii
2493 2122 2633 2187 Seir,
2663 2123 2942 2193 quietiam
2965 2133 3046 2178 est
3071 2122 3261 2177 Edom.
3295 2123 3400 2177 Sed
3431 2122 3551 2178 Seir

1963 2211 2229 2266 l-lebraice
2248 2211 2446 2281 pilosus
2476 2212 2694 2277 dicitur,
2717 2226 2782 2266 eo
2807 2214 2949 2282 quod
2978 2212 3139 2266 fuerit
3169 2220 3312 2267 totus
3343 2211 3396 2266 in
3432 2227 3550 2266 mo-

1966 2303 2094 2358 dum
2129 2302 2284 2372 pellis
2309 2301 2535 2371 pilosus.
2577 2301 2750 2355 Edam
2787 2310 2966 2356 autem
2995 2302 3193 2355 dicitur
3221 2301 3408 2355 rubens
3440 2301 3553 2356 sive

1965 2393 2138 2464 fulvus
2155 2434 2169 2458 ,
2199 2392 2378 2464 lingua
2410 2393 2656 2448 Hebraea.
2693 2391 2774 2446 Ab
2799 2409 2864 2449 eo
2885 2407 3036 2464 ergo,
3061 2393 3202 2461 quod
3242 2393 3410 2446 rubeo
3434 2391 3554 2446 cibo

1965 2485 2267 2541 vendiderit
2297 2485 2652 2556 primogenita
2685 2500 2778 2540 sua
2815 2482 2967 2552 (Gen.
2994 2485 3145 2551 xxv),
3173 2483 3300 2552 fulvi
3319 2522 3334 2548 ,
3370 2482 3422 2537 id
3449 2490 3554 2545 est,

1969 2577 2139 2632 Edam
2163 2579 2388 2634 sortitus
2412 2585 2497 2633 est
2535 2592 2753 2632 nomen.
2799 2576 2971 2630 Porro
3010 2575 3219 2630 llebrtni
3249 2576 3387 2627 hanc
3411 2588 3556 2643 qua:-

1967 2669 2199 2723 stionem
2243 2667 2318 2722 ita
2359 2667 2608 2732 solvunt,
2661 2667 2902 2721 dicentes
2933 2666 3178 2720 Thamna
3212 2663 3380 2718 fuisse
3423 2678 3556 2717 eon-

1969 2759 2222 2814 cubinam
2270 2759 2453 2824 Esau,
2495 2767 2552 2813 et
2597 2773 2884 2828 generasse
2935 2758 2986 2812 ei
3039 2757 3207 2812 lilium
3257 2754 3553 2819 Amalech,

1970 2849 2064 2904 sed
2095 2857 2276 2904 tamen
2299 2863 2422 2904 eum
2452 2856 2512 2902 ut
2556 2847 2725 2902 ﬁlium
2763 2847 2904 2902 inter
2933 2845 3072 2901 ﬁlios
3105 2846 3250 2916 ipsos
3285 2860 3405 2900 esse
3429 2845 3563 2901 edu-

1971 2946 2172 2993 catum.
3327 2979 3355 3000 α

2044 3031 2176 3086 Filii
2203 3029 2384 3097 Sobal,
2416 3031 2575 3086 Alian
2601 3037 2647 3087 et
2679 3029 2972 3084 Manabath
3000 3037 3049 3082 et
3079 3025 3237 3093 Ebal,
3277 3035 3326 3082 et
3376 3025 3558 3096 Sepht,

1973 3134 2021 3178 et
2047 3125 2239 3180 Onam.
2269 3123 2428 3178 Alian
2454 3138 2604 3192 ergo,
2631 3123 2725 3192 qui
2756 3123 2821 3177 de
2847 3134 3043 3192 genere
3083 3119 3427 3174 llorraeorum
3455 3126 3560 3182 est,

1974 3217 2028 3271 in
2055 3215 2250 3271 Genesi
2283 3212 2436 3286 (Gen.
2464 3212 2651 3286 xxxw)
2679 3213 2935 3268 scribitur
2959 3209 3153 3273 Alvan,
3201 3209 3255 3264 id
3292 3216 3396 3274 est,
3423 3206 3573 3264 exal-

1973 3315 2133 3360 tatus.
2160 3304 2220 3359 In
2242 3304 2697 3374 Paralipomenon
2730 3317 2860 3357 vero
2886 3297 3064 3366 Alian,
3098 3301 3152 3354 id
3181 3309 3295 3366 est,
3323 3299 3518 3369 ejectus
3543 3313 3563 3353 :

1973 3395 2304 3466 signiﬁcans,
2333 3394 2459 3464 quia
2488 3391 2696 3447 Hormi
2722 3390 2948 3447 exaltati
2980 3389 3200 3444 fuerunt
3220 3429 3236 3453 ,
3272 3397 3567 3458 antequam

1974 3485 2145 3540 Edoni
2194 3492 2397 3539 terram
2431 3483 2577 3536 illam
2608 3490 2876 3552 caperet:
2930 3479 3110 3550 ejecti,
3164 3485 3450 3550 postquam
3499 3473 3569 3531 ab

1974 3591 2041 3631 eo
2089 3573 2439 3643 triumphanti
2487 3573 2722 3643 patriam
2783 3571 3106 3627 amiserunt.
3172 3566 3334 3638 Sephi
3389 3573 3572 3620 autem

1977 3669 2122 3723 ﬁlius
2156 3667 2318 3722 Sobal
2377 3666 2432 3720 in
2484 3664 2937 3735 Paralipomenon
2986 3663 3184 3732 legitur
3230 3659 3454 3729 unipes;
3513 3657 3570 3711 in

1976 3761 2172 3818 Genesi
2205 3776 2418 3837 quoque
2442 3758 2611 3829 Sepho
2635 3757 2823 3830 (Ibid.)
2843 3798 2856 3822 ,
2890 3758 2992 3810 hoc
3019 3763 3126 3818 est,
3159 3753 3335 3837 bipes:
3363 3757 3571 3837 utrum-

1978 3868 2083 3922 que
2112 3835 2290 3904 tame'n
2320 3863 2418 3917 per
2454 3847 2535 3900 sin
2560 3847 2818 3901 litteram.
2857 3845 3020 3914 Bipes
3049 3855 3264 3910 quoque
3313 3835 3438 3890 inde
3489 3833 3573 3889 di-

1980 3942 2142 4004 citur,
2189 3939 2315 4008 quia
2347 3950 2602 4006 processu
2631 3934 2889 4004 temporis
2921 3932 2975 3986 in
3003 3927 3346 3984 multitudine
3373 3923 3574 3981 sobolis

1981 4032 2241 4103 majorem
2287 4029 2581 4085 eliicaciam
2615 4027 2806 4082 habuit
2833 4040 2997 4096 quam
3033 4023 3086 4077 in
3110 4027 3336 4091 parente
3374 4017 3570 4089 primo.

2052 4121 2183 4176 Filii
2224 4107 2423 4176 Sebeon
2469 4117 2571 4172 Aia
2617 4127 2666 4172 et
2706 4116 2841 4170 Ana.
2885 4115 2960 4171 De
3007 4129 3114 4184 quo
3155 4113 3209 4167 in
3257 4108 3454 4166 Genesi
3501 4109 3577 4162 ita

1981 4217 2244 4290 scriptum
2281 4221 2365 4267 est
2405 4232 2418 4267 :
2460 4211 2568 4266 Isle
2597 4218 2672 4265 est
2702 4209 2818 4263 Ana
2845 4209 2935 4280 qui
2964 4207 3154 4262 invenit
3180 4221 3344 4275 aquas
3375 4201 3576 4257 calidas

1982 4311 2038 4364 in
2068 4308 2384 4374 solitudine,
2410 4321 2530 4360 cum
2566 4311 2798 4375 pasceret
2835 4301 3014 4354 asinos
3057 4297 3254 4353 Sebeon
3292 4295 3457 4367 patris
3492 4293 3579 4350 sui

1987 4397 2201 4471 (Ibid.).
2232 4398 2340 4453 Pro
2365 4412 2474 4466 quo
2499 4395 2604 4450 alia
2641 4392 2806 4447 editio
2836 4391 3000 4446 habet
3038 4403 3053 4442 :
3090 4387 3209 4458 Ipse
3236 4395 3310 4442 est
3346 4386 3460 4439 Ana
3488 4384 3582 4456 qui

1989 4492 2180 4547 invenit
2207 4491 2425 4545 aiamim
2450 4489 2507 4542 in
2532 4488 2759 4550 deserto,
2784 4499 2902 4537 cum
2923 4489 3151 4551 pasceret
3179 4479 3354 4533 asinos
3381 4475 3580 4531 Sebeon

1991 4585 2156 4655 patris
2183 4583 2289 4637 sui.
2317 4580 2480 4635 Multa
2510 4588 2567 4635 et
2585 4577 2734 4631 varia
2761 4573 2901 4645 apud
2926 4571 3181 4628 Hebraeos
3208 4570 3274 4624 de
3302 4570 3406 4624 hoc
3433 4565 3581 4636 capi-

1991 4674 2104 4730 tulo
2148 4675 2511 4743 disputantur.
2552 4668 2707 4738 Apud
2753 4665 2972 4721 Graecos
3015 4662 3215 4732 quippe
3262 4666 3318 4714 et
3362 4665 3578 4713 nostros

1991 4782 2154 4837 super
2194 4767 2298 4821 hoc
2336 4763 2608 4819 silentium
2649 4769 2754 4815 est.
2801 4757 2904 4810 Alii
2950 4763 3146 4825 putant
3187 4753 3370 4806 iamim
3409 4747 3580 4804 maria

1977 4857 2288 4928 appellata;
2320 4854 2513 4910 iisdem
2539 4853 2682 4907 enim
2713 4848 3024 4904 scribuntur
3049 4842 3246 4899 litteris
3269 4839 3439 4896 maria
3463 4838 3584 4908 qui-

1991 4951 2095 5006 bus
2140 4955 2196 5002 et
2237 4959 2382 5002 nunc
2431 4944 2522 5000 hic
2569 4955 2748 4998 sermo
2791 4937 3092 5006 descriptus
3133 4941 3256 4999 est;
3302 4939 3358 4988 et
3395 4928 3586 4984 volunt

1997 5041 2170 5105 illum,
2199 5039 2327 5094 dum
2371 5041 2618 5107 pasceret
2663 5031 2846 5086 asinos
2895 5029 2950 5082 in
2990 5027 3206 5082 deserto
3253 5020 3426 5093 patris
3474 5019 3582 5084 sui,

1995 5148 2254 5204 aquarum
2283 5127 2704 5201 conqregationes
2730 5120 3018 5192 reperisse,
3044 5130 3183 5187 quae,
3201 5115 3358 5186 juxta
3387 5111 3585 5166 idioma

1995 5200 2193 5294 lingua:
2222 5200 2518 5280 llebraicae,
2548 5214 2722 5269 maria
2761 5215 3170 5280 nuncupantur;
3201 5202 3345 5275 quod
3380 5200 3587 5294 scilicet

1996 5286 2250 5385 stagnum
2280 5308 2579 5381 repererit,
2607 5304 2760 5374 cujus
2786 5303 2869 5358 rei
2897 5298 3136 5356 inventio
3159 5295 3216 5353 in
3243 5307 3428 5351 eremo
3453 5286 3588 5385 ditii-

1997 5376 2118 5459 cilis
2141 5409 2243 5457 est.
2269 5376 2520 5456 Nonnulli
2548 5402 2738 5467 putant
2760 5406 2929 5463 aquas
2955 5388 3177 5452 calidas,
3194 5385 3349 5456 juxta
3373 5376 3592 5435 Punica:

1998 5495 2195 5566 linguae
2230 5490 2518 5554 viciniam,
2551 5503 2672 5558 qua:
2711 5483 2991 5540 chraicm
3029 5474 3423 5536 conterminam
3468 5472 3589 5537 est,

2001 5587 2105 5642 hoc
2139 5582 2400 5639 vocabulo
2442 5578 2754 5651 signiﬁcari.
2785 5574 2925 5631 Sunt
2963 5571 3056 5642 qui
3093 5567 3427 5651 arbitrantur
3451 5571 3588 5651 ona-

2005 5691 2130 5748 gros
2155 5674 2222 5728 ab
2247 5675 2347 5727 hoc
2376 5648 2641 5727 admissos
2666 5682 2789 5723 esse
2811 5666 2876 5720 ad
2901 5664 3103 5724 asiuas,
3123 5665 3180 5712 et
3201 5657 3375 5724 ipsum
3405 5648 3590 5748 istius-

2009 5737 2152 5823 modi
2201 5763 2465 5833 reperisse
2510 5758 2882 5823 concubitum,
2916 5761 2974 5808 ut
3011 5745 3348 5806 velocissime
3391 5755 3458 5799 cx
3504 5737 3590 5794 his
