3912 6160
388 371 493 429 287
1063 365 1123 421 Β.
1163 361 1415 422 uanam
1451 332 1669 424 suum
1705 360 2024 424 ARClllEP.
2068 359 2375 424 uocum.
2410 359 2697 421 orsnuu
2732 358 2911 417 psus
2951 357 2992 413 ι.
3532 364 3640 419 23s

382 478 555 531 asime
609 482 956 532 nascerentur
973 516 988 542 ,
1030 475 1121 545 qui
1166 484 1425 531 vocantur
1469 477 1667 531 iamim.
1713 476 1962 546 Plerique
1988 479 2039 539 Α
2063 487 2367 529 manorum.
2393 471 2545 528 Unus
2565 483 2777 541 quoque
2804 468 3036 523 ﬁliorum
3062 466 3252 522 lsmael
3276 469 3649 538 appellabatur

384 573 580 635 putant
614 565 755 635 quod
798 579 1057 633 equarum
1098 579 1289 634 greges
1333 565 1401 618 ab
1444 564 1610 619 asinis
1652 564 1707 618 in
1750 564 1965 619 deserto
2065 565 2326 619 Theman.
2347 560 2636 616 Sciendum
2662 567 2840 614 autem
2862 557 3005 628 quod
3024 557 3199 623 omnis
3220 558 3472 612 australis
3499 559 3648 631 regio

392 658 506 727 ipse
544 655 736 712 fecerit
767 657 970 725 primus
1006 654 1245 720 ascendi,
1273 663 1335 708 ut
1361 654 1628 710 mulorum
1668 654 1794 710 inde
1829 670 1966 710 nova

386 758 582 805 contra
613 756 856 802 naturam
886 747 1135 802 animalia
1165 755 1535 803 nascerentur.

461 837 634 891 Filius
660 838 798 902 Ana,
824 837 1007 892 Dison.
1032 835 1162 890 Filii
1188 836 1371 901 Dison,
1397 836 1630 890 Amaran
1660 833 1966 908 [Hamram]

380 936 435 980 .et
462 926 688 990 Eseban,
705 936 751 980 et
771 925 1013 990 Jethran,
1036 934 1084 980 et
1107 926 1589 982 Charan.Amaran
1617 926 1757 981 ﬁlius
1782 926 1965 994 Dison,

392 1016 485 1069 ﬁlii
535 1016 684 1081 Ana,
725 1016 779 1069 in
821 1016 1267 1086 Paralipomenon
1316 1016 1592 1071 Hamaran
1640 1016 1969 1089 (rubricatus

388 1106 633 1173 sordibus
651 1149 664 1173 ,
693 1108 777 1161 vel
806 1108 1171 1180 temulentus);
1200 1109 1253 1163 in
1283 1106 1478 1164 Genesi
1507 1109 1747 1164 Amadan
1781 1126 1974 1163 concu-

396 1194 687 1264 piscibilis;
716 1194 953 1249 Amaran
1000 1211 1129 1251 vero
1171 1194 1493 1251 ctAmadan
1534 1198 1692 1252 unius
1738 1196 1972 1257 hominis

389 1286 612 1341 nomina
637 1294 781 1339 sunt.

467 1373 597 1428 Filii
624 1374 777 1441 Eser,
800 1372 1026 1440 Balaan,
1049 1383 1096 1428 et
1112 1372 1309 1440 Zavan,
1326 1387 1371 1430 et
1388 1376 1617 1441 Jacban,
1638 1383 1741 1430 etc.
1765 1373 1971 1430 Jacban

393 1462 538 1520 ﬁlius
566 1466 720 1531 Eser,
752 1466 817 1521 de
847 1454 1042 1537 genere
1078 1464 1440 1532 Hormorum,
1473 1467 1526 1521 in
1564 1463 1762 1520 Genesi
1790 1466 1973 1519 Achan

394 1553 735 1621 nominatur,
775 1555 879 1609 hoc
923 1562 1044 1619 est,
1089 1554 1385 1609 tribulator.
1429 1554 1487 1609 ln
1530 1553 1972 1624 Paralipomenon

384 1658 521 1698 vero
548 1642 789 1710 Jac/tan,
828 1645 931 1700 hoc
974 1656 1087 1713 est,
1132 1644 1428 1700 tribulatus.
1474 1644 1578 1699 Per
1604 1646 1783 1700 varios
1827 1644 1972 1699 enim

389 1744 615 1791 eventus
645 1750 828 1793 rerum
856 1739 1073 1793 nomina
1100 1747 1427 1795 commutata
1466 1748 1592 1793 sunt
1630 1740 1971 1808 antiquorum

2066 649 2327 705 Hebraice
2349 648 2590 703 Thcman
2618 646 2833 701 dicitur.

2138 744 2276 800 Obiit
2316 760 2516 815 quoque
2549 750 2598 796 et
2635 740 2860 806 Husam,
2891 749 2937 794 et
2980 739 3209 809 regnavit
3250 754 3343 808 pro
3387 753 3448 792 ea
3491 738 3650 791 Adad

2067 832 2208 903 ﬁlius
2240 832 2426 886 Badad
2443 873 2458 896 ,
2482 832 2573 903 qui
2600 831 2849 901 percussit
2881 828 3101 882 Madian
3130 828 3185 881 in
3213 836 3351 881 terra
3382 825 3541 880 Moab
3559 868 3573 892 ,
3598 836 3665 881 ρι’

2070 939 2255 977 nomen
2291 922 2512 976 civitatis
2541 921 2652 990 ejus
2685 920 2856 974 Arith.
2882 918 3094 972 Madian
3134 917 3263 973 urbs
3304 926 3389 971 est
3432 919 3501 973 ab
3538 934 3647 973 unc

2071 1008 2299 1063 ﬁliorum
2338 1009 2609 1062 Abraham
2638 1022 2705 1062 ex
2738 1007 2970 1062 Cethura
3000 1006 3078 1062 sic
3100 1015 3310 1061 vocata.
3337 1007 3431 1061 Est
3467 1014 3650 1063 auten:

2071 1107 2222 1153 trans
2244 1098 2492 1151 Arabiam
2518 1098 2893 1152 Eudaemonem
2918 1097 2970 1150 in
2994 1098 3204 1152 deserto
3232 1097 3645 1161 Saracenorum,

2070 1201 2259 1247 contra
2288 1190 2549 1245 orientem
2575 1189 2739 1244 maris
2764 1188 2933 1243 Rubri
2960 1190 3102 1243 unde
3130 1197 3390 1244 vocantur
3413 1189 3651 1244 Madiani

2071 1287 2127 1334 et
2172 1278 2446 1333 Madianca
2494 1279 2662 1350 regio.
2705 1276 2959 1349 Legimus
3002 1285 3057 1333 et
3105 1276 3244 1333 ﬁlias
3280 1276 3435 1343 Joab,
3474 1279 3650 1333 soceri

2073 1369 2262 1441 Moysi,
2296 1369 2434 1425 ﬁlias
2462 1369 2672 1424 Madian
2709 1369 2900 1425 dictas.
2928 1368 3035 1424 Sed
3067 1370 3184 1425 hmc
3217 1370 3321 1424 alia
3352 1371 3544 1426 civitas
3568 1379 3654 1425 est

2072 1458 2427 1532 homonymos
2467 1459 2619 1527 ejus,
2657 1460 2812 1530 juxta
2857 1459 3132 1514 Arnoncm
3180 1468 3236 1514 et
3274 1459 3583 1530 Arcopolim
3634 1480 3647 1513 :

2072 1550 2226 1622 cujus
2251 1567 2392 1607 nunc
2421 1551 2589 1606 ruina:
2616 1551 2988 1606 tantummodo
3016 1551 3473 1606 demonstrantur.
3496 1552 3654 1619 Quod

2073 1650 2251 1697 autem
2273 1641 2646 1712 subiungitur:
2675 1643 2878 1697 Nomen
2900 1645 3122 1699 civitatis
3146 1645 3259 1713 ejus
3283 1645 3452 1709 Avith,
3469 1647 3653 1700 vicum

2073 1730 2407 1789 demonstrat
2448 1734 2502 1788 in
2545 1742 2689 1789 terra
2738 1733 2928 1796 Basan,
2953 1733 3105 1802 juxta
3148 1744 3382 1790 montem
3426 1735 3653 1799 Galaad.

393 1827 463 1881 ad
499 1826 906 1897 signiﬁcandum
934 1830 1250 1901 mysterium
1283 1830 1337 1884 in
1367 1829 1786 1885 commutatione
1812 1843 1972 1884 voca—
2000 1817 2048 1877 Β
2076 1823 2169 1895 (ιιιὶ
2194 1823 2249 1878 ill
2277 1832 2475 1878 sortem
2501 1823 2695 1879 εθοὶἀὶῐ
2721 1823 2890 1877 tribus
2915 1816 3179 1879 Μίὶηθδεθο

390 1918 660 1973 bulorum.
678 1918 775 1975 Cui
796 1919 1109 1975 adversitati
1131 1920 1363 1989 prudens
1386 1919 1555 1973 lector
1576 1919 1621 1973 si
1643 1918 1972 1989 diligentiam

390 2008 821 2080 investigationis
843 2008 1167 2075 adhibuerit,
1190 2007 1347 2064 facile
1374 2008 1610 2065 sobrium
1642 2008 1971 2063 intellectum

391 2094 635 2152 invenire
660 2098 878 2167 poterit.

461 2188 561 2245 Isti
606 2199 724 2245 sunt
775 2207 919 2261 reges
956 2191 1045 2262 qui
1084 2190 1462 2261 imperaverunt
1506 2189 1562 2245 in
1596 2199 1738 2245 terra
1780 2187 1972 2253 Edam,

388 2287 670 2350 antequam
707 2287 839 2335 esset
883 2297 975 2335 rex
1019 2297 1174 2351 super
1213 2279 1354 2350 ﬁlios
1398 2277 1567 2334 Israel
1607 2294 1626 2332 :
1665 2278 1795 2333 Bale
1831 2279 1975 2349 ﬁlius

386 2369 547 2439 Beoz,
576 2381 623 2428 et
656 2390 841 2429 nomen
870 2374 1091 2430 civitatis
1118 2374 1234 2443 ejus
1264 2374 1501 2429 Denaba.
1528 2370 1749 2429 Denaba
1779 2374 1971 2451 civitas

388 2458 491 2516 fuit
510 2461 672 2518 Balac
696 2462 792 2517 lilii
815 2464 956 2535 regis
976 2463 1164 2518 Edom.
1179 2462 1309 2517 Post
1332 2478 1492 2532 quem
1514 2463 1760 2534 regnavit
1777 2462 1971 2529 Jobab,

391 2548 521 2605 licet
550 2551 681 2606 mihi
712 2550 869 2621 longe
898 2551 1054 2606 aliter
1075 2551 1324 2606 videatur
1363 2569 1376 2605 :
1410 2551 1478 2607 Et
1505 2560 1589 2607 est
1615 2565 1785 2622 usque
1813 2552 1975 2606 hodie

390 2637 519 2692 villa
548 2638 749 2694 Denaia
780 2640 833 2695 in
863 2649 1054 2696 octavo
1080 2640 1331 2696 milliario
1356 2641 1682 2712 Arsopoleos
1706 2641 1978 2712 pergenti—

390 2725 493 2782 bus
531 2726 803 2783 Arnonem
850 2746 866 2784 :
909 2737 965 2784 et
1006 2728 1176 2785 altera
1224 2728 1484 2785 Dannaba
1530 2743 1693 2801 super
1736 2737 1976 2786 montem

392 2815 589 2886 Fogor,
613 2816 667 2872 in
696 2817 922 2888 septimo
950 2817 1124 2888 lapide
1150 2815 1365 2874 Jesbus.

464 2904 705 2961 Mortuus
732 2915 807 2962 est
839 2918 1012 2962 autem
1036 2907 1234 2973 Balac,
1263 2918 1310 2963 et
1336 2909 1568 2980 regnavit
1592 2922 1688 2981 pro
1718 2923 1777 2963 eo
1803 2907 1973 2964 Jobab

389 2993 528 3051 lare
570 2997 713 3066 ﬁlius
745 2996 812 3054 de
847 2998 1035 3066 Bosra,
1063 3006 1170 3056 etc.
1197 2999 1334 3055 Hinc
1368 3001 1588 3069 quidam
1629 3001 1977 3071 suspicantur

389 3099 510 3139 esse
550 3083 670 3151 Job,
699 3094 762 3142 ut
801 3088 856 3142 in
899 3085 1010 3144 ﬁne
1049 3088 1337 3144 voluminis
1374 3089 1544 3159 ipsius
1586 3090 1825 3145 additum
1868 3099 1970 3147 est.

386 3174 592 3233 Contra
620 3178 827 3234 Hebraei
860 3189 1108 3236 asserunt
1131 3182 1196 3236 de
1221 3154 1429 3237 Nachot
1453 3196 1575 3238 eum
1604 3183 1773 3253 stirpe
1808 3198 1974 3256 gene-
2001 3154 2046 3218 δ

396 3277 593 3323 ratum.
623 3269 774 3326 Philo
802 3280 978 3326 autem
1019 3272 1073 3328 in
1096 3272 1233 3328 libro
1263 3274 1574 3343 supradicto
1602 3274 1971 3342 Quaestionum

394 3375 615 3414 suarum
644 3361 698 3415 in
725 3360 919 3418 Genesi
946 3371 1152 3431 narrat,
1174 3364 1260 3420 his
1285 3366 1614 3435 temporibus
1634 3382 1757 3421 eum
1780 3366 1972 3434 Fuisse,

392 3458 449 3505 et
485 3451 760 3521 accepisse
803 3451 859 3507 in
902 3468 1129 3509 uxorem
1162 3454 1333 3510 Dinan
1376 3454 1540 3510 ﬁliam
1581 3453 1777 3521 Jacob,
1808 3471 1973 3527 quam

395 3537 633 3608 Sicbem,
660 3541 803 3598 ﬁlius
828 3541 1012 3610 Emor,
1037 3553 1163 3601 ante
1188 3547 1451 3617 stupravit
1479 3543 1631 3621 (Gen.
1658 3547 1845 3620 xxxiv)
1876 3565 1889 3602 :
1920 3554 1977 3602 et

394 3643 517 3688 ante
556 3635 861 3704 passionem
905 3636 1075 3708 ipsius
1111 3636 1232 3706 Job,
1264 3639 1477 3710 quando
1518 3654 1643 3696 eum
1688 3638 1858 3695 Satan
1905 3639 1974 3695 ad

397 3723 710 3780 tentandum
737 3726 994 3796 expetivit
1025 3726 1166 3800 (Job.
1190 3727 1253 3801 ι),
1283 3729 1415 3784 dicit
1442 3744 1567 3785 eum
1594 3736 1799 3799 septem
1828 3727 1971 3786 ﬁlios

393 3826 449 3874 et
475 3826 585 3874 tres
609 3817 750 3874 ﬁlias
773 3819 847 3874 illi
876 3834 1189 3892 generasse,
1213 3822 1303 3892 qui
1332 3821 1584 3877 exstincti
1616 3829 1742 3878 sunt
1768 3820 1824 3876 in
1853 3820 1970 3892 ipsa

395 3911 722 3979 tentatione;
752 3912 845 3967 sed
871 3920 1154 3983 postquam
1171 3913 1431 3970 Dominus
1451 3913 1663 3986 plagam
1684 3917 1971 3969 sanaverat

394 3999 518 4067 Job,
542 4009 596 4056 et
617 4000 851 4057 reddidit
874 4001 924 4058 ei
953 4002 1133 4057 omnia
1162 4002 1414 4073 duplicia,
1444 4010 1574 4059 tunc
1601 4011 1807 4074 septem
1834 4002 1973 4059 ﬁlios

390 4090 526 4145 alios
553 4089 811 4161 praedicta
850 4106 986 4147 uxor
1028 4106 1125 4147 sua
1163 4091 1214 4148 ei
1256 4092 1451 4147 iterum
1478 4093 1726 4164 genuerit
1765 4100 1820 4148 et
1856 4100 1971 4150 tres

391 4177 550 4244 ﬁlias,
581 4193 810 4248 quorum
841 4179 1060 4235 nomina
1098 4189 1280 4236 essent
1312 4182 1504 4237 eadem
1547 4196 1669 4253 quae
1704 4181 1967 4254 priorum,

396 4281 500 4323 noc
545 4273 658 4333 est,
685 4267 907 4338 Eliphaz
928 4309 943 4336 ,
971 4269 1152 4326 Ennol
1171 4310 1186 4336 ,
1213 4271 1426 4339 Diasat,
1454 4270 1700 4339 Philaas,
1730 4271 1934 4342 Diphaz
1954 4311 1970 4338 ,

393 4355 601 4421 Ccllud,
627 4356 900 4426 Thedom;
932 4366 988 4413 et
1013 4357 1244 4414 ﬁliarum
1270 4359 1415 4432 ejus,
1447 4359 1635 4414 Heruli
1653 4399 1668 4427 ,
1691 4359 1808 4423 laz,
1837 4359 1969 4414 Zeli.

393 4445 559 4500 Bosra
589 4446 703 4501 sive
735 4446 904 4503 Bosor
931 4448 1121 4504 civitas
1148 4457 1233 4504 est
1263 4449 1318 4504 in
1349 4449 1566 4505 deserto
1597 4457 1748 4505 trans
1773 4448 1967 4504 Iorda-

399 4549 545 4601 nem,
568 4551 689 4606 qua:
716 4538 912 4592 cecidit
942 4538 997 4592 in
1024 4547 1227 4593 sortem
1255 4539 1428 4594 tribus
1455 4538 1667 4604 Ruben,
1689 4538 1757 4593 ad
1783 4539 1968 4594 orien-

395 4623 557 4678 talem
586 4632 792 4693 partem
825 4623 1060 4691 Jericho,
1086 4626 1278 4680 civitas
1306 4627 1655 4689 sacerdotalis
1695 4637 1752 4683 et
1791 4627 1971 4699 fugiti-

390 4729 601 4768 vorum.
624 4712 753 4771 Hinc
777 4721 860 4770 est
878 4715 1044 4770 Bosra
1071 4715 1383 4786 metropolis
1405 4715 1637 4772 Arahize.
1660 4717 1972 4788 Appellatur

397 4812 578 4858 autem
612 4809 669 4858 et
696 4802 801 4859 alia
827 4803 1017 4871 Bosor,
1044 4803 1237 4859 civitas
1262 4804 1404 4860 Esau
1420 4843 1436 4870 ,
1463 4804 1519 4859 in
1547 4806 1819 4862 montibus
1844 4806 1968 4863 ldu-

395 4908 562 4959 meae,
587 4894 743 4966 cujus
779 4895 947 4952 Isaias
977 4896 1321 4963 recordatur,
1347 4896 1532 4952 dicens
1565 4914 1579 4951 :
1612 4896 1742 4963 Quis
1770 4907 1846 4952 est
1873 4899 1971 4954 iste

392 4984 485 5053 qui
512 4985 645 5039 venit
671 4985 739 5039 de
766 4984 966 5052 Edam,
1002 4985 1204 5056 [uivida
1235 4986 1538 5042 uestimenta
1563 4988 1679 5058 ejus
1703 5003 1771 5043 ea:
1794 4987 1965 5044 Bosra

416 5072 528 5130 Isa.
552 5075 747 5147 um)?

466 5162 700 5235 Cumque
738 5165 907 5220 Jobab
953 5167 1134 5236 fuisset
1176 5176 1413 5224 mortuus
1434 5209 1451 5236 ,
1494 5170 1723 5241 regnavit
1769 5187 1864 5242 pro
1907 5187 1967 5227 eo

400 5249 604 5307 Ilusam
629 5254 696 5309 de
723 5262 865 5309 terra
889 5256 1288 5314 Themauorum.
1336 5261 1575 5317 Theman
1600 5262 1749 5331 regio
1771 5261 1972 5332 princi-

395 5354 526 5410 pum
555 5354 637 5399 est
665 5343 834 5401 Edom
851 5385 868 5413 ,
896 5346 952 5401 in
978 5355 1120 5402 terra
1148 5348 1463 5419 Gebalitiea,
1505 5367 1535 5406 a
1565 5352 1827 5418 Theman,
1854 5353 1966 5410 ﬁlio

397 5428 643 5502 Eﬁphaz,
669 5435 779 5490 ﬁlii-
800 5435 960 5501 Esau,
988 5438 1178 5492 sortita
1206 5439 1542 5495 vocabulum.
1576 5441 1681 5498 Sed
1713 5451 1769 5498 et
1795 5457 1965 5512 usque

395 5519 558 5577 hodie
600 5533 684 5579 est
724 5524 880 5592 villa,
913 5526 1153 5582 Theman
1195 5528 1438 5594 nomine,
1469 5531 1676 5586 distans
1719 5531 1790 5585 ab
1832 5534 1966 5588 urbe

366 5626 373 5631 ’
398 5609 556 5667 Petra
583 5616 820 5687 quinque
844 5616 1076 5673 millibus
1098 5638 1112 5672 ;
1136 5618 1227 5673 ubi
1251 5618 1699 5677 etBomanorum
1732 5622 1963 5678 militum

396 5703 705 5770 prtesidiutn
737 5708 896 5775 sedit,
920 5708 987 5764 de
1011 5724 1120 5779 quo
1152 5709 1271 5767 loco
1307 5708 1408 5766 fuit
1435 5711 1654 5783 Eliphas
1693 5728 1787 5769 rex
1818 5712 1961 5770 The-

2146 1910 2377 1983 Cumque
2414 1919 2463 1966 et
2500 1912 2650 1965 Adad
2685 1912 2867 1982 fuisset
2901 1923 3158 1980 mortuus,
3190 1916 3418 1985 regnarit
3453 1932 3551 1986 pro
3594 1933 3656 1971 eo

2076 2001 2253 2059 Semla
2298 2004 2362 2059 de
2403 2003 2663 2059 Masreca.
2693 2003 2933 2061 Masreca
2966 2005 3157 2061 civitas
3191 2014 3274 2062 est
3303 2008 3452 2078 regni
3486 2007 3657 2064 Edoin

2077 2093 2224 2148 circa
2245 2093 2574 2149 Gabelcnen.

2143 2182 2248 2238 Sed
2283 2193 2330 2239 et
2370 2182 2544 2239 Semla
2574 2194 2810 2241 mortuus
2837 2194 2910 2241 est
2931 2226 2946 2254 ,
2972 2195 3022 2241 et
3056 2188 3287 2258 regnavit
3313 2203 3408 2258 pro
3435 2204 3495 2241 eo
3522 2186 3658 2242 Saul

2073 2274 2138 2331 de
2166 2274 2586 2348 Robohoth,quw
2599 2278 2760 2348 juxta
2785 2295 2987 2333 amnem
3012 2279 3113 2344 sita
3137 2287 3230 2334 est.
3253 2279 3505 2334 Robooth
3524 2280 3659 2335 urbs

2076 2373 2157 2422 est
2178 2363 2333 2434 juxta
2358 2365 2598 2434 ﬁuvium,
2619 2366 2710 2422 ubi
2739 2378 2855 2423 erat
2884 2384 2978 2424 rex
3007 2370 3196 2436 Edom,
3219 2378 3276 2424 et
3294 2385 3465 2440 usque
3491 2370 3658 2426 hodie

2074 2465 2156 2511 est
2186 2457 2490 2526 praesidium
2517 2459 2569 2512 in
2601 2459 2818 2528 regione
2847 2457 3138 2528 Gebalena,
3159 2470 3215 2516 et
3237 2461 3387 2516 vicus
3408 2461 3653 2533 grandis,

2075 2544 2168 2616 qui
2191 2546 2293 2601 hoc
2320 2547 2576 2603 vocabulo
2599 2560 2952 2620 nuncupatur.

2146 2634 2357 2689 Mortuo
2382 2653 2580 2708 quoque
2602 2636 2755 2705 Saul,
2776 2641 3004 2710 regnavit
3023 2657 3117 2710 pro
3143 2656 3202 2695 ao
3221 2638 3484 2703 Balanan,
3506 2642 3653 2710 ﬁlius

2074 2726 2332 2782 Achobor.
2360 2726 2461 2782 Sed
2505 2739 2553 2783 et
2595 2729 2679 2785 hic
2721 2741 2957 2787 mortuus
2991 2742 3085 2798 est,
3113 2743 3161 2787 et
3192 2734 3418 2804 regnavit
3455 2752 3550 2804 pro
3589 2751 3653 2788 eo

2074 2816 2248 2882 Adad,
2277 2817 2429 2887 cujus
2460 2818 2604 2872 urbis
2634 2836 2818 2874 nomen
2847 2821 2944 2890 fuit
2972 2818 3126 2876 Phan
3158 2838 3178 2876 :
3209 2832 3256 2876 et
3285 2823 3547 2893 appellata
3574 2833 3652 2878 est

2075 2922 2210 2961 uxor
2241 2903 2511 2973 Mectabel,
2539 2907 2653 2977 ﬁlia
2684 2909 2910 2979 Matred,
2934 2910 3061 2981 ﬁlia:
3087 2912 3327 2968 Mezaab.
3356 2913 3521 2983 Cujus
3548 2931 3649 2970 no-

2074 3010 2197 3051 men
2224 2996 2611 3067 interpretatur
2638 3001 2933 3070 prwcipuus
2959 3015 2978 3054 :
3007 3002 3247 3058 condidit
3277 3003 3462 3059 urbem
3499 3003 3653 3060 Phan

2076 3086 2131 3141 in
2154 3087 2371 3157 regione
2392 3087 2711 3156 Gabalitica,
2731 3098 2785 3146 et
2806 3092 3068 3163 appellata
3091 3103 3174 3150 cst
3197 3109 3335 3150 uxor
3359 3095 3663 3161 Meetabel,

2078 3172 2197 3246 quae
2224 3177 2612 3248 interpretatur
2639 3181 2921 3253 benignitas
2950 3182 3161 3239 Domini
3196 3201 3215 3241 :
3253 3185 3369 3240 haec
3403 3185 3507 3241 l‘uit
3542 3186 3655 3244 ﬁlia

2077 3265 2280 3321 Matred
2298 3308 2312 3333 ,
2344 3268 2450 3325 hoc
2479 3278 2595 3337 est,
2624 3271 3011 3342 dispensatricis
3031 3316 3046 3341 ,
3087 3275 3209 3330 ﬁlia:
3248 3275 3500 3345 Mezaab,
3531 3296 3656 3350 quae

2077 3354 2465 3427 interpretatur
2492 3361 2746 3430 auriﬁcis.
2777 3363 2906 3418 Duae
2939 3373 3141 3421 matres
3179 3381 3306 3439 ergo
3343 3368 3432 3425 hic
3474 3384 3654 3425 annu-

2076 3457 2386 3517 merantur,
2415 3451 2483 3505 ad
2525 3452 2931 3523 signiﬁcandum
2961 3458 3275 3529 mysterium
3309 3459 3408 3517 sub
3438 3461 3655 3518 diversa

2075 3539 2520 3610 interpretatione
2542 3547 2836 3611 nominum,
2855 3548 2959 3604 hoc
2976 3557 3078 3615 est,
3099 3560 3162 3604 ut
3182 3550 3387 3608 aurifex
3406 3555 3657 3622 genuerit

2075 3628 2541 3700 dispensatricem,
2568 3643 2623 3689 et
2664 3636 3027 3707 dispensatrix
3065 3640 3312 3710 genuerit
3348 3642 3656 3713 benignita-

2075 3725 2187 3774 tem
2218 3719 2315 3775 Dei
2356 3734 2372 3775 :
2408 3723 2532 3792 quia
2565 3739 2635 3780 ex
2671 3725 3036 3796 profunditate
3070 3744 3262 3787 sensus
3298 3732 3545 3787 nascitur
3575 3733 3655 3788 la-

2076 3809 2252 3865 cunda
2279 3809 2501 3881 locutio,
2525 3829 2646 3885 quae
2674 3815 2858 3883 ﬁdem,
2881 3819 3023 3875 unde
3050 3821 3224 3892 gratia
3249 3821 3346 3878 Dei
3372 3836 3656 3893 promere-

2075 3908 2185 3967 tur,
2208 3902 2379 3973 gignit
2402 3903 2457 3959 in
2482 3906 2734 3962 cordibus
2754 3908 3080 3965 auditorum.

2144 3990 2300 4045 Adad
2332 4002 2504 4048 autem
2542 4006 2777 4064 mortuo,
2808 3998 2965 4055 duces
2997 4015 3092 4071 pro
3130 4002 3335 4074 regibus
3376 4004 3435 4058 in
3477 4003 3653 4059 Edent

2069 4095 2181 4134 esse
2208 4093 2468 4153 cmperunt
2488 4096 2508 4136 :
2539 4083 2653 4139 dua:
2680 4085 2936 4156 Thamna,
2962 4090 3074 4146 dua:
3100 4092 3287 4148 Alicha
3312 4093 3510 4167 [Alea],
3538 4096 3654 4151 dus

2070 4167 2272 4236 Iethet,
2301 4172 2412 4226 dua:
2446 4170 2754 4244 Oolibama,
2782 4186 2839 4233 et
2876 4180 3102 4251 reliqua.
3136 4182 3473 4252 Notandum,
3503 4187 3653 4256 quod

2070 4257 2302 4326 primum
2340 4275 2494 4332 reges
2530 4263 2727 4320 dixerit
2763 4268 2830 4322 de
2867 4268 3068 4338 Edom,
3097 4282 3284 4343 postea
3320 4273 3485 4330 duces
3523 4291 3651 4332 cum

2070 4347 2303 4417 primum
2337 4350 2504 4407 duces
2539 4351 2741 4410 fuerint
2772 4365 2829 4413 et
2854 4368 3041 4430 postea
3075 4377 3253 4434 reges,
3284 4379 3519 4435 quorum
3550 4369 3653 4423 du-

2071 4450 2195 4493 cum
2224 4442 2483 4510 quasdam
2516 4454 2717 4503 matres
2743 4463 2941 4506 uxores
2973 4451 3113 4508 Esau
3149 4453 3239 4509 hic
3267 4455 3512 4511 nominat
3544 4475 3559 4510 :
3590 4464 3653 4512 ut

2070 4537 2155 4585 est
2179 4545 2319 4587 uxor
2349 4532 2490 4589 Esau
2517 4534 2825 4606 Oolibama,
2848 4549 2904 4596 et
2932 4542 3175 4599 Thamna
3204 4546 3505 4602 concubina
3534 4547 3649 4603 Eli-

2069 4620 2226 4689 pbaz.
2245 4620 2378 4676 Alva
2397 4630 2575 4678 autem
2595 4624 2651 4680 in
2670 4626 2866 4684 Genesi
2886 4629 3081 4702 legitur
3100 4633 3251 4704 (Cap.
3266 4634 3479 4708 xxxvi),
3492 4637 3649 4707 cujus

2067 4709 2439 4781 interpretatio
2473 4721 2559 4769 est
2586 4714 2825 4771 eleuatio.
2855 4719 2915 4773 In
2949 4719 3396 4793 Paralipomenon
3429 4740 3650 4797 quoque

2067 4799 2282 4873 legitur,
2308 4803 2515 4873 Aliclta,
2534 4815 2591 4863 et
2615 4808 2901 4880 signiﬁcat,
2923 4828 3079 4886 super
3100 4831 3236 4871 eam.

2695 4958 2920 5019 CAPUT
2952 4961 3017 5019 II.

2070 5083 2150 5139 De
2191 5086 2519 5155 generatione
2561 5088 2849 5162 duodecim,
2891 5093 3312 5162 patriarcharum
3358 5095 3426 5151 ab
3472 5096 3647 5155 Israel

2139 5164 2287 5236 patre
2312 5171 2510 5236 eorum.
2551 5157 2626 5212 De
2669 5157 2970 5236 genealogia
3013 5163 3163 5219 Iuda
3209 5166 3526 5236 patriarcha
3552 5186 3648 5225 uer

2142 5222 2371 5280 diuersos
2415 5224 2552 5295 ﬁlios
2582 5222 2863 5298 pro'ducta'.

2142 5354 2197 5426 (ι
2229 5355 2361 5411 Pan.
2392 5356 2479 5431 ιι.)
2516 5356 2648 5414 Filii
2686 5368 2860 5416 autem
2896 5361 3064 5418 Israel
3109 5376 3131 5416 :
3172 5363 3379 5432 Ruben,
3404 5365 3641 5433 Simeon,

2069 5445 2209 5510 Levi,
2235 5445 2401 5511 Iuda,
2431 5447 2701 5517 Issachar,
2728 5449 2989 5519 Zabulon,
3020 5454 3162 5521 Dan,
3187 5455 3403 5527 Ioseph,
3438 5456 3643 5528 Benja-

2070 5537 2211 5603 min,
2244 5535 2608 5607 Nephtlralim,
2639 5539 2784 5604 Gad,
2815 5541 2964 5597 Aser.
2997 5543 3289 5599 Duodecim
3332 5545 3430 5600 ﬁlii
3473 5545 3641 5601 Israel

2070 5625 2327 5681 luerunt:
2360 5627 2456 5682 sed
2481 5628 2672 5684 horum
2700 5637 2825 5687 octo
2851 5647 2918 5687 ex
2952 5632 3162 5699 liberis,
3201 5649 3267 5689 ac
3300 5643 3539 5704 quatuor
3573 5652 3641 5691 es

2069 5715 2281 5772 ancillis
2322 5732 2334 5770 :
2373 5716 2474 5772 hoc
2507 5725 2610 5786 est,
2640 5718 2846 5788 Ruben,
2873 5720 3111 5790 Simeon,
3138 5722 3285 5787 Levi,
3310 5722 3467 5788 luds,
3497 5726 3640 5781 issa—
