3902 6146
205 329 329 387 289

1155 313 1506 373 COMMENT.
1546 312 1614 369 IN
1652 309 2204 370 PARAIJPOMENA.
2242 342 2313 355 -ς
2345 312 2475 370 LIB.
2510 314 2553 370 l.

3386 323 3481 380 29C

206 445 377 508 ειμι,
401 438 666 504 Zabulon,
695 453 765 493 ex
808 434 906 496 Lia
950 450 1116 490 uxore
1150 434 1316 492 Iacob
1356 432 1574 488 fuerunt
1615 430 1811 503 geniti;
1842 428 1892 490 Α
1919 429 2035 500 ejus
2060 430 2357 485 amaritudo
2388 431 2793 501 interpretatur.
2816 430 2935 502 lpsa
2964 433 3108 488 enim
3137 431 3367 491 Domino
3398 437 3497 491 fel-

203 532 423 602 Joseph
463 542 681 599 quoque
728 535 786 581 et
834 523 1114 593 Benjamin
1164 540 1232 579 ex
1281 522 1483 578 Rachel
1534 542 1547 577 :
1598 522 1712 575 Dan
1763 530 1817 577 et

208 620 567 691 Nepbthalim
596 631 665 671 ex
694 615 850 680 Bala,
877 614 1067 671 ancilla
1099 612 1331 680 Rachel;
1360 611 1476 668 Gad
1504 618 1559 666 et
1585 610 1723 667 Aser
1748 623 1819 664 ex

210 712 452 781 Zelpha,
483 708 680 764 ancilla
725 706 839 767 Lis:
877 702 1029 777 (Cen.
1062 703 1249 776 xxxv).
1280 704 1361 759 Ex
1408 704 1494 759 his
1537 701 1818 757 duodecim

216 806 351 862 ﬁliis
392 802 559 859 Israel
607 801 803 856 harum
845 813 1014 869 genus
1046 805 1216 852 totum
1247 804 1602 868 pmpagatum
1629 801 1734 859 est,
1766 798 1821 846 et

224 907 370 951 terra
420 888 863 962 repromissionis
914 886 1191 959 (donante
1233 884 1503 954 Domino)
1550 897 1816 955 possessa.

220 987 376 1041 Nunc
400 993 583 1038 autem
606 979 1015 1036 consideremus
1040 976 1169 1046 quid
1192 991 1371 1033 rerum
1402 972 1823 1045 signiﬁcaverim

223 1085 459 1149 quatuor
484 1087 687 1128 uxores
715 1069 916 1136 Jacob;
948 1083 1181 1138 quarum
1220 1067 1340 1123 dua:
1380 1065 1566 1121 libera:
1607 1074 1662 1120 et
1702 1066 1821 1121 dum

222 1148 435 1222 ancillae
467 1160 709 1216 fuerunt.
745 1156 986 1213 Vidimus
1013 1153 1157 1210 enim
1185 1152 1499 1224 Apostolum
1542 1148 1694 1224 (Gal.
1732 1149 1822 1222 ιν)

224 1260 281 1313 in
320 1257 493 1311 libera
536 1263 593 1309 et
633 1251 825 1306 ancilla
852 1289 868 1316 ,
905 1263 1040 1319 quas
1082 1246 1317 1302 habebat
1358 1244 1631 1300 Abraham
1657 1284 1673 1310 ,
1716 1244 1824 1299 duo

225 1349 580 1404 Testamenta
601 1341 935 1412 intelligere;
964 1340 1061 1395 sed
1083 1337 1157 1393 ibi
1186 1338 1243 1392 in
1268 1352 1376 1391 una
1400 1345 1458 1391 et
1477 1351 1582 1390 una
1610 1334 1825 1391 facilius

228 1446 458 1509 apparet
485 1434 630 1506 quod
661 1433 862 1488 dicitur
899 1448 914 1485 :
946 1430 1037 1486 hic
1068 1436 1251 1484 autem
1277 1427 1398 1482 dum
1425 1434 1553 1482 sunt
1586 1434 1641 1481 et
1682 1427 1821 1481 dum.

226 1529 432 1584 Deinde
476 1525 552 1581 ibi
595 1521 805 1578 ancilla:
848 1521 991 1575 ﬁlius
1030 1517 1552 1583 exhzereditabatur,
1581 1516 1670 1572 hic
1697 1529 1826 1571 vero

226 1616 554 1672 ancillarum
601 1613 695 1667 ﬁlii
739 1610 900 1667 simul
944 1625 1069 1664 cum
1118 1607 1242 1663 ﬁliis
1285 1607 1578 1683 liberarum
1624 1614 1824 1659 terram

226 1703 613 1777 promissionis
652 1700 942 1771 accipiunt.
976 1698 1131 1755 Unde
1173 1697 1261 1752 hic
1295 1697 1481 1768 procul
1522 1696 1683 1752 dubio
1728 1694 1825 1750 ali-

1919 520 1988 575 lis
2015 520 2262 590 poculum
2294 522 2461 576 dedit.
2490 521 2606 576 Duo
2634 531 2815 576 autem
2843 536 3038 593 genera
3073 524 3378 596 principum
3406 530 3500 596 qui

1921 626 2029 666 non
2058 619 2203 667 recte
2230 622 2523 682 operantur
2552 612 2604 666 in
2632 613 2785 682 plebe
2812 611 3000 684 (unum
3028 629 3214 669 eorum
3246 617 3336 687 qui
3366 621 3500 674 ohe-

1921 710 2063 767 rant,
2093 701 2324 757 alterum
2355 717 2540 757 eorum
2567 703 2659 772 qui
2687 703 2817 759 nihil
2847 705 3158 777 proderant)
3190 706 3503 777 signiﬁcan-

1924 799 2011 849 tur
2041 792 2096 846 in
2125 791 2334 847 duobus
2373 791 2495 848 ﬁliis
2528 793 2678 849 Judae
2715 812 2728 849 :
2766 811 2995 865 quorum
3025 812 3164 852 unus
3199 806 3316 853 erat
3344 800 3501 854 mali-

1923 899 2080 956 gnus,
2108 883 2235 938 licet
2257 901 2383 939 reus
2408 893 2533 940 ante
2562 885 2877 950 Dominum;
2910 886 3048 941 alter
3074 886 3128 942 in
3159 897 3357 944 terram
3384 890 3508 945 fun-

1925 975 2108 1040 debat,
2147 991 2214 1031 ne
2260 992 2445 1032 semen
2489 976 2645 1031 daret
2696 977 2765 1032 ad
2814 978 3203 1035 fecundandam
3243 981 3505 1038 Thamar.

1923 1063 2035 1120 Nec
2060 1075 2187 1120 sunt
2214 1067 2446 1138 amplius
2473 1083 2636 1137 quam
2665 1068 2770 1122 duo
2804 1083 3003 1138 genera
3031 1071 3312 1127 hominum
3343 1074 3509 1132 inuti-

1922 1153 1995 1211 lia
2024 1157 2209 1227 generi
2240 1158 2479 1212 humano
2508 1172 2521 1211 :
2548 1174 2711 1212 unum
2736 1160 3045 1215 nocentium
3063 1201 3075 1225 ,
3106 1162 3335 1217 alterum
3361 1181 3506 1235 prae-

1925 1255 2072 1303 stare
2101 1247 2431 1315 nolentium;
2460 1257 2514 1303 et
2539 1249 2585 1304 si
2613 1249 2741 1318 quid
2772 1250 2896 1304 boni
2926 1250 3157 1318 habent,
3185 1255 3238 1308 in
3269 1255 3371 1310 hac
3399 1265 3511 1312 ter-

1925 1352 2057 1391 rena
2084 1336 2195 1392 vita
2219 1338 2578 1411 perdentium,
2606 1347 2864 1407 tanquam
2893 1340 2946 1393 in
2976 1349 3118 1395 terra
3148 1341 3505 1401 fundentium.

1928 1424 1995 1479 Et
2024 1426 2152 1496 quia
2185 1424 2239 1480 in
2279 1426 2421 1482 malo
2451 1428 2601 1497 prior
2629 1428 2718 1484 ille
2749 1430 2840 1498 qui
2873 1442 3065 1496 nocet,
3093 1448 3256 1503 quam
3292 1434 3380 1489 illc
3415 1436 3507 1505 qui

1927 1532 2033 1571 non
2064 1518 2315 1587 prodest,
2347 1519 2549 1574 idcirco
2584 1518 2756 1589 major
2784 1522 2980 1577 dicitur
3009 1523 3306 1595 malignus;
3339 1534 3394 1581 et
3427 1542 3511 1582 se-

1926 1623 2117 1677 quens,
2146 1608 2238 1678 qui
2282 1606 2541 1664 fundebat
2583 1626 2767 1667 semen
2809 1611 2863 1666 in
2895 1620 3122 1681 terram,
3154 1616 3509 1673 detestabilis.

1928 1699 2136 1754 Nomen
2196 1700 2452 1772 majoris,
2503 1703 2595 1771 qui
2645 1712 2872 1759 vocatur
2920 1703 3072 1773 Her,
3123 1707 3516 1778 interpretatur

228 1773 356 1867 quid
384 1794 742 1866 signiﬁcatur.
765 1790 1082 1859 Quanquam
1108 1788 1253 1843 enim
1280 1787 1397 1841 dua:
1420 1787 1604 1841 liberte
1628 1780 1825 1841 uxores
1851 1773 1901 1833 Β
1928 1792 2175 1862 pelliceus
2217 1807 2237 1847 :
2281 1795 2532 1864 qualibus
2561 1797 2759 1852 tunicis
2787 1798 2958 1854 induti
2990 1808 3116 1855 sunt
3144 1773 3307 1872 primi
3340 1804 3514 1859 homi-

227 1883 398 1940 Jaeob
443 1882 515 1936 ad
556 1878 766 1935 Novum
798 1878 1233 1944 Testamentum,
1262 1891 1370 1948 quo
1414 1877 1471 1932 in
1515 1876 1821 1932 libertatem

228 1975 411 2030 vocati
455 1987 675 2038 sumus,
713 1968 1095 2025 existimentur
1132 1968 1441 2038 pertinere;
1485 1983 1593 2022 non
1640 1975 1823 2022 tamen

228 2063 435 2119 frustra
462 2063 582 2117 dum
610 2067 757 2124 sunt,
778 2058 884 2113 nisi
910 2058 1037 2128 quia
1061 2056 1180 2112 duae
1206 2059 1329 2112 vitae
1356 2057 1513 2113 nobis
1541 2056 1596 2110 in
1624 2055 1824 2111 Christi

232 2167 461 2224 corpore
495 2150 861 2222 praedicantur
892 2164 908 2205 :
948 2164 1055 2203 una
1086 2147 1427 2218 temporalis,
1459 2147 1513 2202 in
1542 2165 1648 2219 qua
1678 2147 1826 2203 labo-

232 2260 451 2310 ramus;
484 2242 589 2296 alia
616 2249 842 2307 aeterna,
870 2239 923 2293 in
950 2254 1058 2309 qua
1088 2238 1431 2294 dilectionem
1460 2236 1555 2291 Dei
1584 2245 1827 2299 contem-

232 2341 467 2412 plamur.
497 2335 597 2391 Lia
628 2348 864 2404 namque
891 2334 1297 2404 interpretatur,
1321 2331 1600 2397 laborans;
1631 2331 1825 2387 Rachel

233 2438 416 2484 autem
444 2426 583 2481 risus
606 2423 924 2497 principium
948 2423 1061 2478 sive
1082 2420 1311 2477 verbum.
1328 2420 1484 2476 Actio
1514 2435 1643 2492 ergo
1666 2419 1824 2489 hujus

234 2519 387 2585 vitae,
411 2518 469 2572 in
498 2531 608 2586 qua
631 2514 865 2569 vivimus
892 2528 959 2569 ex
988 2513 1094 2570 ﬁde
1112 2554 1127 2579 ,
1153 2512 1420 2568 laboriosa
1452 2521 1536 2569 cst
1560 2513 1612 2568 in
1642 2512 1823 2583 operi-

234 2607 360 2672 bus,
405 2615 465 2662 et
515 2606 725 2660 incerta
763 2619 871 2672 quo
916 2594 1066 2658 exitu
1107 2603 1389 2673 perveniat
1428 2604 1498 2657 ad
1540 2602 1824 2656 utilitatem

235 2712 420 2754 eorum
446 2697 646 2768 quibus
663 2695 948 2753 consulere
970 2696 1235 2751 volumus.
1266 2696 1388 2766 Ipsa
1415 2704 1499 2750 est
1527 2695 1647 2762 Lia,
1674 2695 1824 2766 prior

235 2802 369 2841 uxor
392 2783 599 2851 Iacob;
633 2793 691 2840 et
712 2800 809 2855 per
838 2785 942 2840 hoc
965 2794 1021 2840 et
1046 2786 1269 2855 inﬁrmis
1298 2785 1465 2840 oculis
1489 2786 1651 2856 fuisse
1678 2801 1827 2843 com-

233 2885 575 2933 memoratur
600 2873 756 2948 (Gen.
781 2875 955 2944 xxxx).
983 2873 1336 2947 Cogitationes
1361 2877 1499 2932 enim
1523 2878 1826 2932 mortalium

234 2972 430 3026 timide
455 2980 503 3024 et
534 2972 750 3025 incerta:
772 2970 1112 3040 providentia:
1142 2980 1334 3026 nostra:
1359 2969 1524 3042 (Sap.
1550 2969 1661 3042 Ix).
1690 2969 1827 3040 Spes

233 3076 361 3116 vero
383 3068 613 3116 :eternse
640 3059 1106 3130 contemplationis
1137 3060 1232 3116 Dei
1264 3060 1472 3117 habens
1504 3069 1707 3117 certam
1743 3062 1826 3117 in-

1929 1898 2060 1949 nes,
2084 1884 2140 1938 in
2179 1898 2341 1954 poena
2373 1886 2736 1942 damnationis
2763 1902 2875 1944 sua:
2903 1889 3111 1946 dimissi
3141 1906 3207 1946 ex
3239 1893 3510 1963 paradiso.

1932 1973 2219 2045 Sequentis
2257 1985 2437 2031 autem
2475 1993 2672 2034 nomen
2710 1979 2865 2035 Onan
2909 1982 3292 2052 interpretatur
3325 2003 3517 2040 maeror

1928 2081 2129 2119 eorum.
2156 2065 2433 2132 Quorum?
2462 2067 2564 2123 nisi
2592 2069 2789 2138 quibus
2814 2070 2950 2125 nihil
2977 2074 3226 2141 prodest,
3253 2090 3376 2130 cum
3413 2077 3515 2131 ha-

1931 2153 2056 2208 beat
2081 2155 2226 2209 unde
2250 2155 2508 2225 prodesse
2540 2158 2744 2227 possit,
2771 2167 2936 2230 atque
2964 2161 3017 2216 id
3046 2164 3235 2233 perdat
3264 2165 3318 2218 in
3345 2173 3511 2221 terra.

1931 2245 2101 2316 Majus
2122 2263 2285 2318 porro
2309 2248 2512 2304 malum
2537 2257 2623 2304 est
2646 2249 2845 2307 ablatio
2867 2252 2992 2307 vitae
3007 2292 3023 2319 ,
3049 2254 3194 2323 quod
3232 2255 3507 2325 signiﬁcat

1929 2337 2110 2408 pellis,
2135 2353 2297 2408 quam
2337 2353 2445 2393 non
2480 2338 2849 2414 atLlnegatio]
2888 2341 3043 2408 vitae,
3072 2344 3217 2413 quod
3245 2345 3517 2416 signiﬁcat

1929 2447 2120 2485 mceror
2160 2447 2363 2486 eorum.
2395 2432 2538 2486 Deus
2581 2440 2760 2488 tamen
2804 2436 2994 2490 ambos
3031 2436 3295 2492 occidisse
3336 2436 3517 2494 dictus

1931 2530 2018 2580 est
2047 2540 2059 2576 :
2095 2524 2182 2576 ubi
2213 2522 2475 2593 ﬁguratur
2504 2538 2730 2593 regnum
2760 2523 2964 2583 talibus,
2988 2524 3297 2582 hominibus
3330 2528 3518 2583 abstu-

1904 2613 2076 2683 lisse.
2109 2612 2323 2667 Tertius
2350 2628 2480 2667 vero
2508 2611 2650 2667 ﬁlius
2675 2609 2860 2677 ludas,
2890 2614 2983 2684 qui
3028 2614 3104 2669 illi
3150 2615 3362 2671 mulieri
3408 2632 3518 2672 non

1925 2704 2191 2776 jungitur,
2207 2703 2475 2776 signiﬁcat
2502 2712 2715 2775 tempus
2737 2720 2804 2759 ex
2826 2720 2933 2775 quo
2958 2721 3113 2777 reges
3141 2707 3280 2778 plebi
3307 2708 3519 2765 Judteo-

1933 2809 2052 2848 rum
2082 2801 2365 2863 coeperunt
2391 2793 2457 2846 de
2487 2793 2629 2847 tribu
2655 2791 2804 2847 Judae
2834 2809 2939 2849 non
2974 2792 3125 2860 ﬁeri;
3160 2803 3215 2849 et
3246 2796 3365 2853 ideo
3394 2807 3516 2852 erat

1932 2884 2152 2955 quidem
2180 2883 2322 2938 ﬁlius
2354 2882 2506 2939 Iuda:
2527 2923 2543 2949 ,
2571 2883 2667 2938 sed
2701 2898 2826 2939 eum
2857 2884 3094 2940 Thamar
3122 2889 3373 2941 maritum
3408 2905 3517 2944 non

1935 2983 2235 3045 acceperat,
2263 2975 2390 3045 quia
2421 2975 2486 3030 de
2517 2962 2661 3030 tribu
2689 2974 2840 3030 Judre
2868 2976 3075 3033 scilicet
3113 2978 3165 3031 in
3200 2978 3397 3048 populo
3419 2976 3517 3034 Ju-
3592 3026 3597 3035 .

1935 3068 2173 3122 dzeorum
2204 3081 2364 3122 nemo
2392 3065 2672 3136 regnabat.
2708 3065 2862 3122 Unde
2895 3076 2951 3121 et
2982 3082 3178 3123 nomen
3217 3067 3332 3136 ejus
3375 3069 3517 3125 idem

236 3150 591 3222 telligentiam
632 3150 915 3213 veritatis.
941 3150 1054 3220 ipsa
1097 3158 1181 3207 est
1219 3150 1416 3206 Rachel
1445 3166 1464 3204 :
1494 3154 1636 3206 unde
1663 3154 1827 3208 etiam
1856 3135 1909 3231 Cf
1934 3158 2059 3214 Sela
2102 3158 2488 3228 interpretatur
2511 3157 2747 3212 dimissio
2778 3158 2913 3227 eius.
2942 3158 3059 3214 Non
3087 3135 3359 3230 pertinent
3389 3176 3520 3215 sane

237 3242 434 3297 dicitur
464 3240 605 3319 bona
630 3240 769 3309 facie
796 3250 845 3294 et
868 3241 1090 3311 pulchra
1111 3243 1279 3313 specie
1302 3241 1453 3313 (Cen.
1482 3243 1657 3316 uix).
1682 3245 1833 3300 Hanc

236 3333 375 3388 enim
400 3340 560 3387 amat
587 3332 768 3387 omnis
789 3333 877 3402 pie
906 3334 1197 3400 studiosus,
1222 3342 1278 3389 et
1299 3345 1520 3405 propter
1547 3336 1688 3392 hanc
1716 3352 1836 3393 ser-

239 3426 307 3480 vit
332 3426 533 3498 gratia:
568 3425 665 3480 Dei
697 3444 713 3478 :
746 3441 854 3496 qua
896 3436 1109 3497 peccata
1135 3438 1313 3483 nostra
1343 3429 1441 3482 etsi
1467 3427 1659 3498 fuerint
1696 3431 1830 3485 sicut

237 3517 559 3585 pluenicium
574 3555 590 3579 ,
612 3524 863 3587 tanquam
885 3517 975 3572 nia:
994 3516 1377 3572 dealbnbuntur
1396 3518 1532 3588 (lsa.
1559 3518 1631 3592 ι).
1646 3520 1831 3575 Laban

240 3609 436 3679 quippe
490 3608 898 3678 interpretatur,
941 3608 1232 3674 dealbatio,
1269 3611 1355 3666 cui
1400 3612 1623 3666 servivit
1663 3610 1831 3667 Jacob

239 3710 461 3767 propter
511 3697 738 3752 Rachel.
773 3697 957 3767 Neque
996 3699 1141 3753 enim
1192 3715 1250 3754 se
1293 3702 1523 3772 quisque.
1565 3703 1834 3758 convertit

241 3789 337 3844 sub
362 3788 550 3860 gratia
583 3788 921 3843 remissionis
951 3798 1297 3858 peccatorum
1334 3791 1540 3845 servire
1572 3791 1828 3860 justitim,

242 3879 340 3932 nisi
375 3887 437 3931 ut
462 3878 650 3948 quiete
677 3879 822 3933 vivat
850 3878 905 3932 in
938 3879 1120 3950 verbo,
1159 3895 1226 3935 ex
1252 3896 1363 3952 quo
1390 3880 1605 3935 videtur
1632 3882 1833 3951 princi-

240 3966 385 4035 pium
421 3968 571 4034 quod
599 3974 684 4022 est
714 3967 873 4022 Deus.

304 4079 445 4133 Filii
467 4079 620 4134 Iuda
647 4094 667 4131 .'
699 4079 830 4146 Her,
864 4080 1047 4149 Onan,
1081 4081 1227 4138 Sela.
1253 4082 1325 4137 Hi
1358 4099 1463 4138 tres
1492 4084 1604 4138 nati
1632 4095 1755 4139 sunt
1783 4086 1833 4139 ei

240 4171 303 4223 de
328 4170 447 4238 ﬁlia
488 4169 598 4223 Sne
636 4167 1023 4227 Charmitidis.
1054 4172 1179 4228 Fuit
1208 4184 1383 4228 autem
1412 4173 1553 4240 Her,
1575 4175 1833 4245 primoge-

241 4262 381 4313 nitus
425 4259 614 4326 Iuda,
641 4261 811 4315 malus
854 4278 1031 4317 coram
1073 4263 1332 4329 Domino,
1361 4274 1410 4319 et
1452 4265 1643 4319 occidit
1689 4281 1828 4320 eum.

1934 3250 2003 3305 ad
2033 3250 2174 3304 hanc
2200 3248 2649 3320 signiﬁcationem
2673 3248 2777 3304 viri
2805 3249 2978 3304 sancti
3005 3256 3061 3303 et
3081 3249 3247 3320 justi,
3274 3251 3363 3321 qui
3395 3251 3523 3307 licet

1932 3340 2023 3395 illo
2069 3352 2310 3409 tempore
2356 3338 2596 3405 fuerint,
2647 3340 2715 3395 ad
2764 3355 2961 3396 novum
3017 3348 3198 3395 tamen
3248 3341 3524 3410 pertinent

1933 3430 2372 3496 Testamentum,
2409 3434 2500 3502 qui
2536 3433 2911 3504 prophetando
2951 3432 3187 3487 scienter
3217 3433 3376 3490 utiles
3408 3434 3526 3490 fue-

1933 3528 2079 3587 runt,
2108 3520 2283 3591 qualis
2330 3520 2500 3576 David
2543 3520 2647 3577 fuit
2691 3536 2756 3577 eo
2798 3537 2927 3578 sane
2970 3529 3226 3593 tempore,
3265 3538 3373 3593 quo
3407 3524 3521 3596 jam

1931 3610 2115 3668 Iudaea
2143 3621 2383 3685 coeperat
2404 3629 2560 3689 reges
2586 3629 2693 3670 non
2717 3614 2940 3670 habere.
2958 3613 3076 3670 Non
3105 3624 3189 3671 est
3213 3625 3528 3686 computan-

1935 3706 2034 3761 dus
2063 3705 2303 3762 Herodes
2326 3705 2499 3775 major
2520 3706 2574 3760 in
2603 3707 2821 3778 regibus
2845 3704 2981 3774 ejus,
3010 3713 3261 3776 tanquam
3290 3707 3524 3761 maritus

1936 3796 2193 3852 Thamar.
2222 3798 2357 3852 Erat
2394 3798 2540 3853 enim
2584 3797 2916 3868 alienigena,
2944 3812 3047 3853 nec
3089 3798 3140 3852 ei
3181 3806 3525 3853 sacramento

1933 3885 2026 3941 illo
2066 3886 2291 3957 justitite
2332 3887 2626 3953 unctionis,
2674 3894 2931 3957 tanquam
2981 3885 3246 3956 conjugali
3294 3885 3522 3955 foedere,

1934 3977 2269 4041 cohaerebat,
2300 3978 2425 4042 sed,
2460 3987 2715 4046 tanquam
2761 3986 3085 4042 extraneos,
3113 3979 3515 4045 dominabatur,

1933 4083 2094 4140 quam
2123 4050 2445 4139 potestatem
2477 4083 2507 4122 a
2534 4068 2793 4123 Romanis
2815 4076 2870 4125 et
2897 4084 2928 4123 a
2957 4068 3172 4124 Caesare
3207 4079 3508 4140 acceperat.

1938 4159 2031 4229 Sic
2054 4169 2110 4214 ct
2128 4159 2244 4231 ejus
2269 4160 2363 4214 ﬁlii
2389 4161 2694 4224 tetrarchxe,
2725 4176 2955 4232 quorum
2976 4171 3096 4217 erat
3116 4178 3257 4218 unus
3278 4161 3518 4218 Herodes

1937 4250 2110 4320 patris
2136 4250 2352 4305 nomine
2381 4250 2698 4321 appellatus,
2726 4251 2819 4320 qui
2845 4267 2969 4308 cum
2995 4251 3169 4307 Pilato
3193 4252 3246 4306 in
3272 4253 3525 4323 passione

242 4349 317 4405 nc
356 4350 487 4406 ωίίε
516 4350 657 4406 ,ιυιιε
693 4352 746 4406 in
786 4352 923 4408 ιίιηιο
966 4353 1193 4410 Genesis
1224 4356 1434 4426 plenius
1462 4357 1722 4427 scriptum
1750 4366 1837 4411 est
1938 4341 2149 4397 Domini
2178 4341 2528 4396 concordavit
2557 4340 2708 4412 (Luc.
2736 4341 2913 4414 χχιιι).
2940 4342 3036 4397 Isti
3059 4357 3189 4413 ergo
3215 4341 3525 4413 alienigenae

241 4440 395 4512 (Cap.
426 4441 687 4513 xxxviii),
709 4444 835 4511 quia
863 4443 997 4499 duos
1025 4446 1233 4514 priores
1259 4448 1467 4502 occisos
1501 4463 1623 4503 esse
1658 4464 1690 4503 a
1727 4448 1826 4504 Do-

1939 4445 2109 4502 usque
2148 4432 2282 4488 adeo
2320 4447 2427 4494 non
2459 4431 2858 4500 deputabantur
2886 4432 2938 4486 in
2970 4447 3135 4502 regno
3168 4433 3397 4503 mystico
3423 4433 3523 4490 Ju-

1945 4524 2175 4544 -._-_-__‘
2323 4522 2420 4544 =__=
2456 4520 2615 4544 τμη,
2649 4522 2856 4544 ___._.:--
2892 4521 3180 4544 4-..“--.
3213 4521 3324 4544 0.-..
3349 4523 3518 4544 .-_.--

241 4535 392 4589 mino
415 4535 621 4590 ibidem
648 4545 933 4600 nan-amr;
964 4536 1067 4593 hoc
1093 4545 1198 4604 ρει,
1228 4538 1338 4593 uel-
1364 4550 1420 4594 οι
1447 4539 1620 4604 οηειη⁹
1648 4548 1832 4596 omen-
1854 4520 1910 4544 ν
1938 4524 2209 4589 dmorum,
2234 4530 2295 4576 ut
2323 4522 2422 4592 ipsi
2448 4520 2619 4577 «ιιιάωὶ
2646 4522 2858 4592 publice
2886 4521 3184 4579 clamarent
3210 4521 3522 4580 frendentes

242 4625 503 4697 ,ιειιηιιιε
537 4625 609 4679 οι)
636 4641 800 4695 quam
834 4642 1075 4683 causam,
1098 4602 1248 4685 ’θεείι
1284 4631 1429 4686 enim
1471 4649 1484 4685 ε
1514 4602 1649 4698 Quia
1686 4631 1832 4685 dedi;
1938 4615 2198 4671 adversus
2235 4614 2512 4671 Christum
2554 4631 2568 4668 :
2614 4613 2727 4669 Nos
2767 4630 2872 4669 non
2909 4613 3157 4668 habemus
3203 4630 3392 4685 regem,
3416 4614 3521 4668 nisi

242 4721 417 4777 λεια
447 4738 666 4776 ηοω,
697 4723 1040 4793 pub,on
1079 4741 1177 4778 δυο
1210 4722 1322 4778 He,
1354 4741 1577 4796 nequam
1614 4726 1669 4780 εη
1704 4741 1831 4779 um-
1937 4704 2200 4761 Cwsarem
2220 4705 2400 4776 (Joan.
2426 4702 2563 4777 xxx).
2590 4703 2774 4777 Neque
2794 4705 2898 4761 hoc
2922 4704 3256 4770 verum,nisi
3286 4704 3375 4759 illa
3394 4705 3519 4761 uni-

241 4824 427 4882 spectu
453 4812 691 4877 Domini,
713 4822 760 4866 et
791 4815 856 4867 ab
888 4830 950 4868 eo
974 4816 1175 4870 occisus
1210 4825 1319 4870 est:
1335 4816 1486 4870 Dixit
1509 4833 1629 4887 ergo
1656 4816 1826 4871 ludas

1933 4797 2135 4852 versali
2195 4797 2540 4853 damnatione
2599 4815 2613 4851 :
2679 4797 3043 4853 Romanorum
3105 4796 3302 4866 quippe
3355 4797 3521 4852 etiam

243 4905 316 4956 ad
342 4904 522 4957 Unam
559 4902 734 4971 filium
766 4919 921 4958 sunt
947 4919 968 4959 :
992 4903 1276 4976 Ingredere
1303 4906 1372 4960 ad
1400 4923 1616 4960 uxorem
1646 4908 1826 4976 fratris

1935 4889 2119 4946 Caesar
2143 4905 2237 4945 rex
2264 4899 2401 4954 erat,
2427 4904 2533 4945 non
2562 4889 2777 4959 proprie
2800 4886 3130 4955 Iudaeorum,
3157 4888 3252 4943 sed
3283 4898 3343 4943 ut
3368 4887 3525 4945 Chri-

244 4996 350 5059 tni,
379 5005 427 5047 et
467 4995 672 5049 sociare
706 4994 806 5059 illi,
838 5004 894 5048 ut
936 4996 1154 5050 suscites
1195 5013 1369 5051 semen
1401 4997 1555 5066 fratri
1584 5006 1699 5050 tuo.
1729 4997 1832 5053 Ille

245 5095 424 5140 autem
450 5087 625 5140 sciens
647 5103 753 5140 non
779 5086 879 5140 sibi
906 5088 1051 5142 nasci
1075 5087 1235 5156 ﬁlios,
1256 5088 1505 5143 introieris
1524 5088 1593 5142 ad
1617 5104 1832 5143 uxorem

246 5173 436 5243 fratris
462 5175 551 5228 sui
581 5191 755 5229 semen
782 5175 1033 5244 fundebat
1060 5179 1116 5231 in
1145 5187 1361 5242 terram,
1385 5195 1449 5232 ne
1473 5177 1623 5232 liberi
1652 5179 1833 5248 fratris

247 5267 463 5320 marine
485 5276 828 5321 nascerentur
857 5280 878 5319 .'
911 5278 961 5321 et
994 5268 1192 5323 idcirco
1215 5270 1468 5339 percussit
1496 5286 1615 5324 eum
1645 5270 1833 5325 Domi-

246 5372 372 5418 stas,
396 5356 539 5427 quod
565 5372 674 5410 rem
699 5356 1055 5411 detestabilem
1083 5358 1298 5427 faceret.

324 5445 552 5500 Thamar
581 5458 753 5501 autem
776 5463 941 5502 mirus
957 5449 1076 5518 ejus
1097 5450 1288 5519 peperit
1309 5452 1358 5504 ei
1379 5448 1581 5506 Phares
1599 5451 1831 5509 etlam.

248 5532 452 5592 Omnes
476 5553 601 5606 ergo
629 5536 729 5604 ﬁlii
753 5537 900 5593 Inda
926 5541 1170 5609 quinque.
1198 5538 1256 5594 In
1281 5539 1520 5595 Thamar
1540 5556 1670 5612 ergo
1695 5558 1833 5598 nuru

246 5623 407 5681 Iuda:
435 5627 755 5698 intelligitur
784 5628 937 5697 plebs
958 5626 1140 5684 Judzca
1160 5668 1174 5695 ,
1202 5630 1287 5685 cui
1315 5630 1385 5685 de
1411 5631 1552 5686 tribu
1585 5630 1721 5688 Juda
1750 5648 1837 5688 re-

248 5731 383 5790 ges,
419 5727 675 5789 tanquam
728 5719 938 5786 mariti,
979 5719 1164 5791 delige?
1187 5727 1363 5775 antur.
1401 5720 1588 5778 Merito
1639 5738 1835 5781 nomen

1936 4988 2076 5034 stum
2121 4987 2395 5049 negarent,
2427 4985 2478 5033 et
2520 4976 2664 5032 hunc
2703 4977 2881 5033 adhuc
2926 4978 3240 5043 adorarent,
3264 4976 3385 5032 ideo
3427 4977 3523 5033 tali

1933 5082 2068 5124 voce
2114 5067 2504 5122 clamaverunt.
2536 5066 2630 5122 illo
2673 5066 2818 5122 enim
2868 5054 3127 5141 tempore.
3154 5082 3262 5137 quo
3299 5064 3413 5135 jam
3455 5068 3524 5123 de

1936 5161 2077 5216 tribu
2101 5158 2238 5215 Juda
2262 5176 2487 5231 regnum
2515 5159 2808 5227 defecerat,
2826 5162 3146 5217 veniendum
3171 5169 3290 5215 erat
3310 5160 3525 5215 Christo

1933 5266 2066 5307 vero
2092 5250 2359 5305 Salvatori
2392 5249 2619 5305 Domino
2644 5258 2852 5317 nostro,
2879 5251 2971 5322 qui
3005 5265 3112 5306 non
3142 5251 3361 5306 obesset
3385 5248 3527 5304 mul-

1936 5348 2158 5410 tumque
2186 5340 2486 5411 prodesset.
2519 5338 2655 5395 llinc
2691 5341 2836 5395 enim
2875 5332 3053 5397 fuerat
3090 5342 3464 5412 prophetatum
3506 5355 3521 5392 :

1942 5430 2066 5486 Non
2096 5430 2299 5500 deﬁciet
2328 5431 2565 5501 princeps
2594 5447 2658 5485 ea:
2683 5427 2719 5483 J
2725 5430 2852 5496 uda,
2876 5446 3038 5502 neque
3065 5431 3174 5486 dua;
3206 5431 3271 5484 de
3307 5426 3521 5499 femori-

1938 5520 2033 5575 bus
2059 5520 2197 5591 ejus,
2222 5519 2383 5573 donec
2411 5519 2577 5573 veniat
2603 5519 2692 5589 qui
2720 5519 3004 5574 mittendus
3034 5530 3107 5574 est
3147 5535 3165 5573 :
3198 5528 3246 5571 et
3283 5517 3389 5585 ipse
3424 5513 3522 5566 erit

1939 5610 2249 5676 exspectatio
2282 5610 2512 5681 gentium
2542 5607 2694 5681 (Gen.
2719 5608 2890 5682 χιιι).
2920 5609 3019 5664 Hic
3047 5623 3262 5679 quoque
3297 5603 3521 5674 eolijuu-

1938 5712 2059 5761 ctus
2083 5703 2321 5760 Thamar
2345 5700 2585 5772 speciali,
2611 5701 2714 5758 hoc
2740 5708 2842 5771 est,
2866 5701 3005 5772 plebi
3035 5700 3367 5766 Judaeormn,
3386 5697 3521 5754 duos
