3902 6146
393 285 491 349 29!

1036 276 1099 333 Β.
1136 273 1385 332 RABANI
1423 272 1641 361 MAURI
1676 272 1995 341 ARCIIIEP.
2037 269 2346 335 MOGUNT.
2383 269 2667 328 OPERUM
2705 268 2885 327 PARS
2920 269 2961 325 Ι.

3537 272 3647 351 29⁸1

395 417 464 457 ex
495 415 562 457 ea
600 403 838 468 suscepit
871 410 886 449 :
921 409 1148 465 quorum
1179 391 1382 447 scilicet
1407 369 1735 461 primus'qni
1771 390 1968 445 dicitur
1996 393 2041 454 Α
2071 386 2282 442 Raddai
2300 427 2315 452 ,
2336 394 2537 440 sextum
2565 385 2749 447 Asom,
2774 384 3044 455 septimum
3075 381 3283 435 David:
3310 397 3530 454 quorum
3558 398 3648 437 so-

397 496 533 549 Zara
550 534 565 559 ,
592 507 710 547 cum
738 496 905 544 essent
929 485 1079 540 ambo
1101 484 1293 555 gemini
1329 482 1383 536 in
1419 494 1564 536 utero
1589 482 1773 535 matris
1790 524 1803 547 ,
1830 483 1969 536 misit

395 599 611 638 manum
634 596 785 636 suam
819 592 836 630 :
861 578 947 631 cui
972 574 1217 629 obstetrix
1240 572 1417 644 ligavit
1440 574 1705 627 coccinum
1734 587 1752 625 :
1786 573 1971 627 dehinc

395 672 488 726 illo
514 683 725 725 manum
751 665 1059 722 intrinsecus
1086 661 1396 727 retrahente,
1416 661 1692 731 posterior,
1714 661 1801 731 qui
1828 677 1975 714 voca-

392 771 484 815 tur
508 758 732 821 Phares,
754 753 1012 809 nascendo
1039 752 1287 823 processit
1315 748 1467 821 (Gen.
1492 748 1755 822 xxxvm);
1784 748 1975 820 ﬁgura-

394 850 520 903 liter
548 847 779 900 inuuens
809 840 952 912 quod
989 836 1307 895 extenderet
1342 838 1508 897 lsrael
1549 838 1602 894 in
1640 837 1775 911 legis
1810 852 1973 908 opera

395 951 615 994 manum
642 949 815 998 suam,
839 942 895 987 et
918 946 1036 987 eam
1062 930 1469 1001 prophetarum,
1491 932 1706 986 necnon
1732 936 1788 982 et
1810 927 1976 998 ipsius

401 1026 697 1083 Salvatoris
718 1023 975 1096 pollutam
1002 1036 1199 1077 cruore
1226 1020 1559 1075 contraxerit
1587 1036 1602 1072 :
1634 1025 1821 1089 postea
1846 1032 1978 1073 vero

396 1117 703 1188 proruperit
731 1112 956 1185 populus
985 1111 1244 1183 gentium,
1271 1108 1496 1174 scilicet,
1520 1116 1580 1162 ut
1609 1106 1773 1164 futuri
1796 1113 1979 1162 essent

390 1200 680 1267 novissimi,
708 1203 800 1274 qui
826 1211 982 1257 erant
1007 1201 1199 1272 primi;
1225 1210 1281 1254 et
1304 1199 1460 1271 primi
1489 1197 1661 1254 futuri
1684 1206 1866 1255 essent
1886 1198 1978 1269 qui

400 1304 555 1353 erant
578 1295 838 1350 novissimi
875 1292 1087 1365 (Matth.
1108 1289 1225 1363 xx).

472 1385 602 1440 Filii
632 1393 804 1438 autem
829 1379 1059 1447 Phares,
1078 1378 1281 1434 Ilesron
1308 1386 1356 1432 et
1379 1376 1602 1431 Hamul.
1621 1373 1750 1430 Filii
1776 1389 1979 1446 quoque

404 1473 574 1540 Zarw,
604 1472 807 1537 Zamri,
837 1479 884 1524 et
914 1470 1113 1536 Ethan,
1142 1477 1189 1523 et
1218 1466 1410 1531 Eman,
1445 1464 1662 1521 Calcha!
1696 1481 1897 1537 quoque
1931 1474 1980 1519 et

402 1562 567 1626 Dura,
596 1558 752 1614 simul
779 1558 1021 1629 quinque.
1045 1555 1177 1611 Filii
1207 1555 1446 1621 Charini,
1468 1555 1663 1621 Achar,
1685 1556 1774 1626 qui
1803 1555 1983 1633 turba-

400 1650 466 1704 vit
496 1646 667 1702 Israel
695 1656 743 1701 et
758 1645 993 1717 peccavit
1020 1645 1073 1698 in
1097 1645 1242 1717 furto
1264 1642 1634 1698 anathematis.
1656 1640 1761 1697 lste
1779 1642 1979 1707 Achar,

2070 491 2212 529 rores
2257 473 2469 543 [uerunt
2517 472 2705 528 Sarvia
2750 482 2799 525 et
2843 469 3068 540 Abigail.
3111 468 3414 538 Quaeritur,
3448 487 3546 527 cur
3588 472 3649 526 in

2069 562 2208 619 libro
2230 563 2437 634 Regum
2461 564 2722 634 scriptum
2747 561 2817 618 sit
2840 568 2963 617 octo
2989 559 3128 617 ﬁlios
3152 560 3353 618 habere
3374 563 3499 630 lsai,
3520 577 3649 619 cum

2070 654 2128 710 in
2160 655 2607 726 Paralipomenon
2636 669 2742 708 non
2774 652 3003 723 amplius
3026 668 3189 723 quam
3220 662 3426 724 septem
3463 655 3651 727 legan-

2073 753 2179 801 tur.
2214 744 2306 800 Sic
2335 745 2478 801 enim
2518 744 2591 798 ibi
2628 750 2886 814 scriptum
2915 750 2999 798 est
3045 761 3058 798 :
3105 742 3274 797 David
3316 753 3489 799 autem
3534 754 3655 799 erat

2071 833 2215 904 ﬁlius
2252 832 2557 904 Ephratluzi
2595 832 2658 887 de
2696 831 2959 887 Bethleem
2997 831 3163 898 Juda,
3189 833 3275 886 cui
3314 848 3499 888 nomen
3538 844 3658 888 erat

2074 924 2220 991 Isai,
2248 924 2337 996 qui
2371 922 2591 980 habebat
2621 932 2734 976 octo
2769 922 2909 992 ﬁlios
2943 921 3004 994 (Ι
3044 920 3173 993 Reg.
3207 920 3372 995 xvu).
3400 922 3507 979 Sed
3533 924 3657 980 haec

2075 1014 2301 1085 quaestio
2335 1014 2543 1071 scilicet
2569 1014 2712 1083 apud
2744 1012 3001 1068 Hebraeos
3028 1014 3103 1068 ita
3129 1012 3449 1079 solvitur,ut
3472 1015 3659 1070 dicant

2074 1104 2286 1161 Natban
2308 1106 2625 1177 prophetam
2659 1104 2829 1161 ﬁlium
2860 1103 3110 1160 Semmaa
3147 1103 3241 1158 ﬁlii
3276 1104 3379 1170 sui,
3407 1121 3566 1175 quem
3599 1106 3660 1160 in

2076 1196 2200 1255 loco
2231 1196 2327 1251 ﬁlii
2359 1198 2443 1253 sui
2473 1197 2795 1252 educaverat
2827 1203 2881 1251 et
2911 1196 3203 1262 nutrierat,
3231 1196 3372 1251 inter
3404 1196 3542 1252 ﬁlios
3579 1197 3657 1252 ibi

2078 1292 2521 1342 annumeratum.’
2540 1287 2674 1341 Nam
2704 1296 2761 1342 et
2784 1302 2968 1342 coram
3004 1277 3254 1342 Samuele
3289 1295 3492 1358 septem
3536 1285 3659 1355 ejus

2079 1378 2174 1433 ﬁlii
2203 1379 2455 1449 leguntur
2485 1377 2703 1432 adducti
2730 1376 2896 1433 fuisse
2919 1376 2973 1451 (Ι
3008 1376 3137 1448 Reg.
3171 1376 3293 1447 xv1)
3313 1418 3327 1442 ,
3351 1385 3406 1432 et
3433 1384 3661 1433 octavus

2079 1483 2201 1523 esse
2237 1468 2290 1522 in
2320 1467 2567 1538 pascuis;
2600 1465 2741 1521 inter
2767 1480 2903 1537 quos
2940 1466 3152 1523 Natban
3183 1465 3450 1536 adjectum
3489 1465 3662 1522 fuisse

2080 1554 2424 1612 manifestum
2457 1564 2559 1620 est,
2583 1555 2674 1625 qui
2700 1552 2961 1610 Jonathan
2989 1563 3236 1621 vocatur,
3262 1554 3330 1610 de
3353 1568 3461 1625 quo
3483 1555 3538 1610 in
3557 1569 3660 1610 ex-

2082 1656 2256 1701 trema
2284 1656 2440 1718 parte
2478 1644 2744 1702 Samuelis
2778 1647 2995 1713 dicitur,
3020 1662 3145 1703 cum
3180 1648 3246 1703 de
3286 1646 3666 1705 interiectione

401 1737 494 1806 qui
526 1736 705 1789 Achan
744 1733 1042 1805 appellatur
1068 1734 1122 1788 in
1152 1734 1288 1789 libro
1323 1731 1450 1788 Jesu
1482 1732 1629 1788 Nave
1656 1731 1804 1815 (los.
1835 1732 1977 1805 vn),
2007 1726 2055 1786 Β
2082 1738 2316 1810 gigantis
2354 1746 2607 1793 narratur
2651 1755 2665 1791 :
2707 1734 2971 1791 Percussit
3010 1747 3183 1791 autem
3222 1754 3341 1792 eum
3364 1736 3661 1805 Ionathan,

401 1828 541 1882 ﬁlius
585 1825 687 1880 fuit
722 1826 970 1891 Charmi,
998 1824 1089 1894 qui
1119 1823 1220 1878 fuit
1249 1824 1391 1879 ﬁlius
1418 1822 1573 1894 Zapti
1611 1824 1726 1878 sive
1765 1823 1977 1889 Zamri,

401 1918 493 1986 qui
532 1916 634 1971 fuit
668 1916 809 1971 ﬁlius
837 1915 988 1970 Zarte
1019 1916 1085 1970 de
1111 1914 1253 1969 tribu
1280 1913 1440 1969 Juda.
1464 1913 1652 1968 Achan
1689 1919 1869 1967 autem
1899 1928 1984 1967 co-

402 2008 551 2062 luber
591 2008 847 2079 insidians
886 2007 1298 2076 interpretatur;
1338 2004 1538 2071 Achar,
1568 2004 1837 2069 turbatus;
1879 2003 1984 2058 hoc

401 2099 802 2153 demonstrante
843 2097 1074 2152 veritate
1120 2095 1396 2150 nominum
1439 2095 1583 2164 quod
1646 2094 1695 2149 is
1735 2094 1827 2163 qui
1886 2108 1985 2163 per

402 2191 686 2244 avaritiam
714 2190 1067 2244 insidiabatur
1090 2189 1156 2244 de
1178 2190 1521 2243 anathemate
1546 2187 1746 2257 aliquid
1770 2202 1983 2257 rapere,

401 2288 590 2352 captus
620 2281 674 2335 in
705 2280 940 2346 scelere,
972 2280 1222 2335 turbatus
1260 2279 1424 2335 estin
1468 2278 1689 2334 sceleris
1728 2280 1931 2335 ultione
1965 2295 1982 2334 :

401 2371 631 2442 mystice
674 2371 828 2427 nobis
861 2371 1091 2426 innuens
1118 2370 1261 2440 quod
1289 2371 1379 2426 ille
1406 2371 1496 2439 qui
1525 2379 1647 2441 post
1670 2369 1793 2426 ﬁdei
1825 2372 1981 2427 indu-

401 2471 645 2515 mentum
697 2460 1124 2515 conversationis
1172 2460 1449 2515 saecularis
1502 2460 1706 2515 cultum
1756 2460 1982 2528 inducit,

403 2551 560 2623 quasi
602 2550 822 2622 pallium
869 2550 936 2605 de
974 2552 1318 2605 anathemate
1356 2551 1513 2606 tollit.
1546 2551 1652 2607 Sed
1689 2560 1745 2607 et
1787 2553 1876 2608 ille
1919 2554 1986 2609 de

405 2641 751 2711 anathemate
779 2638 996 2696 Jericbo
1027 2640 1269 2709 fraudat,
1295 2642 1387 2711 qui
1418 2643 1471 2696 in
1499 2642 1782 2698 ecclesiam
1815 2644 1987 2700 haere-

405 2731 638 2785 ticorum
668 2730 830 2785 infert
854 2722 1122 2803 dogmata,
1143 2732 1228 2787 vel
1252 2733 1624 2804 superstitiosa
1648 2734 1986 2790 saecularium

404 2819 709 2874 litterarum
739 2819 937 2874 studia.
967 2818 1093 2874 Haec
1118 2820 1262 2875 enim
1295 2830 1378 2876 est
1406 2823 1587 2894 regula
1613 2838 1807 2891 aurea,
1835 2824 1987 2881 lucu-

406 2912 557 2967 lento
603 2926 852 2967 sermone
900 2921 1104 2983 aptata.
1144 2909 1297 2985 lianc
1340 2912 1572 2970 fraudati
1622 2926 1747 2972 sunt
1791 2916 1983 2986 Arius,

405 3001 644 3058 Marcion
687 3010 747 3057 et
788 3002 1089 3069 Basilides;
1131 3002 1295 3059 furati
1327 3015 1452 3060 sunt
1481 3006 1623 3062 enim
1651 3008 1741 3063 isti
1772 3008 1986 3080 regulas

407 3110 606 3151 aureas
636 3095 703 3151 de
728 3092 967 3161 Iericho,
989 3103 1045 3150 et
1062 3095 1510 3166 philosophorum
1539 3108 1740 3153 sectam
1767 3115 1872 3154 non
1901 3114 1987 3154 re.

376 3196 549 3243 'ctam
576 3187 630 3241 in
658 3185 954 3255 Ecciesiam
981 3188 1159 3243 conati
1184 3196 1308 3243 sunt
1336 3188 1698 3257 introducere,
1720 3199 1777 3245 et
1801 3204 1987 3247 macu-

402 3277 521 3333 lare
564 3293 779 3332 onmem
824 3277 1120 3333 Ecclesiam
1158 3278 1402 3346 Domini,
1434 3280 1507 3334 ita
1539 3288 1598 3335 ut
1630 3281 1987 3351 perdereutur

403 3367 559 3423 multi
587 3383 688 3439 per
711 3381 826 3423 eos.
848 3360 1077 3438 Ideoque
1101 3367 1293 3437 abjecti
1319 3384 1418 3440 pro
1446 3371 1808 3439 anathemate,
1831 3374 1985 3443 quasi

403 3473 604 3515 acervo
634 3458 894 3529 lapidum,
924 3459 996 3514 ita
1026 3461 1367 3516 multitudine
1392 3469 1735 3532 peccatorum
1763 3479 1985 3520 suorum

402 3548 648 3618 oppressi
675 3556 837 3616 atque
860 3547 1115 3603 exstincti
1140 3555 1284 3603 sunt.

479 3637 609 3693 Filii
635 3648 809 3692 autem
848 3636 1052 3692 Ilesron
1090 3640 1177 3709 qui
1222 3640 1331 3693 nati
1371 3648 1493 3694 sunt
1533 3641 1600 3707 ei,
1631 3639 1912 3707 Jerameel,
1937 3651 1986 3696 et

410 3726 564 3793 Rom,
595 3738 640 3781 et
671 3723 878 3803 Calubi.
903 3725 1089 3783 Calubi
1117 3727 1230 3803 ipse
1260 3737 1343 3784 est
1367 3728 1548 3795 Caleb,
1575 3745 1715 3785 unus
1744 3739 1828 3785 est
1855 3732 1987 3786 duo-

406 3817 579 3873 decim
610 3816 1043 3887 exploratoribus
1077 3819 1168 3889 qui
1210 3820 1360 3874 missi
1398 3818 1619 3875 fuerunt
1646 3834 1678 3874 a
1713 3819 1891 3895 Moyse
1919 3835 1987 3876 ex

408 3908 621 3964 deserto
652 3908 706 3962 in
738 3916 935 3963 terram
972 3908 1227 3965 Chanaan
1265 3909 1333 3963 ad
1369 3909 1647 3966 videndam
1678 3918 1875 3965 terram
1901 3926 1988 3966 re-

409 4000 787 4070 promissionis
819 3998 1006 4073 (Num.
1036 4000 1188 4075 Illi);
1223 3992 1471 4071 idemque
1499 4017 1619 4057 cum
1653 4002 1848 4067 Josue,
1877 4002 1987 4059 ﬁlio

404 4089 545 4156 Nun,
564 4089 709 4145 solus
733 4106 799 4145 ex
825 4092 1073 4146 omnibus
1096 4091 1227 4147 viris
1250 4092 1341 4161 qui
1370 4091 1435 4146 de
1459 4090 1692 4163 Egypto
1716 4092 1985 4159 exierunt,

406 4179 460 4234 in
521 4189 724 4233 terram
778 4180 1212 4250 repromissionis
1260 4180 1521 4247 intravit,
1569 4189 1625 4236 et
1679 4182 1986 4237 suburbana

406 4267 622 4323 Hebron
655 4268 707 4322 in
739 4270 1137 4339 possessionem
1170 4272 1391 4342 recepit.
1423 4271 1559 4327 Nam
1594 4271 1810 4340 Calubi,
1844 4275 1988 4344 quod

408 4359 462 4414 in
495 4359 941 4431 Paralipomenon
977 4360 1192 4435 legitur,
1219 4365 1363 4419 canis
1399 4381 1543 4418 meus
1582 4364 1982 4434 interpretatur.

2080 1829 2222 1899 ﬁlius
2250 1827 2499 1885 Semmaa
2534 1828 2716 1900 fratris
2745 1827 2915 1884 David
2941 1826 3029 1903 (II
3054 1827 3179 1901 Reg.
3204 1828 3341 1901 xm).
3364 1829 3433 1884 Et
3465 1839 3664 1886 notan-

2082 1920 2206 1975 dum
2230 1959 2248 1986 ,
2296 1917 2438 1990 quod
2484 1919 2790 1989 ubicunque
2837 1919 3095 1990 propheta
3141 1928 3395 1975 vocatur.
3439 1919 3663 1975 Nathan

2082 2006 2358 2071 scribitur,
2379 2021 2507 2072 non,
2530 2003 2820 2060 Jonathan.

2153 2097 2285 2152 Filii
2330 2097 2533 2154 Sarvite
2557 2110 2576 2150 :
2601 2095 2800 2163 Abisai,
2831 2094 3043 2175 Joab‘et
3072 2096 3226 2151 Asael
3248 2137 3262 2164 ,
3290 2107 3415 2152 tres.
3452 2097 3667 2169 Abigail

2083 2197 2255 2243 autem
2278 2189 2455 2260 genuit
2483 2186 2699 2253 Amasa,
2736 2187 2887 2258 cujus
2910 2195 3059 2259 pater
3082 2185 3182 2256 fuit
3223 2186 3403 2241 Jether
3424 2187 3668 2242 Ismahe-

2084 2277 2222 2334 Iites.
2254 2277 2408 2346 Quod
2435 2279 2492 2332 in
2515 2277 2744 2348 Paralip.
2789 2276 2985 2349 legitur
3021 2277 3219 2332 Amasa
3253 2277 3393 2334 ﬁlius
3417 2293 3537 2334 esse
3566 2279 3665 2333 Je-

2085 2370 2200 2424 ther
2245 2368 2585 2435 Ismahelitis,
2611 2378 2666 2425 et
2693 2369 2746 2423 in
2771 2367 3000 2440 Regum,
3027 2362 3231 2424 ‘Jethra
3267 2369 3528 2425 Israelitis
3574 2369 3663 2442 (11

2086 2458 2215 2531 Reg.
2243 2457 2410 2531 xvu);
2441 2467 2661 2529 propter
2711 2459 3028 2513 meritorum
3073 2459 3386 2529 qualitatem
3431 2461 3547 2516 hanc
3582 2461 3667 2516 di-

2085 2547 2315 2604 versitas
2364 2548 2642 2602 nominum
2681 2555 2807 2602 nata
2835 2556 2936 2603 est.
2970 2547 3102 2602 Nam
3129 2545 3335 2613 Jetbra,
3370 2550 3664 2616 residuum,

2087 2638 2489 2709 interpretatur,
2533 2636 2721 2694 Jether
2764 2653 2911 2707 vero,
2958 2634 3222 2694 modicum
3263 2641 3567 2706 residuum;
3608 2654 3667 2698 ct

2091 2728 2307 2784 residue
2335 2727 2581 2800 jungitur
2609 2722 2898 2795 lsraelitis;
2948 2728 3269 2800 modicoque
3327 2728 3543 2791 residuo
3590 2731 3666 2787 ls-

2091 2820 2342 2876 maelitis.

2158 2908 2315 2964 Caleb
2350 2924 2488 2977 vero,
2519 2908 2661 2979 ﬁlius
2692 2907 2918 2977 Hesron,
2954 2911 3147 2983 accepit
3187 2927 3421 2979 uxorem,
3456 2915 3671 2970 nomine

2090 2998 2292 3065 Azuba,
2330 3001 2395 3055 dc
2425 3016 2530 3071 qua
2572 3002 2748 3071 genuit
2785 3000 3021 3066 Jerioth;
3069 2996 3281 3072 fuerunt
3321 3018 3522 3074 quoque
3562 3002 3671 3072 ﬁlii

1990 3075 2057 3149 ,C
2087 3088 2202 3158 ejus
2225 3088 2385 3143 laser
2412 3098 2461 3143 et
2486 3088 2657 3145 Sobab
2683 3099 2732 3144 et
2757 3087 2957 3144 Ardon.
2986 3087 3220 3161 Cumque
3245 3102 3455 3147 mortua
3478 3093 3670 3162 fuisset

2084 3180 2284 3245 Azuba,
2309 3182 2506 3252 accepit
2530 3196 2749 3235 uxorem
2775 3180 2931 3236 Caleb
2963 3180 3219 3253 Ephrata,
3254 3199 3371 3254 qua:
3396 3184 3596 3254 peperit
3620 3187 3673 3240 ei

2087 3271 2230 3339 Hur,
2261 3282 2317 3329 et
2347 3273 2502 3344 reliq.
2535 3272 2775 3344 Ephrata
2817 3274 2928 3344 ipsa
2962 3281 3047 3329 est
3075 3273 3242 3329 Maria
3270 3289 3424 3330 soror
3455 3274 3669 3347 Moysi;

2086 3377 2224 3433 quae,
2250 3373 2532 3435 postquam
2563 3373 2774 3419 mortua
2804 3362 3324 3436 fuitAzuba,nupsit
3342 3363 3524 3431 Oaleb,
3543 3382 3674 3436 quae

2086 3455 2295 3525 peperit
2320 3456 2372 3512 ei
2403 3454 2537 3522 Hur,
2567 3464 2776 3526 patrem
2807 3455 2922 3520 Uri,
2966 3470 3125 3510 avum
3149 3454 3406 3522 Bezeleei,
3430 3457 3519 3526 qui
3550 3474 3674 3512 ma-

2086 3546 2259 3615 gister
2299 3545 2566 3601 artiﬁcum
2631 3545 2734 3600 fuit
2776 3545 2829 3600 in
2877 3546 3275 3603 constructione
3327 3548 3670 3603 tabernaculi

2088 3636 2141 3690 in
2168 3635 2383 3691 deserto
2406 3636 2547 3691 sicut
2575 3638 2629 3693 in
2658 3635 2844 3692 Exodo
2868 3635 3063 3708 legitur
3085 3635 3282 3708 (Exod.
3314 3651 3465 3703 xxxx,
3492 3652 3671 3707 xxxv,

2086 3743 2250 3781 xxxw
2275 3738 2322 3781 et
2347 3726 2579 3800 xxxvii).

2159 3819 2328 3876 Porro
2360 3820 2499 3876 Hur.
2545 3822 2663 3891 ipse
2710 3829 2792 3877 est
2842 3821 2909 3877 de
2958 3834 3065 3892 quo
3118 3819 3400 3893 Scriptura
3452 3830 3669 3888 narrat,

2088 3913 2249 3984 quod,
2306 3912 2523 3984 quando
2569 3911 2750 3978 Josue,
2799 3911 2941 3967 ﬁlius
2988 3910 3130 3979 Nun,
3186 3913 3433 3968 minister
3494 3913 3674 3985 Moysi

2087 4004 2406 4076 pugnaverit
2433 4021 2556 4060 cum
2586 4004 2709 4059 ﬁliis
2734 4005 2896 4060 lsrael
2923 4012 3110 4060 contra
3134 4004 3418 4072 Amalech;
3451 4015 3676 4062 susten-

2090 4105 2267 4152 tarent
2289 4113 2481 4152 manus
2508 4095 2675 4169 Moysi
2704 4097 2884 4153 Aaron
2912 4106 2967 4153 et
2999 4097 3132 4165 Hur,
3165 4098 3384 4154 sedente
3407 4113 3473 4154 eo
3499 4115 3677 4170 super

2089 4185 2348 4255 lapidem;
2380 4194 2437 4242 et
2476 4185 2677 4241 factum
2723 4195 2834 4252 est,
2872 4195 2931 4240 ut
2963 4201 3157 4243 manus
3194 4188 3361 4258 ipsius
3405 4203 3511 4242 non
3562 4188 3681 4243 las-

2089 4287 2343 4332 sarentur
2367 4292 2539 4348 usque
2564 4277 2630 4331 ad
2658 4291 2907 4333 occasum
2939 4277 3069 4333 solis
3094 4277 3293 4350 (Exod.
3319 4279 3473 4351 xvn).

2151 4367 2277 4421 Post
2290 4367 2399 4422 haec
2419 4368 2680 4438 ingressus
2698 4377 2772 4422 est
2788 4366 2992 4423 Hesron
3004 4368 3073 4422 ad
3088 4368 3255 4437 ﬁliam
3272 4367 3480 4423 Machir
3497 4372 3681 4440 patris

407 4449 614 4506 Nomen
657 4467 789 4508 vero
835 4431 1187 4525 Caleb,‘quod
1214 4436 1487 4526 ‘ineptatio
1532 4454 1648 4528 (sic)
1694 4431 2066 4525 invenitur,D
2093 4453 2321 4523 Calaad,
2364 4464 2413 4512 et
2453 4431 2649 4526 decepit
2696 4472 2831 4523 eam,
2873 4473 2992 4510 cum
3030 4431 3162 4513 esset
3204 4475 3464 4514 annorum
3497 4431 3685 4516 ἐθεη-

408 4539 654 4597 absolute
678 4543 823 4597 canis
849 4543 1068 4597 dicitur.
1099 4542 1210 4597 Nec
1237 4559 1345 4598 non
1372 4552 1427 4599 et
1455 4544 1583 4598 illud
1611 4545 1698 4600 hic
1725 4545 1987 4601 intiman-

407 4634 534 4687 dum
564 4640 668 4697 est,
698 4634 840 4701 quod
866 4632 1075 4687 Hesron
1105 4642 1159 4687 et
1180 4618 1421 4705 Jephone
1448 4636 1608 4690 unius
1635 4637 1868 4694 hominis
1893 4654 1990 4695 no-

406 4709 554 4779 mina
592 4732 739 4777 sunt.
766 4722 917 4779 Unde
948 4723 1233 4793 aliquando
1260 4724 1423 4780 Caleb
1451 4725 1594 4781 ﬁlius
1622 4726 1829 4784 Hesron
1850 4770 1863 4795 ,
1890 4729 1989 4785 ali—

409 4813 626 4883 quando
654 4822 833 4869 autem
862 4812 1004 4868 ﬁlius
1028 4812 1269 4884 .lephone
1292 4830 1413 4871 esse
1437 4815 1650 4888 legitur.

483 4902 656 4960 Porro
705 4904 842 4959 Rom
897 4907 1071 4976 genuit
1121 4892 1436 4962 Aminadab.
1477 4909 1772 4965 Aminadab
1817 4922 1988 4967 autem

409 4998 585 5067 genuit
615 4995 901 5071 Nahqsson
934 4997 1217 5073 principem
1251 4999 1481 5068 ﬁliorum
1511 5000 1674 5055 Juda.
1709 5000 1991 5059 Nahasson

409 5102 611 5158 quoque
641 5088 816 5158 genuit
846 5086 1062 5153 Saluta,
1088 5088 1151 5142 de
1179 5100 1280 5159 quo
1314 5099 1457 5144 ortus
1492 5100 1565 5144 est
1600 5089 1764 5146 Boos.
1791 5091 1992 5147 Notan-

412 5178 538 5232 dum
566 5188 748 5232 autem
777 5179 922 5249 quod
952 5179 1006 5234 in
1036 5179 1480 5250 Paralipomenon
1513 5180 1693 5238 Salma
1716 5201 1830 5254 par,
1857 5186 1991 5240 scri-

409 5267 585 5334 bitur;
633 5269 688 5323 in
734 5269 878 5325 Ruth
922 5284 1053 5326 vero
1102 5268 1320 5349 Salmon
1372 5270 1557 5347 (Ruth.
1589 5272 1686 5345 1v),
1716 5275 1988 5345 paciﬁcus,

411 5358 830 5415 demonstratur.

483 5450 629 5505 Booz
651 5468 769 5508 vero
798 5453 972 5524 genuit
998 5452 1164 5521 Obed,
1191 5456 1281 5527 qui
1306 5465 1353 5510 et
1379 5456 1487 5528 ipse
1514 5456 1691 5528 genuit
1721 5456 1854 5513 Isai.
1879 5457 1991 5531 Isai

411 5556 583 5600 autem
617 5547 791 5617 genuit
827 5548 1227 5619 primogenitum
1260 5548 1437 5614 Eliab,
1462 5552 1744 5605 secundum
1775 5552 1992 5608 Amina-

410 5633 538 5704 dab,
562 5637 769 5693 tertium
810 5636 1083 5711 Simma'a,
1110 5651 1351 5709 quartum
1402 5638 1720 5709 Nathanael,
1750 5644 1986 5713 quintum

2090 4550 2254 4620 ginta,
2277 4564 2394 4619 qua:
2417 4548 2610 4619 peperit
2629 4548 2678 4602 ei
2701 4547 2890 4619 Segub.
2926 4550 3031 4604 Sed
3052 4559 3100 4604 et
3123 4548 3296 4621 Segub
3320 4552 3496 4623 genuit
3520 4551 3677 4618 Jm’r,

2091 4647 2139 4694 et
2167 4638 2392 4708 possedit
2428 4638 2608 4709 viginti
2636 4647 2739 4693 tres
2765 4639 3000 4694 civitates
3048 4641 3104 4693 in
3147 4649 3287 4695 terra
3334 4637 3570 4709 Galaad,
3610 4654 3680 4698 et

2094 4730 2250 4802 reliq.
2293 4730 2420 4786 Post
2444 4731 2576 4797 haec,
2612 4729 2761 4797 dicit,
2789 4731 2894 4785 hoc
2927 4737 3030 4797 est,
3070 4741 3354 4803 postquam
3382 4747 3451 4787 ex
3478 4733 3681 4791 Aruba

2092 4831 2147 4877 et
2172 4822 2409 4892 Ephrata
2444 4821 2681 4893 suscepit
2709 4820 2870 4886 ﬁlios,
2910 4822 3185 4893 ingressus
3223 4830 3309 4878 est
3349 4821 3558 4878 Hesron
3597 4826 3679 4881 ad

2092 4912 2258 4968 ﬁliam
2284 4912 2488 4969 Machir
2522 4914 2694 4983 patris
2731 4911 2954 4969 Galaad.
2997 4914 3205 4969 Machir
3243 4928 3371 4970 vero
3399 4915 3546 4971 ﬁlius
3570 4915 3685 4974 fuit

2093 5001 2337 5059 Manasse
2376 5003 2470 5059 ﬁlii
2497 5002 2733 5075 Ioseph:
2785 5004 2874 5073 qui
2917 5004 3057 5058 ultra
3092 5001 3386 5060 Iordanem
3426 5009 3685 5077 suscepit

2091 5095 2477 5162 haereditatem,
2507 5094 2685 5165 Moyse
2711 5094 2982 5151 tribuente
3008 5093 3064 5149 in
3092 5102 3238 5151 terra
3257 5094 3481 5151 Galaad.
3510 5097 3686 5156 Unde

2090 5187 2147 5241 in
2171 5186 2307 5242 libro
2332 5186 2688 5241 Numerorum
2711 5186 2972 5256 scriptum
2997 5194 3081 5241 est
3105 5203 3119 5240 :
3149 5184 3307 5241 Dedit
3329 5187 3686 5260 ergoHogses

2091 5286 2286 5332 terram
2310 5276 2517 5332 Galaad
2548 5276 2757 5330 Machir
2797 5277 2910 5347 ﬁlio
2957 5276 3225 5345 Manasse,
3270 5278 3364 5349 qui
3412 5278 3687 5336 habitavit

2092 5367 2148 5420 in
2177 5384 2258 5422 ea.
2288 5366 2409 5421 Jair
2437 5376 2612 5420 autem
2632 5366 2776 5435 ﬁlius
2808 5365 3055 5424 Manasse
3073 5368 3199 5423 abiit
3222 5376 3273 5422 et
3297 5369 3570 5438 occuparit
3597 5372 3691 5425 ri-

2092 5475 2181 5513 cos
2208 5459 2322 5528 ejus
2346 5499 2360 5524 ,
2411 5474 2542 5528 quos
2589 5456 2863 5529 appellavit
2894 5457 3099 5513 Havoth
3138 5458 3260 5513 Jair
3301 5457 3493 5531 [villas
3520 5456 3685 5534 Jair]

2095 5548 2283 5620 (Nam.
2309 5547 2502 5619 χχχιι).
2525 5547 2604 5601 Ex
2630 5548 2934 5603 nominibus
2958 5562 3089 5618 ergo
3112 5549 3372 5619 majorum
3392 5554 3692 5620 possessio

2095 5640 2328 5696 ﬁliorum
2359 5655 2550 5694 nomen
2577 5640 2803 5709 accepit.
2833 5639 2937 5695 Sed
2970 5649 3025 5695 et
3050 5640 3151 5695 hoc
3178 5641 3494 5709 notandum,
3528 5646 3690 5713 quod
