3912 6160
314 202 426 258 293

1248 203 1598 262 COMMENT.
1636 207 1706 263 IN
1744 208 2294 271 PARALIPOMENA.
2327 241 2396 252 -——
2428 211 2554 267 LIB.
2594 214 2632 268 l.

3474 234 3580 310 est

307 314 427 407 iste
448 311 745 407 Jairjudes
774 312 1023 407 fuit
1038 313 1236 407 il‘hola,
1272 326 1320 371 et
1339 316 1597 388 judicavit
1626 317 1796 373 Israel
1816 336 1910 391 per
1935 330 1980 391 Α
2080 322 2237 394 Epha
2264 334 2459 391 autem,
2508 327 2795 382 concubina
2843 327 3022 399 Caleb,
3060 338 3253 407 peperit
3302 339 3491 400 Haran
3528 360 3577 402 et

310 403 614 496 227-anros,
653 404 852 496 habens
889 404 958 459 50
986 402 1129 496 filios
1151 407 1397 496 sedentes
1435 426 1592 480 super
1629 408 1698 464 50
1731 409 1902 480 pullos
2006 409 2159 467 Mosa
2185 424 2233 469 et
2257 412 2444 471 Gezes.
2489 413 2663 472 Porro
2710 417 2897 475 tiaran
2919 402 3316 496 genuitﬂGezez,
3344 440 3451 487 etc.
3476 435 3578 491 Ge:

311 495 694 594 ch-namm"‘et
716 492 958 565 princeps
998 493 1070 594 εἷο
1110 495 1396 594 cit-limem,
1440 512 1562 594 quae
1592 513 1659 554 ex
1685 499 1902 594 nomine
2004 517 2098 558 zez
2152 504 2542 577 interpretatur
2585 519 2783 566 tonsor.
2842 492 2995 577 Unde
3028 530 3060 585 a
3106 492 3312 577 Judteis
3355 533 3575 594 putatur

309 582 449 675 eius
477 581 760 675 appellata:
797 590 951 651 sunt,
989 583 1128 639 sicut
1169 585 1224 639 in
1265 584 1405 643 libro
1433 585 1679 645 Judicum
1707 587 1901 660 legitur
2002 590 2119 662 ipse
2140 608 2261 662 esse
2280 595 2447 653 Nabal
2472 597 2772 668 Carmelus,
2804 604 2897 673 qui
2926 581 3140 673 quando
3167 581 3426 669 tondebat
3445 581 3576 675 oves

307 671 368 745 {1
373 671 467 725 uti.
499 671 579 746 ι).

383 761 522 817 Cum
570 769 747 818 autem
788 773 1027 819 mortuus
1077 773 1208 820 esset
1260 764 1492 834 Hesrou,
1526 768 1789 840 ingressus
1822 780 1898 825 est

310 850 475 925 Caleb
513 852 584 906 ad
626 851 889 923 Ephrata.
938 853 1139 908 Habuit
1183 872 1385 929 quoque
1431 856 1637 912 Hesron
1682 876 1897 914 uxorem

306 942 465 1009 Abia,
497 960 619 1015 quia
658 946 859 1015 peperit
904 947 954 1000 ei
991 945 1190 1013 Ashur,
1237 958 1439 1018 patrem
1490 948 1715 1011 Thecue.
1769 950 1897 1006 Post

307 1041 543 1090 mortem
563 1035 737 1104 patris
757 1033 1006 1106 conjugio
1018 1035 1181 1094 Caleb
1201 1037 1303 1095 sibi
1326 1039 1615 1094 associavit
1634 1041 1893 1111 Ephrata,

310 1126 406 1182 sed
449 1135 639 1181 utrum
675 1127 733 1182 in
772 1125 1028 1199 Egypto,
1060 1142 1127 1182 an
1159 1129 1212 1183 in
1248 1130 1481 1195 deserto,
1513 1147 1619 1188 non
1650 1142 1892 1204 apparet.

309 1215 522 1271 llesron
555 1225 740 1273 autem
770 1225 1020 1288 quartam
1065 1218 1254 1273 habuit
1299 1235 1525 1277 uxorem
1571 1220 1728 1288 Abia,
1773 1238 1895 1293 qua:

306 1309 521 1377 peperit
549 1309 597 1364 ei
629 1308 826 1375 Ashur,
857 1318 1064 1382 patrem
1094 1311 1312 1368 Thecue
1341 1311 1426 1386 (II
1451 1313 1580 1385 Reg.
1616 1314 1749 1389 xw).
1789 1315 1894 1372 Sed

306 1410 490 1454 utrum
523 1401 578 1456 in
604 1410 853 1467 caeteras,
902 1416 970 1454 an
1009 1409 1132 1471 post
1159 1411 1385 1458 caeteras
1411 1420 1624 1472 uxores,
1649 1422 1753 1460 non
1783 1407 1895 1461 evi-

307 1491 499 1547 denter
522 1493 848 1548 ostenditur.
879 1494 1095 1551 Thecue
1116 1495 1306 1552 civitas
1334 1505 1415 1551 est
1442 1499 1506 1552 de
1530 1514 1635 1569 qua
1664 1501 1893 1571 sumpsit

304 1578 440 1636 Joab
482 1582 767 1639 mulierem
808 1583 1125 1654 sapientem,
1146 1600 1270 1654 qua:
1294 1601 1418 1641 cum
1445 1602 1571 1659 rege
1596 1588 1770 1645 David
1796 1606 1894 1661 per

2001 699 2147 780 suas,
2195 690 2413 780 nuntios
2456 691 2623 748 David
2667 694 2734 763 ad
2776 710 2836 752 se
2878 697 3073 765 missos
3101 700 3310 774 ingrate
3338 709 3576 780 suscepit

2001 774 2054 848 (Ι
2078 775 2207 848 Reg.
2236 779 2385 851 xxv).

2071 865 2147 920 Hi
2169 878 2318 925 erant
2344 869 2443 939 filii
2480 868 2657 927 Caleb.
2700 872 2850 930 Tunc
2886 878 3207 948 recapitulat
3244 881 3439 940 iterum
3479 903 3573 961 ge,-

1998 961 2333 1016 nerationem
2369 961 2533 1019 Caleb
2568 963 2635 1019 de
2671 965 2930 1037 Ephrata,
2976 986 3138 1040 quam
3187 981 3311 1030 ante
3347 978 3572 1046 dimisit,

1997 1051 2212 1119 quando
2242 1051 2356 1106 Hur
2376 1053 2441 1109 de
2462 1070 2520 1110 se
2549 1056 2787 1126 genitum
2816 1059 2884 1115 de
2912 1059 3172 1133 Ephrata,
3203 1065 3308 1121 hoc
3330 1077 3432 1136 est,
3461 1070 3572 1126 Ma-

1997 1136 2078 1191 ria
2111 1153 2298 1195 sorore
2322 1139 2514 1212 Moysi,
2540 1146 2798 1205 narravit.

2070 1227 2201 1283 Filii
2224 1227 2347 1283 Hur
2368 1233 2698 1302 primogeniti
2724 1234 2981 1306 Ephrata,
3008 1238 3175 1294 Sobal
3196 1252 3348 1312 pater
3383 1244 3571 1303 Caria-

1995 1318 2232 1385 tliiarim,
2266 1319 2450 1375 Salma
2481 1331 2631 1392 pater
2666 1322 2990 1395 Betltlehent,
3031 1329 3193 1400 Ariplt
3230 1341 3380 1402 pater
3405 1335 3564 1392 Beth-

1992 1408 2174 1479 gader.
2221 1408 2599 1466 Cariathiarim
2643 1419 2697 1467 et
2720 1413 3031 1472 Bethlehem
3058 1427 3113 1475 et
3138 1418 3441 1493 Bethgader
3467 1441 3569 1481 no-

1994 1499 2144 1553 mina
2174 1498 2418 1555 locorum
2454 1508 2616 1571 atque
2642 1504 2923 1560 civitatum
2964 1518 3107 1575 sunt,
3150 1512 3217 1566 ab
3256 1515 3568 1572 auctoribus

1994 1588 2107 1644 suis
2128 1604 2193 1644 ac
2220 1592 2626 1661 possessoribus
2652 1603 2976 1665 nuncupata.
3007 1598 3143 1653 Nam
3165 1600 3564 1673 Cariathiarim,

270 1663 717 1727 'similitudinem
749 1671 845 1727 ﬁlii
884 1673 967 1728 sui
1002 1672 1291 1743 paciﬁcare
1319 1677 1525 1734 studuit
1547 1676 1890 1745 Absalonem,
1921 1683 1967 1742 B
1996 1694 2115 1750 quae
2144 1690 2200 1736 et
2222 1680 2504 1737 Cariadbal
2546 1684 2764 1751 dicitur,
2811 1663 2913 1742 hoc
2956 1696 3039 1744 est
3085 1690 3268 1747 civitas
3313 1663 3564 1763 saltuum,

305 1760 447 1815 sicut
469 1760 524 1814 in
554 1760 695 1816 libro
718 1761 928 1833 Regum
952 1761 1169 1834 legitur.

381 1850 515 1905 Nati
538 1861 661 1905 sunt
691 1862 865 1907 autem
893 1852 993 1922 ﬁlii
1011 1851 1267 1908 Jerarniel
1289 1855 1620 1926 primogeniti
1644 1852 1888 1910 Hesron:

307 1939 473 2010 liam,
515 1942 893 2014 primogenitus
921 1942 1058 2013 ejus,
1086 1953 1134 1997 et
1157 1942 1311 1998 Buna
1337 1952 1384 1997 et
1411 1943 1555 1997 Aran
1582 1953 1630 1998 et
1655 1944 1815 1998 Asum
1842 1953 1889 1999 et

280 2033 493 2105 .Achia.
534 2032 811 2088 Hactenus
848 2048 978 2104 ergo
1012 2034 1245 2103 scriptor
1270 2034 1510 2091 historia:
1538 2036 1709 2090 texuit
1728 2050 1890 2106 gene-

298 2123 569 2178 rationem
610 2121 841 2179 duorum
869 2122 1102 2178 ﬁliorum
1134 2124 1341 2180 Hesron
1367 2125 1751 2195 posteriorum,
1786 2126 1890 2182 hoc

297 2224 386 2270 est
424 2213 563 2269 llam
601 2224 657 2269 et
691 2213 875 2269 Caleh.
928 2214 1008 2270 De
1039 2216 1235 2286 quibus
1274 2215 1396 2270 ideo
1433 2216 1584 2287 prius
1624 2218 1886 2281 narravit,

297 2306 427 2376 quia
453 2307 657 2377 regiam
678 2313 733 2362 et
756 2305 1147 2361 sacerdotalem
1167 2306 1349 2378 aliquo
1371 2308 1530 2361 modo
1552 2307 1889 2367 innotescere

295 2396 473 2452 voluit
514 2398 854 2467 dignitatem.
898 2395 1054 2453 Nunc
1092 2407 1271 2452 autem
1302 2399 1367 2453 ad
1393 2398 1757 2469 primogeniti,
1784 2401 1889 2455 hoc

294 2499 401 2552 est,
428 2486 692 2544 Jerameel
716 2489 1107 2562 genealogiam,
1147 2505 1309 2562 quam
1338 2498 1494 2546 antea
1524 2492 1712 2559 tacuit,
1748 2493 1889 2548 redit

295 2579 731 2648 exprimendam.

353 2670 519 2725 Duxit
536 2688 739 2743 quoque
749 2689 971 2731 uxorem
981 2674 1201 2731 alteram
1216 2673 1497 2743 lerameel,
1513 2677 1719 2733 nomine
1731 2675 1889 2732 Atha-

297 2780 387 2827 ra,
410 2779 528 2833 qua:
550 2763 650 2832 [uit
681 2775 848 2820 mater
874 2764 1064 2820 Onam.
1102 2765 1276 2820 Onam
1296 2766 1451 2821 ﬁlius
1473 2766 1754 2831 Jerameel,
1791 2766 1886 2821 ﬁlii

296 2851 529 2921 llesron,
557 2870 752 2910 nomen
782 2856 989 2927 accepit
1019 2858 1086 2913 ab
1105 2857 1258 2917 Onan
1282 2858 1392 2914 ﬁlio
1426 2857 1606 2925 Judte,
1630 2859 1722 2929 qui
1748 2873 1888 2913 mor-

296 2957 426 3003 tuus
457 2957 575 3015 est;
603 2950 698 3005 sed
747 2951 801 3005 in
842 2966 907 3008 eo
945 2950 1219 3019 diﬁerunt,
1258 2955 1401 3024 quod
1449 2952 1590 3009 ﬁlius
1631 2952 1781 3009 Judte
1828 2953 1883 3007 in

295 3036 528 3094 Hebraeo
548 3054 647 3110 per
670 3039 725 3094 Ν
728 3057 819 3108 un,
839 3040 980 3097 ﬁlius
1000 3057 1133 3098 vero
1153 3040 1417 3100 Jerameel
1440 3059 1539 3114 per
1564 3040 1727 3098 Onem
1751 3043 1895 3099 seria
1910 3027 1955 3090 C

293 3128 519 3185 buntur.

374 3219 518 3275 Nam
550 3231 726 3276 autem
768 3221 949 3276 habuit
982 3222 1123 3293 ﬁlios
1166 3221 1336 3279 Semei
1364 3234 1413 3279 et
1433 3222 1597 3277 Jada.
1633 3222 1762 3277 Filii
1787 3240 1884 3278 au-

297 3319 400 3363 tem
440 3310 651 3376 Semei,
689 3310 884 3366 Nadab
924 3322 973 3366 et
1017 3312 1227 3367 Abisur.
1283 3312 1490 3369 Nomen
1537 3331 1652 3369 vero
1702 3316 1885 3370 uxoris

297 3401 517 3467 Abisur,
548 3400 760 3472 Abigail
804 3419 922 3474 quae
974 3406 1169 3474 peperit
1208 3406 1256 3458 ei
1302 3405 1555 3459 Altobban
1598 3416 1646 3461 et
1690 3406 1881 3461 Molid.

301 3490 435 3546 Filii
458 3502 635 3547 autem
673 3492 869 3548 Nadab
907 3494 1121 3564 [uerunt
1153 3494 1316 3550 Saled
1351 3505 1398 3550 et
1424 3496 1702 3567 Apphaim.
1733 3496 1883 3551 Mor-

298 3593 422 3636 tuus
460 3592 538 3637 est
577 3592 753 3638 autem
790 3582 950 3639 Suled
988 3586 1180 3657 absque
1205 3584 1405 3641 liberis.
1436 3585 1615 3642 Filius
1636 3604 1755 3643 vero
1777 3587 1884 3659 Ap-

295 3675 500 3743 plurim,
523 3672 659 3741 1εεί,
689 3676 777 3747 qui
806 3674 922 3729 Jesi
943 3678 1120 3747 genuit
1151 3674 1338 3732 Sesan.
1382 3676 1555 3732 Porro
1594 3677 1760 3734 Sesan
1799 3696 1887 3751 ge-

300 3765 418 3817 nuit
466 3763 682 3833 Oholai,
713 3774 768 3821 et
799 3766 953 3837 reliq.
999 3767 1242 3838 Denique
1290 3768 1450 3823 istum
1490 3767 1680 3825 Oholai
1714 3770 1885 3826 ﬁlium

298 3855 444 3910 Esau
473 3854 671 3923 Sesau,
699 3858 792 3927 qui
834 3856 934 3912 fuit
972 3857 1114 3915 ﬁlius
1153 3857 1287 3924 Jesi,
1337 3860 1432 3915 ﬁlii
1473 3860 1761 3931 Apphaim,
1789 3861 1883 3917 ﬁlii

296 3947 509 4014 Nadab,
552 3948 647 4003 ﬁlii
683 3947 886 4016 Semei,
927 3948 1022 4003 ﬁlii
1051 3949 1242 4015 Onam,
1276 3950 1371 4005 ﬁlii
1395 3944 1663 4007 Jerameel
1687 3952 1887 4022 primo-

296 4040 467 4111 geniti
515 4037 748 4105 Hesron,
780 4038 874 4093 ﬁlii
901 4040 1122 4106 Phares,
1148 4040 1250 4095 ﬁlii
1275 4037 1431 4107 Juda,
1459 4040 1643 4095 dicunt
1675 4039 1885 4096 Hebraei

296 4148 421 4190 esse
466 4133 784 4201 Elimelecb,
837 4135 1014 4190 virum
1062 4133 1271 4201 Noemi,
1318 4142 1530 4204 patrem
1576 4133 1786 4189 Maalon
1830 4143 1887 4190 et

297 4226 485 4283 Celion
510 4244 526 4294 ;
557 4236 613 4282 et
635 4226 756 4282 ideo
780 4226 1039 4297 scriptum
1065 4226 1120 4282 in
1139 4227 1510 4297 sequentibus,
1541 4227 1685 4298 quod
1712 4226 1882 4282 Sesan

298 4333 411 4373 non
440 4317 631 4372 habuit
655 4315 849 4384 ﬁlium,
880 4318 974 4373 sed
1002 4316 1164 4384 ﬁlios,
1196 4317 1450 4388 quoniam
1471 4319 1576 4374 duo
1596 4319 1881 4374 memorati

297 4411 383 4467 sui
409 4410 504 4465 ﬁlii
530 4411 736 4480 absque
757 4409 944 4465 liberis
966 4411 1164 4465 mortui
1193 4419 1337 4466 sunt.

372 4501 507 4557 Filii
539 4513 717 4556 autem
752 4498 911 4559 Caleb
941 4502 1125 4573 fratris
1162 4501 1463 4557 Jerameel:
1507 4503 1654 4557 Mesa
1688 4504 1886 4575 primo-

295 4594 507 4665 genitus
534 4592 653 4664 ejus
676 4607 695 4646 .'
722 4594 832 4665 ipse
861 4606 935 4649 est
969 4604 1119 4665 pater
1145 4593 1301 4666 Ziplt,
1352 4605 1400 4650 et
1444 4595 1544 4665 ﬁlii
1587 4596 1797 4653 Maresa
1836 4605 1885 4651 et

294 4686 468 4757 patris
511 4683 750 4752 Hebron,
791 4694 849 4741 et
893 4684 1049 4757 neliq.
1100 4684 1233 4754 Ziph
1264 4700 1461 4740 nomen
1482 4684 1585 4740 loci
1608 4693 1694 4740 est
1723 4699 1886 4756 aquo

294 4778 521 4833 fuerunt
546 4776 772 4849 Zipbai,
800 4776 894 4846 qui
924 4784 1184 4833 venerunt
1219 4779 1286 4833 ad
1312 4775 1442 4831 Saul
1471 4775 1523 4851 (1
1546 4775 1676 4848 Reg.
1701 4779 1881 4850 mu).

298 4870 569 4928 Similiter
588 4878 645 4926 et
667 4867 884 4925 Hebrou
906 4868 1058 4925 locus
1091 4869 1185 4927 ubi
1216 4869 1461 4942 regnavit
1485 4868 1655 4923 David
1677 4877 1882 4940 septem

295 4964 486 5030 annis,
514 4972 808 5032 antequam
844 4969 1099 5032 regnaret
1126 4962 1180 5017 in
1206 4959 1508 5018 Jerusalem
1538 4960 1624 5035 (II
1647 4961 1776 5033 Reg.
1803 4961 1880 5033 v).

294 5056 548 5126 Namque
581 5057 714 5112 dicit
736 5056 804 5113 de
833 5056 983 5113 Mesa
1018 5057 1379 5129 primogenito
1416 5055 1687 5113 Jerameel
1714 5072 1729 5111 :
1761 5056 1884 5130 Ipse

291 5159 376 5206 est
400 5159 552 5220 pater
571 5146 711 5219 Ziph
731 5158 780 5204 et
805 5148 932 5220 ﬁliis
962 5134 1175 5204 Maresa
1197 5149 1365 5221 patris
1392 5147 1647 5204 Hebron:
1678 5147 1884 5218 signiﬁ-

296 5250 391 5296 cat
426 5240 689 5309 praedicta
731 5240 853 5299 loca
891 5239 1235 5310 postmodum
1278 5240 1498 5295 nomina
1538 5238 1810 5311 accepisse
1852 5252 1884 5292 a

288 5331 537 5402 posteris
567 5331 753 5398 Caleb,
810 5332 961 5402 quia,
1008 5331 1149 5387 sicut
1194 5332 1251 5387 in
1303 5328 1432 5386 Jesu
1493 5329 1640 5385 Nave
1686 5328 1886 5400 legitur

292 5419 459 5494 (los.
516 5420 642 5495 xxv)
669 5463 684 5489 ,
736 5422 879 5479 idem
933 5421 1099 5479 Caleb
1163 5422 1381 5479 ilebron
1452 5430 1510 5477 et
1575 5419 1886 5476 suburbana

290 5510 419 5581 ejus
484 5512 539 5569 in
593 5504 798 5569 sortem
859 5503 1106 5585 recepit;
1164 5522 1219 5569 et
1276 5514 1418 5569 ﬁlius
1476 5512 1698 5571 Euacim
1760 5510 1886 5565 inde

290 5608 481 5677 ejecit.

1910 4378 1962 4439 D

1991 1785 2093 1824 una
2122 1779 2208 1826 est
2231 1771 2298 1827 de
2325 1774 2550 1829 urbibus
2594 1774 3040 1845 Gabaonitarum,
3076 1783 3355 1851 pertinens
3380 1787 3447 1841 ad
3472 1771 3569 1843 tri-

1988 1859 2115 1915 bum
2141 1861 2297 1931 Juda,
2326 1865 2577 1920 euntibus
2625 1868 2693 1922 ab
2738 1867 2853 1923 Elia
2900 1869 3190 1940 Diospolim
3221 1874 3274 1928 in
3317 1877 3568 1935 milliario

1989 1967 2153 2008 nono.
2205 1953 2297 2010 Sic
2342 1965 2395 2011 et
2437 1956 2749 2013 Bethlehem
2798 1962 2990 2018 civitas
3027 1972 3111 2019 est
3138 1965 3306 2021 David
3338 1968 3390 2023 in
3420 1980 3573 2027 sorte

1989 2044 2164 2100 tribus
2198 2044 2367 2110 Judte,
2404 2049 2457 2103 in
2493 2064 2597 2119 qua
2625 2050 2885 2107 Dominus
2912 2063 3100 2111 noster
3127 2063 3181 2110 et
3206 2054 3453 2114 Salvator
3473 2077 3571 2115 na-

1988 2146 2077 2193 tus
2103 2147 2186 2194 est
2221 2140 2436 2211 (Matth.
2468 2141 2550 2214 n),
2589 2142 2643 2196 in
2669 2151 2824 2198 sexto
2851 2145 2917 2199 ab
2946 2144 3061 2199 Elia
3088 2147 3340 2204 milliario
3376 2159 3569 2206 contra

1988 2226 2369 2283 Meriadianam
2396 2229 2628 2299 plagam,
2654 2230 2810 2300 juxta
2840 2233 2983 2287 viam
3010 2249 3129 2304 quae
3150 2235 3299 2291 ducit
3324 2237 3570 2306 Hebron,

1987 2317 2079 2373 ubi
2111 2325 2166 2374 et
2189 2319 2497 2388 sepulcrum
2526 2318 2678 2376 Jesse
2708 2329 2763 2376 et
2796 2322 2963 2377 David
2988 2325 3314 2393 ostenditur,
3340 2336 3397 2382 et
3419 2329 3569 2384 mille

1987 2409 2205 2464 circiter
2251 2410 2502 2480 passibus
2546 2411 2732 2480 procul
2778 2413 2944 2467 turris
2983 2412 3165 2480 Adar,
3221 2431 3343 2486 quae
3392 2419 3565 2474 inter-

1986 2507 2232 2568 pretatur
2282 2501 2443 2554 turris
2484 2502 2653 2571 gregis
2697 2515 2716 2553 :
2761 2503 3032 2570 quondam
3082 2506 3338 2564 vaticinia
3382 2517 3571 2580 pasto-

1989 2601 2077 2642 res
2105 2588 2403 2643 nativitatis
2429 2589 2724 2647 Dominicte
2744 2591 2992 2647 conscios
3012 2600 3137 2648 ante
3159 2593 3490 2665 signiﬁcans.

2056 2697 2297 2755 Fuerunt
2320 2710 2493 2755 autem
2521 2700 2623 2769 lilii
2649 2701 2813 2757 Sobal
2831 2705 2999 2775 patris
3034 2703 3438 2783 Cariatltiarim,
3471 2711 3564 2783 qui

1985 2791 2193 2846 videbat
2223 2791 2503 2847 dimidium
2536 2774 2933 2865 requietionum,
2960 2807 3009 2851 et
3038 2797 3102 2855 de
3126 2774 3433 2869 cognatione
3458 2774 3563 2864 ἀέ-

1990 2881 2287 2939 riathiarim
2312 2881 2514 2936 Jetltrei
2543 2894 2591 2938 et
2622 2885 2846 2957 Aphut‘ei
2865 2896 2913 2941 et
2939 2886 3206 2945 Semathei
3230 2898 3281 2944 et
3308 2888 3562 2967 Masarei.

1988 2969 2076 3025 Ex
2104 2972 2185 3025 his
2208 2974 2401 3043 egressi
2427 2984 2546 3027 sunt
2577 2974 2807 3031 Saraitte
2836 2986 2883 3031 et
2912 2976 3242 3032 Esthaolitw.
3272 2976 3442 3048 Hujus
3461 2979 3565 3045 loci

1987 3062 2256 3134 geminam
2282 3062 2386 3135 legi
2411 3065 2825 3133 expositionem.
2845 3065 2950 3120 Alii
2972 3067 3187 3136 quidem
3213 3067 3397 3125 dicunt
3414 3071 3566 3140 quod

1987 3152 2151 3208 Sobal
2180 3161 2336 3223 pater
2364 3153 2745 3210 Cariathiarim
2781 3156 2975 3212 viderit
3011 3158 3292 3213 dimidium
3345 3140 3564 3232 requie-

1986 3243 2226 3309 tionum,
2257 3244 2361 3299 hoc
2383 3252 2491 3311 est,
2515 3254 2717 3301 sortem
2747 3248 2980 3303 mediam
3011 3247 3166 3318 juxta
3194 3248 3441 3319 sepulcra
3462 3264 3562 3319 pa-

1986 3334 2367 3400 triarcharum,
2399 3350 2519 3405 quae
2541 3335 2760 3392 fuerunt
2783 3339 2837 3393 in
2858 3338 3230 3405 Cariatharbe,
3255 3338 3559 3415 acceperit:

1984 3433 2042 3481 et
2070 3425 2229 3494 hujus
2254 3424 2350 3480 ﬁlii
2380 3424 2597 3481 fuerunt
2622 3425 2831 3483 Jethrei
2853 3435 2910 3483 et
2930 3427 3163 3497 Aphutci
3183 3436 3238 3483 et
3264 3426 3558 3494 Semathei,

1986 3528 2041 3573 et
2068 3518 2324 3575 Marserei
2350 3537 2364 3573 :
2392 3534 2457 3575 ex
2507 3519 2699 3590 bisque
2741 3520 2946 3592 egressi
2980 3520 3093 3575 sint
3131 3518 3356 3576 Saraitaa
3384 3529 3440 3574 et
3471 3520 3570 3576 Es-

1988 3610 2247 3676 thaolitaz,
2288 3608 2379 3679 qui
2417 3609 2636 3663 nomina
2678 3609 2918 3666 locorum
2959 3609 3141 3665 sortiti
3186 3616 3331 3674 sunt,
3370 3608 3423 3662 id
3459 3615 3566 3673 est,

1989 3698 2158 3755 Saraa
2186 3708 2239 3756 et
2263 3698 2508 3765 Esthaol,
2549 3700 2638 3755 ubi
2665 3699 2905 3771 sepultus
2928 3694 3012 3756 est
3042 3699 3308 3766 Samson;
3354 3699 3568 3768 requie-

1986 3789 2188 3845 tionem
2223 3790 2368 3845 enim
2400 3788 2702 3860 sepulcrum
2743 3788 2962 3861 intelligi
2993 3789 3299 3843 voluerunt.
3328 3788 3435 3842 Alii
3464 3804 3559 3844 au-

1988 3890 2096 3936 tem
2116 3866 2378 3935 asserunt
2420 3879 2702 3935 dimidium
2738 3880 3132 3950 requietionum
3170 3888 3383 3951 tempus
3407 3881 3565 3936 dimi-

1987 3971 2134 4026 dium
2180 3970 2404 4041 intelligi
2444 3970 2664 4037 debere,
2695 3985 2804 4040 quo
2832 3970 2928 4025 ﬁlii
2954 3969 3119 4025 lsrael
3147 3981 3431 4043 eruperunt
3460 3980 3570 4029 ter-

1988 4078 2106 4119 ram
2134 4061 2572 4133 repromissionis
2598 4061 2899 4132 possidere,
2937 4060 3043 4117 hoc
3072 4070 3179 4128 est,
3222 4063 3292 4119 ab
3319 4077 3384 4118 eo
3429 4072 3569 4119 tem-

1989 4168 2123 4223 pore
2164 4168 2271 4223 quo
2310 4153 2521 4224 Moyses
2544 4153 2689 4209 dedit
2717 4160 2918 4208 terram
2952 4152 3156 4209 Galaad
3194 4154 3337 4209 ultra
3374 4154 3570 4211 Iorda-

1987 4259 2110 4297 nem
2138 4242 2325 4298 Ruben
2348 4250 2403 4301 et
2423 4240 2561 4308 Gad,
2590 4250 2646 4296 et
2665 4241 2900 4297 dimidiae
2921 4242 3081 4299 tribui
3106 4241 3348 4299 Manasse
3371 4244 3567 4315 (Num.

1985 4331 2184 4405 xxxii),
2236 4347 2407 4403 usque
2449 4332 2518 4386 ad
2569 4331 2701 4385 illud
2750 4339 2961 4401 tempus
2999 4346 3107 4402 quo
3128 4342 3339 4389 caeteras
3392 4334 3571 4392 tribus

1987 4431 2163 4479 sortes
2202 4438 2352 4490 suas,
2391 4422 2554 4479 Josue
2585 4422 2876 4490 dividente,
2926 4433 3271 4495 acceperunt.
3317 4425 3375 4481 ln
3404 4427 3569 4499 hujus

1988 4528 2118 4584 ergo
2146 4513 2403 4583 temporis
2428 4512 2714 4568 medietate
2742 4511 2904 4568 Sobal
2924 4513 3110 4569 dicunt
3128 4529 3249 4571 esse
3272 4524 3564 4581 mortuum,

1988 4612 2044 4659 et
2089 4603 2162 4658 ita
2212 4603 2493 4658 dimidium
2533 4602 2927 4673 requietionum
2970 4604 3185 4669 vidisse,
3225 4606 3330 4663 hoc
3367 4615 3452 4663 est
3494 4607 3565 4664 ad

1988 4698 2336 4755 medietatem
2374 4698 2519 4755 illius
2556 4699 2814 4769 temporis
2839 4700 3171 4770 pervenisse.
3204 4699 3428 4775 Mystice
3463 4716 3563 4755 au-

1990 4799 2101 4847 tem
2135 4789 2299 4846 Sobal
2330 4791 2453 4857 iste,
2487 4791 2577 4860 qui
2611 4792 3002 4860 interpretatur
3032 4809 3167 4848 vana
3200 4802 3448 4858 vetustas,
3478 4792 3568 4849 vel

1991 4890 2153 4936 vestes
2178 4879 2248 4934 ad
2273 4879 2611 4951 portandum,
2638 4877 2853 4936 Judzeos
2879 4880 3170 4953 signiﬁcat,
3209 4883 3303 4953 qui
3330 4883 3566 4952 antiqui-

1989 4981 2082 5028 tus
2106 4971 2324 5026 nomine
2351 4970 2606 5043 populum
2646 4971 3041 5041 vocitabantur,
3085 4981 3142 5028 et
3178 4973 3339 5042 primi
3388 4972 3566 5045 legem

1988 5061 2183 5119 litterae
2221 5061 2418 5118 tabulis
2451 5061 2676 5133 lapideis
2701 5064 3065 5135 conscriptam
3097 5064 3165 5119 ab
3193 5062 3313 5135 ipso
3346 5079 3565 5136 accepe-

1988 5162 2135 5210 runt.
2164 5154 2233 5209 Hi
2257 5154 2423 5210 etiam
2459 5154 2624 5210 libros
2656 5154 2792 5226 legis
2826 5162 2884 5210 et
2922 5155 3310 5231 prophetarum
3337 5155 3567 5225 volumi-
3685 5207 3689 5211 .

1988 5246 2149 5302 nibus
2175 5247 2510 5316 conscriptos
2533 5244 2797 5312 ferebant,
2825 5247 2921 5302 sed
2958 5245 3273 5317 mysterium
3312 5246 3563 5309 incarna-

1988 5336 2152 5393 tionis
2189 5336 2417 5403 Christi,
2463 5337 2686 5407 quodin
2727 5337 2808 5393 eis
2847 5337 3158 5405 resonabat,
3206 5337 3355 5395 nullo
3403 5336 3563 5391 modo

1989 5428 2287 5500 intelligere
2329 5429 2602 5484 valebant.
2653 5428 2806 5485 Unde
2844 5428 3126 5485 dimidium
3164 5426 3559 5497 requietiouum

1988 5518 2261 5583 viderunt,
2291 5517 2416 5589 quia
2446 5518 2725 5574 historiam
2756 5517 3124 5575 tantummodo
3157 5515 3422 5588 legerunt,
3463 5513 3558 5567 sed

1991 5607 2303 5681 mysterium
2322 5608 2492 5680 ipsius
2511 5624 2804 5680 agnoscere
2821 5625 2928 5666 non
2950 5616 3278 5665 meruerunt.
3303 5603 3395 5660 llle
3417 5602 3564 5665 enim
