3902 6146
334 315 444 375 295

1006 299 1069 356 Β.
1109 290 1365 355 RABANI
1398 286 1619 347 MAURI
1654 280 1974 379 ARCltlEl:.

2015 269 2327 335 MOGUNT.
2366 262 2653 328 OPERUM
2689 262 2867 320 PARS
2903 260 2946 318 l.
3479 253 3592 313 296

338 368 620 487 dimidium
662 414 1056 485 requlctlouum
1100 408 1268 472 videt,
1313 402 1405 473 qui
1447 399 1731 457 sabbatum
1770 394 1908 466 legis
2009 390 2275 487 exsiccant
2318 381 2442 486 dici.
2464 387 2642 487 potest
2686 391 2850 487 quam
2897 373 3041 429 idem
3084 368 3366 487 Mediitor‘
3391 368 3487 425 Del
3539 375 3604 426 et

339 511 634 579 carnaliter
659 513 826 560 tenet.
856 500 961 556 Sed
992 497 1081 552 ille
1106 495 1498 566 plenitudinem
1523 488 1919 558 requietiouum

341 621 402 662 se
427 599 703 675 possidere
729 593 946 665 gaudet,
970 588 1062 658 qui
1086 595 1211 657 post
1230 587 1495 642 bonorum
1523 595 1746 651 operum
1772 578 1921 633 labo-

342 670 459 752 rem
481 698 694 745 aeterna:
715 680 1067 740 beatitudinis
1094 676 1406 733 mercedem
1436 673 1493 730 in
1518 670 1725 728 caelesti
1752 683 1922 738 regno

346 779 629 854 percipiet.
661 774 815 829 Unde
845 769 1045 825 Paulus
1087 764 1363 837 apostolus
1409 762 1653 818 scribens
1699 758 1768 813 ad
1812 755 1922 854 He-

345 844 518 924 brzeos
536 866 602 919 ab
617 862 705 916 illa
722 859 1067 928 antiquorum
1084 855 1291 925 requie,
1316 851 1628 908 introducto
1654 844 1925 902 versiculo

347 949 755 1022 Psalmograpbi
794 946 990 1021 (Hodie
1019 946 1065 1000 si
1091 959 1265 998 vocem
1296 942 1411 1012 ejus
1438 936 1734 1001 audieritis,
1768 933 1926 989 nolite

347 1049 606 1104 obdurare
631 1044 793 1097 corda
818 1048 988 1096 vestra
1018 1035 1191 1092 lPsal.
1223 1032 1440 1105 xcrv]).,
1464 1031 1605 1086 hanc
1626 1026 1926 1099 spiritalem

348 1137 610 1209 requiem,
661 1147 825 1203 quam
870 1129 1140 1186 credimus
1180 1127 1236 1181 in
1275 1124 1494 1180 Christo
1516 1136 1614 1177 vos
1637 1125 1926 1189 perceptu-

349 1207 462 1295 ros,
509 1225 781 1289 secernit,
833 1221 1063 1276 dicens:
1096 1217 1238 1272 Nam
1289 1215 1336 1269 si
1378 1213 1454 1267 eis
1497 1209 1656 1265 Iesus
1704 1207 1930 1279 requiem

348 1322 700 1396 pra’stitisset,
748 1328 1017 1385 nunquam
1062 1310 1127 1365 de
1156 1307 1265 1363 alia
1307 1305 1627 1378 loqueretur,
1669 1308 1786 1396 post
1831 1299 1931 1352 hac

351 1382 455 1465 die.
489 1409 687 1478 Itaque
722 1382 1035 1472 relinquitur
1067 1398 1416 1453 sabbatismus
1458 1390 1639 1463 populi
1673 1382 1932 1478 Dei.uni

2018 476 2325 540 hominum,
2351 472 2445 545 qui
2468 487 2568 541 per
2587 466 2937 539 Evangelium
2964 479 3119 519 suum
3145 471 3198 516 et
3225 458 3459 533 Spiritus
3479 476 3608 517 sanei

2017 571 2094 624 eti
2137 565 2369 636 gratiam
2407 561 2610 618 fluxum
2639 556 2939 615 carnalium
2968 555 3322 626 cupiditatum
3349 555 3403 608 in
3433 553 3609 609 ﬁdeli-

2018 658 2122 715 bus
2147 672 2259 713 suts
2287 652 2587 712 exsiccavit
2625 657 2789 720 atque
2828 646 3119 704 restinxit?
3163 643 3330 714 Cujus
3373 659 3476 714 ope
3521 643 3609 698 in-

2022 747 2211 821 spirati
2253 753 2380 802 sunt
2416 743 2717 816 prophetm,
2760 739 2938 796 edocti
2964 746 3090 794 sunt
3113 734 3365 807 apostoli,
3404 733 3615 790 eruditi

2023 849 2151 895 sunt
2191 835 2563 908 evangelista,
2594 838 2649 888 et
2677 846 2867 888 omnes
2906 827 2998 900 qui
3039 826 3241 897 aliquid
3273 824 3342 882 de
3368 825 3481 881 Deo
3505 824 3617 880 rite

2024 930 2294 994 sentiunt,
2348 936 2513 997 atque
2557 924 2851 982 salubriter
2896 919 3145 995 proferre
3193 926 3444 989 possunt,
3491 917 3619 989 ejus

2026 1018 2339 1079 scholastici
2388 1017 2666 1073 dicuntur.
2712 1012 2902 1081 Cinazi,
2949 1012 3055 1068 hoc
3083 1019 3188 1077 est,
3220 1008 3477 1077 possessio
3498 1008 3620 1062 sive

2026 1110 2371 1183 possidentes,
2405 1120 2596 1163 omnes
2624 1103 2879 1160 videlicet
2923 1098 3109 1167 electi,
3139 1099 3233 1169 qui
3256 1106 3397 1152 sunt
3424 1096 3480 1151 in
3508 1096 3623 1152 Ec-

2029 1200 2196 1256 clesia
2245 1196 2515 1254 catholica
2560 1210 2660 1265 per
2709 1201 2885 1249 totum
2937 1192 3124 1246 orbem
3170 1186 3383 1253 diﬁ‘usa,
3414 1187 3482 1242 de
3509 1201 3621 1257 qua

2031 1290 2146 1360 ipse
2176 1286 2438 1344 Dominus
2465 1300 2565 1358 per
2589 1282 3134 1354 lsaiampropbetam
3165 1279 3243 1336 ait
3268 1297 3281 1332 :
3316 1276 3622 1332 Hereditas

2031 1397 2148 1435 mea
2177 1378 2349 1434 Israel
2389 1377 2545 1451 (Isai.
2592 1373 2731 1447 xix).
2773 1374 2842 1429 Et
2871 1372 2940 1427 ad
2974 1385 3136 1442 quem
3178 1368 3318 1425 alius
3352 1367 3623 1439 prepheta

350 1500 490 1556 enim
512 1458 777 1568 ingressus
799 1458 945 1547 estin
969 1490 1197 1561 requiem
1217 1486 1355 1557 ejus,
1394 1492 1442 1537 et
1459 1484 1567 1553 ipse
1587 1476 1833 1549 requievit
1868 1474 1933 1529 ab
2033 1489 2102 1529 ex
2129 1485 2360 1543 persona
2390 1468 2560 1541 ipsius
2587 1464 2845 1521 Ecclesiae
2873 1463 2950 1517 ait
2974 1503 2987 1516 .
3016 1460 3156 1515 Pars
3188 1476 3304 1514 mea
3333 1458 3622 1521 Dominus,

1783 1565 1846 1568 __-
2061 1563 2092 1568 -_
2139 1563 2150 1568 -
2286 1562 2298 1568 -
2569 1556 2652 1568 ιι...
2880 1552 2894 1568 \
2950 1552 3011 1568 π-
3046 1551 3167 1568 n.,l
3212 1551 3245 1568 ,0
3285 1558 3324 1568 ι-
3414 1545 3593 1568 Πμ-.--

804 1545 946 1637 sicut
968 1598 1002 1634 a
1036 1545 1148 1634 suis
1181 1545 1322 1631 Deus
1342 1545 1557 1646 '(Hebr.
1614 1545 1713 1641 tv).
1771 1565 1938 1621 Aliter
2036 1563 2171 1617 dixit
2210 1562 2388 1616 anima
2416 1575 2532 1614 mea
2564 1556 2779 1631 (Thren.
2813 1552 2920 1628 ιιι).
2950 1552 3019 1608 Et
3046 1551 3336 1608 Psalmista
3363 1569 3377 1604 :
3406 1545 3623 1611 Poma,

354 1638 637 1731 dimidium
696 1670 1090 1743 requietionum
1138 1665 1306 1730 videt,
1361 1638 1453 1731 qui
1494 1666 1612 1730 post
1652 1638 1936 1728 prmseutis
1964 1734 2006 1743 _
2040 1653 2234 1723 inquit,
2280 1667 2432 1716 mea,
2474 1648 2720 1713 Domine,
2765 1643 2903 1711 dixi,
2956 1641 3220 1697 custodire
3265 1638 3430 1711 legem
3473 1646 3628 1691 tuam

354 1769 481 1823 vita:
530 1727 792 1821 laborem.
822 1757 1195 1816 tantummodo
1230 1727 1511 1810 inanima
1541 1727 1780 1821 quietem
1814 1760 1936 1813 sen-
1963 1734 2011 1795 B
2040 1738 2217 1814 (Psal.
2246 1736 2460 1811 cxvm).
2489 1736 2738 1794 Possidet
2763 1735 2962 1807 quippe
3003 1731 3094 1787 ille
3142 1730 3461 1795 Ecclesium,
3492 1727 3628 1799 quia

357 1860 476 1913 tiet.
522 1854 678 1911 Tune
704 1862 881 1907 autem
923 1848 1309 1920 perfectionem
1359 1819 1751 1913 requietionum
1801 1851 1931 1891 con-
2039 1832 2157 1903 ejus
2196 1846 2395 1903 sponsa
2437 1840 2493 1886 ct
2535 1826 2825 1885 hereditas
2869 1834 2984 1891 est;
3030 1823 3337 1895 possidetur
3374 1820 3442 1875 ab
3482 1819 3627 1891 ipsa,

358 1947 672 2019 tcmplatur,
696 1942 911 2015 quando
937 1937 1180 2008 corporis
1198 1931 1601 2002 incorruptione
1629 1926 1789 1983 simul
1812 1940 1937 1981 cum
2042 1923 2168 1995 quia
2214 1920 2332 1991 ejus
2380 1918 2561 1975 futura
2600 1916 2655 1972 in
2708 1915 2860 1972 cmlis
2899 1923 3209 1969 sanctorum
3258 1909 3634 1966 remuneratio

358 2001 555 2094 animae
584 2001 994 2090 immortalitate
1026 2001 1243 2083 interna:
1266 2024 1391 2078 vitae
1409 2001 1747 2093 perfruetur.
1786 2015 1941 2070 Nunc
2044 2013 2150 2069 erit
2174 2020 2456 2084 perpetua.
2496 2008 2590 2065 Isti
2614 2020 2829 2079 quoque
2859 2005 3070 2061 venisse
3089 2003 3342 2059 dicuntur
3360 2001 3427 2058 de
3447 2001 3635 2057 calore

362 2130 508 2184 enim
537 2137 662 2183 ante
683 2125 825 2180 diem
849 2119 1057 2193 judieii,
1092 2117 1385 2174 secundum
1412 2111 1696 2169 scientiam
1720 2107 1943 2164 Joannis

358 2219 600 2290 Apostoli
631 2218 814 2289 (Apoc.
846 2212 948 2287 vt),
986 2211 1179 2265 anima:
1216 2215 1526 2263 sanctorum
1566 2200 1804 2273 singulas
1826 2208 1945 2290 psto-

360 2288 442 2366 las
471 2307 769 2378 accipiunt,
807 2314 936 2360 tunc
977 2310 1160 2357 autem
1198 2298 1341 2354 binis
1380 2295 1532 2352 stolis
1571 2307 1760 2349 omnes
1788 2288 1946 2345 electi

363 2402 461 2457 Dei
488 2400 917 2462 honorabuntur,
958 2394 1048 2465 qui
1076 2400 1189 2446 tam
1216 2389 1418 2451 anima,
1450 2401 1613 2456 quam
1641 2383 1802 2439 etiam
1829 2395 1948 2436 cor-

364 2506 497 2564 pore
518 2488 743 2561 perfecti
772 2487 826 2540 iu
854 2493 1059 2540 mtcrna
1080 2480 1177 2537 Dei
1206 2475 1660 2547 contemplatione
1698 2473 1816 2529 sine
1841 2470 1949 2526 ﬁne

367 2579 605 2653 gaudere
632 2584 929 2631 merentur.

445 2667 575 2723 Filii
609 2665 788 2721 Salma
811 2661 1109 2718 Bethlehem
1132 2671 1179 2716 et
1210 2657 1508 2731 Netophati,
1531 2670 1738 2711 corona:
1763 2653 1949 2708 domus

366 2757 505 2814 Joab
550 2766 597 2812 et
649 2755 926 2810 dimidium
976 2752 1309 2825 requieuonis
1352 2748 1529 2804 Sarni.
1587 2745 1712 2802 Filii
1767 2744 1953 2815 itaque

360 2852 579 2919 Saluta,
609 2850 703 2905 ﬁlii
728 2848 866 2916 Hur,
904 2847 1122 2903 fuerunt
1144 2854 1199 2902 et
1221 2843 1525 2916 NetOphati.
1564 2843 1642 2899 De
1671 2840 1865 2913 quibus
1895 2829 1951 2893 in

360 2946 683 3046 iicgnorum
708 2942 867 3006 libro,
906 2939 999 2995 ubi
1027 2946 1308 2994 enumerat
1334 2936 1500 2991 fortes
1517 2936 1662 2989 viros
1686 2932 1777 3002 qui
1803 2930 1954 3002 adju-

551 3043 559 3046 _
590 3035 628 3046 ιιι
705 3033 718 3046 ι
743 3032 755 3046 ι
861 3038 873 3046 .
961 3044 969 3046 Α
1066 3037 1164 3046 η...
1199 3042 1353 3046 μμ--μ
1380 3025 1483 3046 1-..-
1499 3024 1539 3046 ,1
1591 3023 1661 3046 ει-
1690 3021 1948 3046 --_:.\o..m

364 3021 568 3093 vcr'unt
590 3032 780 3098 David,
820 3038 880 3086 ut
921 3037 1172 3100 regnaret
1194 3042 1355 3097 super
1376 3024 1563 3089 Israel,
1591 3023 1666 3078 ita
1689 3021 1950 3091 scriptum

374 3136 460 3184 cst
485 3145 498 3180 :
523 3124 698 3190 Asael,
740 3124 905 3194 frater
940 3119 1097 3186 Joab,
1140 3127 1251 3172 erat
1287 3117 1425 3170 inter
1448 3114 1665 3184 triginta
1690 3121 1737 3166 et
1758 3110 1954 3164 Eleha-

378 3234 508 3283 nan,
538 3215 680 3286 ﬁlius
706 3213 880 3285 patrui
904 3211 1020 3282 ejus
1052 3210 1115 3263 de
1138 3206 1458 3263 Bethlehem.
1497 3205 1567 3258 Et
1599 3201 1760 3273 paulo
1785 3208 1907 3271 post
1937 3217 1950 3253 :

383 3305 577 3371 Heled,
600 3303 743 3373 ﬁlius
772 3301 958 3356 Baana
984 3299 1345 3371 Netophatites
1369 3295 1455 3368 (II
1484 3294 1613 3365 Reg.
1636 3292 1820 3364 nm).
1853 3290 1958 3357 Qui

381 3395 585 3451 idcirco
613 3392 923 3447 scribuntur
950 3403 1165 3443 coronae
1190 3401 1310 3442 esse
1335 3385 1527 3440 domus
1550 3382 1705 3447 Joah,
1734 3386 1960 3450 propter

381 3484 717 3548 societatem,
746 3495 852 3551 qua
894 3487 1081 3533 mutuo
1121 3478 1177 3532 in
1224 3474 1421 3547 prmliis
1463 3472 1773 3528 utebantur.
1806 3466 1962 3536 Quod

384 3586 565 3632 autem
614 3572 859 3629 subditur
901 3571 967 3625 de
1014 3567 1326 3624 Bethlehem
1372 3574 1426 3620 et
1467 3560 1779 3633 Netophati,
1817 3556 1962 3629 quod

382 3667 601 3722 fuerunt
651 3662 931 3719 dimidium
968 3658 1323 3729 requ‘ietiouis
1364 3655 1540 3720 Sarai,
1579 3651 1847 3723 signiﬁcat
1868 3665 1964 3707 eos

382 3759 439 3813 in
462 3758 579 3813 loco
601 3756 691 3827 qui
719 3755 918 3811 dicitur
939 3750 1245 3823 sepulcrum
1271 3747 1448 3814 Sarai,
1471 3744 1841 3818 possessiones
1858 3744 1958 3799 ha-

382 3851 536 3905 bere.
567 3849 643 3904 De
669 3862 775 3918 quo
806 3846 923 3900 loco
954 3859 1117 3914 supra
1168 3846 1648 3898 commemoratum
1685 3845 1799 3904 est,
1838 3837 1964 3907 quia
2028 3890 2038 3903 ,

384 3937 610 3993 Saraitce
637 3946 692 3991 et
718 3933 1030 3991 Esthaolitre
1072 3933 1293 3987 nomina
1334 3929 1573 3985 locorum
1614 3928 1790 3983 sortiti
1819 3935 1963 3982 sunt.

461 4028 806 4100 Cognationes
836 4043 1037 4098 quoque
1069 4023 1361 4079 scribarum
1391 4002 1745 4074 habitantium
1782 4016 1966 4082 labes,

390 4131 634 4176 canentes
662 4129 815 4189 atque
849 4127 1168 4177 resonantes,
1203 4122 1249 4167 et
1280 4112 1334 4165 in
1360 4107 1712 4165 tabernaculis
1737 4121 1968 4161 commo-

390 4220 585 4265 rantes.
623 4207 692 4261 Hi
731 4217 850 4261 sunt
886 4205 1072 4269 Cinai,
1102 4203 1190 4275 qui
1233 4211 1478 4257 uerterunt
1507 4200 1571 4254 de
1596 4199 1772 4255 calore
1800 4197 1968 4268 patris

389 4305 578 4358 domus
618 4299 842 4355 Rechab.
877 4296 1061 4360 labes,
1096 4296 1262 4349 lilium
1303 4293 1540 4357 Zobcda,
1571 4292 1637 4346 de
1663 4306 1772 4361 quo
1802 4291 1855 4345 in
1887 4304 1970 4345 se-

392 4392 683 4463 quentibus
722 4387 1002 4458 Scriptura
1050 4386 1235 4451 refert,
1271 4385 1490 4439 tradunt
1530 4381 1744 4437 Hebraei
1785 4381 1970 4435 docto—

393 4498 511 4538 rem
535 4496 656 4537 csse
687 4480 821 4553 legis
850 4479 942 4533 Dei
969 4476 1376 4549 peritissimum,
1410 4475 1464 4529 in
1494 4473 1649 4543 cujus
1676 4480 1966 4541 conspectu

390 4575 656 4630 sedebant
697 4569 789 4624 ﬁlii
828 4568 1015 4630 Cinaei,
1070 4567 1161 4635 qui
1192 4574 1247 4619 et
1289 4563 1440 4621 Obab
1487 4564 1703 4628 dicitur,
1754 4559 1969 4631 cognati

390 4664 586 4736 Moysi.
636 4659 704 4714 lli
750 4674 879 4731 ergo
920 4658 974 4712 in
1016 4657 1152 4711 libro
1198 4655 1381 4710 scriba:
1420 4663 1702 4719 vocantur,
1745 4653 1971 4723 ideoque

397 4759 642 4805 canentes
686 4759 733 4802 et
782 4757 1082 4801 resonantes
1118 4745 1447 4812 scribuntur,
1488 4743 1616 4816 quia
1655 4742 1870 4798 assidue
1915 4743 1970 4797 in

394 4841 516 4912 lege
548 4840 663 4905 Dei,
707 4846 763 4894 et
798 4838 853 4893 in
891 4838 1285 4908 prophetarum
1325 4836 1553 4891 lectione
1593 4834 1970 4890 versabantur.

397 4931 462 4988 in
491 4930 853 4986 tabernaculis
882 4943 976 4985 eos
1003 4942 1475 4993 commemorasse,
1506 4934 1561 4982 et
1580 4925 1788 4996 Regum
1816 4926 1980 4983 histo-

403 5021 487 5076 ria
514 5029 718 5075 narrat.
752 5020 848 5075 lsti
873 5019 938 5075 de
970 5019 1148 5075 calore
1187 5018 1358 5089 patris
1399 5017 1590 5072 domus
1631 5014 1852 5071 Rechab
1886 5030 1980 5071 ve-

402 5110 549 5164 nisse
597 5109 871 5177 dicuntur,
917 5110 1042 5178 quia
1081 5110 1147 5164 de
1195 5110 1362 5178 stirpe
1396 5107 1615 5163 Rechab
1645 5105 1867 5162 fuerunt
1890 5121 1981 5179 ge-

401 5204 535 5271 niti;
583 5204 648 5259 de
684 5205 880 5276 quibus
907 5214 963 5260 et
994 5203 1258 5259 Jeremias
1295 5203 1556 5273 propheta
1600 5202 1653 5257 in
1694 5202 1832 5258 libro
1882 5218 1981 5258 suo

403 5303 611 5349 narrat.
637 5294 857 5367 Mystice
883 5304 1061 5352 autem
1084 5283 1246 5351 Jabes
1267 5294 1370 5350 iste
1397 5292 1652 5364 magister
1679 5293 1981 5349 scribarum

406 5396 569 5458 atque
590 5396 869 5444 cantorum
887 5405 1047 5461 quem
1069 5389 1261 5444 melius
1287 5386 1595 5459 signiﬁcare
1620 5394 1797 5458 potest
1821 5400 1981 5455 quam

406 5479 824 5550 Redemptorem
854 5488 1117 5544 nostmm,
1154 5479 1245 5548 qui
1277 5488 1361 5534 est
1387 5493 1550 5533 verus
1579 5477 1834 5550 magister
1860 5492 1982 5531 san-

407 5578 617 5624 etorum
664 5570 966 5633 doctorum,
1018 5577 1073 5624 et
1110 5569 1213 5624 rite
1258 5568 1370 5623 Deo
1407 5567 1593 5622 laudes
1637 5565 1984 5621 canentium?

408 5655 802 5728 Interpretatur
829 5668 1006 5714 autem
1035 5657 1196 5716 labes
1228 5661 1517 5713 exsirmns.
1549 5656 1619 5712 Et
1646 5655 1766 5726 quis
1790 5655 1982 5712 melius

2046 2104 2240 2161 domus
2270 2102 2449 2174 patris
2484 2099 2727 2156 Rechab.
2788 2089 2995 2153 Rechab
3043 2096 3188 2151 enim
3239 2095 3637 2166 interpretatur

2044 2195 2331 2268 quadriga,
2386 2192 2502 2249 sive
2546 2188 2904 2255 ascendentes,
2953 2188 3080 2258 quia
3106 2202 3138 2243 a
3163 2185 3326 2242 Patre
3366 2186 3638 2241 luminum

2040 2285 2224 2357 gratia
2252 2283 2490 2354 Spiritus
2516 2280 2691 2337 sancti
2725 2277 2985 2334 ﬂammati
3030 2287 3193 2348 atque
3235 2275 3508 2342 illustrati,
3538 2290 3642 2347 per

2051 2376 2369 2449 quadrigam
2412 2375 2676 2429 virtutum
2714 2371 2771 2427 in
2810 2371 2978 2428 ccelos
3025 2369 3317 2427 ascendere
3361 2369 3639 2433 nituntur,

2052 2476 2321 2540 quatenus
2364 2466 2439 2521 ibi
2475 2466 2744 2521 adunctur
2787 2461 2953 2534 capiti
2998 2476 3116 2525 suo,
3170 2459 3324 2531 cujus
3372 2456 3643 2529 sanguine

2052 2575 2111 2616 se
2136 2558 2443 2629 redemptos
2468 2571 2590 2613 esse
2618 2561 2936 2626 agnoscunt.
2962 2551 3119 2609 Unde
3145 2551 3263 2622 ipsa
3289 2551 3500 2607 Veritas
3525 2548 3638 2604 ait:

2054 2649 2224 2706 Nemo
2251 2650 2385 2704 venit
2410 2647 2481 2703 ad
2507 2664 2607 2715 me,
2646 2647 2749 2702 nisi
2787 2645 2952 2700 Pater
2994 2659 3161 2709 meus,
3202 2641 3292 2713 qui
3336 2640 3480 2695 misit
3525 2656 3636 2708 me,

2052 2743 2278 2800 traxerit
2315 2757 2433 2796 eum
2478 2738 2659 2815 (Joan.
2693 2737 2792 2813 vr).
2820 2737 2890 2793 Et
2917 2734 3206 2808 Apostolus
3238 2751 3254 2788 :
3288 2732 3639 2802 Quicunque,

2055 2834 2249 2906 inquit,
2280 2831 2483 2904 Spiritu
2516 2829 2615 2887 Dei
2648 2838 2898 2903 aguntur,
2944 2828 2999 2882 hi
3024 2826 3126 2898 ﬁlii
3160 2832 3284 2881 sunt
3326 2823 3424 2879 Dei
3453 2821 3641 2897 (Rom.

2055 2929 2196 3002 vm).
2222 2929 2377 2997 Quod
2397 2936 2576 2984 autem
2598 2927 2747 2993 dicit,
2776 2925 2985 2982 Ciuibus
3011 2923 3067 2980 in
3098 2919 3463 2979 tabernaculis
3487 2934 3647 2975 com-

2061 3029 2391 3076 memoratos
2434 3033 2577 3086 esse,
2623 3017 2892 3089 signiﬁcat
2934 3015 3122 3071 ﬁdeles
3170 3027 3414 3085 quosque
3450 3011 3508 3067 in
3536 3011 3653 3066 hac

2056 3112 2491 3185 peregrinatione
2515 3110 2800 3182 praesentis
2820 3109 2968 3175 vitae,
2991 3106 3148 3178 quasi
3171 3105 3225 3160 in
3250 3101 3648 3168 tabernaculis,

2058 3220 2320 3273 manere;
2352 3213 2410 3259 at
2434 3204 2479 3260 si
2507 3217 2748 3275 praesens
2771 3202 2883 3257 vita
2912 3200 3068 3255 ﬁnita
3115 3196 3297 3262 fuerit,
3340 3203 3469 3250 tunc
3513 3207 3657 3263 gan-

2058 3299 2263 3356 debunt
2294 3312 2352 3354 se
2380 3298 2535 3369 plene
2562 3296 2617 3352 in
2660 3294 2873 3351 caelesti
2915 3289 3223 3364 percepisse
3260 3286 3459 3359 patria,
3501 3283 3655 3355 quod

2060 3391 2234 3446 instar
2282 3403 2342 3445 se
2387 3388 2754 3444 meminerunt
2805 3386 2860 3440 in
2904 3381 3344 3456 peregrinatione
3401 3376 3655 3432 terrestri

2063 3481 2341 3554 qumsisse.

2681 3565 2910 3624 CAPUT
2947 3565 3033 3621 Ill.

2062 3684 2143 3742 De
2173 3684 2352 3760 David
2395 3698 2517 3754 rege
2552 3696 2602 3741 et
2631 3696 2757 3760 ,ινα
2802 3678 3054 3760 progenie
3084 3692 3177 3747 per
3222 3686 3659 3760 rqguptlsufres:

2137 3758 2307 3877 silones
2354 3740 2519 3824 usque
2572 3740 2643 3807 ad
2692 3740 3207 3818 transmigratio'nem
3254 3740 3548 3811 Babylonis
3603 3749 3659 3794 et

2135 3835 2297 3879 utra.

2141 3934 2183 4008 (1
2214 3933 2347 3989 Pan.
2379 3934 2488 4005 tu.)
2528 3932 2700 3987 David
2744 3946 2864 3985 vero
2909 3928 3003 3985 hos
3051 3926 3235 3981 habuit
3275 3925 3437 3995 ﬁlios,
3486 3924 3578 3996 qui
3607 3940 3661 3979 et

2067 4028 2180 4084 nati
2212 4036 2331 4083 sunt
2381 4026 2437 4081 in
2472 4023 2687 4080 Hebron
2706 4037 2725 4076 :
2749 4020 3152 4092 primogenitum
3183 4017 3391 4072 Amnon
3412 4032 3479 4072 ex
3498 4017 3665 4071 Achi—

2068 4134 2223 4173 noam
2254 4113 2649 4179 Jesrahelitide,
2675 4120 2733 4167 et
2757 4111 2911 4180 reliq.
2944 4108 3098 4165 Nunc
3126 4106 3267 4164 redit
3288 4107 3356 4161 ad
3379 4105 3665 4177 explican-

2067 4207 2192 4262 dam
2217 4205 2551 4277 progeniem,
2578 4218 2741 4274 quam
2775 4209 2899 4257 ante
2928 4198 3152 4263 dimisit,
3179 4197 3394 4268 quando
3416 4197 3664 4253 sobolem

2068 4294 2226 4363 Ram,
2256 4294 2352 4349 lilii
2380 4293 2612 4360 Hesron,
2646 4290 2739 4346 ﬁlii
2766 4289 2994 4355 Phares,
3033 4286 3127 4342 ﬁlii
3165 4286 3327 4353 Juda,
3367 4299 3664 4343 enumera-

2071 4387 2181 4453 vit;
2209 4394 2264 4441 et
2288 4384 2537 4457 pervenit
2565 4398 2733 4453 usque
2761 4382 2829 4435 ad
2853 4380 2982 4446 lsai,
3013 4388 3069 4435 et
3099 4379 3215 4450 ejus
3242 4377 3382 4433 filios
3412 4385 3625 4448 septem
3645 4417 3664 4444 ,

2079 4492 2311 4549 quorum
2359 4475 2685 4530 novissimus
2734 4472 2837 4527 fuit
2883 4471 3073 4538 David,
3118 4468 3210 4542 qui
3239 4469 3667 4539 primogenitum

2084 4568 2277 4624 habuit
2316 4567 2529 4622 Amnon
2557 4582 2625 4621 ex
2644 4564 2943 4620 Achinoam
2968 4560 3365 4617 Jezrahelitide.
3411 4558 3668 4615 Jezrahel

2086 4661 2233 4716 enim
2276 4658 2429 4716 locus
2476 4664 2580 4724 est,
2638 4657 2694 4711 in
2740 4669 2849 4726 quo
2896 4653 3177 4709 habitabat
3225 4649 3460 4716 Naboth,
3497 4665 3667 4722 quem

2078 4748 2330 4805 occidere
2350 4746 2515 4817 jussit
2557 4746 2721 4817 impia
2762 4743 3003 4810 Jezabel,
3035 4756 3173 4798 uxor
3197 4740 3383 4796 Achab
3407 4742 3553 4812 regis
3587 4739 3666 4795 ls-

2080 4841 2194 4897 rael
2221 4839 2339 4915 (III
2371 4840 2499 4912 Reg.
2531 4838 2668 4910 nt).

2153 4931 2451 4988 Secundum
2482 4927 2672 4985 Daniel
2693 4926 2757 4982 de
2784 4923 2993 4997 Abigail
3021 4921 3380 4988 Carmelitide,
3411 4936 3535 4992 qua:
3564 4920 3670 4976 fuit

2082 5035 2219 5077 uxor
2240 5020 2410 5075 Nabal
2437 5018 2690 5075 Carmeli.
2731 5016 2885 5072 liunc
2915 5016 3063 5071 enim
3089 5014 3275 5069 Daniel
3302 5013 3357 5068 in
3391 5013 3532 5069 libro
3557 5010 3670 5069 Re-

2082 5127 2209 5182 gum
2240 5110 2474 5182 appellat
2509 5107 2746 5165 Cbeleab
2778 5106 2868 5181 (II
2902 5104 3029 5176 Reg.
3060 5103 3166 5178 ιιι),
3201 5103 3294 5175 qui
3334 5104 3669 5173 interpreta-

2085 5211 2173 5256 tur
2201 5201 2451 5279 judicans
2484 5210 2705 5273 patrem.
2736 5199 2904 5267 Quem
2938 5197 3148 5253 Hebrmi
3186 5197 3309 5252 ideo
3347 5195 3423 5250 ita
3453 5210 3670 5250 nuncu-

2086 5301 2271 5366 patum
2311 5300 2611 5359 autumant,
2641 5307 2707 5348 eo
2733 5292 2876 5361 quod
2903 5291 3209 5361 diseeptans
3237 5304 3361 5344 cum
3400 5287 3672 5359 Miphibo—

2087 5384 2206 5439 setb
2230 5385 2295 5437 de
2325 5383 2712 5452 quaestionibus
2749 5382 2883 5454 legis
2926 5383 3103 5437 victor
3145 5388 3454 5450 appareret,
3482 5389 3538 5433 et
3572 5394 3670 5449 pa-

2084 5483 2222 5529 trem
2253 5474 2307 5528 in
2327 5489 2396 5529 eo
2423 5474 2611 5528 ulcisci
2636 5473 2935 5537 videbatur,
2961 5488 3030 5527 ne
3051 5473 3370 5528 irrideretur
3396 5472 3450 5525 in
3482 5470 3671 5540 dispu-

2082 5566 2249 5621 tando
2274 5566 2342 5621 ab
2370 5565 2586 5621 homine
2612 5564 2773 5620 debili
2800 5565 2883 5619 vir
2902 5563 3207 5619 bellicosus.

2162 5656 2364 5712 Tertius
2388 5656 2531 5726 ﬁlius
2567 5656 2736 5712 David
2765 5656 2863 5726 fuit
2902 5655 3169 5720 Absalom,
3208 5670 3356 5726 quem
3389 5653 3576 5708 habuit
3601 5652 3666 5707 de
