3912 6160
224 406 329 464 297

1152 400 1503 458 COMMENT.
1542 400 1609 457 IN
1649 398 2199 457 PARALIPOMENA.
2237 430 2307 441 --
2342 399 2470 454 LIB.
2505 397 2545 453 I.

3389 399 3496 457 298

229 517 459 573 Haacha
488 514 605 584 [ilia
638 512 911 568 Tholomai
950 513 1085 583 regis
1126 509 1344 577 Cessur,
1376 522 1621 583 quartum
1672 509 1814 565 Ado-
1841 514 1887 572 Α
1914 510 2010 563 Vid
2050 510 2162 564 nati
2198 518 2323 564 sunt
2367 509 2604 572 llebron,
2647 508 2733 563 ubi
2797 510 3042 579 regnavit
3097 520 3301 581 septem
3339 514 3497 566 anuis

227 608 370 662 niam
384 606 558 677 ﬁlium
587 604 806 675 Aggitlt;
829 605 1067 673 quintum
1082 601 1389 672 Sapltatiam
1409 602 1577 671 ﬁlium
1595 602 1769 656 Abital
1789 646 1804 668 ,

224 710 431 756 sextum
454 714 657 769 quoque
685 695 1020 761 Jethraham,
1052 712 1205 764 quem
1233 695 1407 765 genuit
1438 696 1486 749 ei
1511 694 1646 764 Egla
1674 711 1810 747 uxor

224 809 322 847 sua
351 788 441 863 (II
464 788 596 860 Reg.
619 787 726 859 ιιι).
752 787 1041 855 Quaeritur,
1093 803 1216 842 cum
1251 788 1369 843 alia:
1415 803 1611 842 uxores
1639 788 1808 843 David

228 896 388 951 supra
415 886 616 934 notata:
638 879 764 943 sint,
791 888 846 933 et
870 894 976 933 non
1002 878 1254 933 dicantur
1274 892 1473 933 uxores
1495 878 1684 944 David,
1711 894 1808 933 cur

227 972 311 1027 bic
355 970 470 1027 sola
510 970 640 1041 Egla
679 984 819 1025 uxor
858 970 1071 1025 dicatur
1106 969 1311 1024 David?
1349 969 1477 1040 Egla
1516 969 1661 1023 enim
1691 970 1806 1040 ipsa

227 1072 306 1118 est
327 1061 548 1116 Miehol.
582 1060 713 1127 Quae
738 1059 860 1115 ideo
890 1076 1027 1114 uxor
1051 1057 1167 1128 ejus
1198 1060 1287 1115 hic
1312 1059 1425 1114 sola
1460 1068 1703 1124 vocatur,
1741 1075 1806 1115 eo

226 1151 451 1221 quodin
480 1149 844 1205 adolescentia
886 1150 1121 1219 primum
1166 1150 1336 1218 ipsam
1382 1150 1605 1205 sortitus
1644 1148 1807 1205 fuerit

228 1244 278 1297 in
321 1257 550 1297 uxorem
577 1281 593 1307 ,
646 1256 767 1312 qua:
807 1240 973 1295 etiam
1020 1248 1181 1311 partu
1225 1241 1545 1297 occubuisse
1583 1242 1801 1297 dicitur.

230 1335 357 1405 Egla
395 1335 582 1404 itaque
622 1333 1012 1404 interpretatur
1037 1331 1220 1386 vitula.
1256 1331 1315 1387 Si
1340 1333 1461 1403 quis
1491 1329 1805 1405 mysterium

229 1426 325 1481 hoc
366 1424 603 1479 nominis
636 1424 778 1478 scire
806 1422 1055 1490 voluerit,
1101 1432 1360 1494 agnoscat
1400 1424 1582 1479 vitula:
1609 1440 1805 1479 nomen

231 1516 359 1570 bene
388 1515 680 1570 convenire
709 1512 1010 1584 Synagoga:
1039 1513 1346 1569 Judteorum
1375 1521 1598 1584 propter
1615 1512 1804 1585 jugum

230 1605 378 1675 legis,
426 1605 571 1675 quod
611 1606 938 1674 portandum
984 1614 1314 1676 susceperat,
1358 1606 1451 1661 sed
1479 1605 1806 1661 lasciviendo

228 1703 560 1765 corruperat.
585 1694 663 1749 De
687 1710 791 1763 qua
817 1710 917 1766 per
943 1696 1080 1750 Osee
1101 1695 1299 1750 dicitur
1325 1713 1336 1748 :
1366 1695 1619 1765 Ephraim
1647 1694 1804 1751 vitula

228 1785 376 1838 docta
401 1784 618 1856 diligere
642 1786 908 1851 trituram,
945 1795 992 1840 et
1028 1802 1121 1856 ego
1153 1786 1369 1840 transivi
1397 1803 1553 1855 super
1576 1785 1804 1858 pulchri-

1912 612 1967 658 et
2013 618 2107 659 sex
2155 604 2452 658 mensibus.
2494 603 2632 671 Quid
2670 619 2797 674 ergo
2844 621 2941 675 per
2984 605 3151 659 David
3185 622 3407 675 regnum
3441 609 3494 663 in

1913 693 2150 760 Hebron,
2189 694 2290 749 nisi
2318 693 2517 750 Christi
2552 710 2772 763 regnum
2807 695 2858 749 in
2890 697 3115 759 sanctis,
3148 697 3239 764 qui
3274 695 3495 754 fuerunt

1911 783 1980 838 ab
2014 784 2166 839 initio
2195 785 2376 839 mundi
2419 801 2589 854 usque
2620 786 2686 840 ad
2733 786 3021 840 adventum
3070 786 3188 857 ejus
3219 788 3269 841 in
3302 803 3491 851 carne,

1911 873 2250 929 insinuatur?
2281 873 2449 929 David
2474 889 2619 944 ergo,
2651 876 2740 944 qui
2778 875 3201 945 manufortis,vel
3229 877 3493 931 desiderm

1910 962 2050 1024 bilis,
2077 964 2466 1033 interpretatur
2487 964 2763 1019 Christum
2811 964 3117 1035 signiﬁcare
3153 965 3356 1034 liquido
3381 982 3494 1021 om-

1909 1053 2069 1108 nibus
2103 1063 2271 1123 patet,
2302 1055 2427 1124 quia
2484 1055 2535 1109 in
2565 1055 2816 1125 passione
2845 1072 2941 1110 sua
2970 1056 3156 1111 mundi
3191 1056 3490 1126 principem

1908 1146 2060 1211 vicit,
2078 1155 2132 1200 et
2157 1147 2211 1200 in
2228 1147 2639 1202 resurrectionis
2667 1146 2835 1219 gloria
2857 1147 3128 1218 discipulis
3152 1149 3262 1203 suis
3281 1147 3465 1202 deside
3480 1179 3493 1188 -

1911 1237 2095 1292 rabilis
2130 1239 2395 1307 apparuit.
2437 1236 2651 1293 Hebron
2704 1247 2882 1292 autem
2938 1237 3322 1308 interpretatur
3366 1255 3489 1291 con-

1899 1327 2133 1397 jugium,
2171 1328 2252 1383 vel
2280 1338 2341 1382 ut
2386 1328 2465 1399 (ut
2491 1330 2579 1383 alii
2611 1328 2814 1399 volunt)
2844 1328 3188 1400 participatio
3235 1328 3485 1391 tristititr,

1908 1421 2021 1471 sive
2050 1418 2390 1488 fortitudinis.
2416 1418 2559 1475 Bene
2582 1421 2812 1491 conjugii
2841 1421 3057 1475 nomine
3077 1428 3259 1489 patres
3277 1419 3490 1474 Veteris

1909 1508 2239 1564 Testamenti
2264 1510 2472 1565 censeri
2488 1511 3039 1581 possuntnuncupati,
3055 1511 3145 1580 qui
3168 1511 3363 1580 partim
3386 1510 3489 1565 cir~

1906 1602 2269 1668 cumeisione,
2318 1603 2516 1672 partim
2579 1604 2833 1658 mandato
2868 1642 2881 1667 ,
2935 1602 3131 1672 partim
3185 1601 3485 1655 hostiarum

1905 1690 2176 1747 oblatione
2226 1691 2300 1746 illi
2355 1691 2594 1762 ceptllari
2624 1700 2954 1745 meruerunt.
2998 1691 3204 1759 Quibus
3251 1690 3377 1746 licet.
3433 1691 3484 1745 in

1909 1791 2034 1852 typo
2061 1790 2222 1853 atque
2250 1784 2301 1837 in
2326 1782 2514 1852 ﬁgura,
2548 1792 2726 1837 tamen
2759 1782 2881 1836 ﬁdei
2913 1798 3024 1837 sme
3047 1782 3292 1836 notitiam
3317 1796 3486 1852 quan—

229 1876 456 1929 tudinem
487 1876 608 1930 colli
636 1877 750 1946 ejus
785 1874 958 1949 (Osee.
991 1876 1070 1950 ι).
1114 1876 1240 1933 Ητεε
1276 1877 1396 1934 ideo
1423 1878 1589 1933 David
1615 1887 1801 1934 nostro
1832 1863 1875 1921 Β
1907 1888 2017 1932 tum
2043 1878 2144 1932 sibi
2170 1888 2530 1948 opportunum
2557 1876 2860 1941 videbatur,
2884 1875 3090 1929 tribuit.
3116 1874 3221 1930 Sed
3241 1874 3491 1945 quamvis

228 1966 424 2034 nupsit,
453 1966 668 2035 quando
702 1981 823 2021 eam
854 1976 1179 2023 testamento
1213 1969 1339 2023 dato
1374 1969 1474 2023 sibi
1507 1969 1798 2040 copulavit,

228 2056 317 2111 sed
365 2057 482 2126 ipsa
529 2056 582 2111 in
614 2065 774 2128 partu
805 2058 1079 2125 occubuit,
1128 2060 1253 2129 quia
1299 2069 1589 2130 apparente
1638 2058 1801 2115 Verbi

230 2145 318 2199 Dei
368 2146 742 2202 incarnatione
783 2155 836 2201 et
877 2148 1224 2219 Evangelium
1269 2148 1321 2202 in
1367 2150 1565 2205 mundo
1609 2150 1802 2220 praedi-

230 2243 398 2299 cante,
431 2237 650 2305 quando
682 2252 781 2307 per
816 2237 974 2291 ﬁdem
1019 2246 1223 2293 rectam
1267 2238 1533 2294 bonorum
1579 2255 1800 2309 operum

230 2324 459 2379 subolem
497 2325 717 2395 gignere
757 2327 975 2392 debuit,
1022 2328 1387 2383 scandalizata
1440 2329 1496 2384 in
1552 2331 1802 2400 passione

230 2415 358 2485 ejus,
385 2422 604 2470 aeternae
625 2416 985 2472 damnationis
1015 2427 1246 2473 mortem
1278 2420 1487 2474 ascivit.

295 2506 399 2562 Sex
417 2523 542 2577 ergo
570 2509 681 2561 nati
706 2517 827 2562 sunt
846 2508 893 2561 ei
915 2510 971 2562 in
993 2508 1228 2575 Hebron,
1253 2509 1341 2563 ubi
1362 2511 1589 2580 regnavit
1610 2520 1802 2581 septem

231 2600 373 2653 annis
395 2609 444 2654 et
466 2617 557 2655 sex
577 2599 861 2655 mensibus.
883 2599 1120 2671 Triginta
1142 2602 1307 2655 tribus
1322 2606 1476 2656 annis
1498 2604 1726 2674 regnavit
1748 2604 1801 2657 in

230 2689 534 2747 Jerusalem.
581 2693 852 2763 Scriptum
894 2702 977 2748 est
1022 2693 1074 2747 in
1122 2694 1494 2764 sequentibus,
1526 2695 1614 2750 ubi
1644 2711 1803 2750 omne

233 2792 434 2855 tempus
462 2785 606 2853 quod
642 2784 809 2839 David
839 2787 1149 2856 regnaverit
1186 2802 1349 2856 super
1380 2786 1543 2842 Israel
1582 2802 1804 2843 enume-

235 2884 414 2929 ratur:
444 2875 621 2945 Igitur
659 2874 850 2942 David,
896 2876 1041 2945 [ilius
1072 2874 1207 2943 Isai,
1234 2878 1463 2948 regnavit
1497 2893 1654 2948 super
1687 2876 1804 2931 nni-

233 2979 423 3018 versum
468 2963 660 3031 Israel,
691 2975 738 3020 et
766 2967 898 3031 dies,
929 2966 1118 3037 quibus
1154 2968 1389 3038 regnavit
1418 2984 1575 3038 super
1609 2966 1800 3035 Israel,

233 3055 431 3127 [uerunt
480 3059 834 3129 quadraginta
875 3059 1022 3113 anni.
1067 3058 1136 3113 In
1168 3058 1379 3114 Hebrun
1420 3059 1653 3131 regnavit
1688 3076 1805 3130 sep-

234 3155 321 3200 tem
348 3150 524 3213 annis,
558 3149 612 3202 in
637 3148 932 3203 Jerusalem
963 3151 1115 3204 annis
1144 3150 1356 3221 triginta
1392 3150 1557 3204 tribus
1583 3149 1636 3222 (1
1665 3147 1797 3207 Par.

234 3240 392 3311 xxix).
448 3242 585 3297 Hinc
630 3242 859 3311 quatstio
910 3242 1133 3297 oritur:
1169 3258 1267 3297 cur
1310 3258 1433 3297 nam
1485 3242 1540 3296 in
1589 3209 1873 3299 summac

234 3333 575 3405 quadraginta
603 3333 730 3387 anni
774 3334 924 3403 regni
970 3333 1111 3388 illius
1145 3333 1376 3388 exclusis
1404 3349 1497 3387 sex
1523 3333 1799 3389 mensibus

238 3424 687 3478 annnmerentur?
727 3423 878 3490 Quod
904 3424 971 3478 ab
1021 3423 1261 3478 Hebraeis
1314 3424 1521 3480 duobus
1573 3425 1801 3479 solvitur

240 3515 413 3570 modis.
448 3516 646 3570 Dicunt
669 3516 813 3571 enim
842 3515 967 3585 quia
994 3514 1162 3569 David
1192 3530 1285 3569 sex
1324 3514 1601 3570 mensibus
1629 3515 1799 3570 Absa-

240 3604 334 3660 lom
368 3607 533 3661 ﬁlium
582 3622 737 3661 suum
778 3606 986 3677 fugeret
1016 3621 1030 3660 :
1060 3606 1257 3661 merito
1285 3605 1502 3660 eosdem
1532 3621 1627 3659 sex
1650 3622 1801 3660 men-

241 3710 319 3751 ses
342 3712 372 3751 a
396 3713 603 3752 summa
632 3698 782 3768 regni
814 3697 957 3751 illius
981 3712 1099 3752 esse
1119 3697 1384 3752 exclusos.
1418 3697 1611 3752 Dicunt
1638 3697 1800 3751 etiam

239 3785 403 3853 aliter,
429 3789 570 3859 quod
594 3803 690 3843 sex
717 3788 992 3842 mensibus
1035 3788 1089 3841 in
1135 3786 1350 3843 Hebron
1375 3787 1543 3843 David
1569 3788 1800 3858 quadam

241 3875 532 3933 inﬁrmitate
573 3878 830 3948 temporis
875 3877 1225 3943 laboraverit,
1269 3885 1325 3932 et
1355 3877 1560 3932 ideirco
1582 3877 1800 3932 eosdem

240 3978 325 4020 sex
345 3983 550 4023 menses
579 3982 684 4022 non
710 3966 986 4037 supputari
1013 3967 1068 4019 in
1100 3982 1264 4037 regno
1291 3965 1425 4035 ejus.
1453 3965 1532 4020 Ex
1558 3981 1624 4021 eo
1653 3981 1804 4020 nam-

242 4074 334 4129 que
383 4069 622 4131 tempore
659 4060 808 4113 illum
847 4074 1101 4129 regnasse
1133 4060 1185 4113 in
1217 4057 1454 4145 Hebrog,
1485 4073 1551 4112 ex
1578 4073 1685 4128 quo
1713 4059 1803 4115 de-

198 4206 203 4207 ,
242 4154 383 4207 victis
405 4153 738 4217 Amalecitis,
773 4153 840 4207 de
867 4152 1051 4222 spoliis
1080 4166 1265 4206 eorum
1297 4151 1442 4205 misit
1464 4151 1603 4205 dona
1627 4152 1803 4206 senio-

244 4244 374 4299 ribus
407 4244 564 4307 Juda,
602 4245 692 4299 bis
731 4244 820 4313 qui
866 4251 1022 4297 erant
1064 4242 1120 4296 in
1164 4241 1410 4306 llebron,
1462 4250 1515 4295 et
1549 4241 1664 4305 bis,
1709 4242 1799 4311 qui

243 4344 380 4388 erant
410 4337 462 4389 in
500 4333 709 4399 Bethel,
748 4343 802 4388 et
844 4333 1065 4403 reliquis
1085 4373 1099 4398 ,
1133 4332 1223 4402 qui
1268 4341 1421 4386 erant
1451 4332 1501 4386 in
1533 4333 1617 4387 his
1648 4333 1799 4395 locis,

247 4424 290 4478 in
338 4428 524 4496 quibus
582 4434 951 4481 commoratus
999 4423 1175 4479 fuerat
1229 4425 1397 4480 David
1442 4426 1558 4494 ipse
1600 4434 1655 4481 ct
1699 4427 1801 4480 viri

245 4514 343 4581 ejus
368 4517 417 4584 (I
443 4516 569 4587 Reg.
594 4518 749 4587 xxx).

310 4604 463 4659 Porro
503 4608 558 4661 in
596 4606 896 4662 Jerusalem
939 4607 1049 4661 nati
1095 4615 1214 4660 sunt
1240 4608 1288 4660 ei
1317 4606 1416 4675 ﬁlii
1440 4623 1458 4660 :
1485 4605 1721 4663 Simmaa
1749 4617 1797 4661 et

248 4693 397 4749 Sobab
434 4707 479 4749 et
525 4697 745 4752 Nathan
765 4707 813 4751 et
842 4694 1110 4761 Salomon,
1143 4708 1370 4767 quatuor
1405 4698 1470 4751 de
1513 4696 1798 4752 Bethsubee

246 4783 343 4847 tilia
382 4787 619 4850 Ammiel,
648 4788 846 4841 Jebaar
881 4805 1082 4859 quoque
1110 4798 1157 4842 et
1189 4788 1424 4843 Elisama
1453 4798 1499 4842 et
1532 4788 1795 4858 Eliphalct

245 4886 287 4927 et
313 4875 448 4947 Noge
476 4889 524 4932 et
574 4875 791 4948 Nepheg
840 4888 887 4932 et
926 4877 1122 4948 Japhia
1159 4895 1178 4933 :
1218 4895 1415 4933 necnon
1461 4878 1697 4933 Elisama
1748 4890 1797 4933 et

248 4964 437 5033 Eliada,
469 4979 519 5023 et
548 4968 865 5039 Eliphaleth,
902 4987 1100 5024 novem.
1144 4970 1236 5026 Isti
1272 4971 1364 5025 filii
1396 4971 1579 5035 David,
1608 4985 1800 5041 excep-

248 5056 309 5110 tis
349 5059 572 5124 duabus,
618 5060 870 5115 similiter
914 5061 967 5114 in
1016 5060 1151 5116 libro
1198 5061 1404 5132 Regum
1442 5071 1796 5116 numerantur

246 5146 318 5215 (ll
343 5148 463 5220 Reg.
493 5152 572 5221 v).
600 5149 748 5222 Noge
773 5166 900 5206 vero
934 5160 989 5207 et
1025 5152 1329 5223 Eliphaleth
1375 5154 1449 5209 ibi
1490 5170 1596 5209 non
1642 5154 1795 5208 inve-

247 5237 447 5293 niuntur
470 5243 832 5296 annumerati.
860 5243 1058 5298 Verum
1088 5245 1231 5313 quod
1261 5246 1327 5299 de
1354 5260 1521 5315 regno
1552 5245 1715 5301 David
1744 5247 1796 5299 in

247 5325 447 5398 singulis
489 5329 624 5386 locis
668 5346 828 5402 supra
880 5333 1192 5388 distinctum
1244 5343 1523 5389 narratum
1556 5344 1658 5400 est,
1691 5351 1796 5391 non

249 5415 421 5476 frustra
465 5423 837 5478 arbitrantium
863 5433 946 5481 est
975 5441 1184 5481 sacram
1219 5426 1552 5496 Scripturam
1586 5436 1797 5497 tempus

250 5514 378 5580 regini
404 5515 567 5569 David
596 5517 928 5570 numerando
957 5532 1200 5571 seorsum
1223 5517 1474 5589 colligere
1499 5533 1667 5572 annos
1693 5533 1799 5588 quo

251 5597 297 5651 in
322 5600 523 5659 Hebron
548 5605 814 5675 regnavit,
848 5615 902 5661 et
933 5623 1174 5662 seorsum
1209 5607 1328 5663 illos
1355 5625 1461 5678 quo
1492 5608 1543 5662 in
1572 5606 1796 5663 Jerusa-

252 5684 339 5742 ιειιι
372 5708 529 5763 super
582 5702 752 5750 totum
805 5696 967 5751 Israel
1010 5698 1407 5768 imperaverat;
1456 5699 1551 5755 sed
1597 5710 1797 5771 myste-

254 5775 369 5834 rium
409 5786 774 5840 venerandum
819 5787 972 5843 nobis
1007 5789 1199 5843 innuit.
1242 5789 1349 5845 Sex
1388 5806 1515 5861 ergo
1556 5791 1651 5847 ﬁlii
1692 5793 1820 5857 Da-,

622 5880 897 5941 PM‘ROL.
938 5881 1102 5941 CIX.

1902 1968 2221 2023 credulitate
2277 1967 2500 2023 fuissent
2574 1966 2740 2022 fortes
2770 2007 2785 2033 ,
2838 1976 3016 2021 tamen
3078 1966 3488 2036 participatione

1907 2061 2158 2125 tristitiae,
2210 2075 2317 2130 qua
2366 2075 2426 2114 se
2485 2066 2606 2128 post
2655 2068 2884 2112 mortem
2916 2057 2981 2111 ad
3013 2056 3216 2111 inferos
3262 2057 3485 2111 descen-

1904 2162 2061 2205 suros
2097 2166 2204 2204 non
2230 2151 2594 2221 ambigebant,
2646 2164 2833 2209 carere
2856 2147 3001 2202 nullo
3029 2148 3187 2202 molo
3212 2156 3480 2217 poterant.

1903 2241 1978 2295 lbi
2008 2256 2139 2311 ergo
2186 2240 2353 2294 David
2380 2248 2567 2294 nostro
2598 2248 2856 2311 regnante
2889 2245 3092 2307 septem
3134 2238 3289 2291 annis
3310 2244 3365 2291 et
3390 2252 3481 2291 sex

1903 2332 2180 2387 mensibus
2208 2338 2429 2402 propter
2460 2331 2741 2385 sabbatum
2771 2339 2825 2384 et
2855 2344 2947 2384 sex
2977 2330 3187 2383 dierum
3220 2329 3485 2397 operatio-

1902 2436 2048 2488 nem,
2079 2438 2197 2493 quaa
2227 2422 2331 2477 illis
2366 2421 2695 2492 temporibus
2726 2430 2838 2475 tam
2874 2421 3102 2476 lectione
3131 2436 3292 2490 quam
3320 2422 3482 2474 etiam

1902 2513 2277 2569 observatione
2311 2513 2593 2569 celerrima
2637 2512 3080 2586 [celeberrima?]
3116 2513 3352 2578 fuerunt,
3390 2529 3483 2568 sex

1905 2602 1999 2657 ﬁlii
2037 2603 2149 2658 nati
2181 2611 2306 2659 sunt
2333 2605 2405 2670 ei,
2451 2605 2553 2659 boe
2578 2614 2684 2669 est,
2717 2603 2793 2659 illi
2815 2605 2906 2674 qui
2937 2605 3092 2659 bonis
3127 2604 3381 2674 operibus
3421 2619 3486 2659 ac

1903 2693 2145 2750 custodia
2188 2696 2565 2751 mandatorum
2600 2695 2694 2750 Dei
2741 2695 3036 2764 perlectam
3086 2696 3245 2748 vitam
3288 2695 3485 2750 dueere

1902 2798 2000 2853 pro
2023 2784 2229 2839 viribus
2268 2786 2569 2839 certabant.
2602 2784 2682 2838 An
2716 2801 2822 2839 non
2867 2785 2934 2839 ad
2970 2786 3113 2841 illius
3152 2787 3484 2841 consortium

1902 2874 2210 2944 pertinebat
2234 2876 2325 2943 qui
2348 2875 2424 2929 ait
2452 2889 2466 2929 :
2497 2874 2631 2928 Mihi
2660 2884 2833 2930 autem
2862 2875 3129 2931 adluerere
3155 2876 3263 2930 Deo
3292 2876 3483 2930 bonum

1903 2978 1978 3022 est
2008 2965 2177 3041 (Psal.
2209 2968 2400 3040 Lxxn).
2433 2968 2499 3023 Et
2529 2969 2656 3023 item
2685 2983 2699 3022 :
2727 2967 2961 3022 Adlta’sit
2993 2969 3170 3021 anima
3225 2984 3340 3021 mea
3369 2978 3484 3038 post

1904 3068 1972 3125 te,
2004 3075 2085 3114 me
2111 3060 2334 3130 suscepit
2363 3061 2577 3114 dextera
2606 3069 2695 3113 tua
2727 3057 2746 3132 (
2776 3058 2924 3114 Psal.
2957 3059 3112 3131 an).
3142 3057 3406 3113 Similiter
3428 3067 3484 3113 et

1907 3151 2043 3207 alius
2070 3152 2332 3223 prepbeta
2366 3153 2431 3207 ad
2463 3152 2637 3222 ipsum
2676 3150 2962 3207 Dominum
2992 3152 3105 3206 ait:
3134 3151 3270 3205 Ecce
3299 3150 3484 3205 Domi-

1903 3260 2000 3298 nus
2025 3254 2197 3297 noster
2215 3242 2331 3295 iste.
2349 3240 2771 3311 Exspectavimus
2792 3258 2929 3307 eum,
2945 3254 2991 3295 et
3003 3240 3222 3296 salvabit
3244 3258 3367 3305 nos;
3389 3242 3483 3295 istc

1902 3333 2182 3399 Dominus,
2196 3334 2541 3387 sustinuimus
2561 3350 2701 3399 eum,
2723 3334 3099 3389 exsultabimus
3119 3345 3165 3389 et
3187 3335 3484 3390 laetabimur

1901 3428 1958 3480 in
1980 3426 2203 3480 salutari
2228 3426 2342 3496 ejus
2379 3423 2535 3495 (Isai.
2571 3440 2719 3497 xxv).
2760 3425 2998 3492 Domine,
3035 3428 3377 3482 sustinuimus
3399 3438 3482 3493 te;

1901 3532 2089 3570 nomen
2119 3526 2267 3569 tuum
2292 3524 2339 3569 et
2363 3515 2698 3570 memorabile
2721 3526 2868 3570 tuum
2899 3517 2954 3570 in
2984 3517 3243 3571 desilcrio
3268 3519 3476 3573 animm.

1902 3604 2091 3658 Anima
2116 3621 2227 3658 mea
2244 3603 2552 3659 desideravit
2573 3614 2621 3659 te
2640 3606 2695 3659 in
2716 3615 2880 3669 nocte,
2903 3606 2993 3660 sed
3017 3617 3063 3661 et
3086 3608 3269 3677 spiritu
3294 3624 3407 3661 meo
3431 3612 3486 3662 in

1900 3696 2202 3767 pra'cordiis
2216 3696 2359 3757 meis,
2379 3703 2483 3751 etc.
2502 3695 2655 3767 (Isai.
2674 3696 2845 3768 xxvi.)
2863 3694 2997 3752 Hinc
3020 3705 3075 3751 et
3085 3711 3180 3767 per
3190 3698 3479 3753 Jeremiam

1903 3786 1970 3840 ad
1997 3783 2188 3840 Iudam
2210 3786 2327 3855 ipse
2350 3785 2611 3842 Dominus
2636 3787 2712 3841 ait
2744 3805 2756 3840 :
2781 3785 3103 3842 Recordatus
3121 3804 3236 3841 sum
3263 3788 3358 3853 tui,
3382 3790 3481 3842 mi-

1902 3894 2084 3932 serans
2122 3877 2527 3931 adolescentiam
2569 3888 2735 3944 tuam,
2783 3888 2832 3932 et
2859 3878 3168 3932 charitatem
3198 3879 3481 3951 desponsa-

1901 3967 2057 4021 tionis
2083 3975 2209 4031 tuae,
2239 3966 2449 4036 quando
2493 3976 2671 4021 secuta
2717 3983 2770 4033 es
2798 3984 2878 4021 me
2902 3968 2956 4020 in
3002 3967 3225 4034 deserto,
3254 3970 3307 4023 in
3340 3980 3481 4024 terra

1900 4074 2018 4129 qua:
2042 4074 2144 4112 non
2173 4058 2474 4112 seminatur.
2524 4054 2749 4113 Sanctus
2774 4058 2945 4112 Israel
2967 4059 3212 4125 Domino,
3235 4061 3481 4128 primitiae

1902 4151 2116 4221 frugum
2142 4150 2279 4220 ejus.
2324 4146 2535 4217 Omnes,
2568 4152 2656 4220 qui
2680 4137 2927 4206 devorant
2969 4170 3109 4220 eum,
3134 4154 3435 4226 delinquunt
3462 4173 3479 4220 ;

1901 4244 2043 4297 mala
2103 4245 2302 4298 venient
2354 4261 2511 4314 super
2556 4262 2663 4310 eos,
2714 4246 2844 4299 dicit
2893 4246 3149 4302 Dominus
3204 4248 3337 4320 (Jer.
3394 4249 3475 4315 ιι).

1902 4336 2072 4392 Porro
2114 4352 2338 4408 regnum
2367 4337 2535 4391 David
2565 4337 2617 4391 in
2646 4336 2967 4403 Jerusalem,
2999 4341 3089 4394 ubi
3118 4355 3279 4409 super
3307 4347 3477 4394 totum

1903 4428 2065 4484 Israel
2105 4430 2349 4500 regnavit
2378 4470 2393 4495 ,
2426 4429 2691 4501 signiﬁcat
2739 4438 2950 4502 tempus
2974 4440 3095 4502 post
3151 4434 3481 4489 incarnatioo

1829 4556 1879 4614 Ι)
1905 4538 2030 4578 nem
2076 4524 2308 4589 Domini,
2340 4525 2646 4595 pa~sionem
2678 4534 2732 4579 et
2784 4528 3156 4581 ascensionem
3203 4528 3255 4581 in
3292 4527 3479 4594 cmlos,

1904 4613 2119 4683 quando
2144 4614 2385 4683 gentium
2430 4614 2673 4670 Ecclesia
2705 4617 2772 4671 ad
2822 4617 2978 4673 ﬁdem
3025 4618 3225 4673 Cbristi
3254 4629 3480 4675 ventura

1903 4712 2040 4767 erat,
2072 4705 2137 4759 de
2187 4720 2292 4775 qua
2332 4706 2446 4774 ipse
2500 4705 2554 4759 in
2596 4706 2888 4777 Evangelio
2918 4708 2993 4762 ait
3032 4727 3045 4763 :
3085 4708 3152 4762 Et
3195 4709 3329 4764 alias
3360 4728 3480 4766 oves

1904 4796 2089 4861 habeo,
2111 4813 2227 4867 qum
2251 4813 2352 4849 non
2400 4808 2613 4852 suntex
2665 4798 2763 4852 hoc
2815 4800 2974 4866 ovili;
3002 4811 3051 4855 et
3111 4801 3233 4856 illas
3281 4814 3480 4873 oportet

1903 4901 1985 4939 me
2019 4886 2305 4951 adducere,
2329 4896 2379 4939 et
2426 4904 2595 4941 vocem
2640 4905 2809 4943 meam
2849 4891 3096 4958 audient;
3128 4902 3175 4947 et
3203 4893 3291 4962 ﬁet
3317 4911 3480 4949 unum

1905 4974 2056 5041 ovile,
2080 4983 2126 5028 et
2150 4991 2285 5029 unus
2310 4985 2489 5045 pastor
2517 4975 2697 5039 (Joan.
2734 4978 2824 5051 x);
2857 4983 3071 5049 quando
3096 4984 3203 5052 ipse
3227 5026 3241 5049 ,
3265 4985 3356 5053 qui
3397 4995 3480 5041 est

1899 5082 2005 5136 pax
2060 5075 2260 5131 nostra,
2298 5066 2416 5135 fecit
2478 5076 2696 5139 utraque
2737 5087 2922 5137 unum,
2963 5081 3014 5126 et
3046 5090 3133 5127 eos
3191 5076 3281 5144 qui
3328 5074 3479 5146 longe

1903 5166 2050 5210 erant
2074 5156 2191 5226 fecit
2221 5174 2378 5228 prope
2408 5159 2463 5211 in
2512 5161 2766 5229 sanguine
2792 5179 2912 5227 suo,
2940 5162 3266 5235 mediumque
3308 5166 3478 5235 parie-

1903 5257 2005 5301 tem
2026 5251 2268 5303 maceriar
2307 5251 2494 5316 diruit,
2517 5252 2716 5307 solvens
2762 5253 3066 5309 inimicitias
3097 5258 3149 5310 in
3175 5273 3333 5310 carne
3356 5275 3476 5318 sna,

1904 5338 2064 5408 legem
2091 5340 2457 5394 mandatorum
2479 5342 2695 5396 decretis
2724 5360 3000 5410 evacuans,
3027 5355 3083 5398 ut
3122 5345 3254 5399 duos
3286 5348 3478 5400 conde-

1906 5441 1979 5484 ret
2004 5432 2059 5486 in
2080 5433 2351 5503 semetipso
2372 5434 2429 5487 in
2454 5451 2614 5487 unum
2646 5452 2833 5488 novum
2853 5436 3133 5499 hominem,
3168 5437 3367 5504 faciens
3387 5453 3480 5504 pr:-

1902 5538 2034 5586 cem,
2058 5532 2108 5576 et
2153 5524 2508 5578 reconciliaret
2550 5525 2728 5580 ambos
2771 5527 2825 5580 in
2856 5544 2959 5581 uno
2996 5543 3209 5597 corpore
3235 5526 3346 5579 Deo
3386 5540 3479 5593 per

1903 5613 2142 5679 Crucem,
2178 5616 2495 5684 interﬁciens
2542 5617 2846 5671 inimicitias
2875 5619 2927 5672 in
2957 5618 3227 5685 semetipso
3258 5615 3472 5686 (Ep/tes.

1900 5704 1982 5775 ιι).
2012 5704 2280 5760 Numerus
2300 5722 2429 5776 ergo
2443 5724 2707 5762 annorum
2736 5711 2885 5778 regni
2908 5710 3073 5765 David
3096 5710 3146 5763 in
3173 5706 3472 5763 Jerusalem

1899 5795 2119 5851 fuerunt
2139 5797 2354 5868 triginta
2398 5807 2506 5853 tres
2538 5800 2680 5854 anui.
2731 5801 2789 5854 Et
2823 5803 2949 5871 quid
2981 5817 3076 5870 per
3123 5799 3476 5856 tricenarium

2931 5902 3000 5959 10
