3912 6160
395 343 494 399 ευρ

1027 339 1084 392 Β.
1131 337 1375 392 ΒΑΒΛΝΙ
1420 333 1635 389 ΜΑΕΒΙ
1675 330 1951 387 Αιιειιικί

2060 322 2339 383 ΙΟΕΕΝΤ.
2382 324 2665 381 UPERUM
2706 322 2880 380 PARS
2919 326 2958 379 l.

3530 327 3626 380 ὗ(ιῦ

392 469 670 511 numerum
700 467 859 522 atque
905 451 1199 506 ternarium
1227 446 1579 521 signiﬁcatur,
1631 444 1732 499 nisi
1759 450 1959 498 sancta:
1987 446 2035 504 Α
2061 439 2203 495 circa
2233 437 2485 506 frequens
2534 437 2886 492 ministerium
2946 438 3211 509 satagcnti
3245 439 3509 493 Donziuus
3548 459 3630 493 rc-

393 545 668 603 'l‘rinitatis
711 544 840 597 ﬁdes
876 557 996 597 cum
1027 540 1407 609 adimpletione
1451 536 1846 591 mandatorum.
1888 533 1953 588 Hi

392 652 518 707 ergo
555 636 653 688 rite
686 632 750 687 ad
777 648 998 703 regnum
1029 631 1198 685 David
1226 629 1398 685 nostri
1429 628 1721 699 pertinent,
1756 626 1811 678 in
1839 624 1958 694 qui-

391 730 490 787 bus
519 726 651 780 ﬁdes
690 740 796 780 non
830 724 973 788 ﬁcta,
1004 722 1099 777 sed
1121 736 1248 776 vera
1290 720 1563 775 invenitur
1591 735 1604 769 :
1630 718 1744 785 ipsa
1768 714 1959 770 videli-

390 828 607 889 cetqua:
636 833 726 886 per
745 814 1072 869 dilectionem
1114 823 1358 882 operatur
1398 806 1540 881 (Gal.
1565 820 1642 893 ηε
1673 808 1741 862 Ει
1763 807 1959 863 merito

391 908 487 978 ipsi
518 908 571 959 in
591 903 886 959 Jerusalem
907 902 1149 981 habitare
1175 901 1442 963 dicuntur,
1478 900 1579 955 hoc
1609 907 1711 962 est,
1736 899 1790 953 in
1812 898 1959 952 visio-

389 1013 452 1051 ne
488 996 649 1066 pacis,
698 993 826 1064 quia
856 992 930 1047 illi
981 992 1034 1046 in
1062 991 1214 1061 pacis
1268 990 1474 1057 visione
1507 1000 1788 1045 morantur
1816 1030 1831 1056 ,
1866 988 1958 1059 qui

388 1087 649 1156 quidquid
683 1086 902 1155 sapiunt
925 1124 941 1148 ,
972 1082 1232 1152 quidquid
1258 1081 1464 1145 dicunt,
1492 1080 1749 1150 quidquid
1771 1088 1957 1151 agunt,

387 1178 565 1231 omnia
598 1177 652 1230 in
677 1175 845 1245 gloria
876 1173 972 1227 Dei
993 1170 1158 1244 (Phil.
1184 1170 1243 1241 ι),
1272 1181 1329 1225 et
1356 1186 1455 1240 pro
1483 1180 1699 1226 aeterna:
1724 1171 1959 1225 beatitu-

389 1270 529 1324 dinis
558 1269 751 1336 adeptu
799 1266 1024 1320 faciunt.
1061 1264 1211 1321 Unde
1234 1277 1332 1333 per
1360 1262 1697 1317 Psalmistam
1722 1261 1919 1317 dicitur
1942 1278 1955 1315 :

392 1357 509 1413 Pax
529 1356 695 1411 multa
742 1355 1075 1425 diligentibus
1119 1354 1280 1425 legem
1310 1364 1480 1419 tuam,
1511 1352 1756 1416 Domine,
1781 1359 1830 1406 et
1856 1366 1959 1406 non

387 1460 459 1501 est
485 1446 590 1505 illis
631 1445 937 1500 scandalum
964 1438 1142 1507 (Psal.
1167 1442 1378 1518 cxvm).
1403 1442 1627 1499 Summa
1653 1455 1781 1512 ergo
1818 1441 1960 1496 ﬁlio-

388 1555 508 1593 rum
534 1537 721 1600 David,
747 1538 838 1606 qui
865 1536 917 1590 in
945 1534 1242 1591 Jerusalem
1268 1536 1317 1590 ci
1345 1536 1457 1589 nati
1487 1544 1611 1589 sunt
1638 1576 1652 1599 ,
1685 1535 1869 1589 decem
1907 1540 1960 1586 ct

389 1640 499 1684 tres
521 1628 653 1683 ﬁunt
681 1645 696 1682 :
725 1628 779 1682 in
806 1642 912 1698 quo
928 1627 1239 1698 praedictum
1265 1626 1578 1697 mysterium
1602 1624 1726 1680 ﬁdei
1745 1640 1807 1679 ac
1825 1638 1962 1695 prae-

387 1729 665 1790 ceptorum
690 1720 859 1790 accipi
886 1727 1085 1789 potest.
1113 1717 1222 1773 Sed
1262 1719 1395 1789 quid
1436 1718 1572 1783 vult,
1606 1718 1751 1787 quod
1795 1717 1957 1772 iidem

2057 531 2287 599 spondit,
2323 532 2543 586 dicens:
2583 529 2815 596 Martha,
2846 530 3076 594 Mart/ta,
3105 531 3327 586 sol.’icita
3357 550 3430 594 es,
3461 537 3631 585 lur.’):t«

2057 623 2129 674 ris
2162 623 2300 675 circa
2330 622 2578 697 plurima.
2612 620 2779 676 Porro
2810 638 2974 674 unum
3005 632 3079 675 est
3110 624 3487 675 necessarium.
3520 624 3632 677 Ma-

2057 714 2138 765 ria
2162 728 2283 783 ergo
2324 713 2569 782 optimam
2595 724 2794 781 partem
2823 713 2994 783 elegit,
3017 730 3133 782 quw
3160 731 3261 768 non
3279 718 3555 783 aufertur
3574 718 3633 768 ab

2056 821 2118 859 ea
2159 804 2308 874 (Luc.
2336 804 2414 874 x).
2450 803 2621 859 Porro
2650 821 2703 858 m
2731 804 3025 861 Jerusalem
3066 806 3328 861 habitatio
3367 808 3537 862 David
3586 818 3635 861 et

2058 908 2281 965 regnum
2308 893 2476 963 ipsius
2516 894 2649 947 satis
2683 908 2917 963 congrue
2966 893 3149 949 decori
3204 896 3637 965 contemplativa!

2058 984 2181 1037 vine
2224 992 2400 1053 potest
2424 998 2521 1053 per
2549 984 2868 1054 mysterium
2911 985 3107 1053 aptari,
3146 984 3238 1038 ubi
3274 989 3437 1054 super
3466 996 3634 1041 totum

2059 1076 2221 1132 Israel
2274 1084 2552 1147 regnatur,
2599 1085 2653 1132 et
2702 1078 3023 1148 populorum
3072 1080 3305 1134 maxima
3346 1084 3636 1138 concordia

2060 1166 2402 1232 describitur,
2425 1167 2550 1236 quia
2576 1168 2842 1222 universis
2868 1170 3383 1226 contradictionibus
3423 1172 3637 1228 illicita-

2062 1273 2180 1311 rum
2208 1256 2540 1328 voluptatum
2587 1258 2882 1328 Oppressis,
2910 1274 3061 1314 mens
3085 1276 3219 1329 pura
3249 1277 3368 1315 cum
3401 1264 3530 1317 totis
3560 1263 3635 1317 af-

2060 1347 2290 1404 fectibus
2310 1349 2490 1404 cordis
2503 1348 2556 1405 in
2572 1349 2752 1403 divina
2777 1351 3226 1420 contemplatione
3247 1363 3629 1409 commoratur.

2059 1438 2116 1492 ln
2144 1453 2248 1507 qua
2293 1438 2499 1492 visione
2548 1438 2698 1508 pacis
2725 1440 2901 1493 anima
2936 1438 3155 1507 fruitur,
3184 1443 3307 1511 quia
3337 1444 3391 1497 in
3430 1456 3633 1499 (eterna

2061 1530 2327 1583 suavitate
2369 1528 2533 1583 futuri
2562 1530 2741 1598 gaudii
2786 1530 3173 1587 delectabiliter
3204 1535 3516 1602 paciscitur.
3561 1537 3634 1591 lbi

2061 1620 2255 1689 quippe
2284 1619 2450 1673 David
2479 1621 2737 1675 tredecim
2774 1618 2868 1675 ﬁlii
2896 1623 3204 1695 gignuntur,
3233 1627 3359 1694 quia
3387 1627 3635 1681 custodia

2062 1712 2243 1765 omnia
2269 1711 2645 1765 mandatorum
2692 1726 2790 1781 per
2834 1721 3034 1767 sancta:
3062 1713 3342 1770 Trinitatis
3373 1716 3558 1782 ﬁdem,
3587 1718 3633 1771 in

391 1811 484 1865 lilii
511 1812 566 1864 in
608 1818 841 1880 quatuor
860 1817 914 1863 et
941 1823 1134 1865 novem
1160 1806 1508 1863 dividuntur?
1529 1805 1662 1860 Nam
1688 1806 1763 1860 ita
1790 1805 1961 1878 scrip-
1988 1805 2035 1863 B
2062 1801 2175 1857 sola
2213 1800 2480 1856 charitate
2501 1800 2833 1868 Conditoris,
2872 1803 2940 1857 ab
2965 1803 3248 1859 animabus
3278 1806 3478 1860 Christi
3516 1822 3636 1876 gra-

390 1911 503 1957 tum
531 1909 614 1957 cst
646 1919 659 1954 :
703 1900 872 1954 Porro
903 1901 955 1953 in
989 1896 1282 1953 Jerusalem
1308 1897 1416 1950 nati
1436 1905 1555 1950 sunt
1584 1896 1632 1950 ei
1658 1894 1793 1964 ﬁlii:
1822 1893 1963 1948 Sim-

388 2012 509 2049 ntaa
534 2003 583 2049 et
612 1992 786 2049 Sobab
815 2000 865 2046 ct
898 1991 1115 2044 Natltan
1141 1998 1187 2044 et
1222 1987 1494 2053 Salomon,
1522 1996 1746 2058 quatuor
1771 1985 1835 2039 de
1858 1982 1961 2038 Be-

387 2085 595 2139 tltsabee
638 2082 753 2153 ﬁlia
795 2079 1034 2144 Ammiel,
1077 2079 1274 2133 Jebaar
1300 2094 1501 2148 quoque
1536 2086 1584 2131 et
1630 2075 1867 2130 Elisama
1914 2083 1963 2130 et

393 2173 690 2243 Eliphaleth
713 2181 759 2225 et
786 2170 934 2240 Noge
966 2179 1011 2222 et
1042 2169 1090 2222 Ν
1095 2169 1257 2239 apheg
1278 2177 1326 2223 et
1348 2167 1543 2238 Japltia
1559 2184 1578 2232 ;
1606 2182 1696 2221 nec
1726 2182 1830 2220 non
1849 2163 1963 2218 Eli-

384 2277 530 2313 santa
580 2262 633 2314 el
664 2258 856 2312 Eliada
899 2267 947 2311 et
976 2256 1289 2327 Eliphelcth,
1340 2273 1538 2310 novem.
1570 2254 1811 2322 Quatuor
1833 2268 1963 2325 ergo

386 2351 452 2405 de
489 2351 785 2405 llethsabce
812 2332 1022 2418 genitos
1043 2356 1096 2401 et
1123 2355 1382 2416 prmterea
1408 2346 1543 2401 alios
1569 2354 1964 2416 consequenter

390 2450 689 2496 enumerat.
744 2442 813 2494 Et
840 2440 967 2507 quid
1021 2454 1115 2508 per
1145 2438 1547 2508 quaternarium
1595 2453 1877 2493 numerum
1906 2437 1961 2491 in

397 2533 706 2602 evangelica
737 2531 1001 2594 doctrina,
1028 2530 1130 2584 nisi
1153 2530 1414 2599 quadriga
1442 2529 1816 2601 principalium
1847 2530 1961 2583 vir-

389 2631 563 2677 tutum
588 2621 910 2686 insinuatur,
925 2622 1028 2675 hoc
1040 2630 1143 2686 est,
1156 2619 1734 2691 prudentize,justitite,
1750 2618 1962 2675 fortitu-

387 2716 527 2769 dinis
565 2723 616 2767 et
645 2712 1055 2782 temperantize?
1087 2710 1211 2767 illuc
1235 2726 1365 2780 ergo
1391 2725 1456 2766 ex
1487 2711 1805 2777 Bethsabee,
1841 2725 1961 2780 quae

388 2805 486 2861 fuit
510 2806 615 2860 ﬁlia
629 2805 877 2867 Ammiel,
896 2802 1075 2875 genita
1090 2818 1206 2857 esse
1219 2810 1493 2867 narratur,
1511 2800 1636 2871 quia
1658 2815 1722 2855 ex
1740 2800 1960 2871 speciali

386 2903 478 2959 Dei
500 2904 671 2973 gratia
699 2903 749 2958 in
778 2902 973 2972 populo
994 2900 1330 2957 credentium
1347 2900 1491 2956 edita
1505 2912 1625 2955 csse
1642 2906 1956 2955 noscuntur.

385 2989 516 3046 Nam
547 2990 829 3046 Betltsabee
855 2992 1242 3060 interpretatur
1283 2989 1397 3058 ﬁlia
1424 3005 1521 3055 vn,
1560 2989 1643 3044 vel
1673 2990 1957 3057 societatis,

384 3082 498 3136 sive
546 3082 709 3136 etiam
751 3080 866 3150 ﬁlia
910 3080 1236 3151 juramenti;
1283 3078 1535 3145 Ammicl,
1568 3078 1785 3150 populus
1811 3095 1955 3134 meus

2066 1892 2140 1947 tia
2166 1892 2510 1949 fecunditatis
2538 1900 2693 1962 partu
2720 1892 3075 1950 saluberrimo
3109 1895 3304 1950 editur.

2135 1978 2325 2035 Omnes
2372 1982 2427 2034 Ιιί
2464 1981 2565 2050 ﬁlii
2593 1980 2782 2047 David,
2825 1982 3015 2054 absque
3050 1983 3177 2052 ﬁliis
3202 1985 3634 2051 concubinarum,

2062 2069 2454 2139 habueruntque
2498 2087 2729 2125 sororem
2780 2070 3028 2127 Thamar.
3083 2073 3282 2132 Omnes
3324 2076 3423 2131 ﬁlii
3468 2078 3635 2133 David

2064 2161 2254 2227 nostri,
2299 2161 2388 2230 qui
2418 2161 2493 2215 illi
2524 2176 2588 2217 ex
2632 2171 2790 2231 partu
2827 2173 3027 2219 sanctae
3058 2165 3311 2221 Ecclesiae
3355 2169 3637 2224 catholica:

2063 2251 2173 2305 nati
2204 2257 2351 2318 sunt,
2378 2252 2576 2307 habent
2603 2268 2846 2309 sororem
2871 2254 3126 2321 Thamar,
3157 2273 3277 2327 qua:
3300 2258 3633 2329 interpreti—

2066 2352 2152 2396 tur
2186 2342 2384 2413 palma,
2430 2344 2555 2413 quia
2595 2352 2850 2400 aeternam
2896 2357 3211 2417 exspectant
3244 2355 3638 2408 remuneratio-

2063 2448 2205 2489 nem.
2231 2434 2336 2490 Sed
2358 2436 2480 2491 inde
2500 2437 2840 2505 excipiuntur
2858 2437 2951 2492 ﬁlii
2975 2441 3415 2507 concubinarum,
3434 2445 3526 2514 qui
3549 2460 3638 2499 no-

2062 2526 2251 2579 minati
2291 2525 2433 2580 inter
2455 2535 2682 2581 caeteros
2704 2526 2841 2582 ﬁlios
2872 2530 3141 2583 numerari
3162 2545 3265 2584 non
3295 2545 3635 2591 meruerunt.

2032 2642 2037 2649 ν
2061 2615 2187 2685 quia
2199 2614 2389 2681 Judaei,
2405 2616 2518 2672 sive
2533 2618 2791 2685 haeretici,
2808 2619 2919 2673 sive
2932 2619 3260 2675 schismatici
3298 2621 3460 2690 hujus
3475 2625 3636 2678 socie-

2064 2706 2188 2761 tatis
2217 2708 2548 2761 consortium
2590 2708 2787 2764 habere
2812 2709 2957 2764 nullo
2987 2711 3144 2767 modo
3172 2720 3503 2780 potuerunt:
3546 2716 3635 2770 ubi

2060 2799 2204 2854 solos
2228 2800 2398 2870 gratia
2422 2801 2571 2871 regni
2609 2801 2843 2857 ccelestis
2875 2802 3010 2859 ﬁlios
3032 2804 3198 2861 David
3219 2807 3430 2863 nobiles
3453 2809 3522 2863 de
3545 2826 3636 2865 no-

2056 2886 2147 2944 bili
2179 2891 2430 2961 conjugio
2471 2893 2645 2948 editos
2677 2904 2973 2964 exspectat.
3005 2895 3129 2949 Non
3169 2898 3307 2951 enim
3335 2900 3507 2955 haeres
3540 2908 3637 2955 erit

2060 2976 2359 3051 (Scriptura
2391 2984 2547 3052 teste)
2572 2982 2718 3050 ﬁlius
2763 2984 2971 3039 ancilla:
3009 3001 3124 3039 cum
3151 2986 3259 3055 ﬁlio
3282 2988 3462 3045 libera:
3492 2991 3634 3063 (Gal.

2059 3072 2155 3138 tv).
2186 3068 2292 3125 Sed
2318 3070 2416 3125 feri
2446 3072 2689 3129 homines
2715 3074 2768 3128 in
2801 3075 3013 3130 deserto
3042 3087 3340 3144 manentes,
3371 3089 3429 3135 et
3457 3083 3637 3137 incer-

386 3170 503 3223 θεῖ,
545 3168 850 3226 secundum
871 3168 1235 3238 jummemum
1266 3183 1413 3239 ergo,
1438 3170 1583 3239 quod
1621 3168 1826 3238 jumvii
1854 3170 1955 3226 Do-
1984 3152 2028 3215 C
2060 3161 2131 3216 tis
2159 3160 2376 3218 sedibus
2406 3179 2620 3234 semper
2665 3175 2938 3237 vagantes.
2970 3166 3160 3223 Manus
3204 3184 3393 3226 eorum
3444 3182 3636 3229 contra

384 3262 562 3317 minus
596 3261 839 3332 patribus
876 3261 1093 3326 nostris,
1140 3261 1422 3316 suscitavit
1465 3262 1532 3316 de
1560 3260 1728 3316 David
1774 3277 1957 3318 semen

384 3354 621 3408 omnium
650 3355 909 3408 virtutum
935 3354 1085 3423 copia
1121 3353 1494 3423 plenissimum
1519 3372 1530 3408 :
1558 3353 1626 3408 In
1657 3371 1759 3424 quo
1809 3355 1959 3409 bene-

383 3444 679 3498 dicerentur
700 3460 875 3499 omnes
903 3444 1137 3497 nationes
1169 3454 1324 3497 teme
1354 3442 1508 3515 (Gen.
1540 3443 1695 3517 χχιι).
1727 3445 1806 3499 Illi
1830 3460 1958 3518 ergo

386 3536 478 3590 ﬁlii
518 3552 730 3603 novem,
786 3537 874 3607 qui
903 3545 1296 3607 consequenter
1329 3538 1668 3592 annumerati
1717 3546 1861 3603 sunt,
1889 3540 1957 3593 ad

386 3626 524 3681 idem
552 3635 947 3683 sacramentum
971 3628 1278 3698 pertinent:
1306 3628 1431 3697 quia
1457 3627 1511 3682 in
1541 3629 1834 3684 novenario
1856 3646 1959 3685 nu-

388 3733 536 3774 mero
570 3719 845 3775 ternarias
871 3719 926 3773 in
955 3720 1246 3789 semetipso
1291 3719 1677 3789 multiplicatus
1724 3730 1952 3777 constat.

387 3809 451 3863 Et
475 3823 685 3875 omnes,
714 3809 806 3879 qui
829 3808 923 3863 ﬁlii
955 3808 1050 3865 Dei
1072 3809 1188 3864 ﬁeri
1214 3808 1418 3876 volunt,
1446 3818 1650 3866 sancta:
1678 3810 1958 3867 Trinitatis

383 3898 775 3956 confessionem
798 3900 853 3955 in
884 3900 1009 3966 ﬁde,
1039 3915 1152 3971 spe,
1178 3901 1459 3967 charitate,
1496 3902 1551 3956 in
1573 3904 1823 3972 praesenti
1849 3904 1956 3958 vita

382 4003 662 4048 servantes
723 4008 845 4049 cum
904 3992 1235 4065 perfectione
1292 3997 1555 4051 bonorum
1608 4012 1831 4067 operum
1887 3999 1958 4053 ad

381 4092 639 4139 attentam
670 4084 933 4141 visionem
958 4125 974 4150 ,
1003 4096 1059 4141 et
1082 4094 1392 4143 sanctorum
1418 4087 1731 4159 angelorum
1780 4091 1955 4145 socie-

387 4184 549 4229 tatem
579 4176 864 4245 pervenire
887 4178 1234 4245 contendunt.
1258 4176 1443 4233 Potest
1465 4187 1521 4232 et
1546 4179 1842 4234 secundum
1873 4196 1956 4234 re-

383 4264 561 4337 gulam
593 4265 903 4338 tropologire
935 4267 1049 4322 haec
1079 4267 1355 4322 distinctio
1378 4267 1616 4322 locorum
1645 4276 1804 4338 atque
1825 4277 1956 4324 tem-

383 4372 574 4426 porum
611 4357 759 4428 regni
806 4358 975 4414 David
1021 4359 1086 4413 ad
1129 4359 1512 4414 mortalitatem
1541 4358 1822 4413 transferri
1851 4399 1866 4425 ,
1896 4368 1956 4413 ut

384 4446 524 4501 idem
553 4446 869 4517 mysterium
918 4446 1060 4516 quod
1108 4446 1163 4500 in
1203 4447 1410 4502 duabus
1464 4448 1721 4503 uxoribus
1763 4446 1950 4513 Jacob,

384 4537 485 4589 hoc
511 4544 616 4601 est,
645 4534 742 4589 Lia
781 4543 837 4590 et
872 4534 1092 4597 Rachel,
1129 4543 1289 4604 atque
1335 4535 1391 4589 in
1432 4535 1639 4592 duabus
1675 4537 1949 4591 sororibus

386 4625 598 4688 Lazari,
629 4623 841 4684 Martha
885 4622 1136 4678 videlicet
1185 4631 1241 4678 et
1292 4624 1479 4691 Maria,
1531 4640 1671 4694 quae,
1726 4626 1952 4682 Domino

381 4715 523 4784 apud
546 4729 605 4769 se
624 4713 966 4779 convivante,
997 4712 1441 4768 ministraverunt
1468 4712 1649 4786 (Joan.
1675 4715 1798 4787 xu),
1820 4731 1949 4770 san-

381 4813 588 4859 ctorum
615 4813 833 4874 patrum
863 4803 1149 4860 traditione
1191 4819 1505 4875 expressum
1532 4812 1637 4873 est,
1657 4814 1713 4861 et
1738 4806 1827 4861 hic
1870 4808 1949 4862 in-

385 4895 671 4966 telligatur.
702 4894 840 4961 Quid
869 4895 1013 4950 enim
1045 4909 1141 4965 per
1164 4892 1399 4961 Hebron,
1430 4894 1530 4950 nisi
1560 4895 1787 4951 actualis
1825 4897 1949 4953 vita:

383 4982 535 5038 labor
558 4986 900 5054 exprimitur,
950 4985 1041 5040 ubi
1071 4986 1223 5056 regni
1272 4987 1551 5042 exordium
1590 4999 1943 5060 prmparatur,

379 5073 473 5129 sed
495 5088 602 5129 non
633 5075 748 5130 sine
776 5075 965 5147 grandi
1010 5091 1262 5130 curarum
1305 5075 1550 5132 molestia
1598 5079 1949 5150 transigitur?

379 5166 454 5221 lbi
480 5165 678 5236 quippe
705 5182 800 5222 sex
838 5166 930 5221 ﬁlii
976 5167 1143 5222 David
1191 5168 1456 5238 spirituali
1485 5169 1539 5224 in
1566 5178 1769 5240 septem
1794 5173 1950 5226 annis

378 5265 693 5322 nascuntur,
726 5258 850 5326 quia
878 5257 1136 5327 perfectio
1176 5258 1441 5313 honorum
1470 5274 1689 5328 operum
1724 5261 1775 5314 in
1806 5278 1948 5331 pra:-

378 5346 547 5402 sentis
570 5346 695 5401 vita:
731 5360 893 5401 cursu
922 5362 1019 5416 per
1047 5344 1283 5401 ﬁdelium
1327 5349 1693 5417 operationem
1716 5349 1826 5404 Deo
1853 5365 1948 5405 ex-

379 5438 611 5494 hibetur.
646 5438 714 5493 Et
733 5437 928 5493 merito
951 5439 1067 5495 hac
1085 5439 1416 5510 participatio
1447 5441 1676 5495 tristitia:
1703 5443 1949 5497 nomina-

383 5539 487 5591 tur.
516 5531 640 5599 quia
678 5530 910 5586 servitus
937 5546 1055 5600 qua:
1082 5529 1442 5603 indigentibus
1460 5532 1721 5601 proximis
1749 5535 1950 5589 nostris

379 5633 407 5673 a
437 5621 589 5676 nobis
617 5636 713 5691 per
740 5621 1162 5691 compassionem
1192 5623 1517 5677 extenditur.
1557 5638 1660 5677 non
1708 5624 1825 5679 sine
1856 5625 1949 5679 do-

382 5706 508 5762 loris
523 5713 841 5768 admistione
855 5715 921 5767 ad
936 5713 1199 5785 integrum
1218 5712 1541 5783 implebitur.
1563 5713 1713 5769 Unde.
1730 5714 1948 5771 llartlirc
1968 5713 1980 5726 ’

2060 3264 2264 3314 omnes,
2294 3260 2349 3306 et
2384 3268 2573 3307 manus
2598 3255 2835 3309 omnium
2863 3264 3049 3311 contra
3078 3273 3186 3313 eos.

2129 3338 2179 3393 F
2182 3340 2305 3396 ilius
2332 3353 2505 3397 autem
2528 3343 2824 3400 Salomonis
2850 3345 3101 3415 Roboam,
3128 3351 3278 3420 cujus
3303 3353 3439 3407 Abiu
3456 3357 3639 3425 genuit

2057 3434 2183 3486 Asa.
2205 3432 2279 3486 De
2297 3433 2393 3487 hoc
2412 3452 2611 3506 quoque
2625 3446 2777 3491 natus
2790 3448 2865 3492 est
2878 3437 2910 3492 J
2918 3441 3131 3510 osaphat
3143 3452 3291 3511 pater
3299 3442 3333 3495 J
3339 3461 3514 3509 oram,
3529 3458 3636 3501 etc.

2058 3519 2472 3579 Generationem
2498 3526 2660 3582 David
2699 3539 2946 3584 numerat
2971 3547 3068 3602 per
3115 3548 3301 3604 regum
3331 3540 3641 3594 successio-

2058 3628 2153 3668 nes
2178 3629 2346 3683 usque
2375 3617 2442 3670 ad
2481 3619 2847 3687 captivitatem
2878 3621 3198 3693 Babyloniae,
3226 3627 3367 3681 sicut
3406 3629 3461 3683 in
3498 3631 3641 3687 libro

2058 3703 2266 3773 Regum
2302 3706 2442 3761 idem
2464 3710 2597 3762 ordo
2628 3710 2933 3780 descriptus
2956 3722 3208 3769 testatur.

2128 3802 2259 3858 Filii
2276 3815 2448 3860 autent
2473 3806 2636 3863 Josice
2670 3808 2919 3878 fuerunt:
2943 3815 3317 3885 primogenitus
3353 3819 3637 3885 Johanan,

2055 3897 2314 3951 secundus
2346 3897 2609 3965 Joacltim,
2639 3902 2821 3956 tertius
2870 3902 3136 3972 Sedecias,
3162 3919 3380 3977 quartus
3409 3909 3639 3969 Sellum.

2054 3986 2133 4040 De
2157 3987 2396 4042 Joacltim
2428 4000 2580 4044 natus
2607 4001 2680 4045 est
2706 3991 2992 4048 Jecltonias
3018 4005 3064 4048 et
3090 3995 3355 4053 Sedecias.
3388 4000 3644 4067 Quatuor

2056 4077 2151 4132 ﬁlii
2199 4081 2287 4134 hic
2330 4079 2581 4151 leguntur
2606 4080 2798 4148 Josiac;
2827 4084 2920 4139 sed
2959 4085 3012 4139 in
3053 4086 3159 4141 ﬁne
3205 4088 3364 4144 istius
3394 4091 3523 4147 libri
3548 4095 3637 4165 (Il

2057 4167 2188 4222 Par.
2213 4168 2422 4239 xxxvi),
2441 4184 2657 4224 necnon
2680 4179 2734 4224 et
2751 4172 2802 4226 in
2825 4172 2963 4227 libro
2980 4173 3186 4246 Regum
3210 4176 3258 4248 (1
3266 4176 3294 4231 Ι
3318 4178 3447 4250 Reg.
3467 4198 3639 4250 XXIII,

2055 4257 2228 4329 sxw),
2254 4258 2344 4312 ubi
2377 4263 2647 4316 successio
2673 4277 2859 4333 regum
2887 4274 3010 4333 post
3031 4264 3232 4322 Josiam
3255 4282 3640 4340 enumeratur,

2057 4361 2162 4399 non
2190 4346 2536 4403 inveniuntur
2564 4352 2735 4422 magis
2758 4368 2919 4423 quam
2966 4362 3099 4420 tres,
3143 4358 3245 4413 hoc
3270 4368 3353 4413 est
3377 4402 3392 4425 ,
3421 4364 3645 4430 primus

2057 4436 2288 4493 .loachas
2323 4479 2337 4504 ,
2386 4442 2651 4496 secundus
2695 4443 2990 4512 Eliaehim,
3048 4462 3207 4516 quem
3262 4449 3481 4507 Nechao
3537 4473 3641 4512 rex

2055 4529 2296 4602 ngypti,
2320 4541 2525 4588 mutato
2537 4536 2771 4600 nomine,
2791 4538 3289 4609 vocavitJoachim;
3316 4546 3512 4600 tertius
3534 4548 3641 4603 Se-

2054 4623 2253 4677 decias.
2281 4622 2525 4678 Johanan
2550 4635 2728 4681 autem
2751 4636 2805 4681 et
2829 4626 3031 4684 Selium
3055 4647 3159 4686 non
3181 4633 3533 4690 inveniuntur
3554 4639 3641 4693 iii

2053 4713 2292 4782 ascripti.
2344 4714 2494 4770 Unde
2521 4714 2870 4772 Hebraeorum
2894 4720 3076 4789 opinio
3120 4733 3220 4783 est.
3253 4726 3395 4792 quod
3424 4729 3641 4795 prium~

2051 4807 2266 4875 genitus
2291 4805 2522 4861 ﬁliorum
2552 4806 2715 4863 Josicc
2739 4807 2985 4866 Johauau
3029 4813 3135 4867 duo
3156 4815 3375 4869 nomina
3404 4817 3510 4871 alia
3535 4820 3641 4873 hac

2049 4896 2244 4961 buerit,
2272 4898 2375 4952 hoc
2400 4906 2504 4963 est,
2547 4896 2776 4954 Joachas
2810 4910 2866 4955 et
2907 4901 3125 4957 Sellum.
3155 4903 3289 4959 llinc
3317 4915 3374 4960 et
3398 4906 3452 4960 in
3476 4906 3642 4966 Iere-

2053 4990 2158 5042 mia
2183 4990 2441 5058 scriptum
2472 4991 2740 5059 reperitur
2764 5010 2776 5044 :
2814 4990 2940 5045 Iltrc
2965 4994 3089 5047 dicit
3117 4993 3377 5051 Dominus
3397 4999 3467 5052 ad
3509 5000 3642 5055 Sel-

2049 5077 2179 5143 lunt,
2206 5079 2375 5147 ﬁlium
2395 5078 2579 5146 Josiw,
2608 5098 2776 5151 regem
2794 5083 2973 5147 Juda',
2995 5085 3083 5154 qui
3107 5086 3337 5155 regnavit
3355 5104 3452 5156 pro
3471 5090 3642 5147 Josia

2048 5180 2195 5239 patre
2227 5188 2322 5226 suo
2345 5184 2365 5222 :
2388 5169 2491 5236 Qui
2522 5189 2756 5242 egressus
2785 5184 2858 5227 est
2879 5174 2944 5227 de
2982 5174 3094 5227 loco
3122 5176 3237 5239 isto,
3267 5193 3373 5230 non
3403 5193 3644 5234 reverte-

2049 5269 2137 5313 tur
2157 5261 2258 5314 Ituc
2284 5262 2544 5331 amplius;
2576 5263 2667 5318 sed
2688 5264 2741 5318 in
2768 5264 2899 5328 loco,
2924 5265 2994 5318 ad
3015 5281 3163 5335 quem
3203 5268 3453 5320 transtuli
3481 5286 3641 5337 eum,

2053 5350 2123 5403 ibi
2149 5352 2422 5417 morietur,
2445 5361 2493 5406 et
2514 5362 2706 5406 terram
2730 5355 2882 5407 istam
2898 5371 3001 5409 non
3026 5355 3213 5408 videbit
3232 5356 3455 5426 amplius
3483 5358 3638 5428 (Jer.

2053 5440 2209 5512 χχιι).
2238 5441 2368 5496 Nam
2409 5458 2603 5497 nomen
2649 5443 2847 5499 Sellum
2887 5446 3273 5516 interpretatur
3308 5451 3640 5506 translatus.

2054 5532 2209 5599 Quod
2235 5542 2414 5588 autem
2440 5535 2589 5600 dicit,
2614 5536 2679 5590 de
2700 5535 2939 5591 Joachim
2963 5549 3148 5591 natum
3161 5554 3279 5594 esse
3307 5539 3645 5598 Jechoniam

2053 5632 2108 5676 et
2134 5621 2430 5687 Sedeciam,
2458 5622 2742 5680 Jechonias
2764 5626 2901 5680 idem
2922 5636 3006 5682 est
3034 5630 3123 5696 qui
3148 5626 3647 5701 Joachimdicitur,

2055 5713 2143 5783 qui
2167 5723 2285 5783 post
2319 5724 2524 5783 patrem
2551 5715 2790 5771 Joachim
2815 5720 3057 5789 regnavit
3082 5720 3133 5774 in
3154 5718 3453 5779 Jerusalem
3476 5737 3643 5781 men-
