3912 6160
216 361 314 417 501

1133 354 1482 412 COMMENT.
1524 353 1588 408 ιδ
1630 352 2175 409 PAHALIPOMENA.
2213 381 2284 394 -—
2321 352 2447 408 LIB.
2486 352 2526 415 ι.

3356 349 3460 404 5οἳ

217 477 365 530 sibus
397 473 571 528 tribus
620 485 682 526 ac
731 469 920 524 diebus
950 468 1133 522 decem
1162 465 1246 539 (Il
1270 466 1400 520 Par.
1430 464 1636 532 xxxvi).
1687 462 1791 518 Sed
1820 467 1869 527 Α
1896 462 1988 515 vit.
2039 461 2107 515 Et
2142 461 2269 517 inde
2296 461 2492 516 dicitur
2532 458 2811 516 Secheniae
2862 458 3003 514 ﬁlios
3026 472 3148 516 esse
3191 473 3306 519 sex.
3340 460 3465 530 quia

217 565 463 621 Joachim
513 570 746 631 patrem,
778 557 868 627 qui
900 556 1005 611 alio
1056 557 1272 609 nomine
1318 554 1582 608 Eliachim
1618 550 1796 621 appel-

218 658 358 712 latus
380 663 487 717 est,
518 667 612 706 rex
638 650 1009 706 Chaldaeorum
1031 644 1525 701 Nabuchodonosor
1555 641 1795 695 vinctum

220 743 427 801 catenis
452 740 603 795 duxit
632 740 685 792 in
706 736 1033 806 Babylonem
1066 750 1187 789 cum
1219 743 1372 802 parte
1409 745 1661 785 vasorum
1693 728 1795 782 Do-

222 836 350 891 mini
377 834 540 905 (Dan.
568 831 628 902 1).
659 830 717 883 lu
744 844 849 898 qua
872 827 1182 898 captivitate
1207 834 1261 881 et
1300 823 1548 879 Ezechiel
1569 823 1799 892 prophe-

226 936 297 989 ta,
326 939 454 980 cum
501 922 679 975 adhuc
707 927 849 974 esset
902 934 1057 988 puer,
1090 918 1384 972 translatus
1409 923 1512 978 est,
1562 923 1620 968 ut
1643 912 1796 969 Jose-

228 1020 361 1089 phus
388 1022 636 1076 testatur,
660 1026 759 1066 nec
780 1025 886 1064 non
906 1017 961 1063 et
980 1008 1186 1072 Daniel,
1213 1007 1472 1069 Anauias,
1500 1004 1723 1058 Azarias
1747 1012 1802 1059 et

230 1103 433 1165 Misael,
463 1102 601 1156 sicut
626 1098 952 1169 principium
1006 1096 1130 1151 libri
1177 1096 1347 1165 ipsius
1397 1092 1633 1148 Danielis
1671 1105 1800 1162 pro-

230 1197 401 1266 pheta:
427 1190 663 1248 ostendit
692 1188 853 1262 (Dan.
892 1189 950 1260 ι).
983 1188 1135 1243 Licet
1171 1187 1389 1258 quidam
1419 1187 1803 1258 magistrorum

232 1285 539 1355 praedictum
557 1280 890 1335 Ezechielem
910 1288 1071 1348 atque
1098 1278 1370 1333 Danielem
1403 1287 1458 1335 et
1480 1286 1590 1332 tres
1609 1291 1805 1346 pueros

234 1376 434 1447 pariter
458 1390 581 1428 cum
608 1372 890 1435 Jeehonia,
922 1371 1029 1426 ﬁlio
1058 1368 1302 1424 Joachim
1326 1369 1488 1438 regis,
1520 1368 1807 1423 translatos

236 1480 349 1519 esse
384 1461 671 1527 aﬂirment,
713 1463 839 1533 quia
879 1460 1127 1515 similiter
1153 1461 1294 1515 hunc
1318 1459 1633 1514 Jechoniam
1668 1473 1808 1529 prie-

239 1560 408 1615 dictus
437 1553 929 1610 Nabuchodonosor
957 1567 1049 1605 rex
1082 1548 1355 1603 transtulit
1392 1549 1447 1602 in
1478 1548 1806 1619 Babylonem

240 1663 353 1702 cum
384 1645 596 1701 caeteris
642 1642 787 1696 vasis
827 1641 1018 1696 domus
1056 1636 1174 1704 Dei,
1213 1647 1268 1692 et
1320 1638 1587 1692 thesauris
1619 1639 1810 1694 domus

243 1737 417 1807 regiae,
447 1743 503 1788 et
524 1742 749 1787 matrem
775 1730 936 1801 regis,
966 1736 1020 1783 et
1054 1728 1329 1783 eunuchos
1349 1726 1483 1795 ejus,
1514 1738 1567 1782 et
1593 1725 1810 1782 Iudices

1894 551 2063 606 tilium
2096 559 2152 606 et
2181 560 2405 622 nepotes
2435 550 2595 608 simul
2632 559 2902 607 numerat.

2526 663 2753 721 CAPUT
2778 664 2863 719 IV.

1897 772 2031 827 Item
2051 776 2372 848 enumeratio
2395 774 2638 848 ﬁliorum
2679 774 2926 848 Judaet
2962 773 3053 848 qui
3097 791 3162 829 ea:
3186 775 3314 848 filiis
3351 778 3471 848 ejus

1970 845 2078 914 nati
2098 856 2252 908 sunt;
2278 855 2324 898 et
2363 846 2434 914 _de
2465 844 2624 897 labes
2661 847 2752 913 qui
2773 846 2875 913 fuit
2907 844 3133 914 inclytus
3160 861 3254 913 pro
3282 844 3471 914 [ratri-

1969 913 2063 983 lgus
2084 914 2214 983 suis.
2243 914 2320 983 De
2347 912 2503 968 Caleb
2522 925 2567 983 et
2594 912 2848 983 ﬁliisejus
2865 912 3034 968 Macir
3053 923 3099 967 et
3127 915 3250 968 viris
3275 912 3468 983 Rctjha.

1970 980 2050 1064 De
2076 982 2418 1064 ﬁliis-Cenes,
2455 991 2501 1036 et
2531 980 2731 1064 bisqui
2754 980 2822 1064 ex.
2846 1000 2904 1037 eo
2928 984 3038 1037 nati
3066 984 3316 1064 suntabe
3349 981 3473 1064 Scia

1971 1051 2081 1116 ﬁlio
2105 1050 2281 1122 Iudae,
2307 1061 2355 1106 et
2375 1053 2440 1122 de
2458 1050 2762 1122 cognatione
2788 1052 2972 1106 domus
2996 1055 3321 1122 aperantium
3352 1053 3469 1122 bys-

1971 1136 2088 1191 sum
2115 1137 2134 1183 ;
2166 1130 2214 1174 et
2245 1121 2309 1175 de
2354 1121 2533 1191 ﬁgulis
2568 1122 2679 1191 qui
2701 1121 3064 1191 habitaverunt
3097 1122 3151 1174 in
3184 1121 3473 1190 plantatio-

1975 1189 2123 1244 nibus
2150 1189 2436 1263 et_sedibus
2471 1189 2886 1263 regissDe‘ﬁliis
2930 1189 3137 1263 Simeon
3174 1189 3224 1245 et
3250 1193 3333 1248 his
3355 1208 3476 1263 qua:
3557 1253 3566 1262 ,

1972 1274 2065 1330 per
2084 1275 2170 1313 eos
2192 1260 2333 1329 facta
2357 1270 2476 1314 sunt
2495 1277 2513 1323 ;
2539 1270 2585 1314 et
2609 1260 2672 1313 de
2690 1260 2817 1330 ﬁliis
2845 1259 2982 1314 Gad.

1977 1370 2019 1443 (Ι
2045 1369 2158 1425 Pan
2192 1370 2290 1443 tv.)
2324 1369 2451 1426 Filii
2483 1371 2626 1426 Iuda
2673 1368 2906 1437 Phares,
2947 1370 3149 1443 Hesran
3186 1381 3233 1426 et
3262 1369 3479 1427 Cliarmi

1908 1474 1954 1518 et
1983 1462 2103 1518 Itur
2123 1473 2170 1518 et
2194 1463 2374 1519 Sobal.
2408 1464 2684 1531 Quomodo
2721 1480 2850 1534 ergo
2879 1464 3082 1518 Phares
3111 1472 3165 1518 et
3193 1464 3397 1520 Hesron
3425 1475 3482 1520 et

1909 1554 2088 1610 επιειί
2124 1562 2257 1620 tres,
2286 1555 2379 1624 qui
2419 1564 2736 1625 sequuntur,
2767 1556 2857 1609 ﬁlii
2888 1553 3036 1609 Juu'ce
3065 1570 3182 1610 esse
3209 1557 3479 1620 dicuntur,

1910 1660 2032 1701 cum
2058 1644 2183 1699 alibi
2200 1644 2442 1715 legimus,
2474 1645 2678 1701 Phares
2697 1654 2752 1700 et
2780 1647 2975 1701 Zaram
3006 1646 3144 1701 ﬁlios
3167 1661 3287 1702 esse
3308 1645 3479 1713 ludas,

1920 1734 2129 1790 Ilesron
2167 1744 2346 1791 autem
2379 1735 2545 1790 lilium
2575 1735 2801 1790 Phares.
2834 1734 2940 1790 Sed
2967 1735 3174 1791 llebnei
3215 1745 3480 1801 asserunt,

247 1838 418 1891 terrm,
434 1833 490 1881 et
511 1838 701 1879 omnes
722 1821 1169 1878 fortesexercitus
1188 1821 1371 1875 decem
1389 1819 1551 1873 millia
1574 1816 1659 1889 (II
1677 1815 1805 1871 Par.
1840 1816 1885 1876 Β
1914 1824 2134 1878 mutatis
2162 1823 2487 1887 nominibus,
2518 1824 2736 1879 eosdem
2778 1824 2915 1879 ιῃίοε
2938 1823 3109 1890 ιυδω,
3138 1840 3275 1894 quos
3302 1824 3486 1895 sui?

246 1919 423 1988 xxxvr)
452 1935 464 1971 :
498 1917 551 1971 in
581 1913 732 1983 cujus
757 1914 877 1968 loco
904 1913 1229 1968 constitutus
1259 1922 1343 1966 est
1371 1910 1689 1973 Mathanias,
1719 1924 1811 1978 qui

142 2082 149 2089 κ
247 2019 298 2065 ει
320 2008 595 2072 Sedecias,
627 2015 853 2077 patruus
888 2004 1026 2074 ejus,
1060 2002 1201 2058 (ilius
1236 2002 1419 2071 utique
1443 1998 1603 2055 Josim
1648 1998 1810 2069 regis,

248 2100 332 2170 qui
358 2097 699 2167 postmodum
722 2094 970 2149 similiter
1001 2091 1295 2147 translatus
1320 2100 1403 2146 est
1426 2090 1480 2145 in
1512 2088 1809 2149 Chaldieos.

314 2188 441 2241 Filii
469 2184 739 2240 Jechonia:
766 2183 1023 2253 fuerunt:
1070 2181 1210 2247 Asir,
1265 2178 1547 2246 Salathiel,
1598 2176 1815 2231 Melchi-

253 2297 377 2345 ram,
398 2277 664 2342 Phadaia,
679 2274 959 2337 Senneser,
980 2282 1027 2328 et
1039 2271 1074 2327 Ι
1078 2273 1292 2337 ecemia,
1308 2270 1468 2326 Sama
1481 2280 1527 2325 et
1543 2269 1597 2324 Ν
1600 2269 1813 2324 adabia.

253 2368 323 2423 De
345 2365 590 2421 Phadaia
618 2365 719 2418 orti
740 2373 859 2417 sunt
884 2361 1171 2415 Zorobabel
1192 2370 1241 2415 et
1266 2360 1461 2427 Semei,
1491 2371 1596 2416 etc.

316 2456 437 2511 Asir
468 2464 523 2509 et
565 2452 825 2507 Salathiel
870 2452 1031 2506 unius
1059 2451 1293 2506 hominis
1323 2451 1538 2505 nomina
1588 2458 1735 2514 sunt,
1761 2457 1820 2502 ut

254 2547 453 2602 Hebraei
479 2546 665 2600 volunt
694 2559 708 2598 :
742 2544 961 2614 ipseque
987 2552 1071 2599 est
1096 2543 1328 2598 Phadaia
1351 2552 1504 2613 pater
1523 2541 1819 2597 Zurohabcl

256 2647 303 2692 et
350 2636 553 2693 Semei.
607 2634 760 2691 Unde
789 2635 841 2688 in
887 2633 1023 2689 libro
1069 2634 1254 2689 Esdrze
1298 2632 1348 2706 (1
1376 2632 1505 2688 Εεά.
1540 2632 1647 2704 ιιι),
1675 2641 1728 2687 ει
1766 2633 1819 2686 in

260 2726 540 2798 Evangelia
569 2724 803 2779 Mattbzei
829 2723 1043 2795 (ΜαιίΙι.
1073 2724 1113 2797 ι)
1145 2723 1443 2779 Zorobahel
1492 2722 1632 2778 ﬁlius
1672 2722 1822 2777 Sala—

260 2816 377 2870 thiel
401 2830 525 2871 esse
546 2814 900 2879 describitur;
930 2813 1317 2883 interpretatur
1337 2811 1571 2867 Phadaia
1591 2811 1822 2881 redemp-

259 2917 334 2962 tus
385 2907 622 2971 Domini,
667 2906 795 2960 Asir
837 2915 1162 2971 carceratus,
1212 2904 1468 2959 Salathiel
1513 2902 1688 2971 frutex
1717 2901 1825 2958 Do-

259 2998 396 3052 mini.
424 2998 494 3053 Et
533 2998 674 3052 bene
710 2996 1033 3051 conveniunt
1076 2997 1192 3051 haec
1243 2995 1461 3049 nomina
1517 2992 1826 3049 doctoribus

260 3086 472 3153 sanctis,
520 3100 751 3155 quorum
782 3084 958 3140 studio
1006 3092 1165 3155 atque
1213 3082 1387 3138 oilicio
1431 3081 1827 3138 ecclesiasticus

260 3177 478 3248 populus
501 3184 795 3249 generatur
823 3194 835 3229 :
872 3176 965 3247 qui
994 3177 1232 3231 adversis
1260 3173 1634 3231 aﬂlictionibus
1662 3175 1825 3229 casti-
1851 3156 1895 3220 Ο

262 3268 384 3337 gati,
422 3268 520 3322 sed
543 3283 643 3338 per
663 3268 897 3336 gratiam
931 3266 1140 3321 Domini
1172 3266 1433 3335 redempti
1456 3264 1697 3337 germina
1723 3264 1825 3318 vir-

267 3365 423 3410 tutum
449 3367 559 3410 tam
599 3356 653 3409 in
686 3370 743 3410 se
767 3371 928 3426 quam
973 3364 1159 3411 contra
1190 3356 1244 3409 in
1271 3356 1372 3411 sibi
1424 3353 1653 3411 subditis
1682 3354 1828 3409 salu-

267 3447 421 3502 briter
445 3447 700 3517 proferre
720 3454 991 3518 satagunt.
1021 3445 1287 3502 Senneser
1309 3462 1438 3517 ergo
1466 3445 1607 3501 ﬁlius
1633 3445 1825 3501 Jecho-

267 3537 360 3592 nire
379 3539 492 3608 ipse
517 3547 625 3603 est,
671 3540 761 3608 qui
811 3539 862 3592 in
896 3539 1065 3593 Esdra
1110 3536 1435 3594 Sassabusar
1477 3538 1824 3603 nominatur;

269 3629 342 3680 cui
363 3628 527 3699 Cyrus
558 3630 916 3683 annumeravit
964 3646 1089 3683 vasa
1119 3630 1304 3683 domus
1350 3628 1563 3683 Domini
1588 3628 1641 3700 (Ι
1665 3627 1824 3682 Esdr.

272 3732 305 3782 ι,
325 3719 396 3788 v).
421 3720 1001 3789 lnterpretaturautem
1025 3718 1294 3774 Senneser
1306 3717 1621 3790 plasmatus,
1639 3717 1829 3775 Sassa-

272 3809 421 3864 basar
443 3820 625 3864 autem
666 3809 966 3864 tribulatus.
997 3809 1125 3877 Quae
1155 3810 1316 3864 etiam
1366 3811 1582 3866 nomina
1607 3812 1831 3882 mystice

272 3906 626 3974 provisoribus
650 3919 902 3959 vasorum
939 3902 1054 3969 Dei,
1085 3903 1189 3958 hoc
1236 3910 1339 3967 est,
1366 3901 1688 3957 'animarum
1708 3919 1831 3957 san-

273 4006 469 4052 ctarum
504 3998 605 4053 rite
632 4004 953 4066 congruunt,
993 4010 1114 4050 cum
1144 3995 1401 4050 Dominus
1433 4001 1617 4049 noster
1648 3991 1831 4065 (quem

274 4085 435 4157 Cyrus
457 4103 548 4143 rex
597 4087 814 4142 nomine
858 4096 913 4141 et
955 4085 1289 4141 absolutione
1315 4084 1641 4154 captivitatis
1667 4085 1833 4156 signi-

276 4176 461 4250 ﬁcavit)
483 4179 572 4251 qui
606 4188 682 4233 est
720 4178 924 4233 scilicet
950 4177 1117 4231 hwres
1165 4178 1549 4241 universorum,
1582 4190 1675 4230 eos
1696 4191 1832 4246 quos

275 4271 333 4323 ad
356 4273 577 4325 salutem
614 4269 1018 4340 praedestinavit
1042 4278 1321 4331 asternam,
1350 4267 1414 4321 de
1441 4274 1705 4335 potestate
1735 4265 1834 4320 Sa—

275 4369 402 4414 tanae
426 4361 585 4426 eruit,
616 4368 673 4415 et
715 4359 970 4413 Ecclesiae
1000 4357 1370 4413 sacerdotibus
1407 4357 1833 4415 reconciliandos

275 4468 363 4522 per
398 4452 771 4523 paenitentiam
816 4450 990 4505 oﬂ'ert.
1029 4450 1096 4504 Et
1138 4451 1276 4504 bene
1322 4458 1676 4504 annumerata
1714 4464 1835 4505 esse

278 4508 497 4596 dicit-ibi
518 4540 749 4611 principi
776 4554 903 4594 vasa
925 4537 1083 4602 Juda,
1118 4539 1242 4608 quia
1271 4538 1420 4592 novit
1450 4538 1708 4592 Dominus
1736 4554 1834 4592 nu-
1859 4508 1913 4569 D

278 4647 472 4687 merum
497 4633 790 4687 electorum
820 4644 1039 4684 suorum
1070 4627 1156 4701 (ΙΙ
1182 4627 1315 4681 Tim.
1339 4627 1423 4697 ιι),
1454 4640 1629 4695 neque
1656 4627 1833 4696 aliqua

277 4723 407 4791 perit
422 4738 489 4777 ex
510 4724 703 4778 ovibus
731 4721 848 4790 ejus
894 4719 1073 4789 (Joan.
1099 4719 1153 4791 ιι)
1205 4717 1587 4774 conﬁtentibus
1630 4719 1835 4774 nomini

278 4812 385 4881 ejus
404 4831 598 4883 magno
644 4824 700 4870 et
733 4813 958 4869 terribili
996 4810 1169 4885 (Psal.
1210 4811 1318 4884 cx).
1348 4810 1486 4867 Juda
1527 4812 1669 4866 enim
1709 4829 1835 4865 con-

279 4905 424 4975 fessio
445 4906 846 4978 interpretatur.

346 4995 514 5054 Filius
537 4998 804 5052 Sccheniw
834 4995 1065 5062 Semeia,
1095 4997 1247 5067 cujus
1274 4996 1375 5066 ﬁlii
1413 4995 1646 5051 Hau/tus
1674 5005 1720 5051 et
1745 4995 1843 5050 Je-

280 5085 412 5154 gaal,
443 5086 602 5139 Βατία
627 5102 830 5157 quoque
855 5094 903 5140 et
931 5084 1137 5139 Naaria
1174 5095 1223 5140 et
1251 5085 1451 5157 Sep/tat
1478 5102 1569 5139 sea:
1606 5101 1843 5150 numero,

282 5189 377 5235 etc.
410 5180 689 5248 Quomodo
716 5181 860 5235 enim
907 5194 1001 5234 sex
1031 5177 1170 5233 ﬁlios
1190 5194 1314 5234 esse
1357 5180 1508 5244 dicit,
1537 5194 1659 5233 cum
1683 5179 1844 5247 quin-

284 5286 380 5341 que
405 5280 613 5325 tantum
645 5271 993 5326 inveniantur
1039 5270 1227 5339 scripti
1277 5270 1345 5324 ab
1398 5269 1628 5323 Hatthus
1674 5282 1845 5338 usque

286 5359 518 5430 Saphat?
538 5361 644 5416 Sed
688 5361 803 5415 haec
854 5342 1082 5429 quaestio
1111 5361 1179 5414 ab
1209 5357 1449 5414 llebrreis
1481 5359 1553 5412 ita
1597 5357 1840 5412 solvitur.

288 5448 568 5507 Sechenias
592 5468 724 5524 ergo
752 5452 941 5505 habuit
989 5451 1156 5505 lilium
1179 5449 1449 5506 Semeiam
1489 5450 1725 5513 unicum,
1756 5450 1849 5517 qui

288 5541 467 5597 habuit
486 5545 727 5613 quinque
742 5543 900 5608 ﬁlios,
924 5544 1028 5598 hoc
1053 5551 1153 5605 est,
1173 5541 1424 5607 llatthus,
1440 5540 1641 5612 Jegaal,
1667 5542 1844 5604 Baria,

290 5629 474 5688 Naaria
498 5644 553 5691 et
579 5633 807 5703 Saphat.
839 5634 903 5688 lli
928 5635 1165 5703 quinque
1193 5649 1315 5689 cum
1334 5642 1488 5703 patre
1516 5646 1614 5687 suo
1638 5630 1849 5686 Semeia

292 5725 374 5786 qui
402 5727 592 5782 unicus
614 5725 787 5797 patris
810 5733 945 5794 erat,
975 5724 1248 5780 senarium
1281 5737 1565 5778 numerum
1609 5722 1847 5793 comple-

1914 1921 2035 1966 tura
2087 1911 2206 1966 aliis
2244 1912 2554 1966 nominibus
2600 1910 2704 1966 alio
2751 1911 2870 1966 loco
2916 1922 3201 1978 memorat,
3242 1912 3328 1967 hic
3365 1927 3487 1968 esse

1913 2016 2197 2072 expressos
2227 2016 2242 2063 ;
2274 2000 2426 2054 aiunt
2490 2000 2635 2056 enim
2683 2000 2908 2067 Phares,
2963 2002 3053 2071 qui
3104 2002 3488 2071 interpretatur

1914 2092 2118 2157 divisio,
2150 2108 2304 2147 suum
2341 2108 2536 2148 nomen
2582 2093 2857 2163 proprium
2892 2093 2980 2147 hic
3017 2094 3237 2148 habere.
3279 2093 3484 2149 llesron

1915 2172 2091 2235 autem
2126 2182 2298 2250 ipsum
2327 2197 2446 2236 esse
2476 2182 2690 2247 Zaram,
2723 2182 2817 2235 sed
2854 2180 3066 2235 Hesron
3091 2182 3486 2251 interpretatur

1917 2273 2130 2337 atrium,
2170 2271 2362 2325 Zaram
2395 2280 2572 2335 ortus,
2602 2269 2818 2325 Charmi
2862 2286 3076 2341 quoque
3102 2272 3214 2340 ipse
3256 2272 3324 2326 sit
3352 2270 3484 2326 llez.

1918 2361 2052 2416 Nam
2079 2360 2296 2417 Charini
2337 2362 2723 2432 interpretatur
2750 2362 2905 2415 unica
2931 2378 3067 2428 mea,
3104 2362 3212 2417 llez
3246 2362 3485 2433 uigilans.

1919 2451 2034 2507 llur
2070 2460 2247 2507 autem
2296 2452 2470 2522 ipsum
2513 2452 2700 2507 dicunt
2726 2466 2846 2506 esse
2869 2452 2960 2520 qui
3003 2450 3157 2508 Onan
3201 2452 3256 2506 in
3294 2452 3491 2507 Genesi

1918 2542 2227 2597 nominatur
2275 2539 2428 2613 (Cen.
2475 2539 2727 2610 xxxvtn).
2782 2539 2888 2595 Sed
2945 2540 3058 2595 Iiur
3106 2539 3493 2611 interpretatur

1919 2631 2155 2695 sinistra,
2204 2629 2357 2686 Onan
2405 2630 2788 2694 murmuratio;
2845 2627 3005 2684 Sobal
3060 2644 3272 2700 quoque
3316 2630 3491 2700 ipsum

1922 2738 2041 2777 esse
2076 2720 2220 2788 Sela,
2253 2722 2603 2777 novissimum
2653 2721 2814 2775 trium
2847 2720 3098 2787 ﬁliorum,
3146 2737 3279 2790 quos
3300 2723 3489 2793 genuit

1923 2828 2059 2868 uxor
2081 2809 2231 2867 Judre
2259 2810 2373 2881 ejus
2394 2810 2653 2866 vocabulo
2684 2809 2823 2865 Sum.
2858 2809 3250 2880 Interpretatur
3278 2814 3493 2880 quidem

1924 2900 2087 2958 Sobal
2116 2902 2259 2972 spica
2310 2902 2423 2956 sive
2474 2918 2608 2955 rana
2644 2910 2894 2964 vetustas,
2938 2908 2993 2956 et
3019 2899 3139 2955 Sela
3174 2903 3383 2969 missus,
3411 2902 3498 2958 vel

1924 2997 2110 3050 umbra
2149 2996 2281 3067 ejus.
2321 2995 2563 3066 Denique
2586 2994 2823 3065 prudens
2850 2996 3038 3061 lector,
3070 2996 3161 3068 qui
3185 2997 3495 3054 distantiam

1930 3084 2109 3141 facere
2134 3085 2235 3142 scit
2285 3086 2426 3140 inter
2452 3086 2695 3141 umbram
2743 3085 2896 3156 legis,
2925 3096 2979 3142 et
3009 3088 3294 3143 veritatem
3322 3088 3499 3144 Evan-

1927 3178 2072 3250 gelii,
2097 3186 2154 3235 et
2197 3179 2327 3248 quid
2354 3180 2420 3234 ad
2472 3188 2794 3248 prmsentem
2841 3179 3160 3244 Ecclesium,
3195 3180 3391 3249 quidve
3425 3178 3496 3234 ad

1927 3267 2161 3323 futuram
2186 3267 2524 3323 referendum
2563 3268 2651 3333 sit,
2694 3269 2797 3323 rite
2838 3269 3079 3339 agnoscit
3107 3310 3120 3334 ,
3150 3268 3309 3325 facile
3338 3268 3497 3325 intel-

1927 3358 2095 3431 ligere
2122 3366 2301 3429 potest
2321 3359 2451 3429 quid
2496 3359 2739 3430 mysterii
2770 3359 2824 3414 in
2850 3360 2950 3415 hac
2980 3359 3288 3414 diversitate
3322 3360 3498 3415 nomi-

1928 3463 2057 3503 num
2079 3447 2259 3503 lateat.

2002 3539 2139 3594 Raia
2169 3556 2307 3605 vero,
2330 3540 2472 3609 ﬁlius
2511 3539 2693 3605 Sobal,
2715 3543 2889 3613 genuit
2935 3538 3153 3609 Jahatli,
3183 3542 3247 3596 de
3269 3558 3370 3611 quo
3394 3540 3503 3595 nati

1929 3641 2050 3687 sunt
2092 3632 2321 3687 Ahumai
2344 3642 2390 3687 et
2423 3632 2590 3687 Laud.
2624 3632 2726 3689 Hie
2751 3635 3081 3706 cognationes
3120 3634 3352 3690 Saratlii.
3389 3635 3503 3690 Ista

1929 3740 2132 3794 quoque
2167 3724 2324 3793 stirps
2356 3723 2570 3789 Etham,
2600 3724 2847 3779 Jezrahel
2877 3735 2924 3779 et
2946 3725 3152 3780 Jesema
3191 3735 3238 3781 et
3260 3726 3500 3790 Jedcbos,

1930 3821 2034 3868 etc.
2065 3813 2226 3869 Sobal
2273 3815 2454 3884 genuit
2480 3813 2634 3869 Raia.
2670 3815 2802 3869 liaia
2840 3817 3023 3887 genuit
3062 3815 3275 3880 Jahath,
3306 3815 3503 3871 Jahzxth

1931 3904 2114 3974 genuit
2137 3903 2367 3957 Ahumai
2395 3913 2446 3958 et
2480 3902 2644 3959 Laad.
2673 3905 2820 3960 Laad
2855 3906 3037 3975 genuit
3061 3906 3275 3959 Etham.
3309 3907 3504 3961 Etham

1933 3996 2116 4066 genuit
2154 3993 2422 4061 Jezrahel,
2455 4011 2484 4049 a
2510 4010 2617 4066 quo
2655 3996 2786 4051 urbs
2816 4011 3010 4052 nomen
3047 3998 3269 4067 accepit,
3304 3998 3355 4052 in
3399 4015 3500 4069 qtt't

1936 4084 2142 4140 Naboth
2158 4084 2433 4139 habitabat
2447 4084 2567 4157 (ΙΙΙ
2584 4084 2713 4155 Reg.
2733 4084 2866 4157 XXI).
2883 4085 3032 4153 Quod
3048 4096 3222 4141 autem
3240 4086 3511 4158 sulijungi-

1936 4187 2063 4232 tur:
2101 4177 2305 4232 Nomen
2351 4178 2549 4232 sororis
2591 4193 2768 4231 eorum
2794 4177 3095 4248 Aselpltuni,
3127 4179 3263 4233 hanc
3293 4180 3508 4249 quidam

1936 4276 2161 4322 matrem
2177 4266 2403 4323 Samson
2423 4267 2912 4337 suspicanturesse,
2928 4269 2992 4323 de
3006 4266 3155 4323 Judze
3174 4268 3340 4339 stirpe
3352 4284 3513 4339 gene-

1936 4367 2128 4424 ratam,
2153 4357 2305 4427 cujus
2333 4358 2562 4414 maritus
2590 4356 2691 4413 fuit
2722 4358 2916 4414 Manna
2944 4360 3010 4415 de
3035 4360 3203 4430 stirpe
3236 4360 3371 4426 Dan,
3415 4361 3509 4431 qui

1936 4457 1990 4505 et
2011 4451 2077 4505 de
2105 4448 2310 4505 Saraba
2342 4449 2396 4504 in
2411 4449 2947 4507 Judicumlibroesse
2967 4452 3162 4523 legitur
3187 4451 3335 4525 (Iud.
3363 4454 3510 4524 xm),

1940 4540 2082 4596 sicut
2103 4548 2158 4595 et
2187 4539 2276 4594 hic
2300 4539 2458 4610 paulo
2481 4540 2739 4611 superius
2751 4540 3011 4609 scriptum
3036 4550 3121 4600 est
3148 4561 3161 4596 :
3201 4541 3302 4597 Ha:
3322 4557 3514 4611 cogna-

1941 4635 2104 4689 tiones
2125 4632 2361 4690 Saratlti.

2014 4721 2256 4777 Phanuel
2275 4733 2473 4790 autem,
2502 4733 2653 4794 pater
2673 4721 2864 4789 Gedor,
2895 4733 2943 4779 et
2966 4723 3125 4790 Eser,
3155 4734 3307 4795 pater
3327 4723 3509 4780 Hosa:

1943 4816 2030 4869 isti
2079 4824 2198 4869 sunt
2226 4814 2326 4883 ﬁlii
2366 4813 2489 4869 Hur
2523 4816 2854 4886 primogeniti
2894 4815 3132 4886 Ephrata
3158 4817 3324 4887 patris
3360 4817 3518 4872 Beth-

1945 4903 2128 4957 lehem.
2160 4900 2399 4955 Phanuel
2440 4902 2637 4972 quippe
2681 4912 2736 4957 et
2762 4902 2903 4957 Ezer
2946 4902 3146 4959 fratres
3179 4903 3273 4958 lilii
3300 4903 3519 4960 fuerunt

1947 4992 2078 5060 llur,
2113 4994 2206 5049 ﬁlii
2237 4992 2422 5057 Caleb,
2448 4994 2789 5065 primogeniti
2815 4994 2998 5050 Mariae
3034 4995 3238 5051 sororis
3265 4995 3431 5068 Moysi
3463 5007 3520 5053 et

1946 5087 2148 5151 Aaron,
2179 5100 2340 5154 quam
2372 5084 2480 5140 alio
2516 5086 2735 5140 nomine
2758 5086 2993 5155 Ephrata
3033 5097 3328 5157 nuncupat.
3371 5087 3518 5142 Laad

1946 5193 2077 5233 vero
2097 5188 2154 5232 et
2180 5176 2323 5232 llosa
2349 5177 2566 5232 nomina
2602 5184 2728 5232 sunt
2749 5176 2986 5232 locorum
3007 5193 3039 5231 a
3061 5176 3185 5233 ﬁliis
3221 5177 3336 5233 ilur
3359 5195 3519 5249 supra

1948 5267 2241 5322 nominatis
2287 5280 2556 5336 possessa.
2600 5265 2707 5322 Sed
2732 5267 2930 5322 mirum
2970 5282 3070 5323 cur
3115 5268 3204 5323 hic
3231 5269 3347 5324 llur
3377 5271 3523 5325 dicat

1951 5365 2161 5428 patrem
2196 5371 2316 5411 esse
2338 5355 2670 5423 Bethlehem,
2701 5372 2823 5411 cum
2855 5358 3108 5426 superius
3139 5358 3321 5414 Salma
3351 5360 3520 5427 scrip-

1955 5457 2038 5503 tus
2065 5448 2135 5502 sit
2160 5445 2275 5514 ejus
2298 5455 2455 5515 pater
2479 5446 2666 5513 fuisse,
2699 5448 2754 5501 ni
2786 5447 2924 5503 forte
2966 5449 3056 5503 hic
3092 5457 3302 5519 patrem
3339 5448 3522 5517 appel-

1955 5539 2026 5593 let
2053 5539 2309 5609 parentis,
2325 5538 2452 5608 quia
2480 5538 2593 5593 Hur
2612 5546 2767 5608 pater
2788 5538 2890 5614 fuit
2910 5538 3110 5604 Salma,
3126 5540 3218 5608 qui
3245 5539 3344 5593 fuit
3369 5546 3526 5608 pater

1956 5630 2283 5685 Bethlehem.

2023 5721 2190 5777 Assur
2242 5730 2416 5775 autem
2461 5721 2876 5792 patris'l'ltecuc,
2923 5729 3069 5776 erant
3115 5721 3234 5776 dum
3290 5735 3522 5777 uxores:
