  <div class='ocr_page' id='page_1' title='image "/cluster/home/n/w/nwhite01/storage/ocr_20150623/109/hvd.32044054759741/157.png"; bbox 0 0 3902 6146; ppageno 0'>
   <div class='ocr_carea' id='block_1_1' title="bbox 330 324 1965 441">
    <p class='ocr_par' dir='ltr' id='par_1_1' title="bbox 330 350 1935 441">
     <span class='ocr_line' id='line_1_1' title="bbox 330 350 1935 441; baseline -0.023 1"><span class='ocrx_word' id='word_1_1' title='bbox 330 385 435 441; x_wconf 61' lang='grc' dir='ltr'><strong>δὲ.ιῦ</strong></span> <span class='ocrx_word' id='word_1_2' title='bbox 958 372 1028 425; x_wconf 82' lang='grc' dir='ltr'><strong>Β.</strong></span> <span class='ocrx_word' id='word_1_3' title='bbox 1058 363 1323 422; x_wconf 61' lang='grc' dir='ltr'><strong>ἶὶΑΒΑδῚ</strong></span> <span class='ocrx_word' id='word_1_4' title='bbox 1363 358 1579 416; x_wconf 69' lang='grc' dir='ltr'><strong>ΜΑΕΜ</strong></span> <span class='ocrx_word' id='word_1_5' title='bbox 1618 350 1935 415; x_wconf 63' lang='lat' dir='ltr'><strong>ARCHIEP.</strong></span> 
     </span>
    </p>
   </div>
   <div class='ocr_carea' id='block_1_2' title="bbox 2066 324 3591 441">
    <p class='ocr_par' dir='ltr' id='par_1_2' title="bbox 2066 324 3591 405">
     <span class='ocr_line' id='line_1_2' title="bbox 2066 324 3591 405; baseline -0.015 -1"><span class='ocrx_word' id='word_1_6' title='bbox 2066 346 2288 405; x_wconf 66' lang='lat' dir='ltr'><strong>tGUNT.</strong></span> <span class='ocrx_word' id='word_1_7' title='bbox 2329 341 2612 400; x_wconf 76' lang='lat' dir='ltr'><strong>OPERUM</strong></span> <span class='ocrx_word' id='word_1_8' title='bbox 2652 337 2832 394; x_wconf 76' lang='lat' dir='ltr'><strong>PARS</strong></span> <span class='ocrx_word' id='word_1_9' title='bbox 2867 337 2909 391; x_wconf 92' lang='grc'><strong>1.</strong></span> <span class='ocrx_word' id='word_1_10' title='bbox 3482 324 3591 382; x_wconf 68' lang='grc' dir='ltr'><strong>ἵ»οι</strong></span> 
     </span>
    </p>
   </div>
   <div class='ocr_carea' id='block_1_3' title="bbox 336 439 3601 550">
    <p class='ocr_par' dir='ltr' id='par_1_3' title="bbox 336 439 3601 550">
     <span class='ocr_line' id='line_1_3' title="bbox 336 439 3601 550; baseline -0.018 1"><span class='ocrx_word' id='word_1_11' title='bbox 336 494 513 550; x_wconf 79' lang='lat' dir='ltr'><strong>llataa</strong></span> <span class='ocrx_word' id='word_1_12' title='bbox 541 500 589 546; x_wconf 87' lang='lat' dir='ltr'><strong>et</strong></span> <span class='ocrx_word' id='word_1_13' title='bbox 629 487 836 543; x_wconf 88' lang='lat' dir='ltr'><strong>Naara.</strong></span> <span class='ocrx_word' id='word_1_14' title='bbox 886 479 1056 537; x_wconf 80' lang='lat' dir='ltr'><strong>Assur</strong></span> <span class='ocrx_word' id='word_1_15' title='bbox 1106 478 1210 532; x_wconf 89' lang='lat' dir='ltr'><strong>iste</strong></span> <span class='ocrx_word' id='word_1_16' title='bbox 1240 472 1379 527; x_wconf 80' lang='lat' dir='ltr'><strong>illius</strong></span> <span class='ocrx_word' id='word_1_17' title='bbox 1417 469 1521 524; x_wconf 85' lang='lat' dir='ltr'><strong>fuit</strong></span> <span class='ocrx_word' id='word_1_18' title='bbox 1553 465 1812 527; x_wconf 84' lang='lat' dir='ltr'><strong>Hesrom,</strong></span> <span class='ocrx_word' id='word_1_19' title='bbox 1845 476 1913 516; x_wconf 71' lang='lat' dir='ltr'><strong>ex</strong></span> <span class='ocrx_word' id='word_1_20' title='bbox 1942 470 1989 526; x_wconf 77' lang='grc' dir='ltr'><strong>Α</strong></span> <span class='ocrx_word' id='word_1_21' title='bbox 2018 459 2246 513; x_wconf 74' lang='lat' dir='ltr'><strong>virtutes</strong></span> <span class='ocrx_word' id='word_1_22' title='bbox 2272 461 2326 509; x_wconf 91' lang='lat' dir='ltr'><strong>et</strong></span> <span class='ocrx_word' id='word_1_23' title='bbox 2354 449 2635 507; x_wconf 88' lang='lat' dir='ltr'><strong>miracula.</strong></span> <span class='ocrx_word' id='word_1_24' title='bbox 2673 447 2899 516; x_wconf 83' lang='lat' dir='ltr'><strong>Ipseque</strong></span> <span class='ocrx_word' id='word_1_25' title='bbox 2924 441 3092 499; x_wconf 81' lang='lat' dir='ltr'><strong>Paulo</strong></span> <span class='ocrx_word' id='word_1_26' title='bbox 3121 449 3279 505; x_wconf 89' lang='lat' dir='ltr'><strong>teste,</strong></span> <span class='ocrx_word' id='word_1_27' title='bbox 3302 439 3467 493; x_wconf 81' lang='lat' dir='ltr'><strong>virtus</strong></span> <span class='ocrx_word' id='word_1_28' title='bbox 3494 439 3601 493; x_wconf 78' lang='lat' dir='ltr'><strong>Dei</strong></span> 
     </span>
    </p>
   </div>
   <div class='ocr_carea' id='block_1_4' title="bbox 335 528 3597 649">
    <p class='ocr_par' dir='ltr' id='par_1_4' title="bbox 335 528 3597 649">
     <span class='ocr_line' id='line_1_4' title="bbox 336 528 1204 550; baseline -0.026 1"><span class='ocrx_word' id='word_1_29' title='bbox 336 528 513 550; x_wconf 70' lang='lat' dir='ltr'><strong>Illius&quot;</strong></span> <span class='ocrx_word' id='word_1_30' title='bbox 541 528 587 546; x_wconf 75' lang='grc' dir='ltr'><strong>ιο</strong></span> <span class='ocrx_word' id='word_1_31' title='bbox 629 528 836 543; x_wconf 66' lang='grc' dir='ltr'><strong>ινκκ-κ-</strong></span> <span class='ocrx_word' id='word_1_32' title='bbox 886 528 1046 537; x_wconf 67' lang='grc' dir='ltr'><strong>--.ν-..-</strong></span> <span class='ocrx_word' id='word_1_33' title='bbox 1107 528 1204 532; x_wconf 55' lang='lat'>__,_</span> 
     </span>
     <span class='ocr_line' id='line_1_5' title="bbox 335 528 3597 649; baseline -0.019 -8"><span class='ocrx_word' id='word_1_34' title='bbox 335 588 439 641; x_wconf 80' lang='lat' dir='ltr'><strong>alia</strong></span> <span class='ocrx_word' id='word_1_35' title='bbox 486 590 657 638; x_wconf 90' lang='lat' dir='ltr'><strong>matre</strong></span> <span class='ocrx_word' id='word_1_36' title='bbox 690 576 922 649; x_wconf 87' lang='lat' dir='ltr'><strong>genitus,</strong></span> <span class='ocrx_word' id='word_1_37' title='bbox 971 572 1113 626; x_wconf 84' lang='lat' dir='ltr'><strong>sicut</strong></span> <span class='ocrx_word' id='word_1_38' title='bbox 1139 580 1303 636; x_wconf 85' lang='lat' dir='ltr'><strong>supra</strong></span> <span class='ocrx_word' id='word_1_39' title='bbox 1339 562 1766 618; x_wconf 80' lang='lat' dir='ltr'><strong>demonstratum</strong></span> <span class='ocrx_word' id='word_1_40' title='bbox 1793 559 1911 616; x_wconf 89' lang='lat' dir='ltr'><strong>est,</strong></span> <span class='ocrx_word' id='word_1_41' title='bbox 2014 558 2061 603; x_wconf 90' lang='lat' dir='ltr'><strong>et</strong></span> <span class='ocrx_word' id='word_1_42' title='bbox 2111 544 2392 617; x_wconf 73' lang='lat' dir='ltr'><strong>sapientia,</strong></span> <span class='ocrx_word' id='word_1_43' title='bbox 2434 558 2528 612; x_wconf 86' lang='lat' dir='ltr'><strong>per</strong></span> <span class='ocrx_word' id='word_1_44' title='bbox 2566 554 2720 611; x_wconf 86' lang='lat' dir='ltr'><strong>quem</strong></span> <span class='ocrx_word' id='word_1_45' title='bbox 2752 534 2965 589; x_wconf 86' lang='lat' dir='ltr'><strong>condita</strong></span> <span class='ocrx_word' id='word_1_46' title='bbox 3009 540 3131 587; x_wconf 87' lang='lat' dir='ltr'><strong>sunt</strong></span> <span class='ocrx_word' id='word_1_47' title='bbox 3164 530 3343 584; x_wconf 87' lang='lat' dir='ltr'><strong>omnia</strong></span> <span class='ocrx_word' id='word_1_48' title='bbox 3380 543 3496 598; x_wconf 73' lang='lat' dir='ltr'><strong>qua:</strong></span> <span class='ocrx_word' id='word_1_49' title='bbox 3541 528 3597 581; x_wconf 86' lang='lat' dir='ltr'><strong>in</strong></span> 
     </span>
     <span class='ocr_line' id='line_1_6' title="bbox 2098 617 3597 649; baseline -0.012 18"><span class='ocrx_word' id='word_1_50' title='bbox 2098 637 2129 649; x_wconf 83' lang='lat'><strong>--</strong></span> <span class='ocrx_word' id='word_1_51' title='bbox 2285 646 2294 649; x_wconf 90' lang='lat'><em>-</em></span> <span class='ocrx_word' id='word_1_52' title='bbox 2355 643 2367 649; x_wconf 67' lang='grc' dir='ltr'><strong><em>ι</em></strong></span> <span class='ocrx_word' id='word_1_53' title='bbox 2470 648 2495 649; x_wconf 57' lang='grc' dir='ltr'><em>η</em></span> <span class='ocrx_word' id='word_1_54' title='bbox 2608 639 2746 649; x_wconf 70' lang='lat'>.-___</span> <span class='ocrx_word' id='word_1_55' title='bbox 2772 625 2819 649; x_wconf 83' lang='grc' dir='ltr'>η</span> <span class='ocrx_word' id='word_1_56' title='bbox 2847 624 2951 649; x_wconf 64' lang='grc' dir='ltr'><strong>ρ-..</strong></span> <span class='ocrx_word' id='word_1_57' title='bbox 3002 639 3054 649; x_wconf 88' lang='grc'><strong>..</strong></span> <span class='ocrx_word' id='word_1_58' title='bbox 3089 621 3183 649; x_wconf 74' lang='grc' dir='ltr'><strong>ιι-ι</strong></span> <span class='ocrx_word' id='word_1_59' title='bbox 3235 619 3275 649; x_wconf 81' lang='lat'><strong>.\</strong></span> <span class='ocrx_word' id='word_1_60' title='bbox 3320 618 3415 649; x_wconf 65' lang='lat' dir='ltr'><strong>ru;</strong></span> <span class='ocrx_word' id='word_1_61' title='bbox 3439 617 3597 649; x_wconf 51' lang='grc' dir='ltr'>...ηιμ</span> 
     </span>
    </p>
   </div>
   <div class='ocr_carea' id='block_1_5' title="bbox 340 617 3599 732">
    <p class='ocr_par' dir='ltr' id='par_1_5' title="bbox 340 617 3599 732">
     <span class='ocr_line' id='line_1_7' title="bbox 340 617 3599 732; baseline -0.019 -3"><span class='ocrx_word' id='word_1_62' title='bbox 340 617 922 732; x_wconf 44' lang='grc' dir='ltr'><strong>ῗιϊᾶοέηὲζιὲϋῗνωωη</strong></span> <span class='ocrx_word' id='word_1_63' title='bbox 971 617 1111 626; x_wconf 35' lang='grc' dir='ltr'><strong>-.ν-ν</strong></span> <span class='ocrx_word' id='word_1_64' title='bbox 1140 617 1257 636; x_wconf 31' lang='lat' dir='ltr'><strong>VT</strong></span> <span class='ocrx_word' id='word_1_65' title='bbox 1275 617 1298 619; x_wconf 22' lang='grc' dir='ltr'><em>Ἢ</em></span> <span class='ocrx_word' id='word_1_66' title='bbox 2016 637 2156 693; x_wconf 75' lang='lat' dir='ltr'><strong>caelis</strong></span> <span class='ocrx_word' id='word_1_67' title='bbox 2176 646 2295 691; x_wconf 80' lang='lat' dir='ltr'><strong>sunt</strong></span> <span class='ocrx_word' id='word_1_68' title='bbox 2319 643 2499 703; x_wconf 66' lang='lat' dir='ltr'><strong>etquae</strong></span> <span class='ocrx_word' id='word_1_69' title='bbox 2525 632 2581 685; x_wconf 82' lang='lat' dir='ltr'><strong>in</strong></span> <span class='ocrx_word' id='word_1_70' title='bbox 2607 639 2747 684; x_wconf 83' lang='lat' dir='ltr'><strong>terra</strong></span> <span class='ocrx_word' id='word_1_71' title='bbox 2770 625 2819 697; x_wconf 87' lang='grc'><strong>(1</strong></span> <span class='ocrx_word' id='word_1_72' title='bbox 2846 624 2968 680; x_wconf 83' lang='lat' dir='ltr'><strong>Cor.</strong></span> <span class='ocrx_word' id='word_1_73' title='bbox 3002 639 3056 689; x_wconf 89' lang='lat' dir='ltr'><strong>I;</strong></span> <span class='ocrx_word' id='word_1_74' title='bbox 3088 621 3203 677; x_wconf 81' lang='lat' dir='ltr'><strong>Col.</strong></span> <span class='ocrx_word' id='word_1_75' title='bbox 3235 619 3297 691; x_wconf 83' lang='grc' dir='ltr'><strong>ι).</strong></span> <span class='ocrx_word' id='word_1_76' title='bbox 3320 618 3419 674; x_wconf 85' lang='lat' dir='ltr'><strong>Cui</strong></span> <span class='ocrx_word' id='word_1_77' title='bbox 3439 617 3599 671; x_wconf 86' lang='lat' dir='ltr'><strong>mali—</strong></span> 
     </span>
     <span class='ocr_line' id='line_1_8' title="bbox 2042 706 3599 732; baseline -0.019 22"><span class='ocrx_word' id='word_1_78' title='bbox 2042 728 2052 732; x_wconf 58' lang='grc' dir='ltr'><strong><em>λ</em></strong></span> <span class='ocrx_word' id='word_1_79' title='bbox 2124 727 2134 732; x_wconf 92' lang='grc'><strong>-</strong></span> <span class='ocrx_word' id='word_1_80' title='bbox 2218 725 2229 732; x_wconf 86' lang='grc'><strong>-</strong></span> <span class='ocrx_word' id='word_1_81' title='bbox 2255 726 2267 732; x_wconf 91' lang='grc'><strong><em>-</em></strong></span> <span class='ocrx_word' id='word_1_82' title='bbox 3037 727 3130 732; x_wconf 52' lang='grc' dir='ltr'><strong>μ--</strong></span> <span class='ocrx_word' id='word_1_83' title='bbox 3168 707 3405 732; x_wconf 67' lang='grc' dir='ltr'><strong>Δξ-ι.-1,,,.</strong></span> <span class='ocrx_word' id='word_1_84' title='bbox 3432 706 3599 732; x_wconf 51' lang='lat' dir='ltr'><strong>nn“,</strong></span> 
     </span>
    </p>
   </div>
   <div class='ocr_carea' id='block_1_6' title="bbox 414 706 3603 858">
    <p class='ocr_par' dir='ltr' id='par_1_6' title="bbox 414 706 3603 858">
     <span class='ocr_line' id='line_1_9' title="bbox 414 706 717 729; baseline -0.026 0"><span class='ocrx_word' id='word_1_85' title='bbox 414 706 495 729; x_wconf 57' lang='lat' dir='ltr'><strong>un</strong></span> <span class='ocrx_word' id='word_1_86' title='bbox 535 706 717 725; x_wconf 72' lang='grc' dir='ltr'><strong>υηιυυ.</strong></span> 
     </span>
     <span class='ocr_line' id='line_1_10' title="bbox 414 706 3603 858; baseline -0.021 -31"><span class='ocrx_word' id='word_1_87' title='bbox 414 787 619 858; x_wconf 70' lang='grc' dir='ltr'><strong>Ρερενίι</strong></span> <span class='ocrx_word' id='word_1_88' title='bbox 649 794 820 837; x_wconf 53' lang='lat' dir='ltr'><strong><em>autem</em></strong></span> <span class='ocrx_word' id='word_1_89' title='bbox 847 787 897 832; x_wconf 71' lang='grc' dir='ltr'><em>ει</em></span> <span class='ocrx_word' id='word_1_90' title='bbox 926 776 1112 830; x_wconf 59' lang='lat' dir='ltr'><strong>Numa</strong></span> <span class='ocrx_word' id='word_1_91' title='bbox 1155 771 1355 827; x_wconf 65' lang='grc' dir='ltr'><strong>οοωπ,</strong></span> <span class='ocrx_word' id='word_1_92' title='bbox 1379 774 1428 820; x_wconf 67' lang='grc' dir='ltr'><strong>ει</strong></span> <span class='ocrx_word' id='word_1_93' title='bbox 1464 760 1674 831; x_wconf 58' lang='lat' dir='ltr'><strong>Hem,</strong></span> <span class='ocrx_word' id='word_1_94' title='bbox 1694 764 1740 811; x_wconf 67' lang='grc' dir='ltr'><strong>ει</strong></span> <span class='ocrx_word' id='word_1_95' title='bbox 1785 753 1917 808; x_wconf 67' lang='lat' dir='ltr'><strong><em>The-</em></strong></span> <span class='ocrx_word' id='word_1_96' title='bbox 2018 728 2091 783; x_wconf 89' lang='lat' dir='ltr'><strong>tia</strong></span> <span class='ocrx_word' id='word_1_97' title='bbox 2122 725 2426 781; x_wconf 79' lang='lat' dir='ltr'><strong>invidorum</strong></span> <span class='ocrx_word' id='word_1_98' title='bbox 2446 735 2641 776; x_wconf 84' lang='lat' dir='ltr'><strong>nocere</strong></span> <span class='ocrx_word' id='word_1_99' title='bbox 2667 732 2773 772; x_wconf 90' lang='lat' dir='ltr'><strong>non</strong></span> <span class='ocrx_word' id='word_1_100' title='bbox 2805 713 3003 786; x_wconf 87' lang='lat' dir='ltr'><strong>potuit,</strong></span> <span class='ocrx_word' id='word_1_101' title='bbox 3035 727 3135 767; x_wconf 91' lang='lat' dir='ltr'><strong>nec</strong></span> <span class='ocrx_word' id='word_1_102' title='bbox 3164 707 3409 765; x_wconf 80' lang='lat' dir='ltr'><strong>diabolus</strong></span> <span class='ocrx_word' id='word_1_103' title='bbox 3432 706 3603 760; x_wconf 89' lang='lat' dir='ltr'><strong>ullum</strong></span> 
     </span>
     <span class='ocr_line' id='line_1_11' title="bbox 1362 796 3603 858; baseline -0.013 21"><span class='ocrx_word' id='word_1_104' title='bbox 1362 854 1401 858; x_wconf 64' lang='grc' dir='ltr'>η</span> <span class='ocrx_word' id='word_1_105' title='bbox 1609 847 1648 858; x_wconf 82' lang='lat'><strong>-</strong></span> <span class='ocrx_word' id='word_1_106' title='bbox 1830 842 1919 858; x_wconf 68' lang='lat' dir='ltr'><strong>.m-</strong></span> <span class='ocrx_word' id='word_1_107' title='bbox 2019 820 2161 858; x_wconf 78' lang='lat' dir='ltr'><strong>inm</strong></span> <span class='ocrx_word' id='word_1_108' title='bbox 2203 815 2389 858; x_wconf 69' lang='lat' dir='ltr'><strong>habuit.</strong></span> <span class='ocrx_word' id='word_1_109' title='bbox 2440 811 2811 858; x_wconf 73' lang='lat' dir='ltr'><strong>dominatum.</strong></span> <span class='ocrx_word' id='word_1_110' title='bbox 2839 805 2966 858; x_wconf 79' lang='lat' dir='ltr'><strong>quia</strong></span> <span class='ocrx_word' id='word_1_111' title='bbox 3022 801 3225 858; x_wconf 91' lang='lat' dir='ltr'><strong>nullum</strong></span> <span class='ocrx_word' id='word_1_112' title='bbox 3268 800 3340 855; x_wconf 89' lang='lat' dir='ltr'><strong>ibi</strong></span> <span class='ocrx_word' id='word_1_113' title='bbox 3400 796 3603 852; x_wconf 81' lang='lat' dir='ltr'><strong>invenit</strong></span> 
     </span>
    </p>
   </div>
   <div class='ocr_carea' id='block_1_7' title="bbox 343 796 3608 934">
    <p class='ocr_par' dir='ltr' id='par_1_7' title="bbox 343 796 3608 934">
     <span class='ocr_line' id='line_1_12' title="bbox 414 796 3574 858; baseline -0.016 -16"><span class='ocrx_word' id='word_1_114' title='bbox 414 796 619 858; x_wconf 75' lang='lat' dir='ltr'><strong>Peperit</strong></span> <span class='ocrx_word' id='word_1_115' title='bbox 649 796 820 837; x_wconf 88' lang='lat' dir='ltr'><strong>autem</strong></span> <span class='ocrx_word' id='word_1_116' title='bbox 847 796 897 832; x_wconf 86' lang='lat' dir='ltr'><strong>et</strong></span> <span class='ocrx_word' id='word_1_117' title='bbox 926 796 1111 830; x_wconf 78' lang='lat' dir='ltr'><strong>tvaara</strong></span> <span class='ocrx_word' id='word_1_118' title='bbox 1155 796 1355 827; x_wconf 71' lang='grc' dir='ltr'><strong>υυωιη</strong></span> <span class='ocrx_word' id='word_1_119' title='bbox 1379 796 1427 820; x_wconf 73' lang='grc' dir='ltr'><strong>σι</strong></span> <span class='ocrx_word' id='word_1_120' title='bbox 1464 796 1662 831; x_wconf 65' lang='lat' dir='ltr'><strong>nep&quot;...</strong></span> <span class='ocrx_word' id='word_1_121' title='bbox 1694 796 1740 811; x_wconf 72' lang='grc' dir='ltr'><strong>υ.</strong></span> <span class='ocrx_word' id='word_1_122' title='bbox 1789 796 1888 808; x_wconf 66' lang='grc' dir='ltr'><strong>-..ν</strong></span> <span class='ocrx_word' id='word_1_123' title='bbox 2021 820 2033 833; x_wconf 47' lang='grc'><strong>.</strong></span> <span class='ocrx_word' id='word_1_124' title='bbox 2351 815 2362 828; x_wconf 47' lang='grc'>.</span> <span class='ocrx_word' id='word_1_125' title='bbox 2570 811 2582 824; x_wconf 49' lang='lat'><em>.</em></span> <span class='ocrx_word' id='word_1_126' title='bbox 2916 805 2928 816; x_wconf 47' lang='lat'><em>.</em></span> <span class='ocrx_word' id='word_1_127' title='bbox 3268 801 3279 812; x_wconf 45' lang='lat'>.</span> <span class='ocrx_word' id='word_1_128' title='bbox 3326 800 3337 811; x_wconf 55' lang='grc'><em>,</em></span> <span class='ocrx_word' id='word_1_129' title='bbox 3400 798 3414 811; x_wconf 36' lang='grc' dir='ltr'>ν</span> <span class='ocrx_word' id='word_1_130' title='bbox 3561 796 3574 807; x_wconf 49' lang='grc'><em>,</em></span> 
     </span>
     <span class='ocr_line' id='line_1_13' title="bbox 343 800 3608 934; baseline -0.02 0"><span class='ocrx_word' id='word_1_131' title='bbox 343 895 483 934; x_wconf 88' lang='lat' dir='ltr'><strong>mam</strong></span> <span class='ocrx_word' id='word_1_132' title='bbox 504 887 551 930; x_wconf 88' lang='lat' dir='ltr'><strong>et</strong></span> <span class='ocrx_word' id='word_1_133' title='bbox 576 870 858 928; x_wconf 83' lang='lat' dir='ltr'><strong>Hastharei</strong></span> <span class='ocrx_word' id='word_1_134' title='bbox 896 882 912 922; x_wconf 92' lang='lat'><strong><em>:</em></strong></span> <span class='ocrx_word' id='word_1_135' title='bbox 945 866 1032 919; x_wconf 90' lang='lat' dir='ltr'><strong>isti</strong></span> <span class='ocrx_word' id='word_1_136' title='bbox 1064 871 1184 918; x_wconf 89' lang='lat' dir='ltr'><strong>sunt</strong></span> <span class='ocrx_word' id='word_1_137' title='bbox 1214 858 1313 930; x_wconf 80' lang='lat' dir='ltr'><strong>ﬁlii</strong></span> <span class='ocrx_word' id='word_1_138' title='bbox 1350 854 1555 910; x_wconf 90' lang='lat' dir='ltr'><strong>Naara.</strong></span> <span class='ocrx_word' id='word_1_139' title='bbox 1604 847 1773 902; x_wconf 89' lang='lat' dir='ltr'><strong>Porro</strong></span> <span class='ocrx_word' id='word_1_140' title='bbox 1820 842 1919 912; x_wconf 78' lang='lat' dir='ltr'><strong>ﬁlii</strong></span> <span class='ocrx_word' id='word_1_141' title='bbox 2019 833 2161 875; x_wconf 71' lang='lat' dir='ltr'><strong>meo</strong></span> <span class='ocrx_word' id='word_1_142' title='bbox 2203 815 2392 873; x_wconf 61' lang='lat' dir='ltr'><strong>ham“</strong></span> <span class='ocrx_word' id='word_1_143' title='bbox 2440 813 2811 873; x_wconf 57' lang='lat' dir='ltr'><strong>dominatum:</strong></span> <span class='ocrx_word' id='word_1_144' title='bbox 2839 821 2966 877; x_wconf 68' lang='grc'><strong>(1⁸³³³</strong></span> <span class='ocrx_word' id='word_1_145' title='bbox 3022 801 3225 858; x_wconf 72' lang='lat' dir='ltr'><strong>“unum</strong></span> <span class='ocrx_word' id='word_1_146' title='bbox 3268 800 3340 855; x_wconf 73' lang='lat' dir='ltr'><strong>&#39;b&#39;</strong></span> <span class='ocrx_word' id='word_1_147' title='bbox 3400 809 3608 852; x_wconf 60' lang='lat'><strong>“&quot;73&quot;”</strong></span> 
     </span>
     <span class='ocr_line' id='line_1_14' title="bbox 2019 884 3607 934; baseline 0 0"><span class='ocrx_word' id='word_1_148' title='bbox 2019 916 2299 934; x_wconf 71' lang='lat'><strong>-..............</strong></span> <span class='ocrx_word' id='word_1_149' title='bbox 2350 903 2503 934; x_wconf 67' lang='grc' dir='ltr'><strong>ιγηιιο</strong></span> <span class='ocrx_word' id='word_1_150' title='bbox 2526 902 2642 934; x_wconf 60' lang='grc' dir='ltr'><strong>ἕπεο</strong></span> <span class='ocrx_word' id='word_1_151' title='bbox 2664 898 2730 934; x_wconf 71' lang='grc' dir='ltr'><strong>ΑΔ</strong></span> <span class='ocrx_word' id='word_1_152' title='bbox 2757 912 2815 934; x_wconf 68' lang='grc' dir='ltr'><strong>αα</strong></span> <span class='ocrx_word' id='word_1_153' title='bbox 2838 896 2911 934; x_wconf 68' lang='lat' dir='ltr'><strong>ait</strong></span> <span class='ocrx_word' id='word_1_154' title='bbox 2942 913 2954 925; x_wconf 79' lang='grc' dir='ltr'><strong><em>ο</em></strong></span> <span class='ocrx_word' id='word_1_155' title='bbox 2998 890 3147 934; x_wconf 66' lang='lat' dir='ltr'><strong>Venit</strong></span> <span class='ocrx_word' id='word_1_156' title='bbox 3166 891 3403 934; x_wconf 76' lang='lat' dir='ltr'><strong>nrincens</strong></span> <span class='ocrx_word' id='word_1_157' title='bbox 3419 884 3607 934; x_wconf 74' lang='lat' dir='ltr'><strong>mundi</strong></span> 
     </span>
    </p>
   </div>
   <div class='ocr_carea' id='block_1_8' title="bbox 352 884 1965 1035">
    <p class='ocr_par' dir='ltr' id='par_1_8' title="bbox 352 884 1921 1035">
     <span class='ocr_line' id='line_1_15' title="bbox 352 884 1919 933; baseline -0.026 1"><span class='ocrx_word' id='word_1_158' title='bbox 352 895 483 933; x_wconf 85' lang='lat' dir='ltr'><strong>mam</strong></span> <span class='ocrx_word' id='word_1_159' title='bbox 504 887 551 930; x_wconf 87' lang='lat' dir='ltr'><strong>et</strong></span> <span class='ocrx_word' id='word_1_160' title='bbox 576 884 858 928; x_wconf 71' lang='lat' dir='ltr'><strong>ﬂuctuaret</strong></span> <span class='ocrx_word' id='word_1_161' title='bbox 896 884 912 922; x_wconf 90' lang='lat'><strong><em>:</em></strong></span> <span class='ocrx_word' id='word_1_162' title='bbox 945 884 1031 919; x_wconf 82' lang='lat' dir='ltr'><strong>tstt</strong></span> <span class='ocrx_word' id='word_1_163' title='bbox 1064 884 1183 918; x_wconf 80' lang='lat' dir='ltr'><strong>sunt</strong></span> <span class='ocrx_word' id='word_1_164' title='bbox 1214 884 1312 930; x_wconf 68' lang='lat' dir='ltr'><strong>plu</strong></span> <span class='ocrx_word' id='word_1_165' title='bbox 1350 884 1555 910; x_wconf 78' lang='lat' dir='ltr'><strong>tvuuru.</strong></span> <span class='ocrx_word' id='word_1_166' title='bbox 1604 884 1629 902; x_wconf 75' lang='grc' dir='ltr'><strong><em>ι</em></strong></span> <span class='ocrx_word' id='word_1_167' title='bbox 1653 884 1771 900; x_wconf 74' lang='grc' dir='ltr'><strong>νην</strong></span> <span class='ocrx_word' id='word_1_168' title='bbox 1820 884 1919 912; x_wconf 89' lang='grc'><strong>,....</strong></span> 
     </span>
     <span class='ocr_line' id='line_1_16' title="bbox 352 936 1921 1035; baseline -0.025 -12"><span class='ocrx_word' id='word_1_169' title='bbox 352 967 529 1023; x_wconf 83' lang='lat' dir='ltr'><strong>Halaa</strong></span> <span class='ocrx_word' id='word_1_170' title='bbox 574 964 783 1035; x_wconf 74' lang='lat' dir='ltr'><strong>{uerunt</strong></span> <span class='ocrx_word' id='word_1_171' title='bbox 815 956 1033 1021; x_wconf 88' lang='lat' dir='ltr'><strong>Sereth,</strong></span> <span class='ocrx_word' id='word_1_172' title='bbox 1072 953 1229 1008; x_wconf 88' lang='lat' dir='ltr'><strong>Isaar</strong></span> <span class='ocrx_word' id='word_1_173' title='bbox 1252 957 1299 1003; x_wconf 91' lang='lat' dir='ltr'><strong>et</strong></span> <span class='ocrx_word' id='word_1_174' title='bbox 1325 944 1557 1000; x_wconf 83' lang='lat' dir='ltr'><strong>Ethnan.</strong></span> <span class='ocrx_word' id='word_1_175' title='bbox 1599 936 1701 993; x_wconf 82' lang='lat' dir='ltr'><strong>Cos</strong></span> <span class='ocrx_word' id='word_1_176' title='bbox 1746 943 1921 1035; x_wconf 69' lang='lat' dir='ltr'><strong>autem</strong></span> 
     </span>
    </p>
   </div>
   <div class='ocr_carea' id='block_1_9' title="bbox 2066 884 3607 1035">
    <p class='ocr_par' dir='ltr' id='par_1_9' title="bbox 2066 884 3607 1035">
     <span class='ocr_line' id='line_1_17' title="bbox 2066 884 3607 973; baseline -0.018 -9"><span class='ocrx_word' id='word_1_177' title='bbox 2066 916 2323 964; x_wconf 77' lang='lat' dir='ltr'><strong>eceatum.</strong></span> <span class='ocrx_word' id='word_1_178' title='bbox 2350 903 2503 961; x_wconf 86' lang='lat' dir='ltr'><strong>Unde</strong></span> <span class='ocrx_word' id='word_1_179' title='bbox 2526 902 2642 973; x_wconf 88' lang='lat' dir='ltr'><strong>ipse</strong></span> <span class='ocrx_word' id='word_1_180' title='bbox 2664 898 2731 953; x_wconf 88' lang='lat' dir='ltr'><strong>de</strong></span> <span class='ocrx_word' id='word_1_181' title='bbox 2757 912 2815 953; x_wconf 89' lang='lat' dir='ltr'><strong>se</strong></span> <span class='ocrx_word' id='word_1_182' title='bbox 2837 896 2914 950; x_wconf 86' lang='lat' dir='ltr'><strong>ait</strong></span> <span class='ocrx_word' id='word_1_183' title='bbox 2942 913 2955 948; x_wconf 87' lang='lat'><strong>:</strong></span> <span class='ocrx_word' id='word_1_184' title='bbox 2998 890 3147 947; x_wconf 80' lang='lat' dir='ltr'><strong>Venit</strong></span> <span class='ocrx_word' id='word_1_185' title='bbox 3166 891 3403 960; x_wconf 76' lang='lat' dir='ltr'><strong>princeps</strong></span> <span class='ocrx_word' id='word_1_186' title='bbox 3419 884 3607 939; x_wconf 83' lang='lat' dir='ltr'><strong>mundi</strong></span> 
     </span>
     <span class='ocr_line' id='line_1_18' title="bbox 2066 974 3607 1035; baseline -0.004 0"><span class='ocrx_word' id='word_1_187' title='bbox 2066 999 2182 1035; x_wconf 73' lang='grc' dir='ltr'><strong>ηε...</strong></span> <span class='ocrx_word' id='word_1_188' title='bbox 2227 1006 2276 1035; x_wconf 70' lang='grc' dir='ltr'><strong><em>οι</em></strong></span> <span class='ocrx_word' id='word_1_189' title='bbox 2301 996 2356 1035; x_wconf 71' lang='grc' dir='ltr'><strong>δη</strong></span> <span class='ocrx_word' id='word_1_190' title='bbox 2385 1010 2468 1035; x_wconf 65' lang='grc' dir='ltr'><strong>κιρ</strong></span> <span class='ocrx_word' id='word_1_191' title='bbox 2490 1007 2593 1035; x_wconf 75' lang='lat' dir='ltr'><strong>smn</strong></span> <span class='ocrx_word' id='word_1_192' title='bbox 2615 988 2765 1035; x_wconf 75' lang='lat' dir='ltr'><strong>habet</strong></span> <span class='ocrx_word' id='word_1_193' title='bbox 2787 984 3075 1035; x_wconf 78' lang='lat' dir='ltr'><strong>quidquam</strong></span> <span class='ocrx_word' id='word_1_194' title='bbox 3103 980 3285 1035; x_wconf 79' lang='lat' dir='ltr'><strong>(Joan.</strong></span> <span class='ocrx_word' id='word_1_195' title='bbox 3316 975 3450 1035; x_wconf 69' lang='lat' dir='ltr'><strong>xw).</strong></span> <span class='ocrx_word' id='word_1_196' title='bbox 3480 974 3607 1030; x_wconf 65' lang='lat' dir='ltr'><strong>llrcc</strong></span> 
     </span>
    </p>
   </div>
   <div class='ocr_carea' id='block_1_10' title="bbox 1544 974 3613 1091">
    <p class='ocr_par' dir='ltr' id='par_1_10' title="bbox 1544 974 3613 1091">
     <span class='ocr_line' id='line_1_19' title="bbox 1544 974 3613 1091; baseline -0.019 -23"><span class='ocrx_word' id='word_1_197' title='bbox 2022 974 2204 1069; x_wconf 81' lang='lat' dir='ltr'><strong>hujus,</strong></span> <span class='ocrx_word' id='word_1_198' title='bbox 2227 1006 2276 1051; x_wconf 91' lang='lat' dir='ltr'><strong>et</strong></span> <span class='ocrx_word' id='word_1_199' title='bbox 2301 996 2356 1050; x_wconf 89' lang='lat' dir='ltr'><strong>in</strong></span> <span class='ocrx_word' id='word_1_200' title='bbox 2385 1010 2468 1048; x_wconf 90' lang='lat' dir='ltr'><strong>me</strong></span> <span class='ocrx_word' id='word_1_201' title='bbox 2490 1007 2593 1046; x_wconf 88' lang='lat' dir='ltr'><strong>non</strong></span> <span class='ocrx_word' id='word_1_202' title='bbox 2614 988 2765 1043; x_wconf 81' lang='lat' dir='ltr'><strong>habet</strong></span> <span class='ocrx_word' id='word_1_203' title='bbox 2787 984 3075 1059; x_wconf 85' lang='lat' dir='ltr'><strong>quidquam</strong></span> <span class='ocrx_word' id='word_1_204' title='bbox 3103 980 3285 1091; x_wconf 42' lang='lat' dir='ltr'><strong>(Joanj.</strong></span> <span class='ocrx_word' id='word_1_205' title='bbox 3316 975 3451 1078; x_wconf 61' lang='lat' dir='ltr'><strong>xw).</strong></span> <span class='ocrx_word' id='word_1_206' title='bbox 3480 974 3613 1030; x_wconf 64' lang='lat' dir='ltr'><strong>Haec</strong></span> 
     </span>
    </p>
   </div>
   <div class='ocr_carea' id='block_1_11' title="bbox 2024 1065 3613 1161">
    <p class='ocr_par' dir='ltr' id='par_1_11' title="bbox 2024 1065 3613 1161">
     <span class='ocr_line' id='line_1_20' title="bbox 2024 1065 3613 1161; baseline -0.016 -17"><span class='ocrx_word' id='word_1_207' title='bbox 2024 1104 2153 1161; x_wconf 88' lang='lat' dir='ltr'><strong>ergo</strong></span> <span class='ocrx_word' id='word_1_208' title='bbox 2203 1088 2603 1158; x_wconf 72' lang='lat' dir='ltr'><strong>prmcesserunt</strong></span> <span class='ocrx_word' id='word_1_209' title='bbox 2629 1080 2685 1134; x_wconf 91' lang='lat' dir='ltr'><strong>in</strong></span> <span class='ocrx_word' id='word_1_210' title='bbox 2713 1078 2891 1147; x_wconf 83' lang='lat' dir='ltr'><strong>capite</strong></span> <span class='ocrx_word' id='word_1_211' title='bbox 2918 1093 2931 1128; x_wconf 92' lang='lat'><strong>:</strong></span> <span class='ocrx_word' id='word_1_212' title='bbox 2964 1080 3220 1129; x_wconf 64' lang='lat' dir='ltr'><strong>caeterum</strong></span> <span class='ocrx_word' id='word_1_213' title='bbox 3253 1068 3394 1124; x_wconf 92' lang='lat' dir='ltr'><strong>dono</strong></span> <span class='ocrx_word' id='word_1_214' title='bbox 3438 1065 3613 1135; x_wconf 87' lang='lat' dir='ltr'><strong>ipsius</strong></span> 
     </span>
    </p>
   </div>
   <div class='ocr_carea' id='block_1_12' title="bbox 2025 1155 3616 1239">
    <p class='ocr_par' dir='ltr' id='par_1_12' title="bbox 2025 1155 3616 1239">
     <span class='ocr_line' id='line_1_21' title="bbox 2025 1155 3616 1239; baseline -0.019 0"><span class='ocrx_word' id='word_1_215' title='bbox 2025 1155 2412 1239; x_wconf 72' lang='lat' dir='ltr'><strong>benedicentur</strong></span> <span class='ocrx_word' id='word_1_216' title='bbox 2446 1172 2688 1229; x_wconf 88' lang='lat' dir='ltr'><strong>membra</strong></span> <span class='ocrx_word' id='word_1_217' title='bbox 2715 1168 2833 1238; x_wconf 89' lang='lat' dir='ltr'><strong>ejus</strong></span> <span class='ocrx_word' id='word_1_218' title='bbox 2859 1174 2914 1222; x_wconf 86' lang='lat' dir='ltr'><strong>et</strong></span> <span class='ocrx_word' id='word_1_219' title='bbox 2941 1179 3160 1233; x_wconf 88' lang='lat' dir='ltr'><strong>corpus,</strong></span> <span class='ocrx_word' id='word_1_220' title='bbox 3195 1160 3337 1231; x_wconf 87' lang='lat' dir='ltr'><strong>quod</strong></span> <span class='ocrx_word' id='word_1_221' title='bbox 3363 1167 3447 1214; x_wconf 89' lang='lat' dir='ltr'><strong>est</strong></span> <span class='ocrx_word' id='word_1_222' title='bbox 3466 1155 3616 1211; x_wconf 86' lang='lat' dir='ltr'><strong>scili-</strong></span> 
     </span>
    </p>
   </div>
   <div class='ocr_carea' id='block_1_13' title="bbox 346 1034 1517 1128">
    <p class='ocr_par' dir='ltr' id='par_1_13' title="bbox 346 1034 1517 1128">
     <span class='ocr_line' id='line_1_22' title="bbox 346 1034 1517 1128; baseline -0.023 -17"><span class='ocrx_word' id='word_1_223' title='bbox 346 1056 519 1128; x_wconf 84' lang='lat' dir='ltr'><strong>genuit</strong></span> <span class='ocrx_word' id='word_1_224' title='bbox 546 1034 693 1106; x_wconf 77' lang='lat' dir='ltr'><strong>Anob</strong></span> <span class='ocrx_word' id='word_1_225' title='bbox 733 1059 781 1104; x_wconf 88' lang='lat' dir='ltr'><strong>et</strong></span> <span class='ocrx_word' id='word_1_226' title='bbox 808 1044 1040 1108; x_wconf 88' lang='lat' dir='ltr'><strong>Soboba,</strong></span> <span class='ocrx_word' id='word_1_227' title='bbox 1066 1051 1115 1096; x_wconf 90' lang='lat' dir='ltr'><strong>et</strong></span> <span class='ocrx_word' id='word_1_228' title='bbox 1157 1034 1517 1107; x_wconf 80' lang='lat' dir='ltr'><strong>cognationem</strong></span> 
     </span>
    </p>
   </div>
   <div class='ocr_carea' id='block_1_14' title="bbox 348 1110 1920 1200">
    <p class='ocr_par' dir='ltr' id='par_1_14' title="bbox 348 1110 1920 1200">
     <span class='ocr_line' id='line_1_23' title="bbox 348 1110 1920 1200; baseline -0.025 1"><span class='ocrx_word' id='word_1_229' title='bbox 348 1110 531 1200; x_wconf 39' lang='lat' dir='ltr'><strong>“Arum.</strong></span> <span class='ocrx_word' id='word_1_230' title='bbox 558 1139 687 1195; x_wconf 83' lang='lat' dir='ltr'><strong>Fuit</strong></span> <span class='ocrx_word' id='word_1_231' title='bbox 715 1147 886 1193; x_wconf 85' lang='lat' dir='ltr'><strong>autem</strong></span> <span class='ocrx_word' id='word_1_232' title='bbox 934 1131 1094 1187; x_wconf 77' lang='lat' dir='ltr'><strong>Iabes</strong></span> <span class='ocrx_word' id='word_1_233' title='bbox 1135 1126 1359 1196; x_wconf 73' lang='lat' dir='ltr'><strong>inclytus</strong></span> <span class='ocrx_word' id='word_1_234' title='bbox 1385 1136 1494 1193; x_wconf 77' lang='lat' dir='ltr'><strong>pra:</strong></span> <span class='ocrx_word' id='word_1_235' title='bbox 1512 1115 1764 1188; x_wconf 72' lang='lat' dir='ltr'><strong>fratribus</strong></span> <span class='ocrx_word' id='word_1_236' title='bbox 1792 1110 1920 1165; x_wconf 87' lang='lat' dir='ltr'><strong>suis.</strong></span> 
     </span>
    </p>
   </div>
   <div class='ocr_carea' id='block_1_15' title="bbox 352 1205 1925 1292">
    <p class='ocr_par' dir='ltr' id='par_1_15' title="bbox 352 1205 1925 1292">
     <span class='ocr_line' id='line_1_24' title="bbox 352 1205 1925 1292; baseline -0.024 0"><span class='ocrx_word' id='word_1_237' title='bbox 352 1237 574 1292; x_wconf 73' lang='lat' dir='ltr'><strong>Videtur</strong></span> <span class='ocrx_word' id='word_1_238' title='bbox 600 1232 688 1287; x_wconf 86' lang='lat' dir='ltr'><strong>hic</strong></span> <span class='ocrx_word' id='word_1_239' title='bbox 716 1227 973 1285; x_wconf 89' lang='lat' dir='ltr'><strong>confusus</strong></span> <span class='ocrx_word' id='word_1_240' title='bbox 992 1237 1111 1279; x_wconf 88' lang='lat' dir='ltr'><strong>esse</strong></span> <span class='ocrx_word' id='word_1_241' title='bbox 1132 1219 1265 1275; x_wconf 86' lang='lat' dir='ltr'><strong>ordo</strong></span> <span class='ocrx_word' id='word_1_242' title='bbox 1312 1214 1637 1284; x_wconf 63' lang='lat' dir='ltr'><strong>Scriptura;</strong></span> <span class='ocrx_word' id='word_1_243' title='bbox 1669 1205 1795 1276; x_wconf 87' lang='lat' dir='ltr'><strong>quia</strong></span> <span class='ocrx_word' id='word_1_244' title='bbox 1826 1218 1925 1257; x_wconf 88' lang='lat' dir='ltr'><strong>nu-</strong></span> 
     </span>
    </p>
   </div>
   <div class='ocr_carea' id='block_1_16' title="bbox 353 1296 1929 1384">
    <p class='ocr_par' dir='ltr' id='par_1_16' title="bbox 353 1296 1929 1384">
     <span class='ocr_line' id='line_1_25' title="bbox 353 1296 1929 1384; baseline -0.023 0"><span class='ocrx_word' id='word_1_245' title='bbox 353 1327 576 1384; x_wconf 86' lang='lat' dir='ltr'><strong>meratis</strong></span> <span class='ocrx_word' id='word_1_246' title='bbox 622 1323 748 1378; x_wconf 85' lang='lat' dir='ltr'><strong>ﬁliis</strong></span> <span class='ocrx_word' id='word_1_247' title='bbox 792 1318 955 1375; x_wconf 84' lang='lat' dir='ltr'><strong>Halaa</strong></span> <span class='ocrx_word' id='word_1_248' title='bbox 987 1324 1043 1371; x_wconf 90' lang='lat' dir='ltr'><strong>et</strong></span> <span class='ocrx_word' id='word_1_249' title='bbox 1069 1312 1267 1375; x_wconf 83' lang='lat' dir='ltr'><strong>Naara,</strong></span> <span class='ocrx_word' id='word_1_250' title='bbox 1309 1307 1487 1364; x_wconf 87' lang='lat' dir='ltr'><strong>subito</strong></span> <span class='ocrx_word' id='word_1_251' title='bbox 1519 1296 1810 1357; x_wconf 88' lang='lat' dir='ltr'><strong>introducit</strong></span> <span class='ocrx_word' id='word_1_252' title='bbox 1836 1309 1929 1349; x_wconf 87' lang='lat' dir='ltr'><strong>co-</strong></span> 
     </span>
    </p>
   </div>
   <div class='ocr_carea' id='block_1_17' title="bbox 357 1392 1930 1489">
    <p class='ocr_par' dir='ltr' id='par_1_17' title="bbox 357 1392 1930 1489">
     <span class='ocr_line' id='line_1_26' title="bbox 357 1392 1930 1489; baseline -0.022 -17"><span class='ocrx_word' id='word_1_253' title='bbox 357 1418 662 1489; x_wconf 79' lang='lat' dir='ltr'><strong>gnationem</strong></span> <span class='ocrx_word' id='word_1_254' title='bbox 685 1407 972 1472; x_wconf 73' lang='lat' dir='ltr'><strong>Ahareltcl,</strong></span> <span class='ocrx_word' id='word_1_255' title='bbox 1001 1404 1093 1459; x_wconf 86' lang='lat' dir='ltr'><strong>lilii</strong></span> <span class='ocrx_word' id='word_1_256' title='bbox 1116 1403 1303 1463; x_wconf 82' lang='lat' dir='ltr'><strong>Arum,</strong></span> <span class='ocrx_word' id='word_1_257' title='bbox 1326 1398 1512 1465; x_wconf 89' lang='lat' dir='ltr'><strong>sicque</strong></span> <span class='ocrx_word' id='word_1_258' title='bbox 1536 1392 1930 1457; x_wconf 86' lang='lat' dir='ltr'><strong>consequenter</strong></span> 
     </span>
    </p>
   </div>
   <div class='ocr_carea' id='block_1_18' title="bbox 359 1480 1928 1567">
    <p class='ocr_par' dir='ltr' id='par_1_18' title="bbox 359 1480 1928 1567">
     <span class='ocr_line' id='line_1_27' title="bbox 359 1480 1928 1567; baseline -0.023 -2"><span class='ocrx_word' id='word_1_259' title='bbox 359 1480 546 1564; x_wconf 66' lang='lat' dir='ltr'><strong>narrat</strong></span> <span class='ocrx_word' id='word_1_260' title='bbox 571 1507 635 1562; x_wconf 90' lang='lat' dir='ltr'><strong>de</strong></span> <span class='ocrx_word' id='word_1_261' title='bbox 657 1503 835 1558; x_wconf 88' lang='lat' dir='ltr'><strong>Jabes.</strong></span> <span class='ocrx_word' id='word_1_262' title='bbox 860 1501 1028 1567; x_wconf 83' lang='lat' dir='ltr'><strong>Quem</strong></span> <span class='ocrx_word' id='word_1_263' title='bbox 1059 1496 1235 1551; x_wconf 86' lang='lat' dir='ltr'><strong>locum</strong></span> <span class='ocrx_word' id='word_1_264' title='bbox 1268 1488 1479 1545; x_wconf 66' lang='lat' dir='ltr'><strong>Hebraei</strong></span> <span class='ocrx_word' id='word_1_265' title='bbox 1500 1485 1574 1539; x_wconf 88' lang='lat' dir='ltr'><strong>ita</strong></span> <span class='ocrx_word' id='word_1_266' title='bbox 1603 1480 1928 1541; x_wconf 85' lang='lat' dir='ltr'><strong>edisserunt,</strong></span> 
     </span>
    </p>
   </div>
   <div class='ocr_carea' id='block_1_19' title="bbox 357 1565 1933 1668">
    <p class='ocr_par' dir='ltr' id='par_1_19' title="bbox 357 1565 1933 1668">
     <span class='ocr_line' id='line_1_28' title="bbox 357 1565 1933 1668; baseline -0.02 -17"><span class='ocrx_word' id='word_1_267' title='bbox 357 1598 500 1668; x_wconf 82' lang='lat' dir='ltr'><strong>quod</strong></span> <span class='ocrx_word' id='word_1_268' title='bbox 537 1596 706 1651; x_wconf 78' lang='lat' dir='ltr'><strong>Assur</strong></span> <span class='ocrx_word' id='word_1_269' title='bbox 756 1606 916 1663; x_wconf 88' lang='lat' dir='ltr'><strong>super</strong></span> <span class='ocrx_word' id='word_1_270' title='bbox 951 1587 1172 1644; x_wconf 74' lang='lat' dir='ltr'><strong>Balaam</strong></span> <span class='ocrx_word' id='word_1_271' title='bbox 1220 1593 1443 1636; x_wconf 85' lang='lat' dir='ltr'><strong>uxorem</strong></span> <span class='ocrx_word' id='word_1_272' title='bbox 1489 1588 1643 1631; x_wconf 88' lang='lat' dir='ltr'><strong>suam</strong></span> <span class='ocrx_word' id='word_1_273' title='bbox 1687 1565 1933 1642; x_wconf 80' lang='lat' dir='ltr'><strong>genuerit</strong></span> 
     </span>
    </p>
   </div>
   <div class='ocr_carea' id='block_1_20' title="bbox 360 1655 1937 1753">
    <p class='ocr_par' dir='ltr' id='par_1_20' title="bbox 360 1655 1937 1753">
     <span class='ocr_line' id='line_1_29' title="bbox 360 1655 1937 1753; baseline -0.024 -8"><span class='ocrx_word' id='word_1_274' title='bbox 360 1655 593 1753; x_wconf 58' lang='lat' dir='ltr'><strong>Dthnan,</strong></span> <span class='ocrx_word' id='word_1_275' title='bbox 616 1693 673 1740; x_wconf 91' lang='lat' dir='ltr'><strong>et</strong></span> <span class='ocrx_word' id='word_1_276' title='bbox 698 1655 910 1738; x_wconf 75' lang='lat' dir='ltr'><strong>Ethnan</strong></span> <span class='ocrx_word' id='word_1_277' title='bbox 939 1675 1181 1750; x_wconf 79' lang='lat' dir='ltr'><strong>genuerit</strong></span> <span class='ocrx_word' id='word_1_278' title='bbox 1209 1673 1332 1737; x_wconf 84' lang='lat' dir='ltr'><strong>Cos,</strong></span> <span class='ocrx_word' id='word_1_279' title='bbox 1360 1669 1465 1724; x_wconf 86' lang='lat' dir='ltr'><strong>Cos</strong></span> <span class='ocrx_word' id='word_1_280' title='bbox 1484 1672 1664 1720; x_wconf 86' lang='lat' dir='ltr'><strong>autem</strong></span> <span class='ocrx_word' id='word_1_281' title='bbox 1690 1655 1937 1731; x_wconf 76' lang='lat' dir='ltr'><strong>genuerit</strong></span> 
     </span>
    </p>
   </div>
   <div class='ocr_carea' id='block_1_21' title="bbox 364 1750 1936 1842">
    <p class='ocr_par' dir='ltr' id='par_1_21' title="bbox 364 1750 1936 1842">
     <span class='ocr_line' id='line_1_30' title="bbox 364 1750 1936 1842; baseline -0.023 -6"><span class='ocrx_word' id='word_1_282' title='bbox 364 1750 601 1842; x_wconf 79' lang='lat' dir='ltr'><strong>Sobaba,</strong></span> <span class='ocrx_word' id='word_1_283' title='bbox 651 1772 866 1829; x_wconf 89' lang='lat' dir='ltr'><strong>Sobaha</strong></span> <span class='ocrx_word' id='word_1_284' title='bbox 930 1765 1174 1840; x_wconf 86' lang='lat' dir='ltr'><strong>genuerit</strong></span> <span class='ocrx_word' id='word_1_285' title='bbox 1219 1761 1397 1826; x_wconf 84' lang='lat' dir='ltr'><strong>Jabcs,</strong></span> <span class='ocrx_word' id='word_1_286' title='bbox 1447 1756 1537 1828; x_wconf 91' lang='lat' dir='ltr'><strong>qui</strong></span> <span class='ocrx_word' id='word_1_287' title='bbox 1600 1752 1701 1808; x_wconf 78' lang='lat' dir='ltr'><strong>fuit</strong></span> <span class='ocrx_word' id='word_1_288' title='bbox 1747 1750 1936 1842; x_wconf 68' lang='lat' dir='ltr'><strong>doctor</strong></span> 
     </span>
    </p>
   </div>
   <div class='ocr_carea' id='block_1_22' title="bbox 366 1835 1937 1931">
    <p class='ocr_par' dir='ltr' id='par_1_22' title="bbox 366 1835 1937 1931">
     <span class='ocr_line' id='line_1_31' title="bbox 366 1835 1937 1931; baseline -0.023 -6"><span class='ocrx_word' id='word_1_289' title='bbox 366 1870 689 1931; x_wconf 83' lang='lat' dir='ltr'><strong>scribarum,</strong></span> <span class='ocrx_word' id='word_1_290' title='bbox 713 1863 855 1919; x_wconf 86' lang='lat' dir='ltr'><strong>sicut</strong></span> <span class='ocrx_word' id='word_1_291' title='bbox 890 1857 1138 1928; x_wconf 88' lang='lat' dir='ltr'><strong>superius</strong></span> <span class='ocrx_word' id='word_1_292' title='bbox 1178 1854 1602 1909; x_wconf 89' lang='lat' dir='ltr'><strong>demonstratum</strong></span> <span class='ocrx_word' id='word_1_293' title='bbox 1638 1850 1738 1897; x_wconf 90' lang='lat' dir='ltr'><strong>est.</strong></span> <span class='ocrx_word' id='word_1_294' title='bbox 1784 1835 1937 1907; x_wconf 83' lang='lat' dir='ltr'><strong>Quod</strong></span> 
     </span>
    </p>
   </div>
   <div class='ocr_carea' id='block_1_23' title="bbox 365 1933 1940 2015">
    <p class='ocr_par' dir='ltr' id='par_1_23' title="bbox 365 1933 1940 2015">
     <span class='ocr_line' id='line_1_32' title="bbox 365 1933 1940 2015; baseline -0.02 0"><span class='ocrx_word' id='word_1_295' title='bbox 365 1975 494 2015; x_wconf 88' lang='lat' dir='ltr'><strong>vero</strong></span> <span class='ocrx_word' id='word_1_296' title='bbox 544 1958 686 2013; x_wconf 91' lang='lat' dir='ltr'><strong>inter</strong></span> <span class='ocrx_word' id='word_1_297' title='bbox 712 1954 819 2010; x_wconf 88' lang='lat' dir='ltr'><strong>Cos</strong></span> <span class='ocrx_word' id='word_1_298' title='bbox 856 1960 913 2007; x_wconf 88' lang='lat' dir='ltr'><strong>et</strong></span> <span class='ocrx_word' id='word_1_299' title='bbox 947 1950 1107 2006; x_wconf 74' lang='lat' dir='ltr'><strong>labes</strong></span> <span class='ocrx_word' id='word_1_300' title='bbox 1155 1942 1568 2001; x_wconf 90' lang='lat' dir='ltr'><strong>introducuntur</strong></span> <span class='ocrx_word' id='word_1_301' title='bbox 1594 1933 1940 2007; x_wconf 81' lang='lat' dir='ltr'><strong>cognationes</strong></span> 
     </span>
    </p>
   </div>
   <div class='ocr_carea' id='block_1_24' title="bbox 369 2017 1942 2114">
    <p class='ocr_par' dir='ltr' id='par_1_24' title="bbox 369 2017 1942 2114">
     <span class='ocr_line' id='line_1_33' title="bbox 369 2017 1942 2114; baseline -0.021 -8"><span class='ocrx_word' id='word_1_302' title='bbox 369 2048 655 2114; x_wconf 76' lang='lat' dir='ltr'><strong>Abarebel,</strong></span> <span class='ocrx_word' id='word_1_303' title='bbox 682 2045 776 2100; x_wconf 83' lang='lat' dir='ltr'><strong>lilii</strong></span> <span class='ocrx_word' id='word_1_304' title='bbox 802 2044 991 2107; x_wconf 81' lang='lat' dir='ltr'><strong>Arum,</strong></span> <span class='ocrx_word' id='word_1_305' title='bbox 1026 2041 1142 2095; x_wconf 81' lang='lat' dir='ltr'><strong>haec</strong></span> <span class='ocrx_word' id='word_1_306' title='bbox 1168 2050 1331 2092; x_wconf 89' lang='lat' dir='ltr'><strong>causa</strong></span> <span class='ocrx_word' id='word_1_307' title='bbox 1362 2039 1463 2097; x_wconf 89' lang='lat' dir='ltr'><strong>est,</strong></span> <span class='ocrx_word' id='word_1_308' title='bbox 1488 2028 1632 2101; x_wconf 85' lang='lat' dir='ltr'><strong>quod</strong></span> <span class='ocrx_word' id='word_1_309' title='bbox 1670 2017 1942 2080; x_wconf 86' lang='lat' dir='ltr'><strong>Aharebel</strong></span> 
     </span>
    </p>
   </div>
   <div class='ocr_carea' id='block_1_25' title="bbox 371 2119 1945 2214">
    <p class='ocr_par' dir='ltr' id='par_1_25' title="bbox 371 2119 1945 2214">
     <span class='ocr_line' id='line_1_34' title="bbox 371 2119 1945 2214; baseline -0.022 -16"><span class='ocrx_word' id='word_1_310' title='bbox 371 2144 483 2214; x_wconf 88' lang='lat' dir='ltr'><strong>ipse</strong></span> <span class='ocrx_word' id='word_1_311' title='bbox 521 2140 592 2195; x_wconf 88' lang='lat' dir='ltr'><strong>sit</strong></span> <span class='ocrx_word' id='word_1_312' title='bbox 627 2136 778 2194; x_wconf 89' lang='lat' dir='ltr'><strong>Obab</strong></span> <span class='ocrx_word' id='word_1_313' title='bbox 816 2134 956 2189; x_wconf 79' lang='lat' dir='ltr'><strong>illius</strong></span> <span class='ocrx_word' id='word_1_314' title='bbox 994 2130 1162 2195; x_wconf 83' lang='lat' dir='ltr'><strong>Aran,</strong></span> <span class='ocrx_word' id='word_1_315' title='bbox 1197 2128 1297 2182; x_wconf 91' lang='lat' dir='ltr'><strong>hoc</strong></span> <span class='ocrx_word' id='word_1_316' title='bbox 1331 2131 1436 2188; x_wconf 89' lang='lat' dir='ltr'><strong>est,</strong></span> <span class='ocrx_word' id='word_1_317' title='bbox 1473 2119 1658 2176; x_wconf 85' lang='lat' dir='ltr'><strong>Jethro</strong></span> <span class='ocrx_word' id='word_1_318' title='bbox 1685 2120 1945 2214; x_wconf 80' lang='lat' dir='ltr'><strong>cognatus</strong></span> 
     </span>
    </p>
   </div>
   <div class='ocr_carea' id='block_1_26' title="bbox 373 2202 1946 2305">
    <p class='ocr_par' dir='ltr' id='par_1_26' title="bbox 373 2202 1946 2305">
     <span class='ocr_line' id='line_1_35' title="bbox 373 2202 1946 2305; baseline -0.022 -16"><span class='ocrx_word' id='word_1_319' title='bbox 373 2202 557 2305; x_wconf 58' lang='lat' dir='ltr'><strong>hioysi.</strong></span> <span class='ocrx_word' id='word_1_320' title='bbox 590 2229 725 2297; x_wconf 83' lang='lat' dir='ltr'><strong>Quia</strong></span> <span class='ocrx_word' id='word_1_321' title='bbox 756 2239 885 2298; x_wconf 88' lang='lat' dir='ltr'><strong>ergo</strong></span> <span class='ocrx_word' id='word_1_322' title='bbox 910 2222 1073 2278; x_wconf 73' lang='lat' dir='ltr'><strong>labes</strong></span> <span class='ocrx_word' id='word_1_323' title='bbox 1124 2217 1351 2275; x_wconf 87' lang='lat' dir='ltr'><strong>docebat</strong></span> <span class='ocrx_word' id='word_1_324' title='bbox 1389 2227 1483 2269; x_wconf 91' lang='lat' dir='ltr'><strong>eos</strong></span> <span class='ocrx_word' id='word_1_325' title='bbox 1528 2208 1836 2264; x_wconf 88' lang='lat' dir='ltr'><strong>habitantes</strong></span> <span class='ocrx_word' id='word_1_326' title='bbox 1892 2202 1946 2256; x_wconf 90' lang='lat' dir='ltr'><strong>in</strong></span> 
     </span>
    </p>
   </div>
   <div class='ocr_carea' id='block_1_27' title="bbox 374 2296 1950 2387">
    <p class='ocr_par' dir='ltr' id='par_1_27' title="bbox 374 2296 1950 2387">
     <span class='ocr_line' id='line_1_36' title="bbox 374 2296 1950 2387; baseline -0.02 -8"><span class='ocrx_word' id='word_1_327' title='bbox 374 2296 639 2387; x_wconf 69' lang='lat' dir='ltr'><strong>tentoriis,</strong></span> <span class='ocrx_word' id='word_1_328' title='bbox 664 2320 809 2374; x_wconf 87' lang='lat' dir='ltr'><strong>sicut</strong></span> <span class='ocrx_word' id='word_1_329' title='bbox 827 2296 1079 2387; x_wconf 81' lang='lat' dir='ltr'><strong>superius</strong></span> <span class='ocrx_word' id='word_1_330' title='bbox 1102 2310 1215 2381; x_wconf 88' lang='lat' dir='ltr'><strong>jam</strong></span> <span class='ocrx_word' id='word_1_331' title='bbox 1244 2308 1447 2363; x_wconf 85' lang='lat' dir='ltr'><strong>dictum</strong></span> <span class='ocrx_word' id='word_1_332' title='bbox 1490 2309 1603 2366; x_wconf 88' lang='lat' dir='ltr'><strong>est,</strong></span> <span class='ocrx_word' id='word_1_333' title='bbox 1633 2297 1752 2353; x_wconf 90' lang='lat' dir='ltr'><strong>ideo</strong></span> <span class='ocrx_word' id='word_1_334' title='bbox 1779 2296 1950 2350; x_wconf 90' lang='lat' dir='ltr'><strong>intro-</strong></span> 
     </span>
    </p>
   </div>
   <div class='ocr_carea' id='block_1_28' title="bbox 374 2385 1951 2480">
    <p class='ocr_par' dir='ltr' id='par_1_28' title="bbox 374 2385 1951 2480">
     <span class='ocr_line' id='line_1_37' title="bbox 374 2385 1951 2480; baseline -0.02 -8"><span class='ocrx_word' id='word_1_335' title='bbox 374 2416 646 2470; x_wconf 83' lang='lat' dir='ltr'><strong>ducantur</strong></span> <span class='ocrx_word' id='word_1_336' title='bbox 673 2413 729 2467; x_wconf 90' lang='lat' dir='ltr'><strong>in</strong></span> <span class='ocrx_word' id='word_1_337' title='bbox 774 2385 915 2480; x_wconf 19' lang='lat' dir='ltr'><strong>ejusi</strong></span> <span class='ocrx_word' id='word_1_338' title='bbox 934 2403 1209 2477; x_wconf 85' lang='lat' dir='ltr'><strong>progenie,</strong></span> <span class='ocrx_word' id='word_1_339' title='bbox 1238 2397 1391 2469; x_wconf 89' lang='lat' dir='ltr'><strong>quasi</strong></span> <span class='ocrx_word' id='word_1_340' title='bbox 1429 2410 1461 2449; x_wconf 89' lang='lat' dir='ltr'><strong>a</strong></span> <span class='ocrx_word' id='word_1_341' title='bbox 1501 2391 1797 2463; x_wconf 87' lang='lat' dir='ltr'><strong>majoribus</strong></span> <span class='ocrx_word' id='word_1_342' title='bbox 1834 2385 1951 2455; x_wconf 87' lang='lat' dir='ltr'><strong>ejus</strong></span> 
     </span>
    </p>
   </div>
   <div class='ocr_carea' id='block_1_29' title="bbox 376 2480 1955 2578">
    <p class='ocr_par' dir='ltr' id='par_1_29' title="bbox 376 2480 1955 2578">
     <span class='ocr_line' id='line_1_38' title="bbox 376 2480 1955 2578; baseline -0.02 -17"><span class='ocrx_word' id='word_1_343' title='bbox 376 2503 638 2578; x_wconf 85' lang='lat' dir='ltr'><strong>progeniti</strong></span> <span class='ocrx_word' id='word_1_344' title='bbox 659 2500 785 2555; x_wconf 90' lang='lat' dir='ltr'><strong>sint.</strong></span> <span class='ocrx_word' id='word_1_345' title='bbox 811 2496 965 2564; x_wconf 90' lang='lat' dir='ltr'><strong>Quod</strong></span> <span class='ocrx_word' id='word_1_346' title='bbox 984 2502 1162 2547; x_wconf 89' lang='lat' dir='ltr'><strong>autem</strong></span> <span class='ocrx_word' id='word_1_347' title='bbox 1184 2489 1342 2543; x_wconf 77' lang='lat' dir='ltr'><strong>labes</strong></span> <span class='ocrx_word' id='word_1_348' title='bbox 1366 2485 1562 2541; x_wconf 90' lang='lat' dir='ltr'><strong>dicitur</strong></span> <span class='ocrx_word' id='word_1_349' title='bbox 1583 2480 1817 2551; x_wconf 84' lang='lat' dir='ltr'><strong>inclytus</strong></span> <span class='ocrx_word' id='word_1_350' title='bbox 1835 2490 1955 2532; x_wconf 90' lang='lat' dir='ltr'><strong>esse</strong></span> 
     </span>
    </p>
   </div>
   <div class='ocr_carea' id='block_1_30' title="bbox 385 2573 1955 2668">
    <p class='ocr_par' dir='ltr' id='par_1_30' title="bbox 385 2573 1955 2668">
     <span class='ocr_line' id='line_1_39' title="bbox 385 2573 1955 2668; baseline -0.02 -17"><span class='ocrx_word' id='word_1_351' title='bbox 385 2573 498 2668; x_wconf 67' lang='lat' dir='ltr'><strong>prae</strong></span> <span class='ocrx_word' id='word_1_352' title='bbox 521 2591 778 2648; x_wconf 83' lang='lat' dir='ltr'><strong>fratribus</strong></span> <span class='ocrx_word' id='word_1_353' title='bbox 832 2588 966 2652; x_wconf 88' lang='lat' dir='ltr'><strong>suis,</strong></span> <span class='ocrx_word' id='word_1_354' title='bbox 1012 2582 1237 2654; x_wconf 83' lang='lat' dir='ltr'><strong>mystice</strong></span> <span class='ocrx_word' id='word_1_355' title='bbox 1266 2575 1502 2633; x_wconf 87' lang='lat' dir='ltr'><strong>ostendit</strong></span> <span class='ocrx_word' id='word_1_356' title='bbox 1542 2573 1955 2640; x_wconf 77' lang='lat' dir='ltr'><strong>Redemptorem</strong></span> 
     </span>
    </p>
   </div>
   <div class='ocr_carea' id='block_1_31' title="bbox 382 2670 1958 2753">
    <p class='ocr_par' dir='ltr' id='par_1_31' title="bbox 382 2670 1958 2753">
     <span class='ocr_line' id='line_1_40' title="bbox 382 2670 1958 2753; baseline -0.021 -8"><span class='ocrx_word' id='word_1_357' title='bbox 382 2695 626 2744; x_wconf 90' lang='lat' dir='ltr'><strong>nostrum</strong></span> <span class='ocrx_word' id='word_1_358' title='bbox 656 2696 818 2753; x_wconf 90' lang='lat' dir='ltr'><strong>supra</strong></span> <span class='ocrx_word' id='word_1_359' title='bbox 857 2691 1073 2734; x_wconf 90' lang='lat' dir='ltr'><strong>omnem</strong></span> <span class='ocrx_word' id='word_1_360' title='bbox 1124 2670 1461 2728; x_wconf 85' lang='lat' dir='ltr'><strong>altitudinem</strong></span> <span class='ocrx_word' id='word_1_361' title='bbox 1512 2671 1823 2722; x_wconf 89' lang='lat' dir='ltr'><strong>sanctorum</strong></span> <span class='ocrx_word' id='word_1_362' title='bbox 1863 2672 1958 2727; x_wconf 88' lang='lat' dir='ltr'><strong>po—</strong></span> 
     </span>
    </p>
   </div>
   <div class='ocr_carea' id='block_1_32' title="bbox 386 2750 1958 2836">
    <p class='ocr_par' dir='ltr' id='par_1_32' title="bbox 386 2750 1958 2836">
     <span class='ocr_line' id='line_1_41' title="bbox 386 2750 1958 2836; baseline -0.022 0"><span class='ocrx_word' id='word_1_363' title='bbox 386 2779 556 2836; x_wconf 85' lang='lat' dir='ltr'><strong>tentia</strong></span> <span class='ocrx_word' id='word_1_364' title='bbox 598 2750 815 2830; x_wconf 76' lang='lat' dir='ltr'><strong>virtutis</strong></span> <span class='ocrx_word' id='word_1_365' title='bbox 842 2784 953 2827; x_wconf 66' lang='lat' dir='ltr'><strong>sua:</strong></span> <span class='ocrx_word' id='word_1_366' title='bbox 1001 2765 1315 2828; x_wconf 80' lang='lat' dir='ltr'><strong>exaltatum,</strong></span> <span class='ocrx_word' id='word_1_367' title='bbox 1338 2761 1404 2815; x_wconf 90' lang='lat' dir='ltr'><strong>de</strong></span> <span class='ocrx_word' id='word_1_368' title='bbox 1441 2773 1552 2829; x_wconf 92' lang='lat' dir='ltr'><strong>quo</strong></span> <span class='ocrx_word' id='word_1_369' title='bbox 1583 2753 1853 2825; x_wconf 86' lang='lat' dir='ltr'><strong>Propheta</strong></span> <span class='ocrx_word' id='word_1_370' title='bbox 1875 2750 1958 2803; x_wconf 92' lang='lat' dir='ltr'><strong>di-</strong></span> 
     </span>
    </p>
   </div>
   <div class='ocr_carea' id='block_1_33' title="bbox 384 2841 1961 2941">
    <p class='ocr_par' dir='ltr' id='par_1_33' title="bbox 384 2841 1961 2941">
     <span class='ocr_line' id='line_1_42' title="bbox 384 2841 1961 2941; baseline -0.023 -13"><span class='ocrx_word' id='word_1_371' title='bbox 384 2872 502 2928; x_wconf 89' lang='lat' dir='ltr'><strong>cit:</strong></span> <span class='ocrx_word' id='word_1_372' title='bbox 534 2867 809 2941; x_wconf 85' lang='lat' dir='ltr'><strong>Speciosus</strong></span> <span class='ocrx_word' id='word_1_373' title='bbox 857 2862 1029 2933; x_wconf 74' lang='lat' dir='ltr'><strong>{arma</strong></span> <span class='ocrx_word' id='word_1_374' title='bbox 1068 2872 1176 2941; x_wconf 68' lang='lat' dir='ltr'><strong>prae</strong></span> <span class='ocrx_word' id='word_1_375' title='bbox 1219 2852 1347 2924; x_wconf 74' lang='lat' dir='ltr'><strong>ﬁliis</strong></span> <span class='ocrx_word' id='word_1_376' title='bbox 1402 2849 1671 2904; x_wconf 83' lang='lat' dir='ltr'><strong>hominum</strong></span> <span class='ocrx_word' id='word_1_377' title='bbox 1699 2884 1714 2908; x_wconf 94' lang='lat'><strong>,</strong></span> <span class='ocrx_word' id='word_1_378' title='bbox 1765 2841 1961 2910; x_wconf 72' lang='lat' dir='ltr'><strong>di/Tusa</strong></span> 
     </span>
    </p>
   </div>
   <div class='ocr_carea' id='block_1_34' title="bbox 386 2929 1965 3033">
    <p class='ocr_par' dir='ltr' id='par_1_34' title="bbox 386 2929 1965 3033">
     <span class='ocr_line' id='line_1_43' title="bbox 386 2929 1965 3033; baseline -0.023 -16"><span class='ocrx_word' id='word_1_379' title='bbox 386 2970 461 3016; x_wconf 88' lang='lat' dir='ltr'><strong>est</strong></span> <span class='ocrx_word' id='word_1_380' title='bbox 500 2929 673 3033; x_wconf 67' lang='lat' dir='ltr'><strong>grhtia</strong></span> <span class='ocrx_word' id='word_1_381' title='bbox 716 2957 774 3010; x_wconf 89' lang='lat' dir='ltr'><strong>in</strong></span> <span class='ocrx_word' id='word_1_382' title='bbox 806 2929 958 3007; x_wconf 80' lang='lat' dir='ltr'><strong>labiis</strong></span> <span class='ocrx_word' id='word_1_383' title='bbox 1003 2938 1105 3003; x_wconf 63' lang='lat' dir='ltr'><strong>tuii</strong></span> <span class='ocrx_word' id='word_1_384' title='bbox 1155 2942 1327 3018; x_wconf 86' lang='lat' dir='ltr'><strong>(Psal.</strong></span> <span class='ocrx_word' id='word_1_385' title='bbox 1360 2938 1528 3012; x_wconf 81' lang='lat' dir='ltr'><strong>thv).</strong></span> <span class='ocrx_word' id='word_1_386' title='bbox 1567 2937 1632 2991; x_wconf 86' lang='lat' dir='ltr'><strong>Et</strong></span> <span class='ocrx_word' id='word_1_387' title='bbox 1659 2935 1788 2989; x_wconf 85' lang='lat' dir='ltr'><strong>item</strong></span> <span class='ocrx_word' id='word_1_388' title='bbox 1821 2950 1833 2985; x_wconf 90' lang='lat'>:</span> <span class='ocrx_word' id='word_1_389' title='bbox 1873 2929 1965 2982; x_wconf 83' lang='lat' dir='ltr'><strong>Di—</strong></span> 
     </span>
    </p>
   </div>
   <div class='ocr_carea' id='block_1_35' title="bbox 389 3027 1967 3118">
    <p class='ocr_par' dir='ltr' id='par_1_35' title="bbox 389 3027 1967 3118">
     <span class='ocr_line' id='line_1_44' title="bbox 389 3027 1967 3118; baseline -0.021 -12"><span class='ocrx_word' id='word_1_390' title='bbox 389 3027 586 3118; x_wconf 57' lang='lat' dir='ltr'><strong>lexiiti,</strong></span> <span class='ocrx_word' id='word_1_391' title='bbox 626 3046 833 3118; x_wconf 85' lang='lat' dir='ltr'><strong>inquit,</strong></span> <span class='ocrx_word' id='word_1_392' title='bbox 854 3040 1144 3115; x_wconf 84' lang='lat' dir='ltr'><strong>justitiam,</strong></span> <span class='ocrx_word' id='word_1_393' title='bbox 1185 3044 1233 3090; x_wconf 88' lang='lat' dir='ltr'><strong>et</strong></span> <span class='ocrx_word' id='word_1_394' title='bbox 1269 3032 1425 3088; x_wconf 88' lang='lat' dir='ltr'><strong>odisti</strong></span> <span class='ocrx_word' id='word_1_395' title='bbox 1460 3027 1818 3101; x_wconf 83' lang='lat' dir='ltr'><strong>iniquitatem;</strong></span> <span class='ocrx_word' id='word_1_396' title='bbox 1850 3036 1967 3093; x_wconf 79' lang='lat' dir='ltr'><strong>pro-</strong></span> 
     </span>
    </p>
   </div>
   <div class='ocr_carea' id='block_1_36' title="bbox 389 3120 1966 3213">
    <p class='ocr_par' dir='ltr' id='par_1_36' title="bbox 389 3120 1966 3213">
     <span class='ocr_line' id='line_1_45' title="bbox 389 3120 1966 3213; baseline -0.022 -13"><span class='ocrx_word' id='word_1_397' title='bbox 389 3154 564 3213; x_wconf 87' lang='lat' dir='ltr'><strong>pterea</strong></span> <span class='ocrx_word' id='word_1_398' title='bbox 584 3140 734 3196; x_wconf 74' lang='lat' dir='ltr'><strong>unxit</strong></span> <span class='ocrx_word' id='word_1_399' title='bbox 761 3146 809 3192; x_wconf 87' lang='lat' dir='ltr'><strong>te</strong></span> <span class='ocrx_word' id='word_1_400' title='bbox 834 3136 998 3200; x_wconf 88' lang='lat' dir='ltr'><strong>Deus,</strong></span> <span class='ocrx_word' id='word_1_401' title='bbox 1031 3130 1169 3186; x_wconf 89' lang='lat' dir='ltr'><strong>Deus</strong></span> <span class='ocrx_word' id='word_1_402' title='bbox 1197 3137 1337 3193; x_wconf 88' lang='lat' dir='ltr'><strong>tuus,</strong></span> <span class='ocrx_word' id='word_1_403' title='bbox 1361 3123 1473 3180; x_wconf 90' lang='lat' dir='ltr'><strong>oleo</strong></span> <span class='ocrx_word' id='word_1_404' title='bbox 1494 3120 1690 3177; x_wconf 72' lang='lat' dir='ltr'><strong>la&#39;titia:</strong></span> <span class='ocrx_word' id='word_1_405' title='bbox 1708 3132 1817 3189; x_wconf 70' lang='lat' dir='ltr'><strong>pra:</strong></span> <span class='ocrx_word' id='word_1_406' title='bbox 1844 3129 1966 3184; x_wconf 89' lang='lat' dir='ltr'><strong>par-</strong></span> 
     </span>
    </p>
   </div>
   <div class='ocr_carea' id='block_1_37' title="bbox 390 3229 1015 3307">
    <p class='ocr_par' dir='ltr' id='par_1_37' title="bbox 390 3229 1015 3307">
     <span class='ocr_line' id='line_1_46' title="bbox 390 3229 1015 3307; baseline -0.016 -13"><span class='ocrx_word' id='word_1_407' title='bbox 390 3235 638 3307; x_wconf 87' lang='lat' dir='ltr'><strong>ticipibus</strong></span> <span class='ocrx_word' id='word_1_408' title='bbox 663 3232 770 3288; x_wconf 82' lang='lat' dir='ltr'><strong>tuis</strong></span> <span class='ocrx_word' id='word_1_409' title='bbox 799 3230 943 3304; x_wconf 82' lang='lat' dir='ltr'><strong>(Ibid</strong></span> <span class='ocrx_word' id='word_1_410' title='bbox 951 3229 1015 3300; x_wconf 87' lang='lat'><strong>.).</strong></span> 
     </span>
    </p>
   </div>
   <div class='ocr_carea' id='block_1_38' title="bbox 464 3327 1973 3401">
    <p class='ocr_par' dir='ltr' id='par_1_38' title="bbox 464 3327 1973 3401">
     <span class='ocr_line' id='line_1_47' title="bbox 464 3327 1973 3401; baseline -0.014 0"><span class='ocrx_word' id='word_1_411' title='bbox 464 3344 533 3401; x_wconf 83' lang='lat' dir='ltr'><strong>Et</strong></span> <span class='ocrx_word' id='word_1_412' title='bbox 557 3352 725 3399; x_wconf 87' lang='lat' dir='ltr'><strong>mater</strong></span> <span class='ocrx_word' id='word_1_413' title='bbox 752 3340 954 3398; x_wconf 76' lang='lat' dir='ltr'><strong>vocavit</strong></span> <span class='ocrx_word' id='word_1_414' title='bbox 982 3352 1173 3393; x_wconf 84' lang='lat' dir='ltr'><strong>nomen</strong></span> <span class='ocrx_word' id='word_1_415' title='bbox 1198 3334 1344 3389; x_wconf 86' lang='lat' dir='ltr'><strong>illius</strong></span> <span class='ocrx_word' id='word_1_416' title='bbox 1367 3330 1399 3386; x_wconf 82' lang='lat' dir='ltr'><strong><em>J</em></strong></span> <span class='ocrx_word' id='word_1_417' title='bbox 1408 3331 1553 3400; x_wconf 89' lang='lat' dir='ltr'><strong>abes,</strong></span> <span class='ocrx_word' id='word_1_418' title='bbox 1578 3330 1760 3384; x_wconf 85' lang='lat' dir='ltr'><strong>dicens</strong></span> <span class='ocrx_word' id='word_1_419' title='bbox 1783 3344 1802 3383; x_wconf 90' lang='lat'><strong><em>:</em></strong></span> <span class='ocrx_word' id='word_1_420' title='bbox 1835 3327 1973 3393; x_wconf 83' lang='lat' dir='ltr'><strong>Quia</strong></span> 
     </span>
    </p>
   </div>
   <div class='ocr_carea' id='block_1_39' title="bbox 395 3420 1970 3511">
    <p class='ocr_par' dir='ltr' id='par_1_39' title="bbox 395 3420 1970 3511">
     <span class='ocr_line' id='line_1_48' title="bbox 395 3420 1970 3511; baseline -0.013 -18"><span class='ocrx_word' id='word_1_421' title='bbox 395 3436 569 3511; x_wconf 79' lang='lat' dir='ltr'><strong>peperi</strong></span> <span class='ocrx_word' id='word_1_422' title='bbox 604 3449 722 3490; x_wconf 87' lang='lat' dir='ltr'><strong>eum</strong></span> <span class='ocrx_word' id='word_1_423' title='bbox 750 3432 807 3487; x_wconf 88' lang='lat' dir='ltr'><strong>in</strong></span> <span class='ocrx_word' id='word_1_424' title='bbox 840 3431 1039 3485; x_wconf 84' lang='lat' dir='ltr'><strong>dolore.</strong></span> <span class='ocrx_word' id='word_1_425' title='bbox 1063 3426 1291 3482; x_wconf 77' lang='lat' dir='ltr'><strong>Matrem</strong></span> <span class='ocrx_word' id='word_1_426' title='bbox 1318 3424 1406 3480; x_wconf 85' lang='lat' dir='ltr'><strong>hic</strong></span> <span class='ocrx_word' id='word_1_427' title='bbox 1426 3438 1536 3478; x_wconf 91' lang='lat' dir='ltr'><strong>non</strong></span> <span class='ocrx_word' id='word_1_428' title='bbox 1562 3420 1786 3477; x_wconf 78' lang='lat' dir='ltr'><strong>Mariam</strong></span> <span class='ocrx_word' id='word_1_429' title='bbox 1811 3420 1970 3487; x_wconf 78' lang='lat' dir='ltr'><strong>virgi~</strong></span> 
     </span>
    </p>
   </div>
   <div class='ocr_carea' id='block_1_40' title="bbox 396 3509 1979 3589">
    <p class='ocr_par' dir='ltr' id='par_1_40' title="bbox 396 3509 1979 3589">
     <span class='ocr_line' id='line_1_49' title="bbox 396 3509 1979 3589; baseline -0.013 -8"><span class='ocrx_word' id='word_1_430' title='bbox 396 3509 516 3582; x_wconf 83' lang='lat' dir='ltr'><strong>nem</strong></span> <span class='ocrx_word' id='word_1_431' title='bbox 548 3523 811 3579; x_wconf 87' lang='lat' dir='ltr'><strong>debemus</strong></span> <span class='ocrx_word' id='word_1_432' title='bbox 841 3519 1307 3589; x_wconf 76' lang='lat' dir='ltr'><strong>intelligere.qute</strong></span> <span class='ocrx_word' id='word_1_433' title='bbox 1331 3514 1644 3581; x_wconf 89' lang='lat' dir='ltr'><strong>incorrupta</strong></span> <span class='ocrx_word' id='word_1_434' title='bbox 1665 3518 1721 3564; x_wconf 90' lang='lat' dir='ltr'><strong>et</strong></span> <span class='ocrx_word' id='word_1_435' title='bbox 1747 3509 1979 3563; x_wconf 85' lang='lat' dir='ltr'><strong>inteme-</strong></span> 
     </span>
    </p>
   </div>
   <div class='ocr_carea' id='block_1_41' title="bbox 394 3596 1975 3679">
    <p class='ocr_par' dir='ltr' id='par_1_41' title="bbox 394 3596 1975 3679">
     <span class='ocr_line' id='line_1_50' title="bbox 394 3596 1975 3679; baseline -0.013 -7"><span class='ocrx_word' id='word_1_436' title='bbox 394 3626 511 3672; x_wconf 86' lang='lat' dir='ltr'><strong>rata</strong></span> <span class='ocrx_word' id='word_1_437' title='bbox 550 3616 669 3670; x_wconf 89' lang='lat' dir='ltr'><strong>sine</strong></span> <span class='ocrx_word' id='word_1_438' title='bbox 698 3611 885 3667; x_wconf 88' lang='lat' dir='ltr'><strong>dolore</strong></span> <span class='ocrx_word' id='word_1_439' title='bbox 914 3616 1106 3679; x_wconf 89' lang='lat' dir='ltr'><strong>partus</strong></span> <span class='ocrx_word' id='word_1_440' title='bbox 1132 3604 1320 3675; x_wconf 81' lang='lat' dir='ltr'><strong>genuit</strong></span> <span class='ocrx_word' id='word_1_441' title='bbox 1349 3603 1505 3658; x_wconf 89' lang='lat' dir='ltr'><strong>uobis</strong></span> <span class='ocrx_word' id='word_1_442' title='bbox 1532 3599 1824 3656; x_wconf 88' lang='lat' dir='ltr'><strong>Dominum</strong></span> <span class='ocrx_word' id='word_1_443' title='bbox 1854 3596 1975 3653; x_wconf 88' lang='lat' dir='ltr'><strong>Sal-</strong></span> 
     </span>
    </p>
   </div>
   <div class='ocr_carea' id='block_1_42' title="bbox 396 3692 1983 3774">
    <p class='ocr_par' dir='ltr' id='par_1_42' title="bbox 396 3692 1983 3774">
     <span class='ocr_line' id='line_1_51' title="bbox 396 3692 1983 3774; baseline -0.013 -9"><span class='ocrx_word' id='word_1_444' title='bbox 396 3720 663 3774; x_wconf 85' lang='lat' dir='ltr'><strong>vatorcm,</strong></span> <span class='ocrx_word' id='word_1_445' title='bbox 695 3706 788 3760; x_wconf 84' lang='lat' dir='ltr'><strong>sed</strong></span> <span class='ocrx_word' id='word_1_446' title='bbox 826 3700 1169 3772; x_wconf 74' lang='lat' dir='ltr'><strong>Synagogam</strong></span> <span class='ocrx_word' id='word_1_447' title='bbox 1200 3697 1539 3758; x_wconf 68' lang='lat' dir='ltr'><strong>Judteorum,</strong></span> <span class='ocrx_word' id='word_1_448' title='bbox 1593 3692 1662 3749; x_wconf 89' lang='lat' dir='ltr'><strong>de</strong></span> <span class='ocrx_word' id='word_1_449' title='bbox 1706 3706 1815 3762; x_wconf 91' lang='lat' dir='ltr'><strong>qua</strong></span> <span class='ocrx_word' id='word_1_450' title='bbox 1866 3692 1983 3760; x_wconf 88' lang='lat' dir='ltr'><strong>ipse</strong></span> 
     </span>
    </p>
   </div>
   <div class='ocr_carea' id='block_1_43' title="bbox 396 3783 1986 3866">
    <p class='ocr_par' dir='ltr' id='par_1_43' title="bbox 396 3783 1986 3866">
     <span class='ocr_line' id='line_1_52' title="bbox 396 3783 1986 3866; baseline -0.013 -9"><span class='ocrx_word' id='word_1_451' title='bbox 396 3813 619 3857; x_wconf 89' lang='lat' dir='ltr'><strong>carnem</strong></span> <span class='ocrx_word' id='word_1_452' title='bbox 663 3797 945 3866; x_wconf 83' lang='lat' dir='ltr'><strong>suscipere</strong></span> <span class='ocrx_word' id='word_1_453' title='bbox 968 3794 1225 3864; x_wconf 86' lang='lat' dir='ltr'><strong>dignatus</strong></span> <span class='ocrx_word' id='word_1_454' title='bbox 1266 3797 1372 3845; x_wconf 87' lang='lat' dir='ltr'><strong>est.</strong></span> <span class='ocrx_word' id='word_1_455' title='bbox 1419 3786 1546 3842; x_wconf 73' lang='lat' dir='ltr'><strong>[huc</strong></span> <span class='ocrx_word' id='word_1_456' title='bbox 1602 3798 1735 3852; x_wconf 83' lang='lat' dir='ltr'><strong>ergo</strong></span> <span class='ocrx_word' id='word_1_457' title='bbox 1772 3783 1986 3854; x_wconf 79' lang='lat' dir='ltr'><strong>peperit</strong></span> 
     </span>
    </p>
   </div>
   <div class='ocr_carea' id='block_1_44' title="bbox 398 3874 1982 3959">
    <p class='ocr_par' dir='ltr' id='par_1_44' title="bbox 398 3874 1982 3959">
     <span class='ocr_line' id='line_1_53' title="bbox 398 3874 1982 3959; baseline -0.014 -8"><span class='ocrx_word' id='word_1_458' title='bbox 398 3909 521 3951; x_wconf 90' lang='lat' dir='ltr'><strong>eum</strong></span> <span class='ocrx_word' id='word_1_459' title='bbox 542 3893 599 3949; x_wconf 88' lang='lat' dir='ltr'><strong>in</strong></span> <span class='ocrx_word' id='word_1_460' title='bbox 618 3889 827 3957; x_wconf 89' lang='lat' dir='ltr'><strong>dolore,</strong></span> <span class='ocrx_word' id='word_1_461' title='bbox 848 3887 977 3959; x_wconf 89' lang='lat' dir='ltr'><strong>quia</strong></span> <span class='ocrx_word' id='word_1_462' title='bbox 1001 3887 1065 3941; x_wconf 88' lang='lat' dir='ltr'><strong>de</strong></span> <span class='ocrx_word' id='word_1_463' title='bbox 1084 3884 1324 3939; x_wconf 84' lang='lat' dir='ltr'><strong>adventu</strong></span> <span class='ocrx_word' id='word_1_464' title='bbox 1348 3881 1470 3952; x_wconf 86' lang='lat' dir='ltr'><strong>ejus</strong></span> <span class='ocrx_word' id='word_1_465' title='bbox 1496 3888 1717 3950; x_wconf 87' lang='lat' dir='ltr'><strong>pr0pter</strong></span> <span class='ocrx_word' id='word_1_466' title='bbox 1745 3874 1982 3931; x_wconf 85' lang='lat' dir='ltr'><strong>infideli-</strong></span> 
     </span>
    </p>
   </div>
   <div class='ocr_carea' id='block_1_45' title="bbox 398 3967 1979 4046">
    <p class='ocr_par' dir='ltr' id='par_1_45' title="bbox 398 3967 1979 4046">
     <span class='ocr_line' id='line_1_54' title="bbox 398 3967 1979 4046; baseline -0.013 -1"><span class='ocrx_word' id='word_1_467' title='bbox 398 4000 567 4045; x_wconf 88' lang='lat' dir='ltr'><strong>tatem</strong></span> <span class='ocrx_word' id='word_1_468' title='bbox 589 3985 834 4041; x_wconf 88' lang='lat' dir='ltr'><strong>dolorem</strong></span> <span class='ocrx_word' id='word_1_469' title='bbox 860 3980 1154 4035; x_wconf 86' lang='lat' dir='ltr'><strong>maximum</strong></span> <span class='ocrx_word' id='word_1_470' title='bbox 1174 3986 1337 4046; x_wconf 89' lang='lat' dir='ltr'><strong>atque</strong></span> <span class='ocrx_word' id='word_1_471' title='bbox 1353 3970 1661 4045; x_wconf 82' lang='lat' dir='ltr'><strong>angustiam</strong></span> <span class='ocrx_word' id='word_1_472' title='bbox 1686 3967 1979 4025; x_wconf 80' lang='lat' dir='ltr'><strong>contraxit.</strong></span> 
     </span>
    </p>
   </div>
   <div class='ocr_carea' id='block_1_46' title="bbox 404 4060 1981 4145">
    <p class='ocr_par' dir='ltr' id='par_1_46' title="bbox 404 4060 1981 4145">
     <span class='ocr_line' id='line_1_55' title="bbox 404 4060 1981 4145; baseline -0.015 -6"><span class='ocrx_word' id='word_1_473' title='bbox 404 4080 559 4138; x_wconf 86' lang='lat' dir='ltr'><strong>Unde</strong></span> <span class='ocrx_word' id='word_1_474' title='bbox 586 4079 857 4135; x_wconf 88' lang='lat' dir='ltr'><strong>bonorum</strong></span> <span class='ocrx_word' id='word_1_475' title='bbox 889 4086 1121 4145; x_wconf 88' lang='lat' dir='ltr'><strong>operum</strong></span> <span class='ocrx_word' id='word_1_476' title='bbox 1149 4070 1297 4126; x_wconf 88' lang='lat' dir='ltr'><strong>illius</strong></span> <span class='ocrx_word' id='word_1_477' title='bbox 1333 4066 1538 4122; x_wconf 74' lang='lat' dir='ltr'><strong>invidia</strong></span> <span class='ocrx_word' id='word_1_478' title='bbox 1592 4061 1795 4127; x_wconf 73' lang='lat' dir='ltr'><strong>allecti,</strong></span> <span class='ocrx_word' id='word_1_479' title='bbox 1825 4060 1981 4132; x_wconf 86' lang='lat' dir='ltr'><strong>cogi-</strong></span> 
     </span>
    </p>
   </div>
   <div class='ocr_carea' id='block_1_47' title="bbox 403 4157 1984 4232">
    <p class='ocr_par' dir='ltr' id='par_1_47' title="bbox 403 4157 1984 4232">
     <span class='ocr_line' id='line_1_56' title="bbox 403 4157 1984 4232; baseline -0.015 -1"><span class='ocrx_word' id='word_1_480' title='bbox 403 4177 590 4232; x_wconf 74' lang='lat' dir='ltr'><strong>tabant</strong></span> <span class='ocrx_word' id='word_1_481' title='bbox 626 4171 934 4228; x_wconf 88' lang='lat' dir='ltr'><strong>interficere</strong></span> <span class='ocrx_word' id='word_1_482' title='bbox 964 4168 1112 4224; x_wconf 91' lang='lat' dir='ltr'><strong>illum</strong></span> <span class='ocrx_word' id='word_1_483' title='bbox 1147 4165 1392 4223; x_wconf 86' lang='lat' dir='ltr'><strong>dicentes</strong></span> <span class='ocrx_word' id='word_1_484' title='bbox 1420 4179 1433 4216; x_wconf 93' lang='lat'><strong>:</strong></span> <span class='ocrx_word' id='word_1_485' title='bbox 1464 4157 1662 4214; x_wconf 83' lang='lat' dir='ltr'><strong>Locum</strong></span> <span class='ocrx_word' id='word_1_486' title='bbox 1691 4166 1743 4214; x_wconf 87' lang='lat' dir='ltr'><strong>et</strong></span> <span class='ocrx_word' id='word_1_487' title='bbox 1776 4162 1984 4227; x_wconf 81' lang='lat' dir='ltr'><strong>gentem</strong></span> 
     </span>
    </p>
   </div>
   <div class='ocr_carea' id='block_1_48' title="bbox 403 4256 1179 4332">
    <p class='ocr_par' dir='ltr' id='par_1_48' title="bbox 403 4256 1179 4332">
     <span class='ocr_line' id='line_1_57' title="bbox 403 4256 1179 4332; baseline -0.01 -10"><span class='ocrx_word' id='word_1_488' title='bbox 403 4267 587 4322; x_wconf 88' lang='lat' dir='ltr'><strong>tollent</strong></span> <span class='ocrx_word' id='word_1_489' title='bbox 611 4262 841 4320; x_wconf 83' lang='lat' dir='ltr'><strong>Romani</strong></span> <span class='ocrx_word' id='word_1_490' title='bbox 866 4258 1051 4332; x_wconf 80' lang='lat' dir='ltr'><strong>(Joan.</strong></span> <span class='ocrx_word' id='word_1_491' title='bbox 1077 4256 1179 4327; x_wconf 82' lang='lat' dir='ltr'><strong>xl).</strong></span> 
     </span>
    </p>
   </div>
   <div class='ocr_carea' id='block_1_49' title="bbox 480 4359 1983 4434">
    <p class='ocr_par' dir='ltr' id='par_1_49' title="bbox 480 4359 1983 4434">
     <span class='ocr_line' id='line_1_58' title="bbox 480 4359 1983 4434; baseline -0.013 -1"><span class='ocrx_word' id='word_1_492' title='bbox 480 4377 747 4434; x_wconf 85' lang='lat' dir='ltr'><strong>lnvocabit</strong></span> <span class='ocrx_word' id='word_1_493' title='bbox 773 4391 889 4431; x_wconf 80' lang='lat' dir='ltr'><strong>vero</strong></span> <span class='ocrx_word' id='word_1_494' title='bbox 925 4373 1084 4430; x_wconf 76' lang='lat' dir='ltr'><strong>Iabes</strong></span> <span class='ocrx_word' id='word_1_495' title='bbox 1125 4370 1407 4426; x_wconf 72' lang='lat' dir='ltr'><strong>Dominum</strong></span> <span class='ocrx_word' id='word_1_496' title='bbox 1434 4363 1635 4431; x_wconf 85' lang='lat' dir='ltr'><strong>Israel,</strong></span> <span class='ocrx_word' id='word_1_497' title='bbox 1662 4364 1881 4417; x_wconf 88' lang='lat' dir='ltr'><strong>dicens:</strong></span> <span class='ocrx_word' id='word_1_498' title='bbox 1921 4359 1983 4417; x_wconf 92' lang='lat' dir='ltr'><strong>Si</strong></span> 
     </span>
    </p>
   </div>
   <div class='ocr_carea' id='block_1_50' title="bbox 411 4456 1983 4526">
    <p class='ocr_par' dir='ltr' id='par_1_50' title="bbox 411 4456 1983 4526">
     <span class='ocr_line' id='line_1_59' title="bbox 411 4456 1983 4526; baseline -0.011 -2"><span class='ocrx_word' id='word_1_499' title='bbox 411 4468 713 4524; x_wconf 82' lang='lat' dir='ltr'><strong>benedicens</strong></span> <span class='ocrx_word' id='word_1_500' title='bbox 762 4465 1083 4522; x_wconf 71' lang='lat' dir='ltr'><strong>benedixeris</strong></span> <span class='ocrx_word' id='word_1_501' title='bbox 1132 4463 1276 4526; x_wconf 90' lang='lat' dir='ltr'><strong>mihi,</strong></span> <span class='ocrx_word' id='word_1_502' title='bbox 1300 4471 1349 4516; x_wconf 89' lang='lat' dir='ltr'><strong>et</strong></span> <span class='ocrx_word' id='word_1_503' title='bbox 1386 4459 1688 4514; x_wconf 75' lang='lat' dir='ltr'><strong>dilataueris</strong></span> <span class='ocrx_word' id='word_1_504' title='bbox 1735 4456 1983 4511; x_wconf 85' lang='lat' dir='ltr'><strong>terminos</strong></span> 
     </span>
    </p>
   </div>
   <div class='ocr_carea' id='block_1_51' title="bbox 2028 1245 3618 1330">
    <p class='ocr_par' dir='ltr' id='par_1_51' title="bbox 2028 1245 3618 1330">
     <span class='ocr_line' id='line_1_60' title="bbox 2028 1245 3618 1330; baseline -0.021 0"><span class='ocrx_word' id='word_1_505' title='bbox 2028 1283 2115 1330; x_wconf 91' lang='lat' dir='ltr'><strong>cet</strong></span> <span class='ocrx_word' id='word_1_506' title='bbox 2167 1278 2353 1327; x_wconf 90' lang='lat' dir='ltr'><strong>sancta</strong></span> <span class='ocrx_word' id='word_1_507' title='bbox 2380 1264 2643 1328; x_wconf 87' lang='lat' dir='ltr'><strong>Ecclesia,</strong></span> <span class='ocrx_word' id='word_1_508' title='bbox 2686 1258 2841 1329; x_wconf 88' lang='lat' dir='ltr'><strong>cujus</strong></span> <span class='ocrx_word' id='word_1_509' title='bbox 2875 1255 3136 1312; x_wconf 89' lang='lat' dir='ltr'><strong>terminos</strong></span> <span class='ocrx_word' id='word_1_510' title='bbox 3186 1252 3330 1306; x_wconf 87' lang='lat' dir='ltr'><strong>Deus</strong></span> <span class='ocrx_word' id='word_1_511' title='bbox 3368 1245 3618 1303; x_wconf 72' lang='lat' dir='ltr'><strong>dilatavit</strong></span> 
     </span>
    </p>
   </div>
   <div class='ocr_carea' id='block_1_52' title="bbox 2030 1339 3619 1435">
    <p class='ocr_par' dir='ltr' id='par_1_52' title="bbox 2030 1339 3619 1435">
     <span class='ocr_line' id='line_1_61' title="bbox 2030 1339 3619 1435; baseline -0.019 -13"><span class='ocrx_word' id='word_1_512' title='bbox 2030 1380 2203 1435; x_wconf 89' lang='lat' dir='ltr'><strong>usque</strong></span> <span class='ocrx_word' id='word_1_513' title='bbox 2226 1362 2293 1418; x_wconf 88' lang='lat' dir='ltr'><strong>ad</strong></span> <span class='ocrx_word' id='word_1_514' title='bbox 2321 1361 2455 1415; x_wconf 87' lang='lat' dir='ltr'><strong>lines</strong></span> <span class='ocrx_word' id='word_1_515' title='bbox 2484 1366 2664 1413; x_wconf 68' lang='lat' dir='ltr'><strong>terrm.</strong></span> <span class='ocrx_word' id='word_1_516' title='bbox 2692 1352 2791 1407; x_wconf 87' lang='lat' dir='ltr'><strong>Cui</strong></span> <span class='ocrx_word' id='word_1_517' title='bbox 2816 1364 2915 1421; x_wconf 91' lang='lat' dir='ltr'><strong>per</strong></span> <span class='ocrx_word' id='word_1_518' title='bbox 2940 1348 3134 1404; x_wconf 85' lang='lat' dir='ltr'><strong>Isaiam</strong></span> <span class='ocrx_word' id='word_1_519' title='bbox 3165 1345 3355 1400; x_wconf 82' lang='lat' dir='ltr'><strong>dicitur</strong></span> <span class='ocrx_word' id='word_1_520' title='bbox 3386 1362 3399 1396; x_wconf 89' lang='lat'><strong>:</strong></span> <span class='ocrx_word' id='word_1_521' title='bbox 3432 1339 3619 1395; x_wconf 84' lang='lat' dir='ltr'><strong>Dilata</strong></span> 
     </span>
    </p>
   </div>
   <div class='ocr_carea' id='block_1_53' title="bbox 2031 1436 3621 1515">
    <p class='ocr_par' dir='ltr' id='par_1_53' title="bbox 2031 1436 3621 1515">
     <span class='ocr_line' id='line_1_62' title="bbox 2031 1436 3621 1515; baseline -0.018 -4"><span class='ocrx_word' id='word_1_522' title='bbox 2031 1458 2206 1513; x_wconf 88' lang='lat' dir='ltr'><strong>locum</strong></span> <span class='ocrx_word' id='word_1_523' title='bbox 2265 1450 2474 1508; x_wconf 86' lang='lat' dir='ltr'><strong>tentorii</strong></span> <span class='ocrx_word' id='word_1_524' title='bbox 2529 1448 2642 1513; x_wconf 87' lang='lat' dir='ltr'><strong>tui,</strong></span> <span class='ocrx_word' id='word_1_525' title='bbox 2698 1454 2746 1501; x_wconf 89' lang='lat' dir='ltr'><strong>et</strong></span> <span class='ocrx_word' id='word_1_526' title='bbox 2785 1441 2942 1515; x_wconf 82' lang='lat' dir='ltr'><strong>pelles</strong></span> <span class='ocrx_word' id='word_1_527' title='bbox 2991 1436 3445 1493; x_wconf 87' lang='lat' dir='ltr'><strong>tabernaculorum</strong></span> <span class='ocrx_word' id='word_1_528' title='bbox 3498 1440 3621 1485; x_wconf 83' lang='lat' dir='ltr'><strong>tuo-</strong></span> 
     </span>
    </p>
   </div>
   <div class='ocr_carea' id='block_1_54' title="bbox 2033 1522 3621 1609">
    <p class='ocr_par' dir='ltr' id='par_1_54' title="bbox 2033 1522 3621 1609">
     <span class='ocr_line' id='line_1_63' title="bbox 2033 1522 3621 1609; baseline -0.02 -6"><span class='ocrx_word' id='word_1_529' title='bbox 2033 1564 2150 1603; x_wconf 83' lang='lat' dir='ltr'><strong>rum</strong></span> <span class='ocrx_word' id='word_1_530' title='bbox 2206 1542 2439 1604; x_wconf 76' lang='lat' dir='ltr'><strong>extende,</strong></span> <span class='ocrx_word' id='word_1_531' title='bbox 2491 1556 2555 1593; x_wconf 88' lang='lat' dir='ltr'><strong>ne</strong></span> <span class='ocrx_word' id='word_1_532' title='bbox 2580 1551 2792 1609; x_wconf 86' lang='lat' dir='ltr'><strong>parcas,</strong></span> <span class='ocrx_word' id='word_1_533' title='bbox 2841 1531 3022 1601; x_wconf 86' lang='lat' dir='ltr'><strong>longos</strong></span> <span class='ocrx_word' id='word_1_534' title='bbox 3054 1527 3139 1598; x_wconf 79' lang='lat' dir='ltr'><strong>fac</strong></span> <span class='ocrx_word' id='word_1_535' title='bbox 3184 1522 3443 1596; x_wconf 76' lang='lat' dir='ltr'><strong>funiculos</strong></span> <span class='ocrx_word' id='word_1_536' title='bbox 3473 1532 3621 1585; x_wconf 83' lang='lat' dir='ltr'><strong>tuos,</strong></span> 
     </span>
    </p>
   </div>
   <div class='ocr_carea' id='block_1_55' title="bbox 2035 1613 3627 1696">
    <p class='ocr_par' dir='ltr' id='par_1_55' title="bbox 2035 1613 3627 1696">
     <span class='ocr_line' id='line_1_64' title="bbox 2035 1613 3627 1696; baseline -0.019 0"><span class='ocrx_word' id='word_1_537' title='bbox 2035 1630 2082 1696; x_wconf 86' lang='lat' dir='ltr'><strong>et</strong></span> <span class='ocrx_word' id='word_1_538' title='bbox 2122 1638 2293 1693; x_wconf 83' lang='lat' dir='ltr'><strong>clavos</strong></span> <span class='ocrx_word' id='word_1_539' title='bbox 2344 1644 2460 1688; x_wconf 90' lang='lat' dir='ltr'><strong>tuos</strong></span> <span class='ocrx_word' id='word_1_540' title='bbox 2507 1628 2795 1686; x_wconf 86' lang='lat' dir='ltr'><strong>consolida.</strong></span> <span class='ocrx_word' id='word_1_541' title='bbox 2851 1624 2932 1679; x_wconf 82' lang='lat' dir='ltr'><strong>Ad</strong></span> <span class='ocrx_word' id='word_1_542' title='bbox 2976 1621 3214 1677; x_wconf 71' lang='lat' dir='ltr'><strong>dextram</strong></span> <span class='ocrx_word' id='word_1_543' title='bbox 3268 1616 3405 1671; x_wconf 90' lang='lat' dir='ltr'><strong>enim</strong></span> <span class='ocrx_word' id='word_1_544' title='bbox 3442 1624 3490 1669; x_wconf 89' lang='lat' dir='ltr'><strong>et</strong></span> <span class='ocrx_word' id='word_1_545' title='bbox 3526 1613 3627 1667; x_wconf 75' lang='lat' dir='ltr'><strong>ltr-</strong></span> 
     </span>
    </p>
   </div>
   <div class='ocr_carea' id='block_1_56' title="bbox 2037 1703 3624 1799">
    <p class='ocr_par' dir='ltr' id='par_1_56' title="bbox 2037 1703 3624 1799">
     <span class='ocr_line' id='line_1_65' title="bbox 2037 1703 3624 1799; baseline -0.02 -13"><span class='ocrx_word' id='word_1_546' title='bbox 2037 1747 2153 1786; x_wconf 77' lang='lat' dir='ltr'><strong>vam</strong></span> <span class='ocrx_word' id='word_1_547' title='bbox 2206 1723 2522 1799; x_wconf 87' lang='lat' dir='ltr'><strong>penetrabis,</strong></span> <span class='ocrx_word' id='word_1_548' title='bbox 2552 1730 2599 1775; x_wconf 90' lang='lat' dir='ltr'><strong>et</strong></span> <span class='ocrx_word' id='word_1_549' title='bbox 2644 1734 2818 1774; x_wconf 82' lang='lat' dir='ltr'><strong>semen</strong></span> <span class='ocrx_word' id='word_1_550' title='bbox 2860 1725 3009 1769; x_wconf 91' lang='lat' dir='ltr'><strong>tuum</strong></span> <span class='ocrx_word' id='word_1_551' title='bbox 3044 1718 3216 1782; x_wconf 88' lang='lat' dir='ltr'><strong>gentes</strong></span> <span class='ocrx_word' id='word_1_552' title='bbox 3268 1703 3624 1766; x_wconf 71' lang='lat' dir='ltr'><strong>hrereditabit,</strong></span> 
     </span>
    </p>
   </div>
   <div class='ocr_carea' id='block_1_57' title="bbox 1966 1796 3627 1884">
    <p class='ocr_par' dir='ltr' id='par_1_57' title="bbox 1966 1796 3627 1884">
     <span class='ocr_line' id='line_1_66' title="bbox 1966 1796 3627 1884; baseline -0.021 -2"><span class='ocrx_word' id='word_1_553' title='bbox 1966 1824 2011 1884; x_wconf 90' lang='lat' dir='ltr'><strong>B</strong></span> <span class='ocrx_word' id='word_1_554' title='bbox 2038 1833 2086 1879; x_wconf 89' lang='lat' dir='ltr'><strong>et</strong></span> <span class='ocrx_word' id='word_1_555' title='bbox 2107 1796 2337 1879; x_wconf 81' lang='lat' dir='ltr'><strong>civitates</strong></span> <span class='ocrx_word' id='word_1_556' title='bbox 2361 1815 2592 1872; x_wconf 89' lang='lat' dir='ltr'><strong>desertas</strong></span> <span class='ocrx_word' id='word_1_557' title='bbox 2634 1807 2944 1865; x_wconf 85' lang='lat' dir='ltr'><strong>inhabitabit</strong></span> <span class='ocrx_word' id='word_1_558' title='bbox 2992 1802 3146 1875; x_wconf 87' lang='lat' dir='ltr'><strong>(lsai.</strong></span> <span class='ocrx_word' id='word_1_559' title='bbox 3179 1798 3312 1871; x_wconf 78' lang='lat' dir='ltr'><strong>Liv).</strong></span> <span class='ocrx_word' id='word_1_560' title='bbox 3346 1796 3482 1853; x_wconf 90' lang='lat' dir='ltr'><strong>Cum</strong></span> <span class='ocrx_word' id='word_1_561' title='bbox 3514 1809 3627 1865; x_wconf 87' lang='lat' dir='ltr'><strong>qua</strong></span> 
     </span>
    </p>
   </div>
   <div class='ocr_carea' id='block_1_58' title="bbox 2039 1891 3628 1978">
    <p class='ocr_par' dir='ltr' id='par_1_58' title="bbox 2039 1891 3628 1978">
     <span class='ocr_line' id='line_1_67' title="bbox 2039 1891 3628 1978; baseline -0.023 -1"><span class='ocrx_word' id='word_1_562' title='bbox 2039 1929 2125 1977; x_wconf 89' lang='lat' dir='ltr'><strong>est</strong></span> <span class='ocrx_word' id='word_1_563' title='bbox 2153 1931 2346 1975; x_wconf 87' lang='lat' dir='ltr'><strong>manus</strong></span> <span class='ocrx_word' id='word_1_564' title='bbox 2373 1911 2585 1970; x_wconf 90' lang='lat' dir='ltr'><strong>Domini</strong></span> <span class='ocrx_word' id='word_1_565' title='bbox 2612 1926 2625 1963; x_wconf 90' lang='lat'>:</span> <span class='ocrx_word' id='word_1_566' title='bbox 2652 1907 2777 1978; x_wconf 87' lang='lat' dir='ltr'><strong>quia</strong></span> <span class='ocrx_word' id='word_1_567' title='bbox 2806 1905 2862 1960; x_wconf 90' lang='lat' dir='ltr'><strong>in</strong></span> <span class='ocrx_word' id='word_1_568' title='bbox 2884 1903 2999 1974; x_wconf 88' lang='lat' dir='ltr'><strong>ipsa</strong></span> <span class='ocrx_word' id='word_1_569' title='bbox 3028 1904 3285 1970; x_wconf 85' lang='lat' dir='ltr'><strong>operatur</strong></span> <span class='ocrx_word' id='word_1_570' title='bbox 3307 1892 3475 1948; x_wconf 85' lang='lat' dir='ltr'><strong>Filius</strong></span> <span class='ocrx_word' id='word_1_571' title='bbox 3500 1891 3628 1953; x_wconf 83' lang='lat' dir='ltr'><strong>Dei,</strong></span> 
     </span>
    </p>
   </div>
   <div class='ocr_carea' id='block_1_59' title="bbox 2043 1986 3634 2085">
    <p class='ocr_par' dir='ltr' id='par_1_59' title="bbox 2043 1986 3634 2085">
     <span class='ocr_line' id='line_1_68' title="bbox 2043 1986 3634 2085; baseline -0.02 -16"><span class='ocrx_word' id='word_1_572' title='bbox 2043 2013 2213 2085; x_wconf 88' lang='lat' dir='ltr'><strong>quiet</strong></span> <span class='ocrx_word' id='word_1_573' title='bbox 2238 2006 2520 2064; x_wconf 87' lang='lat' dir='ltr'><strong>brachium</strong></span> <span class='ocrx_word' id='word_1_574' title='bbox 2567 2009 2622 2056; x_wconf 88' lang='lat' dir='ltr'><strong>et</strong></span> <span class='ocrx_word' id='word_1_575' title='bbox 2651 2000 2877 2056; x_wconf 80' lang='lat' dir='ltr'><strong>dextera</strong></span> <span class='ocrx_word' id='word_1_576' title='bbox 2929 1986 3329 2060; x_wconf 86' lang='lat' dir='ltr'><strong>Omnipotentis</strong></span> <span class='ocrx_word' id='word_1_577' title='bbox 3357 1993 3477 2049; x_wconf 88' lang='lat' dir='ltr'><strong>est;</strong></span> <span class='ocrx_word' id='word_1_578' title='bbox 3504 1997 3634 2053; x_wconf 75' lang='lat' dir='ltr'><strong>qua:</strong></span> 
     </span>
    </p>
   </div>
   <div class='ocr_carea' id='block_1_60' title="bbox 2044 2073 3637 2170">
    <p class='ocr_par' dir='ltr' id='par_1_60' title="bbox 2044 2073 3637 2170">
     <span class='ocr_line' id='line_1_69' title="bbox 2044 2073 3637 2170; baseline -0.021 -11"><span class='ocrx_word' id='word_1_579' title='bbox 2044 2102 2254 2160; x_wconf 87' lang='lat' dir='ltr'><strong>malitia</strong></span> <span class='ocrx_word' id='word_1_580' title='bbox 2307 2102 2717 2170; x_wconf 89' lang='lat' dir='ltr'><strong>persecutorum</strong></span> <span class='ocrx_word' id='word_1_581' title='bbox 2762 2096 2926 2159; x_wconf 89' lang='lat' dir='ltr'><strong>atque</strong></span> <span class='ocrx_word' id='word_1_582' title='bbox 2971 2081 3353 2140; x_wconf 70' lang='lat' dir='ltr'><strong>haereticorum</strong></span> <span class='ocrx_word' id='word_1_583' title='bbox 3394 2073 3637 2147; x_wconf 86' lang='lat' dir='ltr'><strong>opprimi</strong></span> 
     </span>
    </p>
   </div>
   <div class='ocr_carea' id='block_1_61' title="bbox 2048 2166 3641 2262">
    <p class='ocr_par' dir='ltr' id='par_1_61' title="bbox 2048 2166 3641 2262">
     <span class='ocr_line' id='line_1_70' title="bbox 2048 2166 3641 2262; baseline -0.021 -12"><span class='ocrx_word' id='word_1_584' title='bbox 2048 2210 2155 2250; x_wconf 91' lang='lat' dir='ltr'><strong>non</strong></span> <span class='ocrx_word' id='word_1_585' title='bbox 2190 2166 2428 2262; x_wconf 48' lang='lat' dir='ltr'><strong>pote—rit:</strong></span> <span class='ocrx_word' id='word_1_586' title='bbox 2456 2185 2582 2255; x_wconf 90' lang='lat' dir='ltr'><strong>quia</strong></span> <span class='ocrx_word' id='word_1_587' title='bbox 2621 2182 2739 2253; x_wconf 88' lang='lat' dir='ltr'><strong>ipsa</strong></span> <span class='ocrx_word' id='word_1_588' title='bbox 2764 2177 2980 2234; x_wconf 81' lang='lat' dir='ltr'><strong>Veritas</strong></span> <span class='ocrx_word' id='word_1_589' title='bbox 3020 2181 3205 2244; x_wconf 89' lang='lat' dir='ltr'><strong>portas</strong></span> <span class='ocrx_word' id='word_1_590' title='bbox 3258 2167 3415 2224; x_wconf 79' lang='lat' dir='ltr'><strong>inferi</strong></span> <span class='ocrx_word' id='word_1_591' title='bbox 3446 2166 3641 2219; x_wconf 88' lang='lat' dir='ltr'><strong>adver-</strong></span> 
     </span>
    </p>
   </div>
   <div class='ocr_carea' id='block_1_62' title="bbox 2050 2258 3637 2352">
    <p class='ocr_par' dir='ltr' id='par_1_62' title="bbox 2050 2258 3637 2352">
     <span class='ocr_line' id='line_1_71' title="bbox 2050 2258 3637 2352; baseline -0.023 -8"><span class='ocrx_word' id='word_1_592' title='bbox 2050 2304 2143 2343; x_wconf 89' lang='lat' dir='ltr'><strong>sus</strong></span> <span class='ocrx_word' id='word_1_593' title='bbox 2173 2258 2296 2341; x_wconf 78' lang='lat' dir='ltr'><strong>eum</strong></span> <span class='ocrx_word' id='word_1_594' title='bbox 2344 2277 2644 2352; x_wconf 67' lang='lat' dir='ltr'><strong>praevalere</strong></span> <span class='ocrx_word' id='word_1_595' title='bbox 2684 2288 2791 2329; x_wconf 91' lang='lat' dir='ltr'><strong>non</strong></span> <span class='ocrx_word' id='word_1_596' title='bbox 2839 2281 3001 2341; x_wconf 88' lang='lat' dir='ltr'><strong>posse</strong></span> <span class='ocrx_word' id='word_1_597' title='bbox 3049 2263 3195 2321; x_wconf 84' lang='lat' dir='ltr'><strong>ﬁdeli</strong></span> <span class='ocrx_word' id='word_1_598' title='bbox 3260 2258 3461 2316; x_wconf 82' lang='lat' dir='ltr'><strong>famulo</strong></span> <span class='ocrx_word' id='word_1_599' title='bbox 3508 2271 3637 2321; x_wconf 90' lang='lat' dir='ltr'><strong>suo,</strong></span> 
     </span>
    </p>
   </div>
   <div class='ocr_carea' id='block_1_63' title="bbox 2052 2347 3641 2439">
    <p class='ocr_par' dir='ltr' id='par_1_63' title="bbox 2052 2347 3641 2439">
     <span class='ocr_line' id='line_1_72' title="bbox 2052 2347 3641 2439; baseline -0.018 -6"><span class='ocrx_word' id='word_1_600' title='bbox 2052 2379 2213 2435; x_wconf 86' lang='lat' dir='ltr'><strong>Petro</strong></span> <span class='ocrx_word' id='word_1_601' title='bbox 2241 2347 2491 2430; x_wconf 79' lang='lat' dir='ltr'><strong>videlicet</strong></span> <span class='ocrx_word' id='word_1_602' title='bbox 2537 2364 2803 2439; x_wconf 89' lang='lat' dir='ltr'><strong>apostolo,</strong></span> <span class='ocrx_word' id='word_1_603' title='bbox 2834 2359 3084 2434; x_wconf 76' lang='lat' dir='ltr'><strong>praedixit</strong></span> <span class='ocrx_word' id='word_1_604' title='bbox 3112 2354 3327 2429; x_wconf 79' lang='lat' dir='ltr'><strong>(Matth.</strong></span> <span class='ocrx_word' id='word_1_605' title='bbox 3356 2350 3490 2422; x_wconf 78' lang='lat' dir='ltr'><strong>xvi).</strong></span> <span class='ocrx_word' id='word_1_606' title='bbox 3520 2347 3641 2405; x_wconf 84' lang='lat' dir='ltr'><strong>Nec</strong></span> 
     </span>
    </p>
   </div>
   <div class='ocr_carea' id='block_1_64' title="bbox 2054 2446 3645 2527">
    <p class='ocr_par' dir='ltr' id='par_1_64' title="bbox 2054 2446 3645 2527">
     <span class='ocr_line' id='line_1_73' title="bbox 2054 2446 3645 2527; baseline -0.02 -1"><span class='ocrx_word' id='word_1_607' title='bbox 2054 2466 2300 2527; x_wconf 87' lang='lat' dir='ltr'><strong>diabolus</strong></span> <span class='ocrx_word' id='word_1_608' title='bbox 2322 2465 2372 2522; x_wconf 92' lang='lat' dir='ltr'><strong>ei</strong></span> <span class='ocrx_word' id='word_1_609' title='bbox 2400 2458 2767 2519; x_wconf 89' lang='lat' dir='ltr'><strong>dominabitur</strong></span> <span class='ocrx_word' id='word_1_610' title='bbox 2797 2474 2810 2510; x_wconf 89' lang='lat'>:</span> <span class='ocrx_word' id='word_1_611' title='bbox 2838 2455 2963 2526; x_wconf 90' lang='lat' dir='ltr'><strong>quia</strong></span> <span class='ocrx_word' id='word_1_612' title='bbox 2991 2452 3116 2507; x_wconf 86' lang='lat' dir='ltr'><strong>data</strong></span> <span class='ocrx_word' id='word_1_613' title='bbox 3164 2456 3249 2504; x_wconf 89' lang='lat' dir='ltr'><strong>est</strong></span> <span class='ocrx_word' id='word_1_614' title='bbox 3273 2446 3350 2501; x_wconf 90' lang='lat' dir='ltr'><strong>illi</strong></span> <span class='ocrx_word' id='word_1_615' title='bbox 3394 2450 3645 2516; x_wconf 88' lang='lat' dir='ltr'><strong>potestas</strong></span> 
     </span>
    </p>
   </div>
   <div class='ocr_carea' id='block_1_65' title="bbox 2057 2547 3647 2620">
    <p class='ocr_par' dir='ltr' id='par_1_65' title="bbox 2057 2547 3647 2620">
     <span class='ocr_line' id='line_1_74' title="bbox 2057 2547 3647 2620; baseline -0.022 -3"><span class='ocrx_word' id='word_1_616' title='bbox 2057 2579 2088 2617; x_wconf 89' lang='lat' dir='ltr'><strong>a</strong></span> <span class='ocrx_word' id='word_1_617' title='bbox 2108 2559 2337 2616; x_wconf 89' lang='lat' dir='ltr'><strong>Domino</strong></span> <span class='ocrx_word' id='word_1_618' title='bbox 2363 2551 2605 2610; x_wconf 87' lang='lat' dir='ltr'><strong>calcandi</strong></span> <span class='ocrx_word' id='word_1_619' title='bbox 2632 2564 2788 2620; x_wconf 90' lang='lat' dir='ltr'><strong>super</strong></span> <span class='ocrx_word' id='word_1_620' title='bbox 2817 2551 3077 2615; x_wconf 87' lang='lat' dir='ltr'><strong>serpentes</strong></span> <span class='ocrx_word' id='word_1_621' title='bbox 3119 2549 3276 2610; x_wconf 91' lang='lat' dir='ltr'><strong>atque</strong></span> <span class='ocrx_word' id='word_1_622' title='bbox 3305 2549 3459 2606; x_wconf 84' lang='lat' dir='ltr'><strong>super</strong></span> <span class='ocrx_word' id='word_1_623' title='bbox 3494 2547 3647 2585; x_wconf 86' lang='lat' dir='ltr'><strong>scor-</strong></span> 
     </span>
    </p>
   </div>
   <div class='ocr_carea' id='block_1_66' title="bbox 2057 2622 3642 2723">
    <p class='ocr_par' dir='ltr' id='par_1_66' title="bbox 2057 2622 3642 2723">
     <span class='ocr_line' id='line_1_75' title="bbox 2057 2622 3642 2723; baseline -0.02 -17"><span class='ocrx_word' id='word_1_624' title='bbox 2057 2653 2271 2723; x_wconf 81' lang='lat' dir='ltr'><strong>piones,</strong></span> <span class='ocrx_word' id='word_1_625' title='bbox 2315 2656 2363 2702; x_wconf 90' lang='lat' dir='ltr'><strong>et</strong></span> <span class='ocrx_word' id='word_1_626' title='bbox 2415 2659 2571 2714; x_wconf 88' lang='lat' dir='ltr'><strong>super</strong></span> <span class='ocrx_word' id='word_1_627' title='bbox 2630 2654 2831 2695; x_wconf 90' lang='lat' dir='ltr'><strong>omnem</strong></span> <span class='ocrx_word' id='word_1_628' title='bbox 2893 2635 3136 2690; x_wconf 80' lang='lat' dir='ltr'><strong>uirtutem</strong></span> <span class='ocrx_word' id='word_1_629' title='bbox 3204 2626 3403 2685; x_wconf 88' lang='lat' dir='ltr'><strong>inimici</strong></span> <span class='ocrx_word' id='word_1_630' title='bbox 3457 2622 3642 2696; x_wconf 84' lang='lat' dir='ltr'><strong>(Luc.</strong></span> 
     </span>
    </p>
   </div>
   <div class='ocr_carea' id='block_1_67' title="bbox 2059 2716 3649 2814">
    <p class='ocr_par' dir='ltr' id='par_1_67' title="bbox 2059 2716 3649 2814">
     <span class='ocr_line' id='line_1_76' title="bbox 2059 2716 3649 2814; baseline -0.02 -16"><span class='ocrx_word' id='word_1_631' title='bbox 2059 2716 2157 2814; x_wconf 45' lang='grc' dir='ltr'><strong>ᾖ).</strong></span> <span class='ocrx_word' id='word_1_632' title='bbox 2196 2736 2454 2796; x_wconf 72' lang='lat' dir='ltr'><strong>Praestitit</strong></span> <span class='ocrx_word' id='word_1_633' title='bbox 2488 2747 2619 2804; x_wconf 89' lang='lat' dir='ltr'><strong>ergo</strong></span> <span class='ocrx_word' id='word_1_634' title='bbox 2662 2730 2806 2785; x_wconf 88' lang='lat' dir='ltr'><strong>Deus</strong></span> <span class='ocrx_word' id='word_1_635' title='bbox 2853 2724 3017 2781; x_wconf 86' lang='lat' dir='ltr'><strong>Jabes</strong></span> <span class='ocrx_word' id='word_1_636' title='bbox 3061 2729 3250 2778; x_wconf 89' lang='lat' dir='ltr'><strong>nostro</strong></span> <span class='ocrx_word' id='word_1_637' title='bbox 3281 2716 3485 2779; x_wconf 87' lang='lat' dir='ltr'><strong>omnia,</strong></span> <span class='ocrx_word' id='word_1_638' title='bbox 3517 2728 3649 2795; x_wconf 62' lang='lat' dir='ltr'><strong>qua;</strong></span> 
     </span>
    </p>
   </div>
   <div class='ocr_carea' id='block_1_68' title="bbox 2061 2794 3649 2903">
    <p class='ocr_par' dir='ltr' id='par_1_68' title="bbox 2061 2794 3649 2903">
     <span class='ocr_line' id='line_1_77' title="bbox 2061 2794 3649 2903; baseline -0.021 -13"><span class='ocrx_word' id='word_1_639' title='bbox 2061 2794 2379 2903; x_wconf 67' lang='lat' dir='ltr'><strong>deprecatus</strong></span> <span class='ocrx_word' id='word_1_640' title='bbox 2423 2834 2507 2883; x_wconf 88' lang='lat' dir='ltr'><strong>est</strong></span> <span class='ocrx_word' id='word_1_641' title='bbox 2530 2794 2715 2893; x_wconf 50' lang='lat' dir='ltr'><strong>,vquia</strong></span> <span class='ocrx_word' id='word_1_642' title='bbox 2745 2818 2893 2875; x_wconf 87' lang='lat' dir='ltr'><strong>dedit</strong></span> <span class='ocrx_word' id='word_1_643' title='bbox 2935 2816 3012 2871; x_wconf 93' lang='lat' dir='ltr'><strong>illi</strong></span> <span class='ocrx_word' id='word_1_644' title='bbox 3052 2826 3267 2870; x_wconf 90' lang='lat' dir='ltr'><strong>omnem</strong></span> <span class='ocrx_word' id='word_1_645' title='bbox 3316 2794 3649 2878; x_wconf 85' lang='lat' dir='ltr'><strong>potestatem</strong></span> 
     </span>
    </p>
   </div>
   <div class='ocr_carea' id='block_1_69' title="bbox 2063 2895 3651 2985">
    <p class='ocr_par' dir='ltr' id='par_1_69' title="bbox 2063 2895 3651 2985">
     <span class='ocr_line' id='line_1_78' title="bbox 2063 2895 3651 2985; baseline -0.022 -4"><span class='ocrx_word' id='word_1_646' title='bbox 2063 2895 2283 2981; x_wconf 52' lang='lat' dir='ltr'><strong>in-ctelo</strong></span> <span class='ocrx_word' id='word_1_647' title='bbox 2309 2926 2365 2976; x_wconf 87' lang='lat' dir='ltr'><strong>et</strong></span> <span class='ocrx_word' id='word_1_648' title='bbox 2405 2918 2461 2973; x_wconf 90' lang='lat' dir='ltr'><strong>iu</strong></span> <span class='ocrx_word' id='word_1_649' title='bbox 2513 2924 2659 2969; x_wconf 86' lang='lat' dir='ltr'><strong>terra</strong></span> <span class='ocrx_word' id='word_1_650' title='bbox 2712 2908 2941 2985; x_wconf 77' lang='lat' dir='ltr'><strong>(Matth.</strong></span> <span class='ocrx_word' id='word_1_651' title='bbox 2978 2901 3194 2976; x_wconf 79' lang='lat' dir='ltr'><strong>xxvnt),</strong></span> <span class='ocrx_word' id='word_1_652' title='bbox 3241 2909 3299 2955; x_wconf 90' lang='lat' dir='ltr'><strong>ut</strong></span> <span class='ocrx_word' id='word_1_653' title='bbox 3332 2901 3389 2954; x_wconf 87' lang='lat' dir='ltr'><strong>in</strong></span> <span class='ocrx_word' id='word_1_654' title='bbox 3434 2895 3651 2950; x_wconf 86' lang='lat' dir='ltr'><strong>nomine</strong></span> 
     </span>
    </p>
   </div>
   <div class='ocr_carea' id='block_1_70' title="bbox 2065 2989 3654 3086">
    <p class='ocr_par' dir='ltr' id='par_1_70' title="bbox 2065 2989 3654 3086">
     <span class='ocr_line' id='line_1_79' title="bbox 2065 2989 3654 3086; baseline -0.022 -16"><span class='ocrx_word' id='word_1_655' title='bbox 2065 3014 2180 3086; x_wconf 89' lang='lat' dir='ltr'><strong>ejus</strong></span> <span class='ocrx_word' id='word_1_656' title='bbox 2202 3025 2353 3067; x_wconf 88' lang='lat' dir='ltr'><strong>omne</strong></span> <span class='ocrx_word' id='word_1_657' title='bbox 2375 3023 2509 3080; x_wconf 89' lang='lat' dir='ltr'><strong>genu</strong></span> <span class='ocrx_word' id='word_1_658' title='bbox 2536 3006 2777 3076; x_wconf 80' lang='lat' dir='ltr'><strong>ﬂectatur</strong></span> <span class='ocrx_word' id='word_1_659' title='bbox 2805 2997 3109 3061; x_wconf 68' lang='lat' dir='ltr'><strong>calestium,</strong></span> <span class='ocrx_word' id='word_1_660' title='bbox 3136 2989 3460 3048; x_wconf 86' lang='lat' dir='ltr'><strong>terrestrium</strong></span> <span class='ocrx_word' id='word_1_661' title='bbox 3490 2992 3654 3055; x_wconf 86' lang='lat' dir='ltr'><strong>atque</strong></span> 
     </span>
    </p>
   </div>
   <div class='ocr_carea' id='block_1_71' title="bbox 2066 3075 3656 3175">
    <p class='ocr_par' dir='ltr' id='par_1_71' title="bbox 2066 3075 3656 3175">
     <span class='ocr_line' id='line_1_80' title="bbox 2066 3075 3656 3175; baseline -0.02 -17"><span class='ocrx_word' id='word_1_662' title='bbox 2066 3075 2415 3175; x_wconf 70' lang='lat' dir='ltr'><strong>infernarum,</strong></span> <span class='ocrx_word' id='word_1_663' title='bbox 2439 3106 2487 3151; x_wconf 89' lang='lat' dir='ltr'><strong>et</strong></span> <span class='ocrx_word' id='word_1_664' title='bbox 2508 3075 2676 3150; x_wconf 89' lang='lat' dir='ltr'><strong>omnis</strong></span> <span class='ocrx_word' id='word_1_665' title='bbox 2697 3091 2876 3161; x_wconf 85' lang='lat' dir='ltr'><strong>lingua</strong></span> <span class='ocrx_word' id='word_1_666' title='bbox 2903 3085 3215 3155; x_wconf 81' lang='lat' dir='ltr'><strong>conﬁteatur</strong></span> <span class='ocrx_word' id='word_1_667' title='bbox 3237 3080 3361 3138; x_wconf 86' lang='lat' dir='ltr'><strong>auia</strong></span> <span class='ocrx_word' id='word_1_668' title='bbox 3393 3075 3656 3132; x_wconf 81' lang='lat' dir='ltr'><strong>Dominus</strong></span> 
     </span>
    </p>
   </div>
   <div class='ocr_carea' id='block_1_72' title="bbox 1984 3174 3220 3262">
    <p class='ocr_par' dir='ltr' id='par_1_72' title="bbox 1984 3174 3220 3262">
     <span class='ocr_line' id='line_1_81' title="bbox 1984 3174 3220 3262; baseline -0.023 -6"><span class='ocrx_word' id='word_1_669' title='bbox 1984 3192 2032 3256; x_wconf 86' lang='lat' dir='ltr'><strong><em>C</em></strong></span> <span class='ocrx_word' id='word_1_670' title='bbox 2060 3195 2216 3251; x_wconf 75' lang='lat' dir='ltr'><strong>Iesus</strong></span> <span class='ocrx_word' id='word_1_671' title='bbox 2235 3193 2289 3247; x_wconf 91' lang='lat' dir='ltr'><strong>in</strong></span> <span class='ocrx_word' id='word_1_672' title='bbox 2317 3188 2488 3262; x_wconf 87' lang='lat' dir='ltr'><strong>gloria</strong></span> <span class='ocrx_word' id='word_1_673' title='bbox 2509 3195 2583 3242; x_wconf 89' lang='lat' dir='ltr'><strong>est</strong></span> <span class='ocrx_word' id='word_1_674' title='bbox 2615 3183 2708 3238; x_wconf 89' lang='lat' dir='ltr'><strong>Dei</strong></span> <span class='ocrx_word' id='word_1_675' title='bbox 2732 3181 2912 3236; x_wconf 86' lang='lat' dir='ltr'><strong>Patris</strong></span> <span class='ocrx_word' id='word_1_676' title='bbox 2942 3176 3108 3250; x_wconf 88' lang='lat' dir='ltr'><strong>(Phil.</strong></span> <span class='ocrx_word' id='word_1_677' title='bbox 3137 3174 3220 3262; x_wconf 77' lang='lat' dir='ltr'><strong>tt).</strong></span> 
     </span>
    </p>
   </div>
   <div class='ocr_carea' id='block_1_73' title="bbox 2134 3254 3663 3344">
    <p class='ocr_par' dir='ltr' id='par_1_73' title="bbox 2134 3254 3663 3344">
     <span class='ocr_line' id='line_1_82' title="bbox 2134 3254 3663 3344; baseline -0.019 -8"><span class='ocrx_word' id='word_1_678' title='bbox 2134 3254 2514 3340; x_wconf 74' lang='lat' dir='ltr'><strong>Calchantem,</strong></span> <span class='ocrx_word' id='word_1_679' title='bbox 2566 3274 2732 3344; x_wconf 77' lang='lat' dir='ltr'><strong>frater</strong></span> <span class='ocrx_word' id='word_1_680' title='bbox 2760 3270 2891 3332; x_wconf 92' lang='lat' dir='ltr'><strong>Sua,</strong></span> <span class='ocrx_word' id='word_1_681' title='bbox 2944 3265 3119 3338; x_wconf 87' lang='lat' dir='ltr'><strong>genuit</strong></span> <span class='ocrx_word' id='word_1_682' title='bbox 3168 3261 3362 3325; x_wconf 81' lang='lat' dir='ltr'><strong>Mahir,</strong></span> <span class='ocrx_word' id='word_1_683' title='bbox 3412 3257 3503 3329; x_wconf 88' lang='lat' dir='ltr'><strong>qui</strong></span> <span class='ocrx_word' id='word_1_684' title='bbox 3553 3254 3663 3325; x_wconf 81' lang='lat' dir='ltr'><strong>[uit</strong></span> 
     </span>
    </p>
   </div>
   <div class='ocr_carea' id='block_1_74' title="bbox 2063 3349 3663 3445">
    <p class='ocr_par' dir='ltr' id='par_1_74' title="bbox 2063 3349 3663 3445">
     <span class='ocr_line' id='line_1_83' title="bbox 2063 3349 3663 3445; baseline -0.018 -17"><span class='ocrx_word' id='word_1_685' title='bbox 2063 3382 2204 3445; x_wconf 77' lang='lat' dir='ltr'><strong>pater</strong></span> <span class='ocrx_word' id='word_1_686' title='bbox 2261 3369 2479 3425; x_wconf 86' lang='lat' dir='ltr'><strong>Esthon.</strong></span> <span class='ocrx_word' id='word_1_687' title='bbox 2534 3363 2704 3420; x_wconf 82' lang='lat' dir='ltr'><strong>Porro</strong></span> <span class='ocrx_word' id='word_1_688' title='bbox 2757 3361 2957 3417; x_wconf 85' lang='lat' dir='ltr'><strong>Esthon</strong></span> <span class='ocrx_word' id='word_1_689' title='bbox 3001 3356 3178 3429; x_wconf 86' lang='lat' dir='ltr'><strong>genuit</strong></span> <span class='ocrx_word' id='word_1_690' title='bbox 3230 3349 3553 3421; x_wconf 87' lang='lat' dir='ltr'><strong>Bethrapha,</strong></span> <span class='ocrx_word' id='word_1_691' title='bbox 3610 3357 3663 3402; x_wconf 87' lang='lat' dir='ltr'><strong>et</strong></span> 
     </span>
    </p>
   </div>
   <div class='ocr_carea' id='block_1_75' title="bbox 2067 3441 3667 3527">
    <p class='ocr_par' dir='ltr' id='par_1_75' title="bbox 2067 3441 3667 3527">
     <span class='ocr_line' id='line_1_84' title="bbox 2067 3441 3667 3527; baseline -0.018 -9"><span class='ocrx_word' id='word_1_692' title='bbox 2067 3441 2285 3527; x_wconf 70' lang='lat' dir='ltr'><strong>Phesse,</strong></span> <span class='ocrx_word' id='word_1_693' title='bbox 2319 3469 2367 3514; x_wconf 87' lang='lat' dir='ltr'><strong>et</strong></span> <span class='ocrx_word' id='word_1_694' title='bbox 2398 3457 2652 3521; x_wconf 85' lang='lat' dir='ltr'><strong>Thehina,</strong></span> <span class='ocrx_word' id='word_1_695' title='bbox 2690 3463 2889 3525; x_wconf 89' lang='lat' dir='ltr'><strong>patrem</strong></span> <span class='ocrx_word' id='word_1_696' title='bbox 2914 3449 3055 3503; x_wconf 85' lang='lat' dir='ltr'><strong>urbis</strong></span> <span class='ocrx_word' id='word_1_697' title='bbox 3079 3445 3247 3501; x_wconf 83' lang='lat' dir='ltr'><strong>Naas.</strong></span> <span class='ocrx_word' id='word_1_698' title='bbox 3283 3441 3539 3512; x_wconf 86' lang='lat' dir='ltr'><strong>Legimus</strong></span> <span class='ocrx_word' id='word_1_699' title='bbox 3566 3454 3667 3493; x_wconf 80' lang='lat' dir='ltr'><strong>su-</strong></span> 
     </span>
    </p>
   </div>
   <div class='ocr_carea' id='block_1_76' title="bbox 2067 3532 3667 3626">
    <p class='ocr_par' dir='ltr' id='par_1_76' title="bbox 2067 3532 3667 3626">
     <span class='ocr_line' id='line_1_85' title="bbox 2067 3532 3667 3626; baseline -0.016 -17"><span class='ocrx_word' id='word_1_700' title='bbox 2067 3569 2163 3626; x_wconf 90' lang='lat' dir='ltr'><strong>pra</strong></span> <span class='ocrx_word' id='word_1_701' title='bbox 2189 3549 2354 3608; x_wconf 86' lang='lat' dir='ltr'><strong>Caleb</strong></span> <span class='ocrx_word' id='word_1_702' title='bbox 2391 3562 2512 3604; x_wconf 88' lang='lat' dir='ltr'><strong>esse</strong></span> <span class='ocrx_word' id='word_1_703' title='bbox 2538 3546 2707 3601; x_wconf 84' lang='lat' dir='ltr'><strong>lilium</strong></span> <span class='ocrx_word' id='word_1_704' title='bbox 2735 3543 2966 3607; x_wconf 78' lang='lat' dir='ltr'><strong>Hesron,</strong></span> <span class='ocrx_word' id='word_1_705' title='bbox 3005 3538 3159 3609; x_wconf 86' lang='lat' dir='ltr'><strong>cujus</strong></span> <span class='ocrx_word' id='word_1_706' title='bbox 3190 3535 3386 3592; x_wconf 80' lang='lat' dir='ltr'><strong>fratres</strong></span> <span class='ocrx_word' id='word_1_707' title='bbox 3436 3532 3667 3586; x_wconf 81' lang='lat' dir='ltr'><strong>fuerunt</strong></span> 
     </span>
    </p>
   </div>
   <div class='ocr_carea' id='block_1_77' title="bbox 2071 3622 3665 3703">
    <p class='ocr_par' dir='ltr' id='par_1_77' title="bbox 2071 3622 3665 3703">
     <span class='ocr_line' id='line_1_86' title="bbox 2071 3622 3665 3703; baseline -0.016 -5"><span class='ocrx_word' id='word_1_708' title='bbox 2071 3622 2206 3697; x_wconf 76' lang='lat' dir='ltr'><strong>llam</strong></span> <span class='ocrx_word' id='word_1_709' title='bbox 2231 3651 2286 3697; x_wconf 88' lang='lat' dir='ltr'><strong>et</strong></span> <span class='ocrx_word' id='word_1_710' title='bbox 2310 3636 2595 3694; x_wconf 84' lang='lat' dir='ltr'><strong>Jerameel.</strong></span> <span class='ocrx_word' id='word_1_711' title='bbox 2621 3635 2785 3690; x_wconf 88' lang='lat' dir='ltr'><strong>Aiunt</strong></span> <span class='ocrx_word' id='word_1_712' title='bbox 2810 3647 2940 3703; x_wconf 89' lang='lat' dir='ltr'><strong>ergo</strong></span> <span class='ocrx_word' id='word_1_713' title='bbox 2984 3627 3193 3684; x_wconf 65' lang='lat' dir='ltr'><strong>Hebraei</strong></span> <span class='ocrx_word' id='word_1_714' title='bbox 3241 3625 3378 3680; x_wconf 81' lang='lat' dir='ltr'><strong>Ram</strong></span> <span class='ocrx_word' id='word_1_715' title='bbox 3429 3622 3665 3677; x_wconf 83' lang='lat' dir='ltr'><strong>fratrem</strong></span> 
     </span>
    </p>
   </div>
   <div class='ocr_carea' id='block_1_78' title="bbox 2070 3713 3671 3796">
    <p class='ocr_par' dir='ltr' id='par_1_78' title="bbox 2070 3713 3671 3796">
     <span class='ocr_line' id='line_1_87' title="bbox 2070 3713 3671 3796; baseline -0.015 -8"><span class='ocrx_word' id='word_1_716' title='bbox 2070 3732 2234 3788; x_wconf 87' lang='lat' dir='ltr'><strong>Caleb</strong></span> <span class='ocrx_word' id='word_1_717' title='bbox 2263 3729 2424 3785; x_wconf 79' lang='lat' dir='ltr'><strong>Siclta</strong></span> <span class='ocrx_word' id='word_1_718' title='bbox 2449 3727 2540 3782; x_wconf 89' lang='lat' dir='ltr'><strong>hic</strong></span> <span class='ocrx_word' id='word_1_719' title='bbox 2566 3723 2822 3796; x_wconf 88' lang='lat' dir='ltr'><strong>appellari</strong></span> <span class='ocrx_word' id='word_1_720' title='bbox 2850 3740 2864 3777; x_wconf 91' lang='lat'><strong>:</strong></span> <span class='ocrx_word' id='word_1_721' title='bbox 2897 3730 2954 3777; x_wconf 89' lang='lat' dir='ltr'><strong>et</strong></span> <span class='ocrx_word' id='word_1_722' title='bbox 2974 3721 3359 3789; x_wconf 88' lang='lat' dir='ltr'><strong>interpretatur</strong></span> <span class='ocrx_word' id='word_1_723' title='bbox 3396 3713 3532 3768; x_wconf 73' lang='lat' dir='ltr'><strong>itam</strong></span> <span class='ocrx_word' id='word_1_724' title='bbox 3570 3728 3671 3766; x_wconf 72' lang='lat' dir='ltr'><strong>ex-</strong></span> 
     </span>
    </p>
   </div>
   <div class='ocr_carea' id='block_1_79' title="bbox 2072 3805 3670 3888">
    <p class='ocr_par' dir='ltr' id='par_1_79' title="bbox 2072 3805 3670 3888">
     <span class='ocr_line' id='line_1_88' title="bbox 2072 3805 3670 3888; baseline -0.011 -10"><span class='ocrx_word' id='word_1_725' title='bbox 2072 3822 2257 3888; x_wconf 88' lang='lat' dir='ltr'><strong>celsus,</strong></span> <span class='ocrx_word' id='word_1_726' title='bbox 2306 3821 2467 3876; x_wconf 88' lang='lat' dir='ltr'><strong>Sicha</strong></span> <span class='ocrx_word' id='word_1_727' title='bbox 2510 3831 2723 3888; x_wconf 89' lang='lat' dir='ltr'><strong>quoque</strong></span> <span class='ocrx_word' id='word_1_728' title='bbox 2768 3812 3001 3869; x_wconf 87' lang='lat' dir='ltr'><strong>humilis.</strong></span> <span class='ocrx_word' id='word_1_729' title='bbox 3048 3810 3201 3879; x_wconf 91' lang='lat' dir='ltr'><strong>Quod</strong></span> <span class='ocrx_word' id='word_1_730' title='bbox 3256 3811 3393 3864; x_wconf 89' lang='lat' dir='ltr'><strong>bene</strong></span> <span class='ocrx_word' id='word_1_731' title='bbox 3445 3805 3670 3861; x_wconf 74' lang='lat' dir='ltr'><strong>Iudaici</strong></span> 
     </span>
    </p>
   </div>
   <div class='ocr_carea' id='block_1_80' title="bbox 2072 3897 3670 3987">
    <p class='ocr_par' dir='ltr' id='par_1_80' title="bbox 2072 3897 3670 3987">
     <span class='ocr_line' id='line_1_89' title="bbox 2072 3897 3670 3987; baseline -0.012 -15"><span class='ocrx_word' id='word_1_732' title='bbox 2072 3914 2253 3987; x_wconf 89' lang='lat' dir='ltr'><strong>populi</strong></span> <span class='ocrx_word' id='word_1_733' title='bbox 2282 3922 2464 3986; x_wconf 84' lang='lat' dir='ltr'><strong>typum</strong></span> <span class='ocrx_word' id='word_1_734' title='bbox 2491 3918 2670 3982; x_wconf 88' lang='lat' dir='ltr'><strong>potest</strong></span> <span class='ocrx_word' id='word_1_735' title='bbox 2697 3908 3001 3981; x_wconf 81' lang='lat' dir='ltr'><strong>exprimere</strong></span> <span class='ocrx_word' id='word_1_736' title='bbox 3034 3920 3130 3976; x_wconf 89' lang='lat' dir='ltr'><strong>per</strong></span> <span class='ocrx_word' id='word_1_737' title='bbox 3175 3901 3486 3974; x_wconf 86' lang='lat' dir='ltr'><strong>allegoriam</strong></span> <span class='ocrx_word' id='word_1_738' title='bbox 3517 3914 3534 3952; x_wconf 91' lang='lat'><strong>:</strong></span> <span class='ocrx_word' id='word_1_739' title='bbox 3568 3897 3670 3968; x_wconf 86' lang='lat' dir='ltr'><strong>qui</strong></span> 
     </span>
    </p>
   </div>
   <div class='ocr_carea' id='block_1_81' title="bbox 2076 3990 3675 4076">
    <p class='ocr_par' dir='ltr' id='par_1_81' title="bbox 2076 3990 3675 4076">
     <span class='ocr_line' id='line_1_90' title="bbox 2076 3990 3675 4076; baseline -0.013 -14"><span class='ocrx_word' id='word_1_740' title='bbox 2076 4005 2346 4076; x_wconf 89' lang='lat' dir='ltr'><strong>quondam</strong></span> <span class='ocrx_word' id='word_1_741' title='bbox 2372 4001 2619 4059; x_wconf 80' lang='lat' dir='ltr'><strong>excelsus</strong></span> <span class='ocrx_word' id='word_1_742' title='bbox 2659 3998 2760 4055; x_wconf 89' lang='lat' dir='ltr'><strong>fuit</strong></span> <span class='ocrx_word' id='word_1_743' title='bbox 2804 3998 2861 4053; x_wconf 93' lang='lat' dir='ltr'><strong>in</strong></span> <span class='ocrx_word' id='word_1_744' title='bbox 2913 3995 3122 4051; x_wconf 88' lang='lat' dir='ltr'><strong>cultura</strong></span> <span class='ocrx_word' id='word_1_745' title='bbox 3171 3994 3329 4049; x_wconf 90' lang='lat' dir='ltr'><strong>unius</strong></span> <span class='ocrx_word' id='word_1_746' title='bbox 3362 3990 3454 4046; x_wconf 86' lang='lat' dir='ltr'><strong>D-i</strong></span> <span class='ocrx_word' id='word_1_747' title='bbox 3484 3998 3541 4044; x_wconf 86' lang='lat' dir='ltr'><strong>et</strong></span> <span class='ocrx_word' id='word_1_748' title='bbox 3569 4004 3675 4058; x_wconf 90' lang='lat' dir='ltr'><strong>po-</strong></span> 
     </span>
    </p>
   </div>
   <div class='ocr_carea' id='block_1_82' title="bbox 2078 4081 3675 4163">
    <p class='ocr_par' dir='ltr' id='par_1_82' title="bbox 2078 4081 3675 4163">
     <span class='ocr_line' id='line_1_91' title="bbox 2078 4081 3675 4163; baseline -0.011 -13"><span class='ocrx_word' id='word_1_749' title='bbox 2078 4095 2243 4151; x_wconf 89' lang='lat' dir='ltr'><strong>tentia</strong></span> <span class='ocrx_word' id='word_1_750' title='bbox 2266 4092 2437 4163; x_wconf 85' lang='lat' dir='ltr'><strong>regni,</strong></span> <span class='ocrx_word' id='word_1_751' title='bbox 2468 4091 2562 4147; x_wconf 89' lang='lat' dir='ltr'><strong>sed</strong></span> <span class='ocrx_word' id='word_1_752' title='bbox 2583 4090 2709 4160; x_wconf 90' lang='lat' dir='ltr'><strong>quia</strong></span> <span class='ocrx_word' id='word_1_753' title='bbox 2736 4086 3010 4143; x_wconf 85' lang='lat' dir='ltr'><strong>Christum</strong></span> <span class='ocrx_word' id='word_1_754' title='bbox 3039 4084 3105 4139; x_wconf 91' lang='lat' dir='ltr'><strong>ad</strong></span> <span class='ocrx_word' id='word_1_755' title='bbox 3128 4097 3187 4138; x_wconf 87' lang='lat' dir='ltr'><strong>se</strong></span> <span class='ocrx_word' id='word_1_756' title='bbox 3211 4081 3515 4137; x_wconf 76' lang='lat' dir='ltr'><strong>venientem</strong></span> <span class='ocrx_word' id='word_1_757' title='bbox 3543 4093 3675 4133; x_wconf 78' lang='lat' dir='ltr'><strong>sus—</strong></span> 
     </span>
    </p>
   </div>
   <div class='ocr_carea' id='block_1_83' title="bbox 2076 4168 3675 4256">
    <p class='ocr_par' dir='ltr' id='par_1_83' title="bbox 2076 4168 3675 4256">
     <span class='ocr_line' id='line_1_92' title="bbox 2076 4168 3675 4256; baseline -0.013 -14"><span class='ocrx_word' id='word_1_758' title='bbox 2076 4187 2256 4256; x_wconf 89' lang='lat' dir='ltr'><strong>cipere</strong></span> <span class='ocrx_word' id='word_1_759' title='bbox 2286 4184 2474 4249; x_wconf 91' lang='lat' dir='ltr'><strong>noluit,</strong></span> <span class='ocrx_word' id='word_1_760' title='bbox 2499 4170 2717 4237; x_wconf 86' lang='lat' dir='ltr'><strong>humilis</strong></span> <span class='ocrx_word' id='word_1_761' title='bbox 2736 4190 2897 4249; x_wconf 87' lang='lat' dir='ltr'><strong>atque</strong></span> <span class='ocrx_word' id='word_1_762' title='bbox 2925 4175 3047 4231; x_wconf 85' lang='lat' dir='ltr'><strong>vilis</strong></span> <span class='ocrx_word' id='word_1_763' title='bbox 3086 4173 3308 4230; x_wconf 84' lang='lat' dir='ltr'><strong>ell&#39;ectus</strong></span> <span class='ocrx_word' id='word_1_764' title='bbox 3355 4180 3456 4233; x_wconf 85' lang='lat' dir='ltr'><strong>est,</strong></span> <span class='ocrx_word' id='word_1_765' title='bbox 3501 4168 3675 4239; x_wconf 85' lang='lat' dir='ltr'><strong>juxta</strong></span> 
     </span>
    </p>
   </div>
   <div class='ocr_carea' id='block_1_84' title="bbox 2078 4262 3679 4348">
    <p class='ocr_par' dir='ltr' id='par_1_84' title="bbox 2078 4262 3679 4348">
     <span class='ocr_line' id='line_1_93' title="bbox 2078 4262 3679 4348; baseline -0.011 -14"><span class='ocrx_word' id='word_1_766' title='bbox 2078 4278 2224 4335; x_wconf 89' lang='lat' dir='ltr'><strong>illam</strong></span> <span class='ocrx_word' id='word_1_767' title='bbox 2268 4274 2578 4348; x_wconf 90' lang='lat' dir='ltr'><strong>parabolam</strong></span> <span class='ocrx_word' id='word_1_768' title='bbox 2622 4269 2914 4341; x_wconf 82' lang='lat' dir='ltr'><strong>Evangelii,</strong></span> <span class='ocrx_word' id='word_1_769' title='bbox 2962 4283 3082 4338; x_wconf 73' lang='lat' dir='ltr'><strong>qua:</strong></span> <span class='ocrx_word' id='word_1_770' title='bbox 3120 4265 3253 4321; x_wconf 82' lang='lat' dir='ltr'><strong>dicit</strong></span> <span class='ocrx_word' id='word_1_771' title='bbox 3288 4262 3491 4335; x_wconf 90' lang='lat' dir='ltr'><strong>primos</strong></span> <span class='ocrx_word' id='word_1_772' title='bbox 3542 4275 3679 4316; x_wconf 85' lang='lat' dir='ltr'><strong>esse</strong></span> 
     </span>
    </p>
   </div>
   <div class='ocr_carea' id='block_1_85' title="bbox 2080 4349 3680 4433">
    <p class='ocr_par' dir='ltr' id='par_1_85' title="bbox 2080 4349 3680 4433">
     <span class='ocr_line' id='line_1_94' title="bbox 2080 4349 3680 4433; baseline -0.013 -7"><span class='ocrx_word' id='word_1_773' title='bbox 2080 4369 2424 4433; x_wconf 88' lang='lat' dir='ltr'><strong>novissimos,</strong></span> <span class='ocrx_word' id='word_1_774' title='bbox 2447 4372 2501 4421; x_wconf 89' lang='lat' dir='ltr'><strong>et</strong></span> <span class='ocrx_word' id='word_1_775' title='bbox 2530 4361 2855 4420; x_wconf 82' lang='lat' dir='ltr'><strong>novissimos</strong></span> <span class='ocrx_word' id='word_1_776' title='bbox 2877 4358 3080 4431; x_wconf 89' lang='lat' dir='ltr'><strong>primos</strong></span> <span class='ocrx_word' id='word_1_777' title='bbox 3101 4354 3326 4427; x_wconf 77' lang='lat' dir='ltr'><strong>(Matth.</strong></span> <span class='ocrx_word' id='word_1_778' title='bbox 3348 4354 3459 4422; x_wconf 77' lang='lat' dir='ltr'><strong>xx)</strong></span> <span class='ocrx_word' id='word_1_779' title='bbox 3486 4369 3499 4403; x_wconf 89' lang='lat'><strong>:</strong></span> <span class='ocrx_word' id='word_1_780' title='bbox 3525 4349 3680 4416; x_wconf 85' lang='lat' dir='ltr'><strong>Quia</strong></span> 
     </span>
    </p>
   </div>
   <div class='ocr_carea' id='block_1_86' title="bbox 2082 4440 3685 4519">
    <p class='ocr_par' dir='ltr' id='par_1_86' title="bbox 2082 4440 3685 4519">
     <span class='ocr_line' id='line_1_95' title="bbox 2082 4440 3685 4519; baseline -0.015 -3"><span class='ocrx_word' id='word_1_781' title='bbox 2082 4458 2250 4515; x_wconf 62' lang='lat' dir='ltr'><strong>Judaei</strong></span> <span class='ocrx_word' id='word_1_782' title='bbox 2277 4473 2399 4513; x_wconf 91' lang='lat' dir='ltr'><strong>cum</strong></span> <span class='ocrx_word' id='word_1_783' title='bbox 2429 4454 2628 4511; x_wconf 90' lang='lat' dir='ltr'><strong>dudum</strong></span> <span class='ocrx_word' id='word_1_784' title='bbox 2654 4452 2854 4508; x_wconf 75' lang='lat' dir='ltr'><strong>fuerint</strong></span> <span class='ocrx_word' id='word_1_785' title='bbox 2897 4449 3059 4519; x_wconf 89' lang='lat' dir='ltr'><strong>primi</strong></span> <span class='ocrx_word' id='word_1_786' title='bbox 3100 4446 3201 4501; x_wconf 90' lang='lat' dir='ltr'><strong>sub</strong></span> <span class='ocrx_word' id='word_1_787' title='bbox 3246 4442 3427 4499; x_wconf 78' lang='lat' dir='ltr'><strong>Veteri</strong></span> <span class='ocrx_word' id='word_1_788' title='bbox 3474 4440 3685 4495; x_wconf 85' lang='lat' dir='ltr'><strong>Testa-</strong></span> 
     </span>
    </p>
   </div>
   <div class='ocr_carea' id='block_1_87' title="bbox 410 4531 1965 4628">
    <p class='ocr_par' dir='ltr' id='par_1_87' title="bbox 410 4548 1965 4628">
     <span class='ocr_line' id='line_1_96' title="bbox 410 4548 1965 4628; baseline -0.011 -12"><span class='ocrx_word' id='word_1_789' title='bbox 410 4577 574 4626; x_wconf 85' lang='lat' dir='ltr'><strong>meos,</strong></span> <span class='ocrx_word' id='word_1_790' title='bbox 611 4568 659 4613; x_wconf 90' lang='lat' dir='ltr'><strong>et</strong></span> <span class='ocrx_word' id='word_1_791' title='bbox 707 4558 878 4628; x_wconf 75' lang='lat' dir='ltr'><strong>fuerit.</strong></span> <span class='ocrx_word' id='word_1_792' title='bbox 899 4571 1087 4610; x_wconf 82' lang='lat' dir='ltr'><strong>manus</strong></span> <span class='ocrx_word' id='word_1_793' title='bbox 1122 4563 1212 4607; x_wconf 89' lang='lat' dir='ltr'><strong>tua</strong></span> <span class='ocrx_word' id='word_1_794' title='bbox 1257 4566 1478 4616; x_wconf 87' lang='lat' dir='ltr'><strong>mecum,</strong></span> <span class='ocrx_word' id='word_1_795' title='bbox 1514 4560 1561 4604; x_wconf 88' lang='lat' dir='ltr'><strong>et</strong></span> <span class='ocrx_word' id='word_1_796' title='bbox 1614 4548 1795 4618; x_wconf 74' lang='lat' dir='ltr'><strong>feceris</strong></span> <span class='ocrx_word' id='word_1_797' title='bbox 1833 4562 1914 4600; x_wconf 88' lang='lat' dir='ltr'><strong>me</strong></span> <span class='ocrx_word' id='word_1_798' title='bbox 1942 4562 1965 4598; x_wconf 75' lang='grc' dir='ltr'><em>α</em></span> 
     </span>
    </p>
   </div>
   <div class='ocr_carea' id='block_1_88' title="bbox 2066 4531 3686 4628">
    <p class='ocr_par' dir='ltr' id='par_1_88' title="bbox 2082 4531 3686 4616">
     <span class='ocr_line' id='line_1_97' title="bbox 2082 4531 3686 4616; baseline -0.013 -10"><span class='ocrx_word' id='word_1_799' title='bbox 2082 4559 2285 4616; x_wconf 90' lang='lat' dir='ltr'><strong>mento,</strong></span> <span class='ocrx_word' id='word_1_800' title='bbox 2314 4562 2458 4603; x_wconf 90' lang='lat' dir='ltr'><strong>nunc</strong></span> <span class='ocrx_word' id='word_1_801' title='bbox 2483 4553 2608 4601; x_wconf 89' lang='lat' dir='ltr'><strong>sunt</strong></span> <span class='ocrx_word' id='word_1_802' title='bbox 2652 4541 2932 4599; x_wconf 83' lang='lat' dir='ltr'><strong>novissimi</strong></span> <span class='ocrx_word' id='word_1_803' title='bbox 2975 4540 3031 4594; x_wconf 90' lang='lat' dir='ltr'><strong>in</strong></span> <span class='ocrx_word' id='word_1_804' title='bbox 3074 4536 3247 4610; x_wconf 88' lang='lat' dir='ltr'><strong>gratia</strong></span> <span class='ocrx_word' id='word_1_805' title='bbox 3296 4533 3431 4590; x_wconf 88' lang='lat' dir='ltr'><strong>Novi</strong></span> <span class='ocrx_word' id='word_1_806' title='bbox 3476 4531 3686 4587; x_wconf 84' lang='lat' dir='ltr'><strong>Testa-</strong></span> 
     </span>
    </p>
   </div>
   <div class='ocr_carea' id='block_1_89' title="bbox 414 4637 1980 4715">
    <p class='ocr_par' dir='ltr' id='par_1_89' title="bbox 414 4637 1980 4715">
     <span class='ocr_line' id='line_1_98' title="bbox 414 4637 1980 4715; baseline -0.01 -11"><span class='ocrx_word' id='word_1_807' title='bbox 414 4648 617 4704; x_wconf 86' lang='lat' dir='ltr'><strong>mal.tia</strong></span> <span class='ocrx_word' id='word_1_808' title='bbox 650 4663 751 4708; x_wconf 84' lang='lat' dir='ltr'><strong>non</strong></span> <span class='ocrx_word' id='word_1_809' title='bbox 783 4644 1025 4715; x_wconf 88' lang='lat' dir='ltr'><strong>opprimi,</strong></span> <span class='ocrx_word' id='word_1_810' title='bbox 1051 4649 1107 4697; x_wconf 91' lang='lat' dir='ltr'><strong>et</strong></span> <span class='ocrx_word' id='word_1_811' title='bbox 1147 4640 1302 4710; x_wconf 88' lang='lat' dir='ltr'><strong>reliq.</strong></span> <span class='ocrx_word' id='word_1_812' title='bbox 1354 4638 1479 4694; x_wconf 65' lang='lat' dir='ltr'><strong>Haec</strong></span> <span class='ocrx_word' id='word_1_813' title='bbox 1505 4637 1810 4707; x_wconf 86' lang='lat' dir='ltr'><strong>deprecatio</strong></span> <span class='ocrx_word' id='word_1_814' title='bbox 1842 4637 1980 4690; x_wconf 88' lang='lat' dir='ltr'><strong>bene</strong></span> 
     </span>
    </p>
   </div>
   <div class='ocr_carea' id='block_1_90' title="bbox 415 4728 1982 4806">
    <p class='ocr_par' dir='ltr' id='par_1_90' title="bbox 415 4728 1982 4806">
     <span class='ocr_line' id='line_1_99' title="bbox 415 4728 1982 4806; baseline -0.01 -8"><span class='ocrx_word' id='word_1_815' title='bbox 415 4739 667 4799; x_wconf 85' lang='lat' dir='ltr'><strong>convenit</strong></span> <span class='ocrx_word' id='word_1_816' title='bbox 702 4737 865 4794; x_wconf 70' lang='lat' dir='ltr'><strong>labes</strong></span> <span class='ocrx_word' id='word_1_817' title='bbox 891 4734 1185 4806; x_wconf 90' lang='lat' dir='ltr'><strong>spirituali,</strong></span> <span class='ocrx_word' id='word_1_818' title='bbox 1229 4748 1387 4803; x_wconf 90' lang='lat' dir='ltr'><strong>quem</strong></span> <span class='ocrx_word' id='word_1_819' title='bbox 1427 4731 1587 4786; x_wconf 85' lang='lat' dir='ltr'><strong>Pater</strong></span> <span class='ocrx_word' id='word_1_820' title='bbox 1624 4728 1982 4785; x_wconf 78' lang='lat' dir='ltr'><strong>sanctiﬁcavit</strong></span> 
     </span>
    </p>
   </div>
   <div class='ocr_carea' id='block_1_91' title="bbox 417 4819 1983 4897">
    <p class='ocr_par' dir='ltr' id='par_1_91' title="bbox 417 4819 1983 4897">
     <span class='ocr_line' id='line_1_100' title="bbox 417 4819 1983 4897; baseline -0.01 -9"><span class='ocrx_word' id='word_1_821' title='bbox 417 4843 471 4889; x_wconf 91' lang='lat' dir='ltr'><strong>et</strong></span> <span class='ocrx_word' id='word_1_822' title='bbox 521 4831 671 4886; x_wconf 86' lang='lat' dir='ltr'><strong>misit</strong></span> <span class='ocrx_word' id='word_1_823' title='bbox 721 4830 775 4884; x_wconf 89' lang='lat' dir='ltr'><strong>in</strong></span> <span class='ocrx_word' id='word_1_824' title='bbox 822 4826 1077 4884; x_wconf 89' lang='lat' dir='ltr'><strong>mundum</strong></span> <span class='ocrx_word' id='word_1_825' title='bbox 1121 4824 1301 4897; x_wconf 81' lang='lat' dir='ltr'><strong>(Joan.</strong></span> <span class='ocrx_word' id='word_1_826' title='bbox 1328 4823 1417 4895; x_wconf 85' lang='lat' dir='ltr'><strong>x);</strong></span> <span class='ocrx_word' id='word_1_827' title='bbox 1474 4822 1566 4891; x_wconf 91' lang='lat' dir='ltr'><strong>qui</strong></span> <span class='ocrx_word' id='word_1_828' title='bbox 1617 4821 1763 4876; x_wconf 85' lang='lat' dir='ltr'><strong>venit</strong></span> <span class='ocrx_word' id='word_1_829' title='bbox 1805 4819 1983 4890; x_wconf 90' lang='lat' dir='ltr'><strong>ignem</strong></span> 
     </span>
    </p>
   </div>
   <div class='ocr_carea' id='block_1_92' title="bbox 417 4914 1988 4988">
    <p class='ocr_par' dir='ltr' id='par_1_92' title="bbox 417 4914 1988 4988">
     <span class='ocr_line' id='line_1_101' title="bbox 417 4914 1988 4988; baseline -0.01 -11"><span class='ocrx_word' id='word_1_830' title='bbox 417 4922 633 4977; x_wconf 88' lang='lat' dir='ltr'><strong>mittere</strong></span> <span class='ocrx_word' id='word_1_831' title='bbox 657 4922 713 4974; x_wconf 87' lang='lat' dir='ltr'><strong>in</strong></span> <span class='ocrx_word' id='word_1_832' title='bbox 737 4927 936 4974; x_wconf 87' lang='lat' dir='ltr'><strong>terram</strong></span> <span class='ocrx_word' id='word_1_833' title='bbox 959 4914 1109 4987; x_wconf 89' lang='lat' dir='ltr'><strong>(Luc.</strong></span> <span class='ocrx_word' id='word_1_834' title='bbox 1131 4914 1251 4988; x_wconf 83' lang='lat' dir='ltr'><strong>xu),</strong></span> <span class='ocrx_word' id='word_1_835' title='bbox 1279 4923 1338 4969; x_wconf 91' lang='lat' dir='ltr'><strong>ut</strong></span> <span class='ocrx_word' id='word_1_836' title='bbox 1357 4920 1607 4968; x_wconf 85' lang='lat' dir='ltr'><strong>exureret</strong></span> <span class='ocrx_word' id='word_1_837' title='bbox 1630 4920 1686 4966; x_wconf 88' lang='lat' dir='ltr'><strong>et</strong></span> <span class='ocrx_word' id='word_1_838' title='bbox 1705 4923 1988 4965; x_wconf 86' lang='lat' dir='ltr'><strong>consume-</strong></span> 
     </span>
    </p>
   </div>
   <div class='ocr_carea' id='block_1_93' title="bbox 420 4998 1987 5080">
    <p class='ocr_par' dir='ltr' id='par_1_93' title="bbox 420 4998 1987 5080">
     <span class='ocr_line' id='line_1_102' title="bbox 420 4998 1987 5080; baseline -0.008 -15"><span class='ocrx_word' id='word_1_839' title='bbox 420 5019 501 5065; x_wconf 87' lang='lat' dir='ltr'><strong>ret</strong></span> <span class='ocrx_word' id='word_1_840' title='bbox 540 5020 761 5080; x_wconf 86' lang='lat' dir='ltr'><strong>peccata</strong></span> <span class='ocrx_word' id='word_1_841' title='bbox 812 5007 1025 5080; x_wconf 89' lang='lat' dir='ltr'><strong>generis</strong></span> <span class='ocrx_word' id='word_1_842' title='bbox 1070 5005 1321 5069; x_wconf 89' lang='lat' dir='ltr'><strong>humani;</strong></span> <span class='ocrx_word' id='word_1_843' title='bbox 1354 5018 1511 5074; x_wconf 85' lang='lat' dir='ltr'><strong>quem</strong></span> <span class='ocrx_word' id='word_1_844' title='bbox 1540 5000 1774 5056; x_wconf 78' lang='lat' dir='ltr'><strong>Joannes</strong></span> <span class='ocrx_word' id='word_1_845' title='bbox 1819 4998 1987 5070; x_wconf 86' lang='lat' dir='ltr'><strong>digito</strong></span> 
     </span>
    </p>
   </div>
   <div class='ocr_carea' id='block_1_94' title="bbox 419 5091 1988 5168">
    <p class='ocr_par' dir='ltr' id='par_1_94' title="bbox 419 5091 1988 5168">
     <span class='ocr_line' id='line_1_103' title="bbox 419 5091 1988 5168; baseline -0.009 -10"><span class='ocrx_word' id='word_1_846' title='bbox 419 5104 795 5158; x_wconf 82' lang='lat' dir='ltr'><strong>demonstrans</strong></span> <span class='ocrx_word' id='word_1_847' title='bbox 819 5098 897 5153; x_wconf 85' lang='lat' dir='ltr'><strong>ait</strong></span> <span class='ocrx_word' id='word_1_848' title='bbox 920 5116 933 5151; x_wconf 87' lang='lat'><strong>:</strong></span> <span class='ocrx_word' id='word_1_849' title='bbox 966 5097 1101 5153; x_wconf 85' lang='lat' dir='ltr'><strong>Ecce</strong></span> <span class='ocrx_word' id='word_1_850' title='bbox 1130 5114 1294 5168; x_wconf 85' lang='lat' dir='ltr'><strong>agnus</strong></span> <span class='ocrx_word' id='word_1_851' title='bbox 1320 5095 1439 5161; x_wconf 87' lang='lat' dir='ltr'><strong>Dei,</strong></span> <span class='ocrx_word' id='word_1_852' title='bbox 1458 5111 1572 5150; x_wconf 86' lang='lat' dir='ltr'><strong>ecce</strong></span> <span class='ocrx_word' id='word_1_853' title='bbox 1593 5094 1681 5164; x_wconf 84' lang='lat' dir='ltr'><strong>qui</strong></span> <span class='ocrx_word' id='word_1_854' title='bbox 1707 5091 1841 5145; x_wconf 87' lang='lat' dir='ltr'><strong>tollit</strong></span> <span class='ocrx_word' id='word_1_855' title='bbox 1867 5107 1988 5161; x_wconf 88' lang='lat' dir='ltr'><strong>pec—</strong></span> 
     </span>
    </p>
   </div>
   <div class='ocr_carea' id='block_1_95' title="bbox 420 5182 1991 5263">
    <p class='ocr_par' dir='ltr' id='par_1_95' title="bbox 420 5182 1991 5263">
     <span class='ocr_line' id='line_1_104' title="bbox 420 5182 1991 5263; baseline -0.006 -17"><span class='ocrx_word' id='word_1_856' title='bbox 420 5201 537 5247; x_wconf 88' lang='lat' dir='ltr'><strong>cata</strong></span> <span class='ocrx_word' id='word_1_857' title='bbox 574 5192 755 5246; x_wconf 85' lang='lat' dir='ltr'><strong>mundi</strong></span> <span class='ocrx_word' id='word_1_858' title='bbox 781 5188 965 5262; x_wconf 81' lang='lat' dir='ltr'><strong>(Joan.</strong></span> <span class='ocrx_word' id='word_1_859' title='bbox 989 5188 1049 5263; x_wconf 87' lang='grc' dir='ltr'><strong>ι).</strong></span> <span class='ocrx_word' id='word_1_860' title='bbox 1077 5189 1355 5246; x_wconf 85' lang='lat' dir='ltr'><strong>Benedixit</strong></span> <span class='ocrx_word' id='word_1_861' title='bbox 1374 5204 1504 5260; x_wconf 90' lang='lat' dir='ltr'><strong>ergo</strong></span> <span class='ocrx_word' id='word_1_862' title='bbox 1524 5187 1665 5241; x_wconf 85' lang='lat' dir='ltr'><strong>Deus</strong></span> <span class='ocrx_word' id='word_1_863' title='bbox 1684 5184 1809 5239; x_wconf 90' lang='lat' dir='ltr'><strong>huic</strong></span> <span class='ocrx_word' id='word_1_864' title='bbox 1827 5182 1991 5238; x_wconf 83' lang='lat' dir='ltr'><strong>Jabes</strong></span> 
     </span>
    </p>
   </div>
   <div class='ocr_carea' id='block_1_96' title="bbox 422 5280 1989 5352">
    <p class='ocr_par' dir='ltr' id='par_1_96' title="bbox 422 5280 1989 5352">
     <span class='ocr_line' id='line_1_105' title="bbox 422 5280 1989 5352; baseline -0.006 -17"><span class='ocrx_word' id='word_1_865' title='bbox 422 5284 476 5336; x_wconf 89' lang='lat' dir='ltr'><strong>in</strong></span> <span class='ocrx_word' id='word_1_866' title='bbox 515 5280 957 5352; x_wconf 88' lang='lat' dir='ltr'><strong>multiplicatione</strong></span> <span class='ocrx_word' id='word_1_867' title='bbox 980 5280 1211 5336; x_wconf 87' lang='lat' dir='ltr'><strong>filiorum</strong></span> <span class='ocrx_word' id='word_1_868' title='bbox 1242 5293 1485 5340; x_wconf 90' lang='lat' dir='ltr'><strong>suorum,</strong></span> <span class='ocrx_word' id='word_1_869' title='bbox 1506 5291 1644 5346; x_wconf 90' lang='lat' dir='ltr'><strong>quos</strong></span> <span class='ocrx_word' id='word_1_870' title='bbox 1672 5289 1767 5344; x_wconf 90' lang='lat' dir='ltr'><strong>per</strong></span> <span class='ocrx_word' id='word_1_871' title='bbox 1795 5288 1989 5342; x_wconf 90' lang='lat' dir='ltr'><strong>aquam</strong></span> 
     </span>
    </p>
   </div>
   <div class='ocr_carea' id='block_1_97' title="bbox 422 5364 1991 5445">
    <p class='ocr_par' dir='ltr' id='par_1_97' title="bbox 422 5364 1991 5445">
     <span class='ocr_line' id='line_1_106' title="bbox 422 5364 1991 5445; baseline -0.008 -16"><span class='ocrx_word' id='word_1_872' title='bbox 422 5373 755 5445; x_wconf 81' lang='lat' dir='ltr'><strong>baptismatis</strong></span> <span class='ocrx_word' id='word_1_873' title='bbox 775 5380 1116 5429; x_wconf 86' lang='lat' dir='ltr'><strong>sacrosancta</strong></span> <span class='ocrx_word' id='word_1_874' title='bbox 1154 5371 1231 5426; x_wconf 90' lang='lat' dir='ltr'><strong>illi</strong></span> <span class='ocrx_word' id='word_1_875' title='bbox 1280 5370 1423 5440; x_wconf 88' lang='lat' dir='ltr'><strong>parit</strong></span> <span class='ocrx_word' id='word_1_876' title='bbox 1446 5368 1706 5423; x_wconf 84' lang='lat' dir='ltr'><strong>Ecclesia.</strong></span> <span class='ocrx_word' id='word_1_877' title='bbox 1738 5364 1991 5419; x_wconf 89' lang='lat' dir='ltr'><strong>Dilatavit</strong></span> 
     </span>
    </p>
   </div>
   <div class='ocr_carea' id='block_1_98' title="bbox 423 5453 1991 5545">
    <p class='ocr_par' dir='ltr' id='par_1_98' title="bbox 423 5453 1991 5545">
     <span class='ocr_line' id='line_1_107' title="bbox 423 5453 1991 5545; baseline -0.007 -26"><span class='ocrx_word' id='word_1_878' title='bbox 423 5464 680 5545; x_wconf 85' lang='lat' dir='ltr'><strong>terminos</strong></span> <span class='ocrx_word' id='word_1_879' title='bbox 699 5462 833 5532; x_wconf 84' lang='lat' dir='ltr'><strong>ejus,</strong></span> <span class='ocrx_word' id='word_1_880' title='bbox 858 5463 983 5532; x_wconf 90' lang='lat' dir='ltr'><strong>quia</strong></span> <span class='ocrx_word' id='word_1_881' title='bbox 1003 5462 1242 5517; x_wconf 90' lang='lat' dir='ltr'><strong>omnium</strong></span> <span class='ocrx_word' id='word_1_882' title='bbox 1271 5459 1511 5530; x_wconf 88' lang='lat' dir='ltr'><strong>gentium</strong></span> <span class='ocrx_word' id='word_1_883' title='bbox 1537 5456 1684 5510; x_wconf 89' lang='lat' dir='ltr'><strong>dedit</strong></span> <span class='ocrx_word' id='word_1_884' title='bbox 1713 5455 1785 5509; x_wconf 90' lang='lat' dir='ltr'><strong>illi</strong></span> <span class='ocrx_word' id='word_1_885' title='bbox 1820 5453 1991 5508; x_wconf 69' lang='lat' dir='ltr'><strong>hmrc—</strong></span> 
     </span>
    </p>
   </div>
   <div class='ocr_carea' id='block_1_99' title="bbox 423 5543 1991 5625">
    <p class='ocr_par' dir='ltr' id='par_1_99' title="bbox 423 5543 1991 5625">
     <span class='ocr_line' id='line_1_108' title="bbox 423 5543 1991 5625; baseline -0.008 -18"><span class='ocrx_word' id='word_1_886' title='bbox 423 5543 642 5609; x_wconf 84' lang='lat' dir='ltr'><strong>ditatem</strong></span> <span class='ocrx_word' id='word_1_887' title='bbox 698 5550 872 5625; x_wconf 85' lang='lat' dir='ltr'><strong>(Psal.</strong></span> <span class='ocrx_word' id='word_1_888' title='bbox 911 5550 995 5622; x_wconf 86' lang='grc' dir='ltr'><strong>ιι),</strong></span> <span class='ocrx_word' id='word_1_889' title='bbox 1036 5557 1090 5606; x_wconf 89' lang='lat' dir='ltr'><strong>et</strong></span> <span class='ocrx_word' id='word_1_890' title='bbox 1133 5548 1526 5620; x_wconf 84' lang='lat' dir='ltr'><strong>possessionem</strong></span> <span class='ocrx_word' id='word_1_891' title='bbox 1580 5544 1698 5614; x_wconf 82' lang='lat' dir='ltr'><strong>ejus</strong></span> <span class='ocrx_word' id='word_1_892' title='bbox 1751 5543 1991 5596; x_wconf 72' lang='lat' dir='ltr'><strong>extendit</strong></span> 
     </span>
    </p>
   </div>
   <div class='ocr_carea' id='block_1_100' title="bbox 426 5635 1991 5711">
    <p class='ocr_par' dir='ltr' id='par_1_100' title="bbox 426 5635 1991 5711">
     <span class='ocr_line' id='line_1_109' title="bbox 426 5635 1991 5711; baseline -0.004 -16"><span class='ocrx_word' id='word_1_893' title='bbox 426 5657 594 5711; x_wconf 87' lang='lat' dir='ltr'><strong>usque</strong></span> <span class='ocrx_word' id='word_1_894' title='bbox 628 5640 888 5697; x_wconf 88' lang='lat' dir='ltr'><strong>terminos</strong></span> <span class='ocrx_word' id='word_1_895' title='bbox 919 5639 1067 5695; x_wconf 89' lang='lat' dir='ltr'><strong>orbis</strong></span> <span class='ocrx_word' id='word_1_896' title='bbox 1089 5648 1265 5693; x_wconf 83' lang='lat' dir='ltr'><strong>teme.</strong></span> <span class='ocrx_word' id='word_1_897' title='bbox 1321 5638 1453 5693; x_wconf 88' lang='lat' dir='ltr'><strong>Cum</strong></span> <span class='ocrx_word' id='word_1_898' title='bbox 1500 5651 1608 5708; x_wconf 89' lang='lat' dir='ltr'><strong>quo</strong></span> <span class='ocrx_word' id='word_1_899' title='bbox 1657 5635 1755 5690; x_wconf 88' lang='lat' dir='ltr'><strong>fuit</strong></span> <span class='ocrx_word' id='word_1_900' title='bbox 1797 5650 1991 5689; x_wconf 87' lang='lat' dir='ltr'><strong>manus</strong></span> 
     </span>
    </p>
   </div>
   <div class='ocr_carea' id='block_1_101' title="bbox 431 5726 1992 5801">
    <p class='ocr_par' dir='ltr' id='par_1_101' title="bbox 431 5726 1992 5801">
     <span class='ocr_line' id='line_1_110' title="bbox 431 5726 1992 5801; baseline -0.004 -14"><span class='ocrx_word' id='word_1_901' title='bbox 431 5734 657 5798; x_wconf 77' lang='lat' dir='ltr'><strong>Domini,</strong></span> <span class='ocrx_word' id='word_1_902' title='bbox 692 5733 814 5800; x_wconf 87' lang='lat' dir='ltr'><strong>quia</strong></span> <span class='ocrx_word' id='word_1_903' title='bbox 854 5732 1089 5801; x_wconf 77' lang='lat' dir='ltr'><strong>potentia</strong></span> <span class='ocrx_word' id='word_1_904' title='bbox 1130 5731 1436 5785; x_wconf 83' lang='lat' dir='ltr'><strong>Divinitatis</strong></span> <span class='ocrx_word' id='word_1_905' title='bbox 1479 5745 1573 5800; x_wconf 87' lang='lat' dir='ltr'><strong>per</strong></span> <span class='ocrx_word' id='word_1_906' title='bbox 1621 5729 1767 5783; x_wconf 89' lang='lat' dir='ltr'><strong>illum</strong></span> <span class='ocrx_word' id='word_1_907' title='bbox 1817 5726 1992 5782; x_wconf 79' lang='lat' dir='ltr'><strong>ellecit</strong></span> 
     </span>
    </p>
   </div>
   <div class='ocr_carea' id='block_1_102' title="bbox 2085 4623 3687 4709">
    <p class='ocr_par' dir='ltr' id='par_1_102' title="bbox 2085 4623 3687 4709">
     <span class='ocr_line' id='line_1_111' title="bbox 2085 4623 3687 4709; baseline -0.011 -13"><span class='ocrx_word' id='word_1_908' title='bbox 2085 4640 2248 4696; x_wconf 88' lang='lat' dir='ltr'><strong>menti</strong></span> <span class='ocrx_word' id='word_1_909' title='bbox 2274 4657 2286 4692; x_wconf 94' lang='lat'>:</span> <span class='ocrx_word' id='word_1_910' title='bbox 2311 4646 2367 4693; x_wconf 88' lang='lat' dir='ltr'><strong>et</strong></span> <span class='ocrx_word' id='word_1_911' title='bbox 2391 4636 2627 4709; x_wconf 90' lang='lat' dir='ltr'><strong>gentium</strong></span> <span class='ocrx_word' id='word_1_912' title='bbox 2662 4632 2842 4705; x_wconf 91' lang='lat' dir='ltr'><strong>populi</strong></span> <span class='ocrx_word' id='word_1_913' title='bbox 2863 4647 2893 4687; x_wconf 92' lang='lat' dir='ltr'><strong>e</strong></span> <span class='ocrx_word' id='word_1_914' title='bbox 2923 4628 3197 4686; x_wconf 88' lang='lat' dir='ltr'><strong>contrario</strong></span> <span class='ocrx_word' id='word_1_915' title='bbox 3220 4626 3400 4697; x_wconf 89' lang='lat' dir='ltr'><strong>primi,</strong></span> <span class='ocrx_word' id='word_1_916' title='bbox 3422 4623 3516 4694; x_wconf 91' lang='lat' dir='ltr'><strong>qui</strong></span> <span class='ocrx_word' id='word_1_917' title='bbox 3543 4631 3687 4679; x_wconf 83' lang='lat' dir='ltr'><strong>tunc</strong></span> 
     </span>
    </p>
   </div>
   <div class='ocr_carea' id='block_1_103' title="bbox 2085 4714 3686 4796">
    <p class='ocr_par' dir='ltr' id='par_1_103' title="bbox 2085 4714 3686 4796">
     <span class='ocr_line' id='line_1_112' title="bbox 2085 4714 3686 4796; baseline -0.011 -10"><span class='ocrx_word' id='word_1_918' title='bbox 2085 4739 2241 4786; x_wconf 90' lang='lat' dir='ltr'><strong>erant</strong></span> <span class='ocrx_word' id='word_1_919' title='bbox 2279 4727 2596 4792; x_wconf 89' lang='lat' dir='ltr'><strong>novissimi;</strong></span> <span class='ocrx_word' id='word_1_920' title='bbox 2625 4725 2752 4796; x_wconf 89' lang='lat' dir='ltr'><strong>quia</strong></span> <span class='ocrx_word' id='word_1_921' title='bbox 2773 4731 2933 4794; x_wconf 91' lang='lat' dir='ltr'><strong>caput</strong></span> <span class='ocrx_word' id='word_1_922' title='bbox 2960 4723 3013 4776; x_wconf 90' lang='lat' dir='ltr'><strong>in</strong></span> <span class='ocrx_word' id='word_1_923' title='bbox 3045 4721 3296 4783; x_wconf 89' lang='lat' dir='ltr'><strong>caudam,</strong></span> <span class='ocrx_word' id='word_1_924' title='bbox 3334 4726 3391 4770; x_wconf 88' lang='lat' dir='ltr'><strong>et</strong></span> <span class='ocrx_word' id='word_1_925' title='bbox 3413 4714 3591 4770; x_wconf 87' lang='lat' dir='ltr'><strong>cauda</strong></span> <span class='ocrx_word' id='word_1_926' title='bbox 3622 4714 3686 4769; x_wconf 86' lang='lat' dir='ltr'><strong>in</strong></span> 
     </span>
    </p>
   </div>
   <div class='ocr_carea' id='block_1_104' title="bbox 2087 4804 3693 4891">
    <p class='ocr_par' dir='ltr' id='par_1_104' title="bbox 2087 4804 3693 4891">
     <span class='ocr_line' id='line_1_113' title="bbox 2087 4804 3693 4891; baseline -0.012 -14"><span class='ocrx_word' id='word_1_927' title='bbox 2087 4829 2249 4891; x_wconf 88' lang='lat' dir='ltr'><strong>caput</strong></span> <span class='ocrx_word' id='word_1_928' title='bbox 2272 4834 2428 4875; x_wconf 90' lang='lat' dir='ltr'><strong>versa</strong></span> <span class='ocrx_word' id='word_1_929' title='bbox 2454 4824 2541 4873; x_wconf 90' lang='lat' dir='ltr'><strong>est</strong></span> <span class='ocrx_word' id='word_1_930' title='bbox 2591 4815 2777 4889; x_wconf 85' lang='lat' dir='ltr'><strong>(Deut.</strong></span> <span class='ocrx_word' id='word_1_931' title='bbox 2827 4812 3054 4881; x_wconf 77' lang='lat' dir='ltr'><strong>xxvnt).</strong></span> <span class='ocrx_word' id='word_1_932' title='bbox 3099 4807 3262 4865; x_wconf 86' lang='lat' dir='ltr'><strong>Caleb</strong></span> <span class='ocrx_word' id='word_1_933' title='bbox 3303 4819 3432 4861; x_wconf 90' lang='lat' dir='ltr'><strong>vero</strong></span> <span class='ocrx_word' id='word_1_934' title='bbox 3485 4804 3693 4875; x_wconf 86' lang='lat' dir='ltr'><strong>genuit</strong></span> 
     </span>
    </p>
   </div>
   <div class='ocr_carea' id='block_1_105' title="bbox 2089 4896 3696 4976">
    <p class='ocr_par' dir='ltr' id='par_1_105' title="bbox 2089 4896 3696 4976">
     <span class='ocr_line' id='line_1_114' title="bbox 2089 4896 3696 4976; baseline -0.011 -11"><span class='ocrx_word' id='word_1_935' title='bbox 2089 4910 2282 4974; x_wconf 81' lang='lat' dir='ltr'><strong>Mahir,</strong></span> <span class='ocrx_word' id='word_1_936' title='bbox 2308 4916 2364 4963; x_wconf 88' lang='lat' dir='ltr'><strong>et</strong></span> <span class='ocrx_word' id='word_1_937' title='bbox 2393 4906 2564 4962; x_wconf 82' lang='lat' dir='ltr'><strong>Mahir</strong></span> <span class='ocrx_word' id='word_1_938' title='bbox 2589 4904 2774 4976; x_wconf 89' lang='lat' dir='ltr'><strong>genuit</strong></span> <span class='ocrx_word' id='word_1_939' title='bbox 2796 4903 3023 4966; x_wconf 85' lang='lat' dir='ltr'><strong>Esthon,</strong></span> <span class='ocrx_word' id='word_1_940' title='bbox 3051 4900 3253 4955; x_wconf 88' lang='lat' dir='ltr'><strong>Esthon</strong></span> <span class='ocrx_word' id='word_1_941' title='bbox 3278 4904 3459 4951; x_wconf 90' lang='lat' dir='ltr'><strong>autem</strong></span> <span class='ocrx_word' id='word_1_942' title='bbox 3486 4896 3696 4966; x_wconf 85' lang='lat' dir='ltr'><strong>genuit</strong></span> 
     </span>
    </p>
   </div>
   <div class='ocr_carea' id='block_1_106' title="bbox 2091 4988 3697 5064">
    <p class='ocr_par' dir='ltr' id='par_1_106' title="bbox 2091 4988 3697 5064">
     <span class='ocr_line' id='line_1_115' title="bbox 2091 4988 3697 5064; baseline -0.007 -9"><span class='ocrx_word' id='word_1_943' title='bbox 2091 5000 2353 5055; x_wconf 85' lang='lat' dir='ltr'><strong>Theinna.</strong></span> <span class='ocrx_word' id='word_1_944' title='bbox 2383 4996 2536 5064; x_wconf 90' lang='lat' dir='ltr'><strong>Quod</strong></span> <span class='ocrx_word' id='word_1_945' title='bbox 2554 5010 2683 5050; x_wconf 88' lang='lat' dir='ltr'><strong>vero</strong></span> <span class='ocrx_word' id='word_1_946' title='bbox 2705 4993 2836 5049; x_wconf 90' lang='lat' dir='ltr'><strong>dicit</strong></span> <span class='ocrx_word' id='word_1_947' title='bbox 2855 4991 3132 5047; x_wconf 88' lang='lat' dir='ltr'><strong>Theinnan</strong></span> <span class='ocrx_word' id='word_1_948' title='bbox 3155 4998 3362 5060; x_wconf 87' lang='lat' dir='ltr'><strong>patrem</strong></span> <span class='ocrx_word' id='word_1_949' title='bbox 3384 4988 3538 5041; x_wconf 86' lang='lat' dir='ltr'><strong>urbis</strong></span> <span class='ocrx_word' id='word_1_950' title='bbox 3555 5001 3697 5043; x_wconf 83' lang='lat' dir='ltr'><strong>esse</strong></span> 
     </span>
    </p>
   </div>
   <div class='ocr_carea' id='block_1_107' title="bbox 2090 5076 3696 5159">
    <p class='ocr_par' dir='ltr' id='par_1_107' title="bbox 2090 5076 3696 5159">
     <span class='ocr_line' id='line_1_116' title="bbox 2090 5076 3696 5159; baseline -0.009 -12"><span class='ocrx_word' id='word_1_951' title='bbox 2090 5091 2254 5156; x_wconf 85' lang='lat' dir='ltr'><strong>Naas,</strong></span> <span class='ocrx_word' id='word_1_952' title='bbox 2281 5088 2713 5159; x_wconf 59' lang='lat' dir='ltr'><strong>intelligipotest</strong></span> <span class='ocrx_word' id='word_1_953' title='bbox 2733 5093 2827 5140; x_wconf 89' lang='lat' dir='ltr'><strong>aut</strong></span> <span class='ocrx_word' id='word_1_954' title='bbox 2861 5082 3192 5145; x_wconf 87' lang='lat' dir='ltr'><strong>Bethlehem,</strong></span> <span class='ocrx_word' id='word_1_955' title='bbox 3223 5087 3316 5133; x_wconf 90' lang='lat' dir='ltr'><strong>aut</strong></span> <span class='ocrx_word' id='word_1_956' title='bbox 3336 5077 3529 5132; x_wconf 86' lang='lat' dir='ltr'><strong>matris</strong></span> <span class='ocrx_word' id='word_1_957' title='bbox 3547 5076 3696 5143; x_wconf 83' lang='lat' dir='ltr'><strong>lsai,</strong></span> 
     </span>
    </p>
   </div>
   <div class='ocr_carea' id='block_1_108' title="bbox 2091 5165 3698 5253">
    <p class='ocr_par' dir='ltr' id='par_1_108' title="bbox 2091 5165 3698 5253">
     <span class='ocr_line' id='line_1_117' title="bbox 2091 5165 3698 5253; baseline -0.011 -14"><span class='ocrx_word' id='word_1_958' title='bbox 2091 5184 2215 5253; x_wconf 89' lang='lat' dir='ltr'><strong>quia</strong></span> <span class='ocrx_word' id='word_1_959' title='bbox 2246 5182 2344 5237; x_wconf 86' lang='lat' dir='ltr'><strong>[sai</strong></span> <span class='ocrx_word' id='word_1_960' title='bbox 2382 5180 2435 5234; x_wconf 90' lang='lat' dir='ltr'><strong>in</strong></span> <span class='ocrx_word' id='word_1_961' title='bbox 2464 5178 2569 5232; x_wconf 89' lang='lat' dir='ltr'><strong>alio</strong></span> <span class='ocrx_word' id='word_1_962' title='bbox 2616 5177 2734 5232; x_wconf 92' lang='lat' dir='ltr'><strong>loco</strong></span> <span class='ocrx_word' id='word_1_963' title='bbox 2779 5173 2929 5228; x_wconf 85' lang='lat' dir='ltr'><strong>Naas</strong></span> <span class='ocrx_word' id='word_1_964' title='bbox 2980 5171 3191 5226; x_wconf 87' lang='lat' dir='ltr'><strong>coluber</strong></span> <span class='ocrx_word' id='word_1_965' title='bbox 3238 5175 3480 5223; x_wconf 86' lang='lat' dir='ltr'><strong>vocatur.</strong></span> <span class='ocrx_word' id='word_1_966' title='bbox 3523 5165 3698 5232; x_wconf 88' lang='lat' dir='ltr'><strong>Quod</strong></span> 
     </span>
    </p>
   </div>
   <div class='ocr_carea' id='block_1_109' title="bbox 2091 5254 3699 5339">
    <p class='ocr_par' dir='ltr' id='par_1_109' title="bbox 2091 5254 3699 5339">
     <span class='ocr_line' id='line_1_118' title="bbox 2091 5254 3699 5339; baseline -0.012 -10"><span class='ocrx_word' id='word_1_967' title='bbox 2091 5282 2271 5328; x_wconf 84' lang='lat' dir='ltr'><strong>autem</strong></span> <span class='ocrx_word' id='word_1_968' title='bbox 2319 5268 2658 5339; x_wconf 85' lang='lat' dir='ltr'><strong>subjungitur</strong></span> <span class='ocrx_word' id='word_1_969' title='bbox 2681 5281 2696 5320; x_wconf 89' lang='lat'><strong>:</strong></span> <span class='ocrx_word' id='word_1_970' title='bbox 2721 5264 2795 5319; x_wconf 79' lang='lat' dir='ltr'><strong>Ili</strong></span> <span class='ocrx_word' id='word_1_971' title='bbox 2819 5274 2939 5320; x_wconf 86' lang='lat' dir='ltr'><strong>sunt</strong></span> <span class='ocrx_word' id='word_1_972' title='bbox 2965 5262 3061 5318; x_wconf 83' lang='lat' dir='ltr'><strong>viri</strong></span> <span class='ocrx_word' id='word_1_973' title='bbox 3088 5260 3284 5325; x_wconf 75' lang='lat' dir='ltr'><strong>Recita,</strong></span> <span class='ocrx_word' id='word_1_974' title='bbox 3324 5254 3567 5312; x_wconf 82' lang='lat' dir='ltr'><strong>nonnulli</strong></span> <span class='ocrx_word' id='word_1_975' title='bbox 3590 5256 3699 5310; x_wconf 84' lang='lat' dir='ltr'><strong>in-</strong></span> 
     </span>
    </p>
   </div>
   <div class='ocr_carea' id='block_1_110' title="bbox 2093 5349 3703 5435">
    <p class='ocr_par' dir='ltr' id='par_1_110' title="bbox 2093 5349 3703 5435">
     <span class='ocr_line' id='line_1_119' title="bbox 2093 5349 3703 5435; baseline -0.01 -17"><span class='ocrx_word' id='word_1_976' title='bbox 2093 5364 2338 5435; x_wconf 88' lang='lat' dir='ltr'><strong>telligunt</strong></span> <span class='ocrx_word' id='word_1_977' title='bbox 2364 5361 2537 5415; x_wconf 87' lang='lat' dir='ltr'><strong>Recha</strong></span> <span class='ocrx_word' id='word_1_978' title='bbox 2568 5358 2785 5414; x_wconf 88' lang='lat' dir='ltr'><strong>nomine</strong></span> <span class='ocrx_word' id='word_1_979' title='bbox 2826 5355 2991 5410; x_wconf 84' lang='lat' dir='ltr'><strong>David</strong></span> <span class='ocrx_word' id='word_1_980' title='bbox 3032 5350 3360 5421; x_wconf 89' lang='lat' dir='ltr'><strong>nuncupari;</strong></span> <span class='ocrx_word' id='word_1_981' title='bbox 3410 5349 3703 5416; x_wconf 78' lang='lat' dir='ltr'><strong>interpre-</strong></span> 
     </span>
    </p>
   </div>
   <div class='ocr_carea' id='block_1_111' title="bbox 2094 5438 3705 5515">
    <p class='ocr_par' dir='ltr' id='par_1_111' title="bbox 2094 5438 3705 5515">
     <span class='ocr_line' id='line_1_120' title="bbox 2094 5438 3705 5515; baseline -0.009 -5"><span class='ocrx_word' id='word_1_982' title='bbox 2094 5464 2239 5510; x_wconf 89' lang='lat' dir='ltr'><strong>tatur</strong></span> <span class='ocrx_word' id='word_1_983' title='bbox 2265 5454 2407 5507; x_wconf 89' lang='lat' dir='ltr'><strong>enim</strong></span> <span class='ocrx_word' id='word_1_984' title='bbox 2438 5452 2619 5506; x_wconf 77' lang='lat' dir='ltr'><strong>llecha</strong></span> <span class='ocrx_word' id='word_1_985' title='bbox 2657 5459 2818 5503; x_wconf 86' lang='lat' dir='ltr'><strong>tener.</strong></span> <span class='ocrx_word' id='word_1_986' title='bbox 2854 5447 3001 5503; x_wconf 90' lang='lat' dir='ltr'><strong>Unde</strong></span> <span class='ocrx_word' id='word_1_987' title='bbox 3034 5446 3149 5515; x_wconf 91' lang='lat' dir='ltr'><strong>ipse</strong></span> <span class='ocrx_word' id='word_1_988' title='bbox 3173 5442 3341 5497; x_wconf 85' lang='lat' dir='ltr'><strong>David</strong></span> <span class='ocrx_word' id='word_1_989' title='bbox 3377 5441 3443 5495; x_wconf 90' lang='lat' dir='ltr'><strong>de</strong></span> <span class='ocrx_word' id='word_1_990' title='bbox 3489 5454 3551 5494; x_wconf 88' lang='lat' dir='ltr'><strong>se</strong></span> <span class='ocrx_word' id='word_1_991' title='bbox 3606 5438 3705 5495; x_wconf 81' lang='lat' dir='ltr'><strong>ita</strong></span> 
     </span>
    </p>
   </div>
   <div class='ocr_carea' id='block_1_112' title="bbox 2093 5529 3709 5613">
    <p class='ocr_par' dir='ltr' id='par_1_112' title="bbox 2093 5529 3709 5613">
     <span class='ocr_line' id='line_1_121' title="bbox 2093 5529 3709 5613; baseline -0.009 -16"><span class='ocrx_word' id='word_1_992' title='bbox 2093 5546 2167 5598; x_wconf 89' lang='lat' dir='ltr'><strong>ait</strong></span> <span class='ocrx_word' id='word_1_993' title='bbox 2195 5558 2209 5596; x_wconf 86' lang='lat'><strong>:</strong></span> <span class='ocrx_word' id='word_1_994' title='bbox 2238 5543 2346 5613; x_wconf 79' lang='lat' dir='ltr'><strong>Ego</strong></span> <span class='ocrx_word' id='word_1_995' title='bbox 2369 5558 2482 5594; x_wconf 83' lang='lat' dir='ltr'><strong>sum</strong></span> <span class='ocrx_word' id='word_1_996' title='bbox 2515 5550 2657 5593; x_wconf 86' lang='lat' dir='ltr'><strong>tener</strong></span> <span class='ocrx_word' id='word_1_997' title='bbox 2675 5548 2721 5591; x_wconf 87' lang='lat' dir='ltr'><strong>et</strong></span> <span class='ocrx_word' id='word_1_998' title='bbox 2748 5546 2931 5591; x_wconf 85' lang='lat' dir='ltr'><strong>unctus</strong></span> <span class='ocrx_word' id='word_1_999' title='bbox 2962 5551 3052 5588; x_wconf 80' lang='lat' dir='ltr'><strong>rea:</strong></span> <span class='ocrx_word' id='word_1_1000' title='bbox 3081 5533 3177 5603; x_wconf 86' lang='lat' dir='ltr'><strong>(II</strong></span> <span class='ocrx_word' id='word_1_1001' title='bbox 3200 5531 3327 5601; x_wconf 82' lang='lat' dir='ltr'><strong>Reg.</strong></span> <span class='ocrx_word' id='word_1_1002' title='bbox 3372 5546 3510 5585; x_wconf 71' lang='lat' dir='ltr'><strong>nm</strong></span> <span class='ocrx_word' id='word_1_1003' title='bbox 3530 5529 3548 5598; x_wconf 93' lang='lat'><strong>)</strong></span> <span class='ocrx_word' id='word_1_1004' title='bbox 3571 5570 3584 5581; x_wconf 96' lang='lat'><strong>.</strong></span> <span class='ocrx_word' id='word_1_1005' title='bbox 3625 5530 3709 5587; x_wconf 82' lang='lat' dir='ltr'><strong>Et</strong></span> 
     </span>
    </p>
   </div>
   <div class='ocr_carea' id='block_1_113' title="bbox 2093 5618 3710 5698">
    <p class='ocr_par' dir='ltr' id='par_1_113' title="bbox 2093 5618 3710 5698">
     <span class='ocr_line' id='line_1_122' title="bbox 2093 5618 3710 5698; baseline -0.01 -10"><span class='ocrx_word' id='word_1_1006' title='bbox 2093 5635 2146 5689; x_wconf 88' lang='lat' dir='ltr'><strong>in</strong></span> <span class='ocrx_word' id='word_1_1007' title='bbox 2174 5632 2278 5687; x_wconf 91' lang='lat' dir='ltr'><strong>alio</strong></span> <span class='ocrx_word' id='word_1_1008' title='bbox 2306 5632 2441 5691; x_wconf 89' lang='lat' dir='ltr'><strong>loco,</strong></span> <span class='ocrx_word' id='word_1_1009' title='bbox 2470 5629 2622 5698; x_wconf 85' lang='lat' dir='ltr'><strong>quasi</strong></span> <span class='ocrx_word' id='word_1_1010' title='bbox 2654 5624 2962 5682; x_wconf 80' lang='lat' dir='ltr'><strong>vermiculus</strong></span> <span class='ocrx_word' id='word_1_1011' title='bbox 2991 5624 3117 5693; x_wconf 87' lang='lat' dir='ltr'><strong>ligni</strong></span> <span class='ocrx_word' id='word_1_1012' title='bbox 3147 5630 3291 5675; x_wconf 79' lang='lat' dir='ltr'><strong>tener</strong></span> <span class='ocrx_word' id='word_1_1013' title='bbox 3320 5634 3440 5673; x_wconf 85' lang='lat' dir='ltr'><strong>esse</strong></span> <span class='ocrx_word' id='word_1_1014' title='bbox 3477 5618 3710 5672; x_wconf 83' lang='lat' dir='ltr'><strong>descri-</strong></span> 
     </span>
    </p>
   </div>
   <div class='ocr_carea' id='block_1_114' title="bbox 2093 5707 3707 5782">
    <p class='ocr_par' dir='ltr' id='par_1_114' title="bbox 2093 5707 3707 5782">
     <span class='ocr_line' id='line_1_123' title="bbox 2093 5707 3707 5782; baseline -0.015 0"><span class='ocrx_word' id='word_1_1015' title='bbox 2093 5727 2258 5782; x_wconf 90' lang='lat' dir='ltr'><strong>bitur.</strong></span> <span class='ocrx_word' id='word_1_1016' title='bbox 2293 5722 2495 5778; x_wconf 77' lang='lat' dir='ltr'><strong>ldcirco</strong></span> <span class='ocrx_word' id='word_1_1017' title='bbox 2524 5720 2667 5774; x_wconf 87' lang='lat' dir='ltr'><strong>cnim</strong></span> <span class='ocrx_word' id='word_1_1018' title='bbox 2696 5717 2791 5771; x_wconf 74' lang='lat' dir='ltr'><strong>\ll‘l</strong></span> <span class='ocrx_word' id='word_1_1019' title='bbox 2837 5714 3019 5771; x_wconf 78' lang='lat' dir='ltr'><strong>Recita</strong></span> <span class='ocrx_word' id='word_1_1020' title='bbox 3066 5713 3336 5771; x_wconf 85' lang='lat' dir='ltr'><strong>dicuntur,</strong></span> <span class='ocrx_word' id='word_1_1021' title='bbox 3389 5707 3516 5777; x_wconf 86' lang='lat' dir='ltr'><strong>quia</strong></span> <span class='ocrx_word' id='word_1_1022' title='bbox 3556 5723 3707 5776; x_wconf 78' lang='lat' dir='ltr'><strong>pro-</strong></span> 
     </span>
    </p>
   </div>
  </div>
