3912 6160
333 315 442 373 3βὸ

1261 309 1613 367 COMMENT.
1654 310 1716 366 IN
1754 310 2308 367 PARALIPOMENA.
2348 343 2419 352 —
2457 311 2585 368 LIB.
2625 310 2669 367 Ι.

3486 319 3592 375 596

328 435 451 498 pter
491 424 895 495 exprimendam
928 422 1291 496 genealogiam
1325 425 1492 480 David
1518 426 1572 479 in
1599 425 1701 480 hac
1728 438 1906 479 essen-
1934 431 1984 491 Α
2011 424 2136 494 pulo
2172 425 2225 480 in
2264 441 2447 482 eremo
2480 425 2920 497 gubernationem
2947 427 3276 489 exhibuerit;
3318 429 3432 484 sive
3454 433 3596 499 quod

332 519 404 571 tia
442 515 684 570 adnotati
710 523 853 569 sunt.

401 604 537 660 Filii
579 614 754 659 autem
798 603 985 668 Cenes,
1022 603 1260 658 Othoniel
1286 612 1334 657 et
1360 601 1571 657 Samia.
1609 601 1778 657 Porro
1814 605 1914 673 ﬁlii

331 692 578 748 Othouiel
603 692 797 746 Athath
823 703 871 746 et
897 691 1189 746 Maonathi.
1213 690 1487 747 Maanathi
1503 693 1677 762 genuit
1700 691 1913 761 Ophra;

329 787 522 842 Saraia
545 796 721 840 autem
746 785 920 855 genuit
944 782 1080 838 Joab
1101 793 1301 855 patrem
1334 782 1500 839 Vallis
1521 783 1781 852 artiﬁcum
1806 801 1824 847 ;
1843 784 1915 838 ibi

326 880 513 950 quippe
540 876 771 945 artiﬁces
798 885 966 939 erant,
1013 881 1117 930 etc.
1157 873 1279 928 Filii
1310 888 1438 945 ergo
1479 872 1652 928 Cenez
1699 870 1916 929 fuerunt

327 968 579 1025 (lthoniel
606 976 660 1023 et
693 966 903 1032 Saraia,
936 966 1031 1022 sed
1060 965 1127 1021 de
1152 964 1341 1021 Saraia
1381 964 1579 1020 dicitur
1619 963 1753 1019 Joab
1789 980 1915 1035 pro-

326 1050 539 1126 cedere,
576 1059 668 1131 qui
694 1056 849 1126 juxta
894 1057 1127 1113 nominis
1171 1057 1253 1112 sui
1301 1056 1793 1125 interpretationem
1834 1055 1916 1110 di-

326 1153 467 1208 citur
487 1160 640 1221 pater
668 1147 834 1203 Vallis
857 1148 1143 1218 artiﬁcum,
1175 1148 1301 1218 quia
1324 1148 1390 1203 de
1422 1147 1546 1202 ﬁliis
1567 1148 1682 1218 ejus
1702 1146 1915 1203 fuerant

327 1244 615 1299 architecti
656 1240 722 1296 ad
754 1240 1124 1297 aediﬁcandam
1167 1241 1386 1296 domum
1429 1240 1663 1296 Domini.
1712 1240 1915 1297 Secun-

326 1337 453 1391 dum
476 1334 790 1406 allegoriam
817 1341 997 1389 autem
1018 1331 1272 1397 artiﬁces,
1296 1332 1389 1402 qui
1421 1332 1472 1386 in
1498 1332 1730 1388 vallibus
1756 1332 1911 1388 habi-

326 1426 537 1491 tabant,
604 1433 834 1495 possunt
896 1422 1202 1493 signiﬁcare
1264 1422 1395 1492 legis
1454 1422 1724 1486 doctores,
1780 1437 1917 1492 quos

321 1517 545 1571 scientia
577 1529 682 1569 non
709 1514 881 1585 inﬂat,
908 1513 998 1568 sed
1017 1513 1245 1569 charitas
1277 1513 1504 1582 wdi/icat
1543 1511 1596 1585 (Ι
1620 1512 1743 1568 Cor.
1771 1512 1912 1584 vni),

322 1608 416 1677 qui
454 1607 747 1662 humilitati
780 1606 1048 1677 praecipue
1082 1620 1301 1675 operam
1347 1606 1493 1671 dant,
1547 1613 1603 1662 et
1640 1606 1910 1662 modestiae

317 1698 441 1767 jura
474 1696 577 1749 rite
605 1704 960 1761 conservant;
984 1695 1157 1764 qualis
1182 1694 1282 1751 fuit
1316 1694 1594 1761 Gamaliel,
1647 1696 1782 1769 legis
1814 1697 1911 1752 do-

2016 515 2256 569 doctrina
2322 530 2417 571 sua
2475 516 2713 586 quotidie
2771 518 3031 587 gubernat
3069 534 3129 574 se
3186 519 3593 589 subsequentes.

2014 604 2166 670 Quod
2202 614 2381 660 autem
2418 614 2539 675 post
2576 606 2692 661 haec
2732 606 2950 661 nomina
3003 608 3246 677 sequitur
3289 608 3588 679 Scriptura,

2013 694 2232 750 dicens:
2261 694 2332 749 Hi
2364 706 2537 750 autem
2573 695 2674 766 ﬁlii
2703 696 2900 751 Bethia:
2936 696 3063 766 ﬁlia:
3105 695 3404 752 Pharaonis
3440 717 3597 770 quam

2013 786 2206 855 accepit
2233 783 2662 851 Mered;idcirco
2697 786 2860 841 ﬁliam
2900 786 3197 842 Pharaonis
3240 787 3295 842 in
3338 789 3440 843 hoc
3480 788 3598 844 loco

2014 882 2241 928 matrem
2270 873 2435 945 Moysi
2464 884 2639 940 vocat,
2669 890 2788 945 quae
2815 884 2871 931 et
2894 877 3005 947 ipsa
3028 875 3181 945 juxta
3208 878 3595 947 praprietatem

2013 963 2244 1018 nominis
2277 965 2355 1019 sui
2380 964 2493 1033 ﬁlia
2518 964 2728 1021 Domini
2764 975 3119 1037 nuncupatur,
3152 968 3355 1023 scilicet
3379 978 3598 1040 propter

2012 1055 2208 1110 bonam
2231 1056 2558 1114 voluntatem
2587 1074 2748 1128 quam
2775 1061 2828 1115 in
2851 1061 3138 1117 nutriendo
3176 1078 3344 1132 puero
3391 1064 3594 1120 habue-

2015 1158 2100 1203 rat
2124 1166 2137 1204 :
2174 1149 2403 1222 indeque
2431 1149 2613 1208 Mered
2635 1151 2814 1223 Moyse
2840 1164 3049 1224 accepta
3078 1155 3291 1221 dicitur,
3341 1172 3406 1212 eo
3427 1157 3594 1226 quod,

2014 1239 2217 1296 relictis
2242 1240 2507 1296 idolorum
2527 1241 2779 1308 cultibus,
2807 1243 2875 1298 ad
2910 1244 3004 1299 Dei
3036 1245 3194 1299 unius
3225 1244 3425 1300 cultum
3468 1261 3597 1300 con-

2013 1345 2167 1385 versa
2195 1330 2281 1384 sit.
2310 1329 2462 1397 Quod
2491 1346 2622 1387 vero
2645 1333 2890 1401 superius
2929 1332 3132 1388 dictum
3168 1340 3251 1388 est
3276 1351 3288 1386 :
3315 1330 3458 1387 Uxor
3482 1334 3597 1404 ejus

2011 1416 2214 1473 Judaia
2260 1420 2455 1491 peperit
2495 1421 2712 1487 Jaretlt,
2754 1420 3003 1478 Judaiam
3034 1424 3217 1479 dicunt
3255 1437 3376 1480 esse
3408 1424 3597 1480 locha-

2014 1506 2141 1561 beth
2173 1516 2401 1563 matrem
2429 1509 2596 1581 Moysi
2631 1519 2686 1565 et
2710 1510 2911 1567 Aaron.

2083 1594 2214 1651 Filii
2242 1596 2385 1665 Sela,
2408 1597 2509 1668 ﬁlii
2534 1598 2716 1665 Judw,
2760 1599 2873 1654 Her
2910 1611 3056 1672 pater
3106 1601 3297 1667 Laelia,
3327 1612 3375 1656 et
3412 1599 3595 1655 Lauda

2012 1696 2161 1757 pater
2186 1686 2419 1754 Maresa,
2454 1697 2503 1743 et
2532 1691 2861 1761 cognationes
2891 1691 3074 1745 domus
3103 1693 3427 1761 operantium
3478 1692 3598 1762 bys-

326 1795 446 1841 etor
475 1784 807 1840 honorabilis
841 1791 895 1839 et
936 1785 1228 1855 discipulus
1275 1785 1414 1854 ejus,
1462 1786 1659 1841 Paulus
1705 1787 1911 1843 scilicet
1940 1782 1984 1840 ll
2012 1798 2126 1834 sum
2165 1795 2218 1834 in
2242 1781 2395 1835 domo
2416 1780 2728 1851 juramenti.
2761 1782 2831 1837 Et
2860 1783 2949 1854 qui
2973 1793 3113 1838 stare
3135 1784 3255 1853 fecit
3300 1784 3482 1850 solem,
3521 1785 3597 1838 vi-

325 1872 601 1943 apostolus
627 1872 779 1943 (Act.
807 1888 840 1925 v
862 1882 911 1927 et
937 1890 1048 1928 χχιι
1068 1872 1118 1946 );
1164 1889 1262 1929 nec
1288 1890 1392 1929 non
1421 1883 1476 1929 et
1508 1874 1595 1937 alii
1642 1876 1728 1932 his
1757 1876 1907 1931 simi-

324 1962 426 2027 les,
453 1978 687 2034 quorum
715 1977 896 2019 sermo
921 1971 1084 2033 atque
1110 1964 1352 2034 exempla
1382 1964 1768 2022 aediﬁcationes
1794 1966 1904 2021 vir—

328 2063 504 2108 tutum
533 2061 680 2108 sunt.
1418 2042 1423 2047 ⁷

398 2144 529 2199 Filii
559 2144 726 2211 Ezra,
753 2143 955 2210 Jetlter,
986 2155 1033 2200 et
1064 2144 1268 2212 Μαῖρά,
1316 2155 1363 2201 et
1390 2146 1583 2217 Epher,
1628 2157 1677 2201 et
1721 2145 1904 2200 Jalon.

326 2235 425 2291 llic
455 2236 608 2292 locus
630 2237 755 2306 quia
797 2236 1028 2293 dilﬁcilis
1073 2252 1196 2293 esse
1240 2238 1471 2305 videtur,
1518 2239 1660 2310 quod
1699 2238 1907 2294 llebrazi

326 2328 449 2385 inde
477 2330 732 2395 sentiant,
758 2338 1018 2399 quantum
1060 2346 1129 2385 ex
1175 2331 1390 2401 scriptis
1438 2345 1624 2386 eorum
1669 2331 1910 2400 percepi-

326 2432 470 2480 mus,
499 2415 761 2470 dicamus.
783 2415 947 2470 Aiunt
984 2416 1201 2485 quippe,
1248 2417 1442 2471 Ezram
1488 2418 1651 2481 hunc,
1701 2417 1792 2486 qui
1835 2416 1912 2471 in-

327 2514 658 2578 terpretatur
720 2505 999 2571 auxilium,
1057 2507 1231 2576 ipsum
1270 2522 1390 2563 esse
1432 2506 1654 2562 Amram
1702 2517 1911 2578 patrem

326 2597 498 2669 Moysi
521 2605 578 2652 et
605 2597 785 2652 Aaron
812 2615 825 2650 :
850 2596 1056 2663 Jetber,
1088 2597 1181 2667 qui
1210 2598 1599 2668 interpretatur
1621 2599 1906 2662 residuum,

325 2686 480 2743 hunc
509 2702 630 2744 esse
655 2687 869 2754 Aaron;
916 2697 972 2745 et
998 2686 1201 2753 Mered,
1232 2688 1323 2757 qui
1358 2688 1611 2744 rebellans
1652 2689 1914 2758 interpre-

330 2784 500 2842 tatur,
530 2776 779 2832 eumdem
806 2791 928 2834 esse
949 2776 1189 2849 Moysen.
1231 2777 1409 2851 Epher
1435 2793 1564 2833 vero
1606 2779 1720 2834 sive
1767 2778 1912 2845 Efer,

329 2864 472 2935 quod
487 2879 682 2920 nomen
707 2865 964 2936 pulverem
993 2874 1168 2933 sonat,
1196 2866 1354 2922 Eldat
1378 2866 1563 2923 fuisse.
1585 2865 1772 2923 Jaalon
1796 2868 1913 2938 qui-

2008 1871 2153 1941 rique
2190 1868 2470 1937 Mendacii,
2503 1880 2551 1924 et
2574 1868 2799 1926 Securus
2832 1882 2879 1927 et
2919 1871 3231 1939 Incendens,
3266 1874 3355 1944 qui
3397 1874 3597 1943 princi-

2004 1978 2091 2031 pes
2115 1961 2326 2027 fuerunt
2348 1961 2403 2014 in
2427 1959 2607 2028 Moab,
2628 1971 2674 2016 et
2703 1965 2792 2033 qui
2820 1963 3010 2016 reversi
3032 1972 3152 2017 sunt
3178 1964 3232 2017 in
3260 1962 3475 2017 Lallem.
3500 1960 3598 2016 Hic

2007 2065 2201 2108 nomen
2231 2051 2341 2107 Her
2367 2050 2569 2107 idcirco
2599 2053 2822 2123 ponitur
2856 2062 3078 2124 propter
3121 2054 3434 2109 memoriam
3478 2052 3592 2124 pri-

2007 2144 2133 2199 stini
2171 2143 2423 2208 nominis,
2453 2144 2595 2215 quod
2616 2144 2814 2216 habuit
2846 2146 2932 2200 ille
2958 2147 3049 2215 qui
3084 2153 3306 2217 propter
3350 2145 3596 2216 impieta-

2007 2243 2115 2290 tem
2141 2250 2172 2289 a
2196 2234 2422 2289 Domino
2451 2235 2664 2292 occisus
2690 2244 2773 2290 est
2811 2234 2972 2307 (Gen.
3005 2251 3210 2291 xxxvm
3228 2235 3268 2307 ).
3308 2235 3594 2306 Cognatio—

2007 2343 2104 2383 nes
2136 2340 2265 2398 ergo
2293 2324 2486 2381 domus
2507 2327 2842 2396 operantium
2877 2329 3092 2398 byssum
3141 2327 3195 2381 in
3245 2326 3403 2381 domo
3440 2324 3591 2394 jura-

2010 2419 2199 2484 menti,
2225 2418 2278 2472 hi
2302 2424 2447 2482 sunt,
2477 2418 2567 2486 qui
2590 2432 2715 2472 cum
2741 2418 2978 2473 Beseleel
3005 2417 3322 2473 commorati
3356 2424 3483 2471 sunt
3526 2416 3591 2470 ad

2009 2508 2328 2580 explendum
2378 2523 2512 2579 Opus
2549 2507 2879 2563 tabernaculi
2914 2507 3125 2579 (Exod.
3171 2507 3399 2578 xxxvi).
3431 2503 3592 2561 Jura-

2011 2601 2176 2655 menti
2203 2601 2346 2655 enim
2377 2601 2566 2655 domus
2606 2597 2810 2652 idcirco
2847 2596 3066 2661 dicitur,
3096 2596 3234 2651 sicut
3262 2596 3314 2650 in
3348 2596 3597 2650 taberna-

2012 2687 2190 2743 culum
2218 2687 2461 2754 l'mderis,
2492 2686 2617 2757 quia
2644 2686 2784 2741 ineo
2811 2685 2952 2739 Deus
2990 2700 3114 2739 cum
3159 2685 3377 2741 homine
3420 2683 3596 2739 lcedus

2011 2779 2234 2851 pepigit,
2263 2788 2318 2835 et
2357 2779 2723 2849 juramentum
2770 2778 2912 2846 quod
2941 2774 3145 2845 juravit
3185 2776 3252 2831 ad
3292 2774 3589 2841 Abraham,

2009 2868 2162 2925 Isaac
2200 2879 2255 2926 et
2296 2869 2484 2936 Jacob,
2529 2868 2887 2925 conﬁrmavit.
2939 2865 3091 2934 Quod
3135 2882 3264 2922 vero
3301 2867 3545 2937 sequitur
3580 2886 3592 2919 :

328 2959 448 3011 dem
470 2957 649 3027 ipsum
679 2971 798 3012 esse
824 2956 1018 3012 Medat.
1054 2956 1119 3012 Hi
1157 2972 1287 3028 ergo
1316 2958 1422 3014 duo
1443 2959 1510 3014 de
1535 2973 1760 3014 numero
1798 2958 1914 3015 fue-
2014 2958 2118 3026 Qui
2140 2960 2301 3019 solem
2331 2961 2452 3031 fecit
2478 2970 2617 3015 stare
2657 2960 2797 3014 redit
2820 2960 2886 3015 ad
2918 2959 3225 3031 progeniem
3271 2958 3498 3025 Phares,
3529 2960 3596 3013 dc

329 3054 454 3100 runt
508 3046 846 3118 septuaginta
895 3046 1170 3102 seniorum
1215 3063 1350 3119 quos
1393 3047 1602 3122 Moyses
1627 3048 1917 3106 aDomino
1958 3123 1967 3125 _
2014 3068 2121 3123 quo
2161 3061 2311 3109 ortus
2346 3061 2430 3107 est
2479 3051 2675 3118 David;
2725 3060 3083 3122 Opportunum
3115 3047 3364 3119 judicans
3406 3065 3598 3125 proge-

330 3139 535 3209 accepit
573 3139 629 3193 in
656 3138 913 3194 auxilium
956 3139 1235 3211 regiminis
1261 3141 1315 3196 in
1343 3140 1459 3213 ipso
1492 3141 1655 3197 Israel
1701 3141 1909 3214 (Exod.
1940 3123 1985 3187 (ἶ
2017 3143 2159 3197 niem
2185 3140 2339 3207 Juda,
2369 3142 2436 3197 de
2464 3156 2570 3211 qua
2610 3140 2785 3195 tribus
2826 3139 2973 3209 regia
3018 3147 3140 3193 orta
3182 3147 3286 3204 est,
3333 3139 3389 3193 in
3429 3123 3597 3193 David

331 3234 522 3305 xxiv);
573 3233 666 3302 qui
719 3234 883 3288 etiam
930 3232 1182 3289 dicuntur
1221 3233 1573 3303 prophetasse
1614 3232 1669 3287 in
1704 3235 1913 3300 castris,
2016 3234 2324 3290 terminare.
2368 3234 2609 3289 Tradunt
2639 3232 2784 3287 enim
2807 3222 2953 3287 hunc
2994 3230 3161 3287 fuisse
3186 3230 3488 3296 Elimeleth,
3521 3230 3599 3283 vi-

328 3321 547 3391 quando
578 3321 789 3393 Moyses
814 3337 934 3377 cum
960 3323 1171 3379 cmteris
1209 3322 1346 3379 ierat
1394 3324 1463 3378 ad
1508 3323 1916 3381 tabernaculum
2015 3340 2135 3380 rum
2174 3323 2360 3380 Noemi
2389 3324 2580 3396 (Ruth.
2611 3324 2695 3394 ι),
2748 3332 2955 3393 patrem
2999 3322 3206 3378 Maalon
3255 3331 3312 3378 et
3352 3321 3597 3385 Chelion,

328 3421 453 3467 ante
479 3413 791 3479 Dominum,
821 3413 960 3468 sicut
987 3414 1044 3468 in
1079 3413 1216 3471 libro
1246 3412 1606 3471 Numerorum
1635 3414 1799 3488 (Cap.
1822 3413 1916 3485 χι)
2018 3413 2071 3468 in
2101 3414 2253 3484 cujus
2281 3421 2520 3484 tempore
2547 3413 2624 3468 sol
2652 3411 2864 3467 steterit
2884 3420 3104 3483 propter
3127 3410 3599 3481 praevaricationes

330 3504 547 3574 legitur.
582 3503 825 3559 Tradunt
849 3504 995 3559 enim
1024 3503 1242 3576 Moysen
1267 3513 1388 3575 post
1428 3516 1704 3577 acceptam
1746 3506 1918 3578 legem
2015 3504 2178 3577 legis;
2205 3512 2284 3570 ut,
2310 3512 2459 3559 tanto
2484 3502 2744 3558 miraculo
2771 3503 2905 3569 viso,
2934 3509 3378 3557 converterentur
3397 3501 3463 3555 ad
3486 3501 3596 3555 Do-

332 3592 385 3646 in
418 3592 620 3647 Eremo
655 3593 794 3663 patri
823 3593 1122 3663 injunxisse
1168 3602 1228 3649 ut
1256 3602 1488 3651 matrem
1510 3595 1826 3661 dimitteret,
1851 3609 1918 3652 eo
2015 3593 2221 3648 minum
2248 3592 2415 3649 Deum
2446 3608 2622 3647 suum.
2671 3591 2825 3659 Quod
2870 3591 2996 3661 quia
3041 3590 3219 3646 facere
3264 3596 3600 3660 contempse~

330 3683 471 3753 quod
499 3683 644 3738 illius
673 3684 839 3738 amita
861 3692 1040 3751 esset;
1073 3684 1181 3739 ﬁlia
1209 3684 1354 3741 enim
1381 3684 1483 3740 fuit
1507 3685 1657 3752 Levi,
1678 3693 1800 3757 post
1825 3701 1919 3742 cu-
2017 3692 2164 3749 runt,
2193 3684 2392 3740 idcirco
2410 3682 2581 3739 fames
2606 3683 2860 3749 invaluit;
2883 3691 2939 3738 et
2960 3681 3070 3749 ille,
3097 3681 3190 3753 qui
3216 3681 3270 3736 in
3295 3680 3434 3735 tribu
3457 3678 3594 3735 Jmla

325 3773 414 3841 jus
435 3774 718 3829 dissidium
744 3773 962 3830 duxisse
1006 3775 1164 3830 aliam
1196 3791 1419 3831 uxorem
1447 3774 1691 3843 Amram,
1725 3791 1792 3831 ex
1813 3791 1919 3846 qua
2015 3776 2168 3847 prior
2211 3774 2516 3839 videbatur,
2567 3774 2727 3829 famis
2772 3774 2952 3843 inopia
2998 3789 3119 3828 cum
3160 3787 3329 3827 uxore
3372 3779 3427 3826 et
3473 3770 3598 3827 ﬁliis

332 3868 431 3922 hos
459 3865 598 3921 duos
629 3866 787 3931 ﬁlios,
818 3867 922 3922 hoc
954 3875 1057 3934 est,
1102 3867 1259 3923 Eldat
1302 3875 1357 3923 et
1401 3867 1596 3933 Medat,
1645 3868 1915 3923 habuerit.
2018 3882 2123 3922 non
2160 3866 2330 3922 solum
2361 3865 2537 3936 patria
2565 3863 2874 3933 pelleretur,
2901 3878 3089 3917 verum
3134 3862 3296 3917 etiam
3324 3861 3379 3916 in
3408 3862 3596 3917 eadem

332 3955 487 4024 Quod
520 3964 701 4011 autem
743 3957 1026 4026 sequitur:
1053 3955 1342 4030 Genuitque
1381 3957 1633 4025 Mariam,
1671 3968 1719 4013 et
1760 3956 1916 4013 Sam-
2017 3957 2444 4028 peregrinatione
2494 3970 2619 4010 cum
2671 3953 2795 4008 ﬁliis
2844 3960 3175 4008 moreretur.
3219 3952 3376 4007 Viros
3415 3960 3597 4006 autem

331 4048 454 4112 mai,
485 4056 535 4103 et
562 4047 718 4102 Jesba
745 4056 947 4119 patrem
974 4046 1245 4121 Esthamo.
1276 4045 1424 4103 Uxor
1451 4065 1652 4120 quoque
1676 4049 1789 4119 ejus
1814 4047 1915 4103 Ju-
2018 4046 2283 4102 mendacii
2313 4060 2433 4102 esse
2462 4043 2709 4100 Mahalon
2749 4051 2806 4099 et
2847 4041 3071 4098 Chelion
3121 4041 3326 4106 dicunt,
3373 4040 3465 4111 qui
3509 4040 3598 4096 hic

331 4138 456 4190 daia
502 4137 699 4208 peperit
744 4135 909 4190 Jared
946 4149 1145 4208 patrem
1188 4133 1378 4201 Gedor,
1424 4146 1473 4191 et
1511 4136 1684 4192 Heber
1718 4147 1918 4209 patrem
2020 4133 2257 4190 Securus
2288 4143 2345 4189 et
2369 4133 2664 4190 lncendens
2706 4131 3062 4203 appellantur,
3107 4130 3248 4186 etde
3286 4131 3482 4201 quibus
3515 4131 3599 4184 ili-

333 4229 526 4294 Soclw,
555 4240 604 4284 et
662 4228 888 4283 lcuthiel
935 4238 1136 4299 patrem
1180 4226 1391 4294 Zanoe;
1420 4228 1658 4284 Sammai
1701 4228 1919 4301 Moysen
2019 4228 2162 4283 citur
2186 4227 2326 4297 quod
2353 4227 2627 4297 principes
2662 4224 2878 4280 fuerunt
2907 4225 2961 4279 in
2986 4224 3163 4291 Moab,
3194 4239 3260 4280 eo
3283 4225 3424 4295 quod
3466 4241 3572 4278 uxo

334 4318 556 4391 intelligi
622 4318 838 4383 volunt,
878 4318 967 4389 qui
1011 4319 1398 4389 interpretatur
1446 4318 1704 4385 caelestis;
1755 4320 1918 4375 Jesba
2021 4332 2109 4373 res
2135 4316 2451 4371 Moabitides
2472 4312 2927 4383 duxerintzquod
2955 4314 3011 4368 in
3039 4314 3265 4370 Hebraeo
3289 4313 3597 4382 expressius

331 4410 534 4473 Aaron,
579 4408 670 4479 qui
724 4408 1109 4478 interpretatur
1155 4407 1510 4475 rollaudatio;
1543 4418 1752 4480 patrem
1796 4410 1918 4465 Est-

333 4500 517 4563 hamo,
560 4498 614 4553 id
634 4507 735 4562 est,
785 4498 920 4567 ignis
950 4499 1229 4563 manentis,
1255 4512 1321 4552 eo
1349 4499 1491 4568 quod
1516 4498 1610 4553 ﬁlii
1644 4498 1822 4554 Aaron
1861 4499 1915 4553 in

330 4587 564 4642 assiduis
589 4587 875 4643 sacriﬁciis
896 4587 1018 4659 igne
1045 4587 1352 4643 utebantur.
1384 4588 1611 4645 Nomina
1632 4606 1759 4646 vero
1797 4606 1917 4660 quas

334 4678 690 4734 eontinuatim
735 4686 1050 4748 sequuntur,
1100 4680 1278 4734 omnia
1326 4678 1493 4752 Moysi
1543 4681 1799 4737 voeabula
1839 4683 1918 4736 iu-

334 4771 497 4842 telligi
530 4769 712 4825 volunt
736 4778 955 4842 propter
994 4771 1236 4828 diversos
1283 4781 1436 4828 actus
1475 4771 1609 4842 ejus,
1657 4775 1759 4831 hoc
1810 4785 1915 4842 est,

2019 4413 2259 4483 ponitur,
2282 4419 2343 4465 ut
2368 4410 2435 4466 ab
2461 4410 2688 4466 eruditis
2710 4409 2854 4465 illius
2870 4408 3063 4480 linguae
3076 4408 3381 4473 didicimus,
3407 4416 3466 4462 ut
3489 4423 3596 4462 non

2018 4503 2307 4574 principes,
2334 4504 2435 4558 sed
2454 4501 2636 4557 mariti
2663 4501 2931 4557 dicantur.
2954 4499 3107 4568 Quod
3146 4515 3273 4555 vero
3306 4499 3550 4569 sequitur
3577 4518 3587 4552 :

2014 4592 2118 4658 Qui
2145 4592 2336 4647 reversi
2371 4603 2489 4647 sunt
2534 4593 2590 4647 in
2629 4591 2844 4655 Lahem,
2889 4589 3075 4646 Noemi
3108 4600 3163 4648 et
3190 4590 3336 4646 Ruth
3371 4591 3592 4645 demon—

2012 4694 2170 4753 strat,
2203 4685 2344 4756 quod
2372 4686 2426 4740 in
2454 4684 2767 4740 Bethlebem
2797 4681 2862 4736 ad
2884 4697 3077 4751 panem
3106 4691 3228 4753 post
3260 4683 3492 4752 inopiam
3524 4680 3592 4735 fac

2013 4778 2137 4844 mis,
2187 4778 2367 4833 audita
2412 4776 2659 4832 ubertate
2700 4774 2857 4844 panis
2889 4775 2943 4830 in
2977 4775 3311 4839 Bethlehem,
3365 4787 3595 4828 reversa:

332 4862 567 4931 primum
583 4858 994 4928 Jared,hocest,
1018 4861 1370 4929 descendens;
1393 4878 1456 4918 eo
1481 4866 1622 4934 quod
1647 4866 1713 4920 de
1735 4877 1917 4922 monte
2015 4878 2160 4926 sunt.
2197 4870 2264 4924 Et
2286 4870 2411 4940 quia
2446 4870 2559 4923 haec
2584 4866 2808 4923 historia
2851 4871 2904 4925 in
2949 4867 3086 4923 libro
3134 4866 3278 4921 Ruth
3319 4864 3591 4927 scribitur,

336 4952 674 5006 descenderit
727 4966 848 5006 cum
891 4951 1089 5007 tabulis
1139 4950 1298 5018 legis;
1328 4960 1481 5021 pater
1518 4961 1699 5009 autem
1738 4952 1916 5010 Gedor
2014 4961 2216 5017 idcirco
2249 4959 2615 5030 subsequitur.
2652 4959 2778 5017 Haec
2804 4968 2982 5017 autem
3016 4965 3142 5013 sunt
3176 4957 3339 5011 verba
3385 4962 3587 5009 vetera.

335 5040 468 5109 scpis
502 5039 721 5105 dicitur,
752 5054 819 5095 eo
846 5042 989 5112 quod
1034 5042 1189 5110 quasi
1221 5041 1453 5111 quodam
1491 5058 1616 5113 sepe
1659 5045 1914 5115 populum
2088 5049 2160 5104 Hi
2185 5060 2307 5105 sunt
2334 5049 2483 5121 ﬁguli
2508 5050 2796 5107 habitantes
2817 5052 2869 5106 in
2914 5049 3319 5123 plantationibus
3366 5056 3414 5101 et
3441 5046 3495 5099 in
3519 5061 3588 5099 se-

338 5132 694 5186 circumdedit
720 5131 867 5203 lege;
912 5133 1092 5189 Heber
1130 5148 1362 5199 quoque,
1408 5133 1511 5190 hoc
1552 5143 1652 5200 est,
1696 5137 1912 5201 vinctor,

2014 5143 2165 5212 pibus
2190 5141 2329 5211 apud
2356 5157 2523 5211 regem
2543 5142 2599 5195 in
2624 5144 2864 5214 operibus
2887 5143 3019 5209 ejus,
3051 5139 3455 5209 commoratique
3472 5144 3590 5189 sum

339 5238 436 5293 pro
464 5238 532 5279 eo
557 5232 799 5289 vocatur,
846 5226 988 5295 quod
1036 5224 1288 5295 populum
1334 5228 1554 5283 servitio
1590 5229 1685 5283 Dei
1720 5227 1919 5297 junxe—
2015 5232 2106 5286 ibi.
2144 5230 2391 5302 Singulos
2414 5247 2545 5288 vero
2587 5232 2719 5288 dicit
2759 5233 3063 5288 habitantes
3088 5231 3139 5285 in
3170 5225 3590 5300 plantationibus

341 5311 427 5365 rit.
464 5309 633 5367 Pater
653 5311 848 5379 Socho,
897 5314 1200 5385 prophetiae,
1230 5316 1354 5385 quia
1400 5332 1541 5388 saepe
1582 5319 1697 5388 ipse
1732 5319 1921 5375 doctor
2019 5331 2073 5378 et
2111 5323 2163 5377 in
2190 5323 2427 5392 sepibus,
2455 5324 2767 5394 progeniem
2786 5338 2906 5393 quae
2925 5323 2990 5377 de
3014 5322 3151 5376 Ruth
3171 5325 3461 5390 propagata
3482 5322 3582 5377 est.

340 5398 435 5456 fuit
454 5402 857 5473 prophetarum.
885 5403 1108 5460 lcuthiel
1128 5420 1277 5471 vero,
1304 5423 1517 5476 sperans
1540 5409 1597 5462 in
1616 5408 1916 5476 Dominum,
2019 5430 2138 5484 qua:
2173 5414 2226 5469 in
2256 5414 2472 5483 sepibus
2502 5422 2556 5469 et
2589 5413 3011 5483 plantationibus
3052 5411 3325 5466 habitasse
3370 5405 3587 5466 dicitur,

344 5491 463 5548 inde
490 5502 852 5564 nuncupatur,
895 5496 1023 5567 quia
1050 5511 1199 5566 spem
1236 5498 1498 5554 habuerat
1526 5498 1785 5556 liberandi
1821 5518 1919 5572 po-
2018 5504 2270 5574 quoniam
2312 5505 2380 5559 ad
2425 5505 2626 5576 regiam
2670 5504 2981 5575 dignitatem
3022 5510 3077 5557 et
3102 5501 3169 5555 ad
3197 5497 3587 5553 munimentum

345 5581 524 5649 pulum
552 5583 619 5638 de
646 5581 898 5655 Egypto.
927 5585 1092 5640 Pater
1125 5594 1305 5641 autem
1350 5587 1554 5654 Zanoa,
1606 5591 1696 5660 qui
1750 5591 1917 5645 inter-
2015 5592 2187 5662 plebis
2233 5594 2349 5647 lucc
2399 5591 2659 5662 planlutio
2688 5592 2949 5662 pervenit.
3006 5587 3419 5656 Commoratique
3467 5592 3586 5637 sunt

348 5682 585 5740 pretatur
618 5675 948 5746 gubernator,
985 5676 1110 5733 inde
1149 5677 1324 5732 dictus
1368 5677 1493 5746 quia
1533 5695 1776 5752 magnam
1821 5696 1915 5751 po-
2014 5681 2107 5746 ibi,
2133 5681 2235 5736 hoc
2264 5689 2367 5745 est,
2397 5682 2451 5736 in
2479 5681 2810 5743 Bethlehem,
2856 5678 2996 5748 apud
3041 5690 3205 5745 regem
3250 5679 3304 5728 in
3351 5669 3588 5741 operibus
