3912 6160
371 364 474 417 307

1020 367 1080 420 Β.
1119 364 1369 421 RABANI
1412 363 1632 421 MAURI
1672 366 1991 422 ARGlilEP.
2032 365 2343 422 MOGUNT.
2389 367 2674 423 OPERCM
2715 368 2890 424 PARS
2926 368 2965 424 ῐ.

3524 374 3625 430 508

368 492 481 542 σιγης
503 490 519 526 .·
542 476 666 545 quia
698 490 760 530 ex
797 476 874 531 eis
906 476 1073 533 David
1098 493 1193 534 rex
1220 488 1441 534 exortus
1468 488 1571 544 est,
1605 478 1757 548 cujus
1781 495 1943 549 opera
1973 484 2017 541 Α
2050 496 2185 542 rum,
2216 490 2264 534 et
2291 481 2607 537 habitatum
2636 484 2725 554 qui
2746 485 2935 538 inventi
2964 484 3175 555 fuerant
3226 486 3317 552 ibi,
3350 497 3398 542 et
3428 492 3626 542 delere-

371 569 528 621 nimis
554 569 838 638 praeconiis
859 570 1235 639 prmdicantur.
1267 571 1488 643 Mystice
1531 582 1707 627 autem
1750 572 1939 640 ﬁgulos

366 658 464 711 lius
490 660 579 727 qui
612 659 665 713 in
689 659 1108 729 plantationibus
1132 669 1186 715 et
1216 662 1269 716 in
1299 663 1514 731 sepihus
1535 663 1800 728 laborant,
1831 679 1938 717 non

367 749 519 808 alios.
552 764 714 818 quam
760 749 1007 805 doctores
1038 759 1253 806 sanctos
1298 752 1663 824 intelligimus,
1704 755 1793 822 qui
1836 753 1944 808 for-

367 847 514 893 mant
539 849 584 893 et
616 849 939 909 componunt
970 857 1094 894 vasa
1124 842 1331 896 Domini
1361 861 1373 895 :
1399 843 1593 914 ﬁngere
1622 845 1767 898 enim
1806 861 1946 897 com-

364 945 554 994 ponere
577 928 752 983 dicim'
776 945 821 983 s.
853 929 1005 984 Unde
1027 932 1415 999 compositores
1450 932 1544 986 ltiti
1579 933 1767 1003 ﬁgulos
1793 948 1948 987 voca-

366 1035 503 1073 mus.
535 1018 625 1076 lsti
658 1018 801 1089 ﬁguli
831 1019 883 1072 in
909 1020 1332 1089 plantationibus
1354 1029 1409 1076 et
1432 1022 1485 1076 in
1532 1023 1749 1093 sepibus
1798 1022 1946 1077 labo-

366 1119 508 1176 rant,
547 1110 674 1180 quia
709 1111 920 1165 vineam
963 1110 1172 1166 Domini
1224 1113 1387 1167 verbo
1430 1113 1552 1167 ﬁdei
1597 1114 1851 1168 excolunt
1894 1123 1949 1168 et

365 1201 626 1256 doctrinis
674 1201 787 1257 suis
820 1201 1083 1271 plantant,
1131 1202 1594 1259 exhortationibus
1625 1205 1738 1260 suis
1787 1215 1947 1275 atque

365 1292 702 1347 orationibus
722 1293 956 1362 undique
991 1294 1258 1347 muniunt.
1306 1295 1370 1349 Hi
1396 1297 1536 1365 apud
1556 1311 1735 1367 regem
1760 1299 1812 1352 in
1828 1313 1948 1367 ope-

368 1383 515 1438 ribus
541 1381 657 1450 ejus
686 1391 1119 1438 commorantur:
1143 1385 1266 1453 quia
1289 1385 1341 1439 in
1366 1384 1468 1440 ﬁde
1498 1385 1699 1441 Christi
1727 1404 1948 1442 manen-

367 1484 469 1539 tes,
501 1474 759 1544 quidquid
789 1475 994 1540 dicunt,
1019 1476 1277 1545 quidquid
1322 1484 1508 1547 agunt,
1544 1480 1721 1532 omnia
1747 1478 1797 1533 in
1829 1479 1946 1550 glo-

368 1566 501 1619 riam
534 1565 625 1618 Dei
654 1565 871 1619 faciunt.

441 1655 568 1709 Filii
607 1653 814 1709 Simeon
839 1654 1051 1710 lamuel
1074 1667 1122 1711 et
1153 1657 1355 1723 Jamin,
1389 1655 1567 1724 Jarib,
1598 1657 1761 1725 Zara,
1794 1659 1947 1726 Saul,

367 1758 470 1802 etc.
506 1747 769 1818 Filiiergo
792 1747 1008 1803 Simeon
1032 1750 1085 1802 in
1107 1749 1300 1804 Genesi
1327 1749 1638 1805 scribuntur
1668 1748 1948 1819 sex(Gen.

2046 579 2164 621 runt
2207 585 2293 622 eos
2330 586 2491 640 usque
2520 572 2574 625 in
2617 582 2919 643 prtesentem
2963 574 3119 639 diem,
3173 576 3632 647 habitaveruntque

2044 672 2139 724 pro
2167 656 2263 713 eis.
2283 659 2532 727 quoniam
2550 658 2841 715 uberrimas
2860 679 3083 731 pascuus
3106 662 3292 717 ibidem
3310 677 3630 730 repererunt.

2048 748 2341 820 Descriptis
2386 752 2472 808 his
2513 768 2649 823 quos
2693 755 2759 810 de
2797 754 3014 811 Simeon
3058 760 3226 829 stirpe
3256 772 3633 826 numerari-ut,

2048 847 2100 893 et
2125 841 2391 911 expressis
2427 844 2635 899 actibus
2664 860 2875 911 eorum,
2900 844 3055 915 juxta
3102 853 3417 920 mysterium
3463 854 3637 916 signi-

2049 931 2175 986 ﬁcat
2217 933 2361 1003 quod
2382 935 2631 990 doctores
2660 937 2858 1001 sancti,
2888 938 2977 1007 qui
3004 939 3276 1010 principes
3301 951 3424 995 sunt
3456 940 3639 993 Eccle-

2049 1023 2164 1091 siae,
2195 1032 2251 1081 et
2290 1026 2585 1096 prtevident
2631 1042 2862 1097 pascuas
2916 1031 3167 1101 gregibus
3203 1032 3428 1096 Christi.
3471 1034 3641 1103 pioﬁ-

2049 1113 2323 1168 ciseuntur
2351 1116 2403 1169 in
2430 1113 2608 1171 Gador
2634 1132 2803 1187 usque
2848 1120 2917 1173 ad
2954 1120 3220 1176 orientem
3257 1125 3437 1187 vallis,
3466 1132 3522 1176 ut
3564 1124 3637 1177 ibi

2048 1213 2292 1275 quaerant
2322 1221 2517 1275 pascua
2552 1216 2871 1278 opportuna.
2913 1210 2979 1264 Et
3004 1212 3131 1281 quid
3158 1227 3254 1282 per
3289 1212 3485 1276 Gador,
3519 1230 3639 1282 qua:

2052 1294 2439 1364 interpretatur
2463 1314 2605 1368 sepes
2634 1299 2768 1367 ejus,
2802 1301 2903 1355 nisi
2938 1311 3121 1357 sancta
3174 1304 3411 1359 Ecclesia
3454 1308 3640 1375 expri-

2048 1386 2235 1449 mitur,
2267 1400 2386 1455 qute
2417 1396 2651 1443 tutamen
2679 1397 2761 1444 est
2797 1398 2956 1460 atque
2986 1391 3229 1447 defensio
3253 1394 3489 1448 ﬁdelium
3528 1396 3643 1449 ani-

2051 1474 2299 1527 marum?
2318 1474 2394 1529 lbi
2417 1490 2549 1545 ergo
2577 1485 2703 1532 sunt
2729 1492 2929 1546 pascua
2958 1494 3129 1548 usque
3154 1480 3220 1533 ad
3245 1481 3510 1535 orienth
3537 1484 3644 1535 val-

2052 1560 2139 1623 lis,
2172 1562 2275 1616 hoc
2312 1573 2416 1628 est,
2449 1579 2620 1632 usque
2656 1565 2722 1618 ad
2768 1566 3192 1622 incarnationem
3224 1568 3386 1624 Verbi
3425 1569 3545 1633 Dei,
3576 1572 3643 1627 de

2054 1666 2161 1720 quo
2214 1652 2413 1707 Paulus
2470 1653 2546 1707 ait
2593 1694 2606 1706 .
2651 1653 2998 1726 Semetipsum
3039 1658 3357 1723 exinanivit,
3411 1658 3640 1728 formam

2055 1742 2187 1795 servi
2211 1742 2488 1811 accipiens,
2535 1744 2589 1797 in
2614 1745 3010 1799 similitudinem
3050 1748 3315 1802 hominum
3351 1750 3548 1818 factus,
3596 1761 3643 1805 et

368 1840 520 1911 Xl.\'.l)
546 1855 560 1893 :
582 1842 669 1895 hic.
692 1856 821 1894 vero
851 1840 1022 1895 Sober
1055 1841 1277 1905 tollitur,
1309 1857 1374 1895 eo
1400 1843 1544 1911 quod
1589 1842 1732 1897 nulla
1762 1845 1828 1898 de
1874 1859 1940 1898 eo

2047 1832 2223 1886 habitu
2261 1834 2501 1889 inventus
2548 1844 2605 1888 ut
2628 1836 2780 1889 homo
2822 1834 2997 1906 (Phil.
3050 1837 3163 1911 it).
3226 1840 3301 1894 lbi
3363 1856 3495 1911 ergo
3551 1842 3644 1911 qui

365 1938 648 2004 progenies
676 1932 962 2002 processit.
996 1932 1270 1987 Mutantur
1301 1949 1429 1988 vero
1456 1934 1673 1988 nomina
1703 1935 1947 2004 quendam

368 2022 480 2075 suis
529 2022 847 2077 rationibus.
899 2021 1032 2077 Nam
1078 2023 1128 2076 in
1179 2023 1372 2078 Genesi
1416 2024 1670 2081 scribitur
1719 2023 1946 2091 Jemuel,

369 2113 459 2181 qui
486 2112 872 2181 interpretatur
913 2130 1058 2167 mare
1087 2112 1219 2177 Dei;
1256 2114 1307 2167 in
1335 2114 1781 2183 Paralipomenon
1818 2130 1949 2170 vero

363 2201 593 2266 Jamuel,
623 2200 833 2271 loquens
867 2219 982 2255 cum
1017 2202 1146 2257 Deo.
1174 2202 1323 2258 Alius
1363 2219 1490 2259 vero
1527 2205 1579 2258 in
1615 2203 1813 2260 Genesi
1853 2221 1947 2259 vo-

364 2303 520 2349 catur
545 2293 747 2359 Ochaz,
778 2294 832 2348 in
866 2294 1314 2366 Paralipomenon
1356 2304 1536 2351 autem
1567 2295 1734 2351 Jarib.
1766 2297 1946 2353 chaz

363 2400 575 2453 quoque
608 2384 995 2454 interpretatur
1038 2385 1297 2452 laudatio,
1331 2396 1386 2441 et
1411 2387 1580 2452 Jarih,
1614 2388 1847 2458 litigans‘,
1883 2404 1948 2444 eo

363 2474 507 2543 quod
535 2474 599 2527 de
627 2473 743 2541 ejus
770 2475 1023 2544 progenie
1049 2476 1216 2530 exivit
1252 2476 1453 2541 Zamri,
1484 2493 1576 2547 qui
1600 2493 1721 2533 cum
1767 2487 1948 2533 scorto

364 2564 652 2618 Madianite
672 2579 902 2634 peccans
929 2581 958 2619 a
986 2565 1187 2621 Phinee
1207 2568 1488 2623 sacerdote
1508 2577 1815 2638 peremptus
1841 2578 1942 2623 est.

354 2657 588 2731 Lachim
631 2658 685 2711 in
715 2657 909 2712 Genesi
940 2659 1200 2728 scriptum
1237 2660 1355 2727 est(
1372 2659 1511 2714 Ibid.
1531 2663 1549 2729 )
1571 2702 1585 2723 ,
1617 2661 1756 2731 quod
1783 2662 1947 2715 inter-

366 2757 611 2819 pretatur
650 2752 965 2819 prmparatio
998 2770 1009 2804 :
1042 2752 1094 2804 in
1141 2750 1585 2821 Paralipomenon
1628 2768 1758 2808 vero
1806 2754 1946 2808 idem

366 2839 674 2893 nominatur
702 2839 858 2900 Zara.
893 2841 1034 2911 quod
1064 2841 1453 2912 interpretatur
1480 2853 1643 2898 ortus.
1677 2843 1804 2898 Saul
1829 2845 1947 2915 qui-

364 2933 510 2996 dem,
537 2947 693 3001 quem
726 2933 913 2987 eodem
943 2934 1161 2989 nomine
1200 2934 1253 2988 in
1289 2943 1518 3005 utroque
1546 2936 1684 2991 libro
1704 2951 1943 2991 comme-

364 3036 558 3088 morat,
600 3025 803 3081 sedliic
832 3025 1000 3079 ﬁlium
1027 3024 1400 3081 Chananitidis
1444 3035 1605 3094 tacet,
1658 3036 1713 3084 et
1757 3029 1946 3083 vicini-

363 3124 474 3171 tate
502 3114 725 3170 fraterni
751 3115 984 3169 nominis
1006 3130 1069 3168 ex
1092 3115 1251 3181 Zara,
1272 3117 1363 3186 qui
1390 3117 1774 3187 interpretatur
1798 3128 1941 3173 ortus

362 3205 603 3259 decorus.

437 3292 658 3349 Fratres
685 3304 856 3350 autem
879 3297 992 3366 ejus
1018 3314 1119 3351 non
1143 3298 1435 3351 habuerunt
1462 3296 1601 3365 ﬁlios
1634 3297 1821 3351 multos
1855 3311 1871 3348 :
1898 3307 1945 3351 et

368 3385 606 3437 universa
626 3385 865 3455 cognatio
893 3402 995 3439 non
1019 3387 1185 3456 potuit
1214 3386 1494 3457 adaequare
1522 3402 1779 3440 summam
1808 3386 1945 3455 ﬁlio-

367 3491 483 3530 rum
524 3473 692 3531 Juda.
727 3475 1065 3531 Manifestum
1097 3485 1180 3532 est
1210 3475 1429 3531 Simeon
1461 3492 1567 3530 non
1602 3485 1808 3530 tantum
1848 3477 1945 3530 ha-

366 3570 494 3624 bere
524 3566 871 3623 fecunditatis
885 3568 1083 3623 sobolis
1101 3577 1359 3638 quantum
1372 3567 1560 3621 habuit
1581 3566 1765 3622 Judas.
1796 3568 1946 3623 Unde

363 3666 419 3713 et
443 3658 495 3712 in
526 3658 663 3713 libro
684 3656 809 3712 Jesu
833 3657 980 3712 Nave
1008 3657 1172 3729 (Cap.
1202 3673 1294 3712 xu
1311 3657 1330 3727 )
1349 3697 1361 3719 ,
1387 3657 1583 3711 dicitur
1606 3655 1822 3712 Simeon
1850 3673 1948 3726 per

364 3749 712 3819 cognationes
750 3764 875 3803 suas
918 3749 1191 3818 accepisse
1242 3747 1612 3803 beereditatem
1668 3749 1722 3801 in
1772 3748 1945 3801 medio

362 3840 717 3912 possessionis
746 3839 978 3893 ﬁliorum
1007 3836 1164 3892 Juda.

440 3930 815 3985 flabitaveruut
845 3939 1020 3983 autem
1065 3931 1121 3983 in
1164 3928 1417 3983 Bersabee
1441 3936 1490 3981 et
1514 3925 1728 3981 Molada
1753 3936 1799 3979 et
1833 3925 1946 3979 Ha-

362 4019 629 4086 sarsuhal,
653 4028 758 4075 etc.
789 4018 882 4073 Ha:
905 4019 1154 4074 civitates
1175 4034 1242 4073 ex
1270 4020 1506 4072 maxima
1540 4026 1694 4088 parte
1732 4019 1796 4071 ad
1821 4034 1945 4087 pos-

362 4112 657 4169 sessionem
683 4113 856 4167 tribus
877 4109 1013 4165 Juda
1039 4111 1398 4180 pertinebant.
1426 4108 1579 4176 Quod
1609 4117 1787 4163 autem
1827 4110 1948 4164 sub-

355 4206 599 4278 jungitur
625 4224 637 4258 :

435 4297 536 4352 llce
572 4297 802 4351 civitates
828 4312 1005 4350 eorum
1036 4312 1199 4367 usque
1220 4296 1289 4349 ad
1323 4312 1490 4365 regem
1532 4294 1720 4349 David.
1754 4291 1946 4349 Osten-

363 4388 441 4442 dit
468 4387 613 4458 quod
643 4386 851 4458 Siceleg
876 4395 930 4441 et
957 4386 1247 4452 Bersabee,
1273 4401 1393 4455 quae
1422 4384 1595 4439 tribus
1626 4382 1776 4438 Iudae
1823 4381 1941 4437 fue-

364 4488 506 4546 runt,
529 4488 584 4535 et
605 4495 635 4534 a
659 4480 800 4534 tribu
824 4480 1040 4533 Simeon
1065 4479 1264 4532 invasze
1287 4477 1412 4543 sint,
1439 4493 1468 4531 a
1494 4476 1659 4531 David
1688 4476 1862 4531 denuo
1892 4474 1943 4529 in

360 4574 644 4644 pristinam
673 4571 822 4627 Judte
847 4572 1124 4626 redierunt
1145 4571 1535 4625 hereditatem.
1584 4619 1597 4626 -

433 4664 504 4718 Et
534 4664 763 4716 universi
782 4661 937 4715 viculi
963 4677 1141 4715 eorum
1170 4676 1263 4729 per
1279 4660 1553 4713 circuitum
1580 4660 1843 4713 civitatum
1870 4660 1941 4713 is-

359 4765 534 4809 tarum
566 4769 727 4823 usque
754 4752 822 4806 ad
846 4750 999 4816 Baal,
1023 4759 1126 4805 etc.
1153 4749 1277 4803 Baal
1302 4749 1413 4819 ipse
1433 4757 1517 4804 est
1537 4748 1686 4804 locus
1706 4751 1795 4819 qui
1815 4750 1940 4804 alibi

361 4844 675 4901 Cariachbal
718 4843 996 4908 scribitur,
1038 4842 1103 4898 de
1146 4856 1253 4911 quo
1297 4841 1545 4910 superius
1588 4841 1789 4897 dictum
1834 4849 1937 4895 est.

360 4934 511 5002 Quod
540 4944 718 4989 autent
755 4934 950 4988 diritur
972 4951 984 4986 :

432 5024 530 5079 Isti
552 5035 671 5078 sunt
702 5026 955 5078 nominati
1000 5026 1259 5095 principes
1289 5025 1341 5078 in
1366 5024 1759 5093 cognationibus
1806 5026 1936 5088 suis,

358 5127 406 5171 et
436 5117 490 5171 in
516 5118 673 5170 domo
698 5116 1019 5186 afﬁnitatum
1044 5132 1260 5169 suarum
1292 5115 1623 5185 multiplicati
1649 5123 1767 5168 sunt
1794 5116 1941 5168 vehe-

358 5218 577 5262 menter.
606 5207 671 5261 Et
696 5208 915 5277 profecti
942 5218 1058 5261 sunt
1090 5217 1145 5261 ut
1170 5207 1562 5278 ingrederentur
1582 5207 1637 5260 in
1657 5205 1835 5260 Gador
1855 5224 1941 5260 us-

355 5317 454 5368 que
482 5299 551 5353 ad
580 5299 826 5353 orientem
854 5298 1023 5363 vallis,
1047 5308 1093 5353 et
1122 5309 1178 5351 ut
1205 5306 1496 5369 quwrerent
1529 5314 1725 5367 pascua
1768 5298 1939 5367 gregi-

358 5394 451 5446 bus
482 5392 610 5445 suis.
643 5391 1057 5461 lnveneruntque
1098 5407 1319 5461 pascuus
1363 5388 1542 5442 uberes
1585 5398 1633 5441 et
1671 5386 1817 5441 valde
1848 5391 1939 5440 bo-

358 5499 473 5547 nas,
504 5492 549 5535 et
571 5493 766 5536 terram
786 5481 1097 5534 latissimam
1140 5489 1186 5534 et
1226 5480 1453 5548 quietam
1500 5487 1549 5531 et
1599 5474 1839 5545 fertilem,
1886 5477 1939 5528 in

356 5591 459 5643 qua
484 5584 605 5628 ante
630 5573 993 5628 habitaverunt
1015 5571 1079 5625 de
1101 5572 1259 5641 stirpe
1288 5567 1473 5624 Cham.
1506 5565 1582 5621 Hi
1624 5581 1744 5636 ergo
1791 5581 1939 5618 vene-

360 5677 503 5729 runt,
532 5683 661 5737 quos
687 5682 847 5736 supra
896 5663 1262 5735 descripsimus
1310 5662 1646 5722 nominatim,
1680 5659 1732 5711 in
1759 5657 1937 5710 diebus

364 5755 602 5809 Ezechiar
646 5758 778 5823 reqis
806 5755 951 5810 Juda
993 5765 1039 5808 et
1083 5762 1442 5824 percusserunt
1489 5746 1825 5805 tabernacula
1855 5765 1936 5801 eo-

2050 1923 2242 1992 quzerit
2284 1940 2499 1993 pascua,
2541 1926 2813 1981 uberrima
2846 1927 3102 1992 inveniet,
3132 1929 3257 1998 quia
3290 1930 3405 2000 ipsa
3439 1932 3519 1985 ait
3553 1930 3645 1987 Ve-

2049 2013 2182 2067 ritas
2213 2031 2226 2064 τ
2254 2013 2366 2084 Ego
2396 2032 2511 2069 sum
2533 2018 2762 2083 ostium;
2790 2034 2883 2087 per
2904 2035 2983 2072 me
3006 2020 3053 2072 si
3077 2020 3193 2089 quis
3222 2021 3511 2085 introierit,
3536 2021 3646 2074 sal-

2048 2104 2272 2172 vabitur,
2303 2115 2351 2159 et
2371 2106 2693 2175 ingredietur
2714 2118 2759 2160 et
2785 2109 3097 2179 egredietur,
3123 2120 3172 2164 et
3197 2127 3391 2180 pascua
3417 2113 3643 2167 inveniet

2049 2194 2242 2267 (Joan.
2290 2195 2380 2267 x).
2419 2196 2494 2251 ibi
2541 2212 2669 2269 ergo
2712 2200 2889 2253 omnis
2928 2202 3124 2270 quippe
3157 2202 3249 2271 qui
3294 2203 3491 2271 qumrit
3541 2219 3643 2272 pa-

2049 2301 2205 2343 scuas
2233 2289 2511 2353 virtutum,
2548 2292 2745 2346 uberes
2773 2302 2827 2345 et
2855 2293 3009 2347 valde
3038 2307 3207 2348 nonas
3229 2295 3467 2349 inveniet
3490 2312 3504 2358 ;
3544 2295 3645 2350 ibi-

2049 2394 2152 2449 que
2188 2387 2331 2434 terra
2372 2380 2655 2446 latissima,
2690 2391 2746 2436 et
2782 2371 2981 2447 quieta,
3023 2393 3077 2438 et
3120 2382 3312 2437 fertilis
3361 2392 3464 2449 est,
3511 2386 3644 2455 quia

2050 2468 2123 2522 ibi
2151 2469 2323 2539 gratia
2355 2470 2614 2539 spiritalis
2653 2472 2792 2525 dono
2820 2472 2912 2526 Dei
2960 2474 3330 2542 copiosissime
3375 2475 3639 2529 abundat.

2046 2558 2199 2625 Quod
2225 2568 2403 2614 autem
2428 2560 2559 2615 dicit
2586 2579 2598 2614 :
2625 2560 2691 2615 In
2718 2579 2821 2631 qua
2854 2572 2973 2616 ante
2999 2565 3361 2619 habitaverunt
3385 2564 3449 2618 de
3477 2567 3645 2637 stirpe

2049 2650 2235 2716 Cham,
2269 2651 2535 2721 signiﬁcat
2567 2653 2963 2708 multitudinem
3000 2657 3241 2726 gentium
3274 2658 3337 2712 de
3367 2656 3641 2713 idolorum

2049 2740 2259 2794 cultura
2291 2742 2487 2797 ibidem
2516 2742 2865 2810 conﬂuxisse,
2896 2754 2956 2799 ut
2988 2747 3144 2800 unius
3165 2747 3260 2801 Dei
3298 2749 3413 2803 veri
3453 2759 3644 2804 essent

2049 2833 2302 2895 cultores,
2326 2835 2451 2904 quia
2483 2844 2639 2890 antea
2680 2837 2950 2892 variorum
2987 2839 3241 2893 vitiorum
3272 2839 3492 2896 fuerunt
3522 2856 3642 2896 ser-

2046 2925 2269 2980 vitores.
2306 2925 2376 2980 Hi
2407 2938 2653 2982 venerunt
2691 2930 2745 2982 in
2790 2929 2971 2983 diebus
3021 2930 3261 2985 Ezechiae
3298 2933 3430 3003 regis
3466 2933 3639 2997 Juda.

2047 3016 2150 3072 hoc
2178 3025 2280 3081 est,
2315 3016 2370 3070 in
2400 3026 2640 3086 tempore
2677 3017 2879 3074 Christi
2920 3020 3183 3077 adventus
3208 3041 3219 3075 :
3251 3024 3359 3092 ipse
3383 3033 3459 3077 est
3488 3026 3643 3080 enim

2046 3109 2210 3164 virtus
2241 3108 2336 3163 Dei
2364 3107 2540 3164 Patris
2567 3108 2628 3180 (Ι
2653 3107 2775 3164 Cor.
2805 3111 2873 3183 ι),
2919 3124 3078 3181 quem
3118 3111 3381 3167 Ezechias
3420 3116 3649 3170 nomine

1975 3185 2018 3247 C
2053 3214 2151 3254 suo
2188 3200 2404 3254 denotat
2437 3217 2450 3265 ;
2492 3201 2878 3269 interpretatur
2916 3203 3059 3255 enim
3106 3202 3357 3271 fortitudo
3399 3203 3643 3258 Domini.

2050 3288 2524 3362 l’ercusseruntque
2579 3290 2915 3345 tabernacula
2985 3308 3163 3345 eorum
3212 3302 3258 3346 et
3315 3293 3648 3347 habitatores

2043 3381 2133 3451 qui
2182 3382 2374 3435 inventi
2427 3382 2638 3450 fuerunt
2696 3382 2787 3449 ibi,
2830 3392 2878 3436 et
2934 3382 3229 3437 deleverunt
3254 3401 3338 3437 eos
3384 3402 3546 3454 usque
3588 3387 3649 3439 in

2043 3481 2345 3539 prtcsentem
2367 3472 2525 3525 diem.
2552 3471 2792 3527 Percutit
2818 3473 3187 3543 unusquisque
3202 3472 3371 3528 ﬁdelis
3385 3474 3650 3530 taberna-

2045 3562 2164 3617 cuia
2213 3563 2499 3631 impiorum
2526 3571 2581 3617 et
2609 3563 2945 3619 habitatores
2983 3579 3168 3618 eorum
3212 3566 3427 3634 quando
3472 3568 3648 3621 abne—

2045 3673 2173 3726 gans
2200 3657 2513 3726 impietatem
2542 3666 2589 3710 et
2620 3656 2900 3711 sa’cularia
2932 3658 3192 3712 desideria
3237 3657 3373 3728 (Tit.
3416 3675 3451 3712 ιι
3482 3657 3500 3730 )
3539 3674 3652 3728 per

2043 3747 2243 3802 Christi
2273 3748 2597 3816 baptismum
2629 3765 2658 3801 a
2682 3750 2891 3803 cunctis
2912 3749 3158 3804 sordibus
3180 3749 3415 3803 abluitur
3435 3765 3649 3819 pecca-

2047 3853 2245 3908 torum,
2271 3843 2454 3911 sicque
2471 3843 2724 3913 deinceps
2745 3857 2841 3913 per
2862 3844 3087 3915 gratiam
3105 3841 3219 3910 ejus
3239 3844 3418 3898 studet
3437 3842 3647 3907 sobrie,

2036 3936 2180 4005 juste
2204 3945 2252 3989 et
2279 3936 2361 4006 pie
2385 3938 2546 3991 vivere
2584 3938 2639 3989 in
2688 3937 2783 3990 hoc
2824 3936 3038 4001 stmulo,
3069 3947 3369 4006 exspectans
3424 3946 3645 3989 beatam

2044 4046 2183 4099 spent
2212 4039 2258 4083 et
2281 4030 2557 4083 adventum
2581 4028 2763 4099 gloria:
2792 4029 2967 4099 magni
3010 4028 3109 4081 Dei
3134 4038 3181 4081 et
3211 4022 3498 4082 Saluatoris
3534 4043 3649 4082 no-

2044 4122 2139 4174 stri
2163 4120 2289 4173 Jesu
2317 4117 2513 4173 Christi
2541 4158 2555 4184 ,
2579 4120 2670 4189 qui
2697 4120 2838 4173 dedit
2863 4120 3191 4189 semetipsum
3225 4136 3319 4188 pro
3365 4118 3529 4182 nobis,
3579 4130 3649 4173 ut

2046 4211 2315 4265 redimeret
2332 4228 2424 4264 nos
2446 4209 2510 4263 ab
2525 4211 2665 4263 omni
2680 4210 2974 4279 iniquitate,
2989 4217 3035 4262 et
3060 4202 3335 4262 mundare:
3349 4207 3445 4261 sibi
3464 4224 3649 4277 popu-

2047 4301 2152 4354 lum
2180 4300 2561 4366 acceptabilem,
2585 4310 2889 4353 sectatorem
2906 4299 3155 4352 bonorum
3183 4297 3458 4369 aperum(l
3466 4298 3555 4351 bid
3568 4300 3644 4371 .).

2046 4393 2119 4447 lta
2144 4406 2272 4461 ergo
2310 4390 2401 4445 ﬁet
2436 4392 2561 4445 illud
2597 4392 2737 4460 quod
2768 4390 3025 4460 scriptum
3062 4399 3179 4445 est:
3208 4389 3277 4443 Et
3301 4391 3397 4444 erit
3430 4391 3485 4443 in
3514 4389 3650 4446 loco

2047 4485 2135 4537 ubi
2165 4484 2360 4536 dictum
2394 4492 2492 4546 est,
2542 4480 2663 4535 Non
2715 4482 2856 4551 plebs
2878 4498 2993 4535 mea
3032 4497 3138 4546 vos,
3195 4481 3268 4534 ibi
3310 4480 3653 4535 vocabuntur

2044 4574 2143 4641 ﬁlii
2181 4573 2276 4627 Dei
2313 4573 2544 4628 viventis.

2115 4666 2191 4720 De
2218 4665 2345 4734 ﬁliis
2373 4680 2573 4735 quoque
2611 4661 2823 4717 Simeon
2867 4662 3108 4717 abierunt
3158 4661 3212 4715 in
3245 4670 3463 4717 montem
3509 4657 3652 4716 Seir-

2038 4758 2139 4811 viri
2172 4756 2454 4827 quingenti,
2491 4754 2732 4807 habentes
2774 4754 3030 4823 principes
3086 4750 3349 4805 Phaltiam
3395 4760 3443 4804 et
3472 4750 3648 4805 Naa-

2043 4848 2174 4900 riam
2220 4856 2266 4898 et
2315 4843 2603 4911 Raphaiam
2639 4850 2686 4894 et
2739 4839 2887 4895 Oziel
2924 4840 3063 4910 ﬁlios
3110 4840 3220 4894 Jesi
3248 4854 3269 4893 :
3295 4849 3343 4893 et
3362 4856 3649 4910 percusse-

2045 4947 2163 4993 runt
2204 4936 2447 5006 reliquias
2474 4948 2590 5002 qua!
2620 4933 2835 4987 evadere
2871 4940 3168 5002 potuerant,
3193 4928 3646 4995 Amulecitamm,

2040 5036 2087 5078 et
2116 5024 2475 5077 habitaverunt
2506 5022 2575 5074 ibi
2605 5038 2697 5091 pro
2722 5021 2794 5073 eis
2822 5035 2983 5089 usque
3010 5020 3063 5071 in
3101 5018 3240 5070 diem
3286 5018 3442 5070 hanc.
3485 5016 3648 5083 Quid

2041 5128 2138 5182 per
2167 5111 2487 5181 quingentos
2524 5111 2688 5173 viros,
2732 5109 2832 5162 nisi
2873 5117 3055 5177 patres
3100 5105 3233 5161 Novi
3290 5106 3646 5163 Testamenti

2042 5201 2419 5271 designantur?
2442 5199 2507 5254 Hi
2535 5215 2662 5270 ergo
2694 5199 2942 5253 abierunt
2986 5198 3038 5252 in
3088 5205 3324 5251 montem
3375 5194 3514 5259 Scir,
3574 5210 3641 5253 et

2041 5299 2420 5360 percusserunt
2454 5290 2705 5360 reliquias
2753 5289 3202 5353 Amalecitarum;
3254 5287 3381 5357 quia
3428 5300 3609 5355 super

2042 5380 2187 5435 biant
2219 5381 2377 5451 hujus
2404 5381 2587 5434 mundi
2617 5381 3016 5445 conculcantes,
3040 5375 3435 5432 deformitatem
3457 5376 3644 5431 vitio-

2043 5487 2159 5523 rum
2187 5473 2557 5540 opprimendo,
2607 5472 2960 5541 malignorum
3007 5469 3293 5537 spirituum
3343 5466 3643 5536 reliquias,

2044 5563 2274 5632 Spiritus
2304 5564 2471 5618 sancti
2498 5564 2671 5635 gratia
2704 5564 2955 5626 donante,
2982 5560 3361 5630 comprimunt.
3399 5558 3462 5616 ili
3489 5573 3648 5629 ergo

2039 5663 2270 5724 quatuor
2298 5655 2627 5725 principibus
2675 5653 2960 5708 sustentati
3002 5666 3125 5706 esse
3169 5650 3462 5706 dicuntur:
3492 5651 3647 5721 quia

2040 5743 2344 5815 evangelica
2365 5743 2605 5800 doctrina
2625 5743 2888 5798 veraciter
2915 5740 3185 5803 instructi,
3209 5736 3487 5808 spirituale
3506 5737 3644 5793 bel—
