3902 6146
314 323 426 380 509

1251 308 1604 367 ΒΟΜΜΕΝΤ.
1645 309 1712 365 IN
1749 307 2299 364 I’AllALll‘OiIENA.
2344 336 2410 346 —-
2447 305 2574 360 LIB.

3470 306 3573 360 3l0

315 440 427 493 lum
469 439 660 489 contra
708 428 972 498 malignos
1013 422 1236 495 spiritus
1286 424 1671 479 convenienter
1716 437 1904 494 gerere
1931 425 1982 484 Α
2005 421 2242 490 princeps
2272 421 2327 474 in
2355 418 2491 472 tribu
2528 416 2729 480 Ruben,
2775 422 2829 469 et
2861 413 3014 484 reliq.
3049 414 3216 470 Beera
3252 414 3393 470 (ilius
3422 416 3579 470 Bm].

312 533 559 601 possunt.
582 523 650 578 Et
670 520 1010 577 benedieitur
1032 518 1174 587 quod
1196 515 1607 581 habitarentibi,
1634 514 1904 585 percussis

315 618 562 688 reliquiis
603 611 1062 676 Amaleeitarum;
1090 609 1235 679 quia,
1273 608 1511 678 expulsis
1555 608 1755 677 iniquis
1782 620 1907 676 pos-

314 707 642 770 sessoribns,
675 703 730 756 in
762 701 883 757 loco
922 699 1180 753 vitiorum
1229 697 1490 750 virtutum
1535 695 1728 750 seriem
1783 695 1908 749 sub-

316 802 670 868 rogaverunt,
697 804 927 861 quarum
949 788 1218 859 possessio
1247 777 1520 841 hominem
1562 785 1730 840 efﬁcit
1777 786 1906 840 bea—

318 900 454 943 tum.
490 883 995 952 Gonvenienterque
1021 878 1265 933 additum
1309 885 1412 941 est,
1458 893 1621 948 usque
1662 877 1730 930 ad
1772 876 1905 929 diem

315 980 454 1034 hanc
483 991 502 1029 :
523 976 669 1047 quod
696 973 883 1028 tandiu
906 971 1011 1027 dici
1041 976 1241 1040 potest,
1265 969 1503 1038 quandiu
1532 967 1655 1022 linis
1684 981 1788 1021 non
1806 966 1913 1020 erit

317 1070 504 1126 mundi
536 1067 704 1138 :quia
743 1069 930 1121 sancta
956 1062 1196 1118 Ecclesia
1230 1076 1401 1133 usque
1448 1061 1517 1115 ad
1566 1072 1909 1115 consumma-

323 1163 523 1217 tionem
557 1162 843 1229 permanet
884 1153 1083 1217 smculi,
1118 1153 1174 1207 in
1203 1167 1307 1222 qua
1334 1150 1572 1221 quotidie
1599 1157 1786 1205 contra
1817 1149 1911 1203 ho-

321 1259 432 1307 stes
457 1246 768 1320 spirituales
797 1244 1105 1310 dimicatur,
1152 1252 1209 1299 et
1250 1241 1491 1314 quotidie
1517 1240 1822 1309 triumphus
1848 1239 1913 1295 de

322 1342 401 1397 eis
425 1340 657 1410 capitur.

963 1424 1190 1482 CAPUT
1236 1422 1302 1477 ν.

644 1518 725 1574 De
742 1517 868 1588 ﬁliis
894 1514 1074 1571 Ruben
1094 1525 1142 1569 et
1173 1514 1375 1569 actibus
1402 1527 1607 1568 eorum.

398 1616 452 1687 (Ι
472 1614 608 1669 Pan.
640 1628 696 1667 v.
726 1610 744 1681 )
770 1608 903 1670 Filii
931 1625 1131 1680 quoque
1159 1606 1343 1661 Ruben
1364 1606 1688 1677 primogeniti
1713 1605 1913 1660 Israel:

329 1708 437 1777 ipse
461 1704 649 1776 quippe
670 1700 769 1772 fuit
794 1700 1168 1769 primogenitus
1195 1697 1343 1767 ejus;
1372 1698 1462 1751 sed
1512 1714 1628 1751 cum
1676 1694 1915 1750 violasset

2011 507 2075 562 de
2104 508 2272 576 stirpe
2298 506 2508 569 Ruben,
2542 503 2716 573 ipsum
2743 503 2929 557 dicunt
2962 518 3082 558 esse
3110 504 3405 573 principem
3435 504 3585 560 Oscae

2006 597 2301 667 prophetae,
2335 611 2493 665 quem
2526 609 2618 648 rex
2649 592 2991 663 Assyriorum
3032 608 3153 646 eum
3185 593 3367 647 decem
3418 594 3586 648 tribu-

2007 687 2130 750 bus,
2161 700 2280 754 quae
2301 685 2519 739 fuerunt
2547 683 2599 736 in
2632 680 2897 745 Samaria,
2930 682 2984 735 in
3015 682 3381 752 captivitatem
3406 684 3579 738 duxit.

2078 775 2147 829 In
2195 776 2374 830 diebus
2408 787 2581 828 autem
2629 771 2761 829 Saul
2806 773 3037 843 prwliati
3065 782 3185 828 sunt
3215 784 3395 829 contra
3440 777 3583 847 Aga-

2011 882 2123 920 reos
2151 875 2199 919 et
2226 864 2595 933 interfecerunt
2624 862 2762 928 illos,
2796 862 3254 931 habitaveruutqus
3288 879 3381 932 pro
3424 864 3498 918 eis
3533 866 3585 916 in

2009 954 2358 1009 tabernaculis
2385 969 2584 1017 eorum,
2613 953 2668 1004 in
2712 951 2853 1005 omni
2881 948 3058 1021 plaga,
3106 968 3222 1022 qua?
3270 953 3477 1021 respicit
3518 953 3587 1006 ad

2013 1046 2276 1101 Orientem
2301 1042 2527 1098 Galaad.
2555 1041 2859 1095 Notandum
2886 1051 3064 1095 autem
3093 1044 3234 1112 quod
3256 1041 3421 1114 Agar,
3450 1043 3590 1098 unde

2011 1134 2207 1207 Agarei
2253 1134 2429 1190 exorti
2479 1141 2623 1199 sunt,
2676 1132 2792 1202 ipsa
2844 1131 2918 1186 sit
2950 1130 3205 1200 Cethura,
3260 1150 3420 1205 quem
3470 1143 3590 1204 post

2012 1232 2244 1280 mortem
2292 1222 2442 1278 Sara:
2490 1221 2764 1276 Abraham
2806 1221 2963 1275 duxit
3001 1239 3223 1279 uxorem
3257 1222 3409 1296 (Gen.
3436 1225 3586 1298 xxv).

2014 1314 2149 1370 Nam
2191 1314 2320 1368 dum
2351 1313 2406 1368 in
2442 1312 2791 1381 sequentibus
2821 1310 2968 1366 dicat
2996 1311 3185 1382 (Ibid)
3222 1314 3517 1371 Rubenitas
3539 1324 3593 1369 et

2017 1403 2236 1460 Gaditas
2263 1411 2318 1457 et
2345 1403 2621 1457 dimidiam
2654 1402 2855 1456 tribum
2884 1401 3131 1456 Manasse
3174 1417 3443 1474 pugnasse
3471 1420 3592 1459 cum

2019 1494 2259 1564 Agareis,
2307 1494 2552 1562 sequitur
2598 1492 2895 1561 praebuisse
2923 1492 3005 1547 ei’s
3052 1493 3312 1548 auxilium
3356 1494 3592 1560 ltureos,

2017 1583 2218 1639 Naseos
2255 1592 2310 1638 et
2353 1582 2560 1650 Nodab,
2603 1584 2695 1653 qui
2729 1583 2915 1653 utique
2957 1583 3052 1638 lilii
3081 1583 3330 1640 lsimaliel
3362 1585 3592 1641 fuerunt.

2022 1674 2126 1729 Sed
2158 1685 2208 1730 et
2243 1674 2374 1730 illud
2401 1675 2703 1739 sciendum,
2751 1675 2893 1743 quod
2922 1675 3017 1745 qui
3047 1675 3103 1728 in
3150 1674 3597 1746 Paralipomenon

331 1764 764 1865 {hom'm'émgh
790 1764 917 1845 άαια
935 1764 1055 1845 δξιηε
1077 1764 1417 1860 prim'ogenim
1433 1789 1545 1860 ejus
1560 1788 1683 1858 ﬁliis
1705 1788 1917 1859 goseph’
1951 1773 1996 1832 Β
2025 1765 2231 1830 Nodab,
2265 1765 2405 1821 idem
2448 1764 2734 1865 ἰπὶ-(ἱρηεεί
2763 1765 2961 1865 cedrus
3008 1775 3252 1821 vocatur.
3285 1766 3484 1823 Cedma
3514 1768 3598 1822 in-

330 1890 454 1959 filiis
471 1885 645 1941 Israel
669 1901 688 1939 :
718 1893 768 1939 et
792 1899 894 1937 non
916 1891 990 1936 est
1019 1880 1107 1935 ille
1136 1890 1405 1951 reputatus
1427 1883 1481 1933 in
1501 1878 1919 1950 primogenitum.

333 1977 653 2034 Manifestus
676 1983 762 2032 est
786 1975 1024 2030 historia:
1051 1987 1261 2037 sensus,
1289 1973 1432 2043 quod
1453 1972 1574 2027 ideo
1600 1972 1778 2026 ablata
1800 1978 1925 2027 sunt

333 2069 694 2142 primogenita
721 2084 752 2123 a
785 2067 994 2132 Ruben,
1026 2082 1093 2121 eo
1138 2066 1283 2136 quod
1323 2066 1579 2120 dormivit
1623 2080 1744 2120 cum
1798 2064 1923 2119 Bala

335 2162 643 2220 concubina
667 2160 840 2232 patris
858 2159 941 2215 sui
971 2157 1159 2224 Jacob,
1182 2166 1237 2213 et
1258 2164 1559 2227 stuprasset
1590 2170 1708 2210 eam
1757 2153 1921 2228 (Gen.

304 2312 311 2323 ,ν
336 2252 566 2323 xxxvi).
592 2250 749 2308 Unde
780 2248 1123 2322 primogeniti
1169 2248 1343 2303 honor
1389 2245 1681 2301 translatus
1728 2251 1815 2300 est
1858 2244 1926 2299 ad

308 2322 534 2412 \Joseph
550 2342 822 2411 juniorem
850 2338 1039 2404 tilium,
1067 2337 1218 2407 cujus
1246 2336 1533 2408 progenies
1570 2335 1725 2390 valde
1748 2332 1927 2389 multi-

340 2436 662 2506 plicabatur,
693 2440 752 2489 et
769 2430 1070 2487 excellebat
1103 2430 1344 2499 potentia
1389 2428 1540 2498 regni
1579 2427 1720 2481 inter
1743 2425 1926 2481 decem

343 2523 519 2577 tribus
547 2536 669 2591 qute
692 2519 907 2574 luerunt
933 2521 989 2575 in
1014 2518 1279 2573 Samaria.
1324 2516 1548 2589 Mystice
1599 2524 1778 2571 autem
1831 2515 1926 2571 de-

341 2619 612 2667 monstrat
640 2611 851 2664 ruinam
896 2609 1077 2680 populi
1122 2608 1341 2679 prioris,
1373 2608 1528 2679 cujus
1566 2605 1757 2679 (juxta
1786 2605 1927 2676 quod

343 2700 739 2770 primogenitus
766 2698 1093 2769 debebatur)
1120 2707 1240 2754 erat
1256 2699 1517 2767 accipere
1566 2698 1935 2753 sacerdotium

345 2799 510 2861 atque
537 2804 783 2861 regnum.
815 2788 920 2843 Sed
947 2789 1073 2858 quia
1100 2788 1345 2843 ascendit
1382 2786 1559 2843 cubile
1603 2786 1698 2842 Dei
1751 2786 1933 2843 Patris

348 2882 449 2946 sui,
472 2889 531 2936 et
549 2878 839 2935 maculavit
861 2886 1091 2933 stratum
1115 2877 1251 2948 ejus,
1282 2878 1498 2948 quando
1523 2892 1719 2947 corpus
1749 2876 1933 2933 Domi-

351 2973 556 3038 nicum,
584 2973 641 3026 in
662 2986 768 3041 quo
793 2970 1069 3040 plenitudo
1089 2969 1385 3025 divinitatis
1406 2968 1776 3039 requieseebat
1792 2965 1928 3040 (Col.

353 3065 455 3136 ιι),
486 3071 702 3135 raptum
728 3062 785 3117 in
812 3076 973 3117 cruce
1001 3060 1297 3132 suspendit,
1320 3068 1376 3115 et
1400 3059 1547 3115 ferro
1571 3059 1931 3115 commacula-

2025 1866 2377 1929 terpretatur,
2408 1858 2761 1928 antiquorum,
2795 1856 3002 1923 Nodah,
3035 1869 3173 1913 uter.

2098 1974 2400 2045 Traditique
2426 1984 2545 2027 sunt
2576 1975 2629 2027 in
2675 1990 2860 2028 manus
2896 1990 3078 2029 eorum
3120 1976 3349 2046 Agareni
3395 1985 3443 2030 et
3471 1976 3565 2029 uni
3576 2007 3596 2017 ο

2025 2065 2158 2119 versi
2183 2065 2272 2134 qui
2317 2065 2524 2133 fuerant
2553 2080 2671 2116 cum
2703 2063 2809 2128 eis,
2844 2065 2970 2134 quia
3012 2064 3296 2119 Dominum
3335 2064 3591 2120 invocave-

2028 2163 2170 2218 runt,
2222 2169 2343 2206 cum
2393 2152 2803 2222 prwliarentur;
2848 2162 2897 2207 et
2922 2155 3186 2209 exaudivit
3212 2171 3318 2220 eos,
3360 2172 3420 2208 eo
3463 2171 3599 2225 quoa

2027 2242 2211 2312 conﬁsi
2251 2251 2397 2296 erant
2426 2242 2480 2295 in
2503 2258 2584 2296 eo.
2614 2242 2863 2309 Quandiu
2902 2244 2999 2298 lilii
3028 2245 3191 2299 Israel
3225 2246 3409 2300 divino
3434 2246 3600 2301 cultui

2027 2333 2325 2389 secundum
2355 2331 2491 2403 legis
2526 2341 2792 2403 prmcepta
2822 2348 2882 2389 se
2912 2334 3384 2404 mancipaverunt;
3419 2334 3603 2389 tandin

2030 2423 2337 2478 habuerunt
2368 2421 2652 2477 Dominum
2689 2424 2984 2492 propitium
3010 2432 3066 2478 et
3098 2425 3399 2495 adjutorem
3444 2432 3605 2495 atque

2028 2510 2367 2569 defensorem
2414 2520 2603 2568 contra
2640 2513 2826 2569 hostes
2862 2528 3011 2569 suos.
3043 2512 3178 2569 Cum
3224 2522 3404 2570 autem
3453 2514 3604 2570 illuni

2029 2603 2406 2668 deseruerunt,
2426 2611 2481 2659 et
2507 2603 2772 2658 idolorum
2791 2603 3058 2659 culturam
3084 2605 3379 2660 secundum
3403 2620 3606 2661 morem

2030 2694 2308 2751 nationum
2338 2695 2707 2761 instituerunt,
2739 2696 2925 2751 statim
2966 2697 3265 2752 sentierunt
3297 2712 3423 2752 eum
3466 2697 3606 2753 ulto-

2031 2802 2168 2850 rem,
2189 2802 2348 2857 quem
2380 2795 2540 2842 antea
2557 2787 2859 2841 habuerunt
2880 2795 3267 2857 protectorem.
3291 2787 3448 2854 Quod
3463 2789 3608 2843 enim

2031 2878 2165 2934 dicit
2190 2896 2204 2933 :
2231 2876 2362 2932 Fuit
2383 2879 2519 2932 enim
2543 2876 2732 2930 bellum
2764 2877 2997 2944 Domini,
3037 2879 3307 2951 significat
3330 2882 3475 2953 quod
3508 2882 3612 2937 Do-

2034 2970 2163 3026 mini
2194 2970 2394 3025 auxilio
2423 2969 2619 3025 bellum
2651 2968 2781 3024 illud
2810 2968 2877 3025 ad
2908 2969 3333 3027 internecionem
3374 2973 3611 3028 hostium

2034 3069 2313 3131 peractum
2350 3071 2451 3116 est.

352 3156 465 3210 vit:
488 3153 563 3210 ob
584 3153 689 3209 hoc
709 3152 1187 3223 primogenitorum
1210 3151 1442 3221 dignitas
1470 3150 1537 3205 ad
1578 3149 1775 3222 Ioseph
1823 3149 1935 3220 spi»
1964 3140 2009 3202 C
2110 3152 2491 3207 Habitaverunt
2522 3169 2616 3223 pro
2658 3153 2732 3208 eis
2760 3169 2924 3224 usque
2970 3157 3038 3209 ad
3078 3157 3608 3228 transmigrationem.

350 3245 625 3310 ritualem,
653 3244 758 3299 hoc
788 3251 890 3308 est,
935 3242 1207 3297 Christum
1251 3249 1307 3297 et
1354 3240 1613 3296 Ecclesia
1661 3239 1935 3310 populum,
2041 3243 2155 3299 Hoc
2183 3251 2287 3310 est,
2322 3245 2491 3300 donec
2521 3260 2619 3314 pro
2649 3246 2889 3315 peccatis
2919 3247 3032 3302 suis
3062 3246 3244 3302 traditi
3272 3256 3397 3303 sunt
3424 3249 3478 3302 in
3501 3263 3615 3303 ma-

352 3337 617 3394 translata
649 3344 735 3391 est
768 3336 835 3391 ad
865 3350 1024 3405 quem
1074 3334 1128 3388 in
1168 3333 1374 3404 psalmo
1416 3341 1637 3404 paterna
1673 3347 1778 3387 vox
1816 3332 1934 3387 ait:
2043 3352 2147 3391 nus
2175 3336 2523 3408 Assyriorum

352 3431 483 3484 Ante
510 3427 791 3495 luciferum
812 3427 966 3497 genui
986 3436 1072 3479 te:
1098 3435 1154 3478 tu
1176 3441 1229 3479 es
1251 3424 1560 3479 sacerdosin
1579 3431 1829 3479 internum
1853 3438 1937 3477 se—
2111 3425 2181 3480 Et
2208 3427 2475 3481 suscitavit
2493 3427 2631 3483 Deus
2662 3429 2832 3484 .srael
2850 3431 3093 3500 spiritum
3130 3430 3271 3486 Phul
3296 3434 3437 3503 regis”
3455 3434 3615 3504 Assy-

353 3520 582 3574 eundum
605 3518 840 3572 ordinem
866 3515 1239 3571 Melchisedech
1275 3510 1453 3585 (Psal.
1480 3514 1619 3585 cxx).
2039 3515 2259 3580 riorum,
2283 3525 2329 3569 et
2361 3518 2603 3586 spiritum
2631 3517 3173 3590 Thelgathphalnasar
3198 3522 3333 3591 regis
3355 3521 3541 3588 Assur,
3568 3533 3615 3575 et

426 3609 599 3663 Porro
653 3606 826 3661 ludas
877 3606 967 3677 qui
1019 3614 1130 3659 erat
1184 3605 1502 3675 fortissimus
1564 3606 1699 3659 inter
1750 3603 1940 3674 fratres
2038 3605 2494 3662 transtulitRuben
2520 3618 2567 3662 et
2593 3605 2707 3663 Gad
2737 3619 2785 3664 et
2816 3610 3089 3663 dimidiam
3116 3612 3306 3664 tribum
3334 3610 3614 3677 Manasse;

357 3714 499 3766 suos,
527 3697 595 3751 de
639 3698 799 3766 stirpe
843 3696 957 3766 ejus
1005 3694 1261 3766 principes
1314 3695 1590 3764 germinali
1636 3701 1780 3757 tum.
1831 3700 1936 3747 elc-
2037 3708 2086 3751 et
2132 3698 2311 3752 eduxit
2340 3715 2427 3752 eos
2448 3700 2501 3754 in
2546 3698 2744 3753 Lahela
2774 3709 2821 3754 et
2864 3700 3006 3754 Abor
3032 3708 3082 3753 et
3128 3699 3279 3753 Hara
3323 3710 3371 3753 et
3396 3701 3611 3769 ﬂuvium

427 3788 534 3844 Per
563 3785 762 3842 Iudam
794 3801 923 3857 ergo
954 3785 1318 3857 patriarcham
1354 3785 1676 3854 exprimitur
1706 3782 1938 3837 Redem-
2039 3787 2219 3844 Gosan
2246 3805 2406 3859 usque
2426 3789 2495 3843 ad
2516 3790 2653 3843 diem
2675 3790 2830 3843 lianc.
2849 3788 3152 3846 Notandum
3174 3796 3353 3843 autem
3381 3790 3524 3858 quod
3555 3789 3609 3843 in

357 3889 482 3949 ptor
532 3886 750 3943 noster,
810 3885 972 3947 caput
1023 3875 1272 3932 videlicet
1330 3875 1581 3931 Ecclesiae
1640 3874 1936 3930 catholicae.
2038 3880 2175 3935 libro
2199 3879 2481 3935 Malachim
2506 3880 2698 3945 fertur,
2721 3879 2856 3933 Phul
2885 3895 3065 3949 regem
3089 3879 3430 3949 Assyriorum
3451 3894 3483 3933 a
3506 3877 3611 3933 Ma-

365 3972 515 4028 Unde
563 3970 825 4040 scriptum
859 3976 943 4024 est
986 3967 1053 4022 de
1096 3982 1161 4022 eo
1191 3984 1205 4020 ε
1237 3965 1364 4022 Non
1390 3966 1657 4035 auferetur
1682 3973 1940 4035 “epirum
2040 3974 2255 4038 nahem,
2275 3973 2386 4028 ﬁlio
2408 3971 2562 4037 Gadi,
2593 3986 2721 4043 rege
2734 3971 2918 4038 Israel,
2946 3972 3218 4041 accepisse
3235 3971 3378 4026 mille
3409 3970 3608 4027 talenta

361 4066 423 4119 de
447 4063 620 4129 Iuda,
649 4071 697 4117 et
726 4062 836 4116 dua:
878 4060 941 4116 de
970 4058 1250 4130 femoribus
1275 4058 1414 4129 ejus,
1443 4057 1605 4112 donec
1638 4057 1808 4111 veniat
1852 4074 1918 4127 qu

2041 4065 2270 4135 argenti,
2296 4072 2356 4120 ut
2379 4072 2523 4120 esset
2549 4064 2598 4118 ei
2632 4063 2851 4129 auxilio,
2881 4072 2933 4119 et
2965 4063 3209 4119 ﬁrmaret
3233 4079 3457 4135 regnum
3478 4063 3614 4133 ejus,

363 4155 646 4209 mittendus
691 4161 790 4219 est,
837 4161 886 4205 et
926 4151 1037 4219 ipse
1067 4151 1165 4204 erit
1193 4147 1506 4219 exspectatio
1531 4147 1761 4217 gentium
1787 4144 1938 4217 (Gen.
2042 4152 2149 4225 (IV
2172 4151 2302 4224 Reg.
2320 4152 2556 4225 xv),non
2582 4163 2781 4219 tamen,
2816 4154 3074 4222 juodeum
3093 4153 3615 4209 transtuleritiuAs-

366 4245 533 4317 xux).
567 4244 671 4312 Qui
701 4250 822 4298 erat
865 4240 1196 4296 fortissimus
1224 4240 1365 4293 inlel‘
1394 4236 1592 4293 fratres
1630 4251 1786 4303 suos.
1814 4237 1942 4307 quia
2041 4243 2233 4314 syrios.
2260 4244 2390 4298 Item
2421 4244 2677 4299 ineodem
2710 4244 3260 4318 lihrolegiturUbid.)
3284 4246 3426 4316 quod
3452 4246 3616 4301 Thel-

365 4340 520 4394 unxit
542 4352 669 4393 eum
693 4335 836 4391 Deus
860 4334 1023 4389 Pater
1049 4332 1168 4388 oleo
1194 4330 1392 4386 latitia!
1413 4345 1525 4400 pm
1549 4329 1799 4385 omnibus
1819 4344 1945 4399 par-
2041 4335 2480 4405 gathphalnasar,
2496 4351 2588 4391 rex
2604 4335 2792 4402 Assur,
2811 4337 2865 4393 in
2879 4337 3069 4393 diebus
3081 4337 3289 4393 Phacee
3304 4338 3444 4408 regis
3455 4337 3619 4393 Israel

367 4430 619 4499 licipibns
640 4427 755 4482 suis
783 4423 953 4497 (Psal.
991 4421 1158 4488 xLIv).
1198 4421 1274 4478 De
1305 4420 1459 4490 cujus
1483 4420 1650 4489 stirpe
1674 4419 1944 4490 principes
1977 4488 2019 4499 _‘
2049 4427 2345 4496 accepisset
2389 4426 2527 4482 Aion
2568 4435 2621 4483 et
2669 4428 2803 4483 Abel
2836 4429 3051 4483 domum
3084 4428 3302 4484 Maaclia
3356 4438 3412 4484 et
3450 4428 3619 4484 Janoe

368 4488 657 4586 gerininati
669 4488 816 4577 sunt,
832 4514 933 4569 hoc
954 4522 1059 4577 est,
1086 4510 1312 4581 apostoli
1338 4488 1393 4564 et
1421 4488 1819 4565 doctores—Novi
1843 4488 1917 4561 'l‘e

2050 4526 2105 4573 et
2136 4488 2306 4573 Cedes
2349 4525 2404 4573 et
2433 4518 2573 4573 Asor
2600 4526 2655 4573 et
2684 4517 2885 4574 Galaad
2913 4527 2967 4573 et
2997 4517 3268 4573 Galilaeam
3316 4519 3622 4574 universam

369 4609 664 4665 eminenti;
715 4608 785 4661 de
807 4606 1002 4676 quibus
1045 4605 1100 4660 in
1128 4603 1334 4675 psalmo
1361 4602 1629 4673 Propheta
1659 4601 1727 4655 ad
1772 4600 1945 4669 ipsum
2051 4617 2251 4663 terram
2300 4608 2610 4679 Nephthali,
2661 4617 2717 4664 et
2745 4608 3086 4663 transtulerit
3123 4622 3217 4663 eos
3256 4608 3309 4662 in
3353 4608 3622 4680 Assyrios.

372 4696 645 4756 Christum
692 4696 950 4766 loquitur,
984 4696 1226 4777 dicens:
1281 4690 1389 4749 Pro
1437 4692 1673 4763 patrihus
1700 4692 1807 4744 tuis
1837 4690 1947 4744 nali
2050 4696 2351 4753 Novissime
2371 4708 2554 4752 narrat
2582 4696 2690 4765 (IV
2721 4695 2849 4767 Reg.
2877 4712 2988 4751 xvn
3020 4697 3057 4768 ),
3088 4696 3229 4766 quod
3259 4696 3625 4760 Salmanasar,

372 4803 488 4846 sunt
516 4793 611 4846 tibi
659 4789 760 4860 filii
792 4802 809 4841 :
842 4789 1123 4842 constitues
1160 4802 1246 4840 eos
1271 4786 1528 4856 principes
1554 4800 1710 4854 super
1746 4798 1948 4837 omnem
2053 4803 2149 4843 rex
2177 4788 2540 4859 Assyriorum,
2573 4789 2732 4855 Osee,
2757 4789 2926 4844 ﬁlium
2963 4790 3079 4855 Ela,
3109 4806 3290 4861 regem
3317 4789 3503 4855 Israel,
3527 4792 3622 4845 ob-

376 4891 569 4938 terram
613 4881 824 4953 (Ibid.).
878 4878 1001 4934 Pari
1036 4894 1165 4949 ergo
1201 4878 1360 4933 modo
1402 4885 1457 4932 et
1500 4874 1840 4946 primogeniti
1869 4874 1943 4929 di-
2054 4878 2278 4933 sidendo
2307 4877 2608 4933 Samariam
2644 4880 2817 4935 tribus
2838 4880 3013 4946 annis,
3065 4881 3270 4951 ceperit
3312 4889 3366 4935 et
3392 4868 3632 4937 transtu-

375 4973 550 5043 gnitas
580 4980 640 5026 et
664 4970 1000 5040 principatus
1044 4968 1194 5038 regni
1241 4968 1309 5022 ad
1359 4967 1711 5022 mediatorum
1759 4964 1854 5019 Dei
1897 4972 1953 5018 et
2059 4970 2181 5025 ierit
2208 4970 2374 5025 Israel
2409 4971 2467 5026 in
2492 4972 2766 5044 Assyrios,
2797 4971 3144 5042 posueritque
3166 4987 3259 5027 eos
3284 4973 3335 5027 in
3356 4972 3553 5028 Lahela
3579 4990 3631 5027 οι

378 5064 653 5117 hominum
686 5060 980 5131 pertinent,
1016 5060 1143 5129 quia
1171 5058 1292 5128 Ipse
1317 5067 1392 5111 est
1417 5057 1790 5127 primogenita
1815 5071 1955 5108 mor-
2060 5061 2113 5115 in
2165 5060 2345 5115 llabor
2385 5059 2540 5128 juxta
2568 5060 2787 5115 ﬂuvium
2836 5061 3046 5127 Gozan,
3098 5062 3151 5116 in
3180 5062 3491 5117 civitatibus
3522 5062 3630 5115 Μίε-

377 5162 608 5217 tuorum,
637 5162 685 5205 et
723 5152 960 5222 princeps
992 5166 1170 5221 regum
1212 5159 1394 5213 terrm;
1425 5149 1511 5219 qui
1552 5147 1735 5201 dilexit
1764 5162 1877 5209 nos,
1906 5154 1955 5199 et
2061 5149 2273 5204 dorum.
2311 5149 2462 5205 Unde
2485 5152 2748 5219 quaeritur
2770 5151 3040 5221 quomodo
3067 5152 3329 5221 scriptum
3354 5154 3425 5206 sit
3455 5152 3508 5205 in
3532 5151 3631 5205 Pa-

380 5241 500 5299 lavit
527 5258 621 5296 nos
643 5259 677 5294 a
699 5242 925 5310 peccatis
952 5240 1145 5294 nostris
1167 5239 1222 5292 in
1248 5239 1499 5308 sanguine
1524 5253 1619 5292 suo
1642 5235 1692 5307 (1
1716 5235 1838 5291 Cor.
1864 5250 1951 5298 xv,
2062 5241 2425 5310 ralipomenon
2473 5243 2607 5298 Phul
2638 5251 2692 5297 et
2745 5243 3299 5315 Thelgathphalnasar
3342 5259 3497 5317 reges
3530 5242 3632 5296 As-

382 5328 495 5384 Col.
523 5348 571 5396 ι;
601 5330 763 5400 Apoc.
791 5331 852 5401 ι).
2062 5336 2331 5407 syriorum
2386 5335 2726 5390 transtulisse
2764 5335 2953 5391 Ruben
2988 5344 3043 5391 et
3075 5334 3191 5391 Gad
3242 5343 3299 5389 et
3353 5332 3629 5389 dimidiam

454 5419 582 5473 Filii
626 5418 783 5474 Johel
811 5460 830 5483 ,
863 5418 1080 5475 Samaia
1126 5419 1266 5489 [ilius
1300 5419 1444 5489 ejus,
1495 5415 1606 5489 Gog
1630 5418 1774 5484 ﬁlius
1809 5417 1919 5487 ejus

2066 5428 2263 5481 tribum
2308 5424 2571 5490 Manasse,
2604 5434 2659 5479 et
2681 5427 2932 5482 eduxisse
2958 5427 3010 5481 in
3039 5424 3238 5481 Lahela
3279 5433 3334 5479 et
3361 5424 3542 5479 [labor
3582 5434 3635 5474 γι

382 5510 553 5565 semei
578 5511 723 5579 ﬁlius
747 5512 882 5581 ejus,
912 5510 1087 5564 Micha
1113 5510 1254 5578 filius
1295 5511 1429 5580 ejus,
1472 5510 1602 5564 Reia
1629 5509 1772 5577 ﬁlius
1812 5510 1960 5581 ejus,
2065 5518 2169 5571 Ara
2203 5527 2257 5572 et
2292 5515 2512 5571 ﬂuvium
2560 5516 2764 5582 Gozan,
2815 5533 2937 5573 cum
2987 5519 3093 5573 hoc
3130 5517 3407 5571 Malacliim
3452 5526 3638 5568 narret

386 5601 523 5657 Baal
561 5601 707 5670 ﬁlius
728 5602 865 5669 eius,
907 5600 1072 5655 Beera
1100 5600 1243 5669 ﬁlius
1271 5601 1408 5669 ejus,
1434 5617 1585 5671 quem
1614 5600 1766 5655 duxit
1801 5604 1966 5670 capti—
2070 5606 2415 5661 Salmanasar
2446 5621 2625 5676 regem
2671 5603 2987 5675 perfecisse,
3034 5607 3156 5674 quia
3205 5605 3316 5673 ipse
3358 5603 3634 5657 transtulit

392 5708 513 5748 cum
558 5694 670 5748 dua:
702 5691 1262 5763 Thelgathphalnasar,
1309 5707 1401 5747 rex
1441 5692 1773 5763 Assyriorum
1814 5709 1832 5747 :
1866 5692 1965 5760 fuit
2070 5697 2229 5752 Israel
2258 5697 2310 5751 in
2354 5697 2620 5768 Assyrios,
2674 5696 2963 5765 posuitque
3012 5692 3065 5749 in
3108 5694 3239 5747 locis
3282 5695 3636 5764 supradictis?
