3902 6146
334 295 428 350 3H

969 298 1031 354 B.
1072 296 1326 354 liABANl
1366 299 1582 354 MAURI
1620 298 1939 353 ARCHHSP.
1985 298 2292 356 MOGUNT.
2336 301 2619 358 OPERUM
2658 301 2840 358 PARS
2878 303 2920 357 1.

3488 310 3598 365 5ίὲ

334 412 439 468 Sed
471 414 585 467 luec
597 412 824 483 quaestio
840 412 912 465 ita
929 412 1062 466 solvi
1081 421 1277 482 potest,
1305 413 1447 480 quod
1464 412 1585 467 ideo
1598 412 1805 482 priores
1824 426 1907 466 re-
1944 422 1990 479 Α
2016 417 2131 469 seni
2165 416 2438 472 scribitur.
2465 416 2602 485 Quia
2627 433 2756 490 ergo
2777 418 2913 474 Abia
2927 418 3070 476 ﬁlius
3096 419 3363 479 Samuelis
3389 424 3472 498 (ut
3493 427 3602 485 lle—

334 521 428 573 ges
453 505 799 575 Assyriorum
820 504 1073 558 dicuntur
1096 503 1236 557 hanc
1252 503 1574 575 transmigra
1585 504 1782 557 tionem
1799 518 1917 572 per-

332 604 595 667 petrasse,
626 594 749 663 quia
777 594 877 664 ipsi
900 602 1179 662 cmpcrunt
1202 594 1453 663 primitus
1482 596 1586 649 hoc
1610 610 1772 665 agere
1794 609 1920 649 cum

336 696 494 758 gente
518 685 860 757 Assyriorum
885 684 1026 752 quod
1056 685 1244 738 eadem
1275 700 1406 755 gens
1447 685 1499 739 in
1520 684 1918 754 posterioribus

338 778 554 848 regibus
602 777 806 833 studuit
838 774 1148 845 perfecisse.
1184 775 1348 831 Aram
1395 785 1574 830 autem
1617 789 1830 847 quoque
1868 775 1920 828 in

337 869 783 938 Paralipomenon
819 883 927 922 non
954 875 1242 935 memorat,
1271 878 1327 925 et
1362 869 1646 938 Malachim
1693 877 1920 939 praeter-

338 958 524 1012 mittit.
575 957 723 1012 Hanc
769 967 1052 1012 autumant
1087 957 1296 1014 llebrazi
1340 960 1514 1029 Reges
1556 974 1678 1014 esse
1717 959 1917 1014 civita-

341 1056 448 1102 tem
489 1048 788 1114 Medorum,
821 1049 912 1102 ubi
939 1047 1172 1104 Gabalus
1206 1050 1476 1113 manebat,
1508 1067 1538 1105 a
1578 1065 1684 1118 quo
1727 1050 1926 1106 Tobias

341 1140 625 1209 pecuniam
675 1140 861 1195 decem
910 1139 1234 1195 talentorum
1277 1143 1482 1213 argenti
1528 1143 1628 1197 sibi
1664 1143 1924 1197 creditam

345 1231 624 1301 repetebat
652 1229 803 1301 (Tob.
835 1246 875 1296 1,
905 1246 980 1295 tv,
1024 1231 1121 1300 Ix).

947 1362 1177 1419 CAPUT
1218 1363 1303 1419 VI.

348 1456 420 1509 De
448 1458 574 1525 ﬁliis
617 1456 759 1521 Levi,
783 1466 830 1511 et
858 1457 1161 1527 cantoribus
1207 1474 1335 1527 quos
1363 1457 1629 1527 constituit
1664 1455 1835 1527 David
1854 1466 1929 1527 ut

413 1537 684 1608 adiutarent
733 1542 910 1581 coram
959 1542 1084 1580 arca
1128 1526 1360 1581 Domini.
1400 1526 1477 1581 De
1511 1526 1687 1580 Aaron
1718 1536 1766 1580 et
1801 1526 1928 1594 ﬁliis

421 1613 557 1666 ejus.

413 1707 457 1777 (ι
504 1709 633 1762 PAR.
664 1710 763 1778 γι.)
798 1707 1047 1763 Johanan
1073 1710 1246 1779 genuit
1278 1709 1521 1763 Asariam
1563 1726 1581 1762 :
1611 1710 1719 1779 ipse
1741 1718 1815 1762 est
1839 1709 1928 1777 qui

2019 505 2147 560 brrei
2194 507 2433 577 tradunt)
2462 508 2515 563 in
2555 507 2762 578 judicio
2788 511 3137 579 constitutus,
3190 529 3477 572 munerum
3504 534 3607 574 ac-

2019 608 2203 667 ceptor
2230 608 2367 663 erat,
2392 608 2448 654 et
2477 601 2578 655 iste
2615 600 2769 657 Johel
2807 603 2917 674 (qui
2958 610 3010 658 et
3040 602 3289 677 Vasseni)
3313 609 3496 664 senior
3532 609 3607 664 ﬁ-

2021 690 2147 756 lius,
2191 691 2293 746 hoc
2341 692 2581 758 sciendo,
2630 709 2738 748 non
2779 709 2903 749 eum
2943 695 3071 751 inde
3104 698 3450 768 corripiebat,
3482 701 3610 757 ideo

2021 778 2221 834 dicitur
2245 790 2472 851 uterque
2494 793 2779 853 peccatum
2809 783 3024 841 fecisse.
3055 784 3148 842 Sic
3168 788 3315 842 enim
3341 792 3609 861 scriptum

2022 876 2106 924 est
2131 888 2144 923 :
2180 869 2406 925 Factum
2427 883 2502 926 est
2532 883 2707 929 autem
2734 892 2853 928 cum
2880 876 3131 930 senuisset
3167 877 3402 948 Samuel,
3427 885 3610 951 posuit

2022 959 2162 1032 ﬁlios
2198 979 2321 1016 suos
2356 963 2566 1033 judices
2613 964 2826 1021 Israel:
2880 966 3082 1039 fuitque
3120 986 3307 1025 nomen
3357 971 3455 1040 ﬁlii
3488 973 3611 1044 ejus

2022 1053 2351 1124 primogeniti
2378 1054 2518 1121 Joel,
2539 1068 2586 1111 et
2610 1074 2796 1112 nomen
2825 1060 3040 1113 secundi
3081 1060 3232 1128 Abiu,
3252 1062 3520 1132 judicium
3549 1065 3611 1119 in

2025 1140 2299 1198 Bersabee.
2328 1144 2395 1199 Et
2416 1162 2519 1199 non
2548 1146 2946 1202 ambulaverunt
2976 1149 3079 1219 ﬁlii
3103 1151 3220 1221 ejus
3245 1153 3301 1206 in
3321 1152 3414 1208 viis
3436 1153 3608 1220 illius,

2026 1234 2115 1287 sed
2153 1233 2539 1292 declinaverunt
2570 1246 2686 1308 post
2709 1241 3010 1306 avaritiam,
3041 1253 3452 1314 acceperuntque
3490 1263 3614 1300 mu-

2030 1342 2175 1389 nera,
2204 1335 2253 1379 et
2276 1338 2632 1397 perverterunt
2648 1329 2935 1399 judicium.
2984 1331 3297 1404 Congregoti
3323 1351 3445 1405 ergo
3480 1338 3609 1391 uni-

2027 1415 2163 1468 versi
2187 1415 2414 1485 majores
2456 1428 2582 1472 natu
2622 1418 2812 1482 Israel,
2839 1431 3084 1477 venerunt
3108 1423 3178 1477 ad
3223 1423 3522 1480 Samuelem
3551 1428 3612 1482 in

2031 1505 2310 1584 Ramathq,
2344 1510 2691 1582 dixeruntque
2716 1515 2793 1569 ei;
2833 1512 2970 1571 Ecce
2991 1526 3048 1570 tu
3069 1520 3308 1585 senuisti,
3337 1530 3387 1574 et
3405 1519 3505 1589 ﬁlii
3528 1522 3614 1577 tui

2031 1614 2133 1651 non
2161 1599 2430 1655 ambulant
2463 1603 2516 1656 in
2545 1603 2642 1656 viis
2680 1604 2804 1669 tuis,
2845 1606 3105 1681 constitue
3136 1609 3283 1663 nobis
3314 1626 3504 1681 regem,
3550 1622 3613 1666 ut

2023 1687 2224 1761 judicet
2251 1708 2343 1745 nos
2372 1693 2508 1747 sicut
2533 1705 2578 1748 et
2606 1695 2860 1751 universae
2884 1697 3071 1752 habent
3095 1700 3332 1755 nationes
3358 1700 3571 1773 (Ibid.).

344 1800 635 1854 sacerdotio
666 1799 876 1868 functus
905 1810 978 1855 est
1006 1801 1060 1855 in
1088 1800 1243 1855 domo
1277 1818 1433 1869 quam
1458 1801 1737 1870 a'diﬁcavit
1767 1800 1921 1855 Salo-

2101 1786 2199 1841 Isti
2226 1796 2347 1841 sunt
2377 1804 2506 1857 quos
2534 1788 2801 1842 constituit
2837 1787 3009 1843 David
3037 1806 3194 1860 super
3236 1801 3475 1847 cantores
3512 1794 3614 1847 do-

345 1906 466 1942 mon
508 1891 564 1944 in
606 1890 924 1945 Jerusalem.
979 1891 1268 1958 Quasritur,
1310 1890 1642 1947 enumeratis
1677 1889 1926 1959 superius

347 1978 470 2035 ﬁliis
509 1980 637 2035 Levi
668 1996 764 2051 per
788 1982 969 2037 Aaron
999 1990 1055 2037 et
1097 1981 1235 2038 ﬁlios
1269 1983 1387 2053 ejus
1418 1981 1576 2050 juxta
1621 1981 1926 2037 successio-

347 2086 467 2126 nem
483 2072 891 2135 sacerdotalem,
917 2074 1187 2142 quomodo
1222 2074 1541 2144 perveniens
1572 2072 1639 2127 ad
1675 2071 1926 2127 Azariam

348 2161 514 2216 ﬁlium
545 2160 787 2218 Johanan
838 2163 1012 2234 ipsum
1052 2163 1197 2219 dicat
1232 2164 1509 2231 Scriptura
1555 2177 1678 2218 esse
1707 2161 1797 2230 qui
1841 2176 1926 2216 sa—

320 2236 586 2306 ‘ccrdotio
614 2251 834 2306 functus
860 2260 943 2307 est
970 2252 1023 2306 in
1047 2253 1208 2308 domo
1230 2268 1392 2321 quam
1424 2251 1678 2306 Salomon
1694 2249 1927 2305 tediﬁca-

347 2343 425 2396 vit
456 2342 508 2396 in
554 2340 877 2410 Jerusalem,
927 2358 1051 2399 cum
1080 2343 1171 2397 alii
1200 2343 1449 2399 similiter
1472 2342 1782 2397 sacerdotes
1815 2339 1929 2394 fue-

346 2435 454 2489 riut
480 2435 534 2489 in
557 2434 671 2505 ipsa
696 2435 871 2499 domo,
900 2434 967 2488 de
996 2435 1190 2504 quibus
1225 2433 1357 2488 nihil
1387 2433 1490 2487 tale
1526 2432 1793 2486 refertur?
1820 2431 1927 2486 Sed

349 2523 467 2578 ideo
499 2524 600 2578 iste
642 2523 790 2578 solus
817 2522 911 2577 tali
938 2524 1211 2592 praeconio
1256 2520 1523 2585 laudatur,
1551 2522 1678 2590 quia
1730 2521 1928 2576 restitit

348 2614 493 2669 Οιίω
521 2615 633 2682 regi
661 2614 973 2670 sacriﬁcare
1003 2613 1200 2670 volenti
1233 2614 1286 2668 in
1316 2615 1517 2684 templo
1552 2614 1647 2671 Dei
1677 2613 1763 2685 (11
1794 2613 1922 2667 Par.

348 2708 516 2774 uri),
543 2713 597 2759 et
621 2705 691 2760 ob
735 2704 1093 2760 constantiam
1139 2705 1305 2759 animi
1341 2714 1506 2775 atque
1553 2705 1726 2760 zelum
1782 2704 1918 2776 legis

348 2806 532 2869 aperte
556 2796 753 2852 dicitur
774 2795 1019 2866 explesse
1047 2794 1280 2851 ofﬁcium
1306 2795 1628 2851 sacerdotis.

417 2888 606 2944 Cenuit
657 2899 832 2945 autem
882 2889 1103 2943 Asarias
1141 2887 1432 2951 Ameriam,
1465 2897 1513 2942 et
1551 2887 1794 2942 Amarias
1833 2904 1923 2959 ge-

348 2984 459 3039 nuit
516 2983 757 3048 Acltitob,
811 2983 1026 3037 Achitob
1057 2982 1231 3051 genuit
1285 2981 1482 3046 Sadoc,
1534 2980 1711 3037 Sadoc
1749 2981 1925 3052 genuit

348 3072 566 3133 Selium,
622 3071 824 3128 Selium
872 3072 1048 3142 genuit
1096 3069 1356 3132 Helciam,
1411 3081 1459 3124 et
1493 3069 1707 3125 Ilelcias
1747 3071 1922 3141 genuit

2030 1874 2144 1931 inus
2174 1875 2418 1941 Domini,
2459 1893 2524 1930 ea:
2549 1893 2653 1947 quo
2698 1877 2953 1932 collocata
2981 1889 3056 1934 est
3086 1897 3233 1946 arca,
3262 1890 3311 1935 et
3340 1882 3615 1939 ministra-

2027 1968 2150 2021 bant
2197 1984 2375 2022 coram
2422 1966 2758 2021 tabernaculo
2788 1969 3101 2033 testimonii,
3136 1980 3377 2026 canentes
3396 2011 3413 2036 ,
3443 1973 3614 2027 donec

2027 2059 2311 2128 wdiﬁcaret
2359 2057 2612 2114 Salomon
2658 2060 2874 2114 domum
2925 2060 3138 2116 Domini
3185 2062 3242 2117 in
3288 2063 3610 2119 Jerusalem.

2029 2150 2248 2206 Stabant
2279 2159 2453 2205 autem
2481 2150 2639 2222 juxta
2666 2152 2900 2206 ordinem
2928 2169 3084 2207 suum
3113 2152 3165 2208 in
3194 2155 3502 2209 ministerio.
3536 2154 3614 2209 Hi

2026 2261 2148 2314 ergo
2192 2253 2335 2309 sunt,
2366 2245 2458 2315 qui
2503 2245 2815 2299 assistebant
2861 2263 2980 2301 cum
3023 2247 3149 2314 ﬁliis
3195 2250 3326 2303 suis.
3374 2248 3450 2303 De
3480 2248 3614 2317 ﬁliis

2028 2334 2216 2403 Caath,
2246 2345 2352 2393 etc.
2377 2337 2477 2392 Hic
2498 2337 2845 2407 anticipando
2875 2339 2942 2394 de
2966 2338 3159 2395 olliciis
3184 2348 3470 2395 cantorum
3503 2342 3615 2396 Da-

2027 2428 2139 2493 vid,
2166 2429 2259 2498 qui
2287 2429 2340 2483 in
2362 2429 2583 2499 organis
2609 2430 2939 2486 musicorum
2966 2431 3153 2487 laudes
3172 2432 3457 2499 canebant,
3483 2448 3615 2489 cum

2026 2521 2392 2592 genealogiam
2417 2537 2605 2577 eorum
2634 2532 2904 2587 narraret,
2935 2523 3260 2593 praelibavit;
3303 2540 3400 2581 suo
3422 2534 3615 2582 autem

2027 2614 2241 2679 ordine,
2270 2616 2542 2685 quomodo
2570 2616 2625 2670 id
2665 2613 2956 2681 iecissent,
2987 2617 3411 2673 demonstratur.
3453 2617 3611 2684 Quod

2026 2721 2156 2762 vero
2198 2706 2396 2762 dicitur
2438 2706 2646 2761 Heman
2670 2717 2864 2763 cantor
2907 2707 3050 2762 ﬁlius
3093 2722 3213 2764 esse
3237 2708 3353 2764 Joel
3384 2709 3478 2763 lilii
3511 2708 3613 2765 Sa.

2026 2798 2190 2865 muel,
2210 2805 2266 2852 et
2289 2798 2502 2867 expleta
2521 2798 2831 2869 genealogia
2852 2799 3023 2868 ipsius
3044 2799 3247 2854 dicitur
3267 2798 3440 2854 frater
3464 2799 3613 2856 illius

2024 2902 2145 2943 esse
2167 2887 2372 2956 Asaph,
2399 2887 2491 2956 qui
2519 2887 2697 2941 stabat
2722 2902 2752 2941 a
2771 2887 2977 2943 dextris
2996 2889 3133 2958 ejus,
3154 2888 3258 2943 hoc
3287 2904 3395 2943 non
3408 2905 3613 2945 secun-

2026 2979 2151 3034 dum
2195 2978 2550 3041 nativitatem,
2583 2977 2678 3033 sed
2713 2978 3009 3047 secundum
3035 2978 3617 3048 propinquitatem’si-

2026 3069 2265 3142 gniﬁcat,
2311 3071 2439 3140 quia
2480 3069 2650 3125 frater
2677 3070 2892 3135 dicitur,
2928 3085 3038 3125 non
3063 3070 3208 3139 quod
3236 3071 3396 3125 unius
3437 3070 3615 3139 patris

345 3164 613 3218 Azariam.
644 3163 864 3216 Azarias
892 3162 1066 3232 genuit
1106 3158 1372 3225 Saraiam,
1418 3170 1467 3215 et
1494 3161 1715 3217 Saraias
1748 3162 1922 3232 genuit
1951 3156 1995 3216 C
2026 3170 2119 3217 aut
2144 3161 2335 3216 matris
2355 3168 2499 3216 esset
2520 3159 2683 3227 ﬁlius,
2710 3160 2805 3216 sed
2823 3176 2890 3216 eo
2915 3162 3076 3217 modo
3090 3178 3199 3232 quo
3221 3161 3457 3217 solemus
3480 3177 3612 3232 pro-

346 3252 581 3306 Josedec.
623 3249 792 3305 Porro
820 3250 1038 3305 Josedec
1067 3266 1304 3321 egressus
1329 3260 1428 3315 est,
1457 3250 1669 3321 quando
1692 3260 1927 3305 transtu—

347 3341 406 3393 lit
431 3341 689 3396 Dominus
712 3340 750 3394 ¹1
754 3340 913 3394 udam
943 3351 989 3394 et
1011 3340 1331 3406 Jerusalem,
1358 3349 1464 3396 etc.
1484 3341 1710 3396 Joscdec
1730 3343 1927 3413 quippe

349 3430 565 3498 quidam
610 3430 740 3486 dicit
766 3445 886 3485 esse
931 3431 1154 3486 Esdram
1175 3432 1533 3497 sacerdotem,
1562 3432 1651 3503 qui
1679 3448 1926 3489 reversus

349 3521 414 3574 de
462 3519 732 3592 Babylone
789 3521 946 3576 simul
1001 3537 1123 3577 cum
1170 3522 1464 3578 Zorobabel
1505 3533 1559 3579 et
1620 3523 1743 3580 ﬁliis
1789 3523 1925 3580 Juda

354 3610 675 3664 restauravit
694 3610 947 3680 templum
966 3611 1198 3676 Domini,
1222 3620 1276 3666 et
1307 3613 1576 3668 civitatem
1604 3613 1922 3669 Jerusalem.

349 3696 500 3764 Quod
551 3697 922 3754 demonstrare
973 3700 1186 3755 videtur
1246 3701 1382 3756 liber
1430 3701 1668 3771 ejusdem
1720 3704 1926 3771 Esdrte,

350 3789 439 3844 tibi
491 3789 625 3845 dicit
665 3808 678 3844 :
728 3789 856 3845 Post
909 3791 1020 3846 Ita’c
1065 3802 1239 3846 autem
1303 3794 1456 3848 verba
1511 3796 1566 3849 in
1616 3812 1772 3866 regno
1821 3796 1925 3850 Ar-

348 3881 607 3945 taxerxis,
648 3882 789 3951 regis
837 3879 1146 3945 Persarum,
1176 3881 1374 3936 Esdras
1398 3883 1539 3951 ﬁlius
1570 3883 1797 3948 ειη-αἰαῖ,
1827 3884 1926 3955 ﬁlii

348 3972 571 4035 Asaria',
601 3970 700 4041 ﬁlii
725 3970 942 4039 Helcite,
960 3971 1058 4040 ﬁlii
1080 3970 1299 4037 Sellum,
1321 3973 1420 4043 ﬁlii
1446 3971 1641 4041 Sadoc,
1660 3974 1758 4043 ﬁlii
1772 3974 1928 4028 Achi-

348 4062 452 4125 (ob,
473 4061 572 4131 ﬁlii
598 4060 797 4128 Zaria’,
829 4062 925 4133 ﬁlii
957 4063 1207 4128 Amariaa,
1231 4064 1330 4134 ﬁlii
1353 4065 1581 4130 Azaria’,
1607 4064 1708 4134 ﬁlii
1739 4065 1926 4119 Mara-

345 4154 477 4217 toth,
500 4153 601 4221 ﬁlii
628 4151 925 4218 Zachariar,
948 4152 1047 4222 ﬁlii
1077 4152 1194 4219 ou,
1228 4154 1326 4223 ﬁlii
1354 4154 1530 4219 Bocci,
1585 4155 1684 4223 ﬁlii
1710 4155 1922 4219 Abisue,

346 4243 446 4315 ﬁlii
476 4242 730 4309 Phineas,
758 4244 857 4314 ﬁlii
892 4243 1140 4310 Eleazar,
1184 4244 1284 4314 ﬁlii
1325 4246 1503 4299 Aaron
1546 4244 1831 4299 sacerdotis
1857 4245 1922 4298 ab

344 4336 497 4390 initio
525 4334 579 4404 (Ι
614 4336 740 4391 Esd.
773 4335 891 4408 vn),
922 4344 1029 4392 etc.
1069 4336 1312 4391 Tradunt
1340 4336 1503 4391 etiam
1532 4338 1779 4393 eumdem
1821 4337 1923 4391 Es-

346 4427 497 4481 dram
541 4442 659 4482 esse
686 4426 1002 4483 Malachiam
1032 4428 1370 4498 prophetam,
1402 4428 1493 4498 qui
1545 4428 1598 4482 in
1641 4429 1921 4484 duodecim

2024 3251 2254 3321 pinqnos
2284 3251 2481 3308 fratres
2504 3250 2791 3321 appellare.

2098 3340 2272 3396 Ethan
2291 3340 2434 3410 ﬁlius
2459 3339 2606 3405 Cusi,
2634 3341 2735 3411 ﬁlii
2764 3340 2923 3407 Abdi,
2951 3340 3052 3411 ﬁlii
3076 3340 3310 3406 Haloch,
3339 3340 3439 3410 ﬁlii
3466 3340 3611 3397 Asa-

2027 3432 2146 3491 bia'.
2176 3432 2277 3502 ﬁlii
2302 3433 2550 3497 Amasite,
2581 3431 2681 3501 ﬁlii
2711 3430 2931 3495 Helaira,
2959 3432 3060 3501 ﬁlii
3087 3433 3290 3497 Amasi,
3323 3432 3422 3500 ﬁlii
3445 3432 3611 3499 Boni,

2024 3525 2123 3593 ﬁlii
2176 3524 2393 3590 Somer,
2436 3525 2536 3593 ﬁlii
2585 3524 2790 3589 Maeli,
2862 3525 2962 3593 ﬁlii
3017 3523 3193 3588 illusi,
3231 3524 3330 3592 ﬁlii
3374 3522 3606 3589 Hermi,

2025 3614 2124 3684 ﬁlii
2158 3614 2301 3670 Levi.
2351 3615 2523 3671 Ethan
2578 3617 2680 3670 iste
2734 3631 2872 3670 unus
2926 3614 3027 3669 fuit
3081 3616 3148 3670 de
3185 3616 3356 3670 tribus
3415 3624 3610 3671 canto-

2029 3704 2201 3770 ribus,
2229 3706 2321 3775 qui
2348 3720 2530 3760 coram
2552 3706 2720 3760 David
2748 3707 2802 3760 in
2828 3707 3091 3777 cymbalis
3113 3707 3278 3761 teneis
3297 3707 3363 3761 ad
3390 3707 3612 3763 laudem

2029 3798 2122 3852 Dei
2152 3797 2569 3867 concrepabant.
2594 3799 2662 3853 Et
2689 3801 3005 3864 notandum,
3036 3799 3179 3868 quod
3214 3800 3357 3855 sicut
3384 3811 3495 3856 tres
3541 3801 3611 3855 li-

2026 3889 2083 3943 lii
2114 3889 2335 3945 i‘ueruut
2361 3890 2646 3956 Levi,-hoc
2682 3900 2785 3955 est,
2813 3891 3006 3953 Caath,
3036 3890 3243 3946 Gerson
3265 3901 3320 3946 et
3360 3892 3561 3947 Merari
3591 3933 3609 3958 ,

2027 3981 2101 4035 ita
2125 3989 2181 4036 et
2202 3990 2314 4037 tres
2340 3982 2430 4037 isti
2457 3991 2709 4038 cantores
2731 3983 2796 4038 de
2823 3983 3049 4054 singulis
3070 3983 3197 4038 ﬁliis
3219 3984 3483 4054 originem
3509 3985 3607 4039 du-

2026 4074 2239 4139 cebant,
2270 4074 2373 4129 hoc
2397 4082 2501 4137 est,
2530 4072 2736 4128 Heman
2761 4074 2826 4128 de
2852 4073 3043 4138 Caath,
3067 4074 3250 4145 Asaph
3272 4075 3340 4129 de
3358 4073 3571 4130 Gerson
3588 4116 3605 4139 ,

2024 4175 2080 4219 et
2121 4164 2316 4229 Ethan,
2359 4164 2427 4220 de
2451 4164 2666 4229 Morari,
2705 4173 2765 4219 ut
2800 4181 3039 4235 praesens
3085 4166 3308 4221 historia
3349 4175 3603 4222 testatur.

2026 4254 2246 4326 Mystice
2261 4264 2441 4309 autem
2467 4255 2520 4308 bi
2545 4262 2654 4309 tres
2676 4264 2945 4320 cantores,
2961 4257 3053 4325 qui
3078 4255 3131 4309 in
3154 4255 3415 4327 cymbalis
3439 4257 3609 4312 mucis

2021 4347 2402 4416 personabant,
2447 4344 2753 4415 signiﬁcant
2783 4346 3034 4401 doctores
3061 4355 3297 4413 sanctos,
3330 4348 3424 4416 qui
3470 4363 3607 4403 san-

2022 4449 2123 4496 ctte
2163 4439 2445 4494 Trinitatis
2484 4438 2589 4493 ﬁde
2634 4439 2824 4494 imbuti
2860 4439 3017 4509 juxta
3047 4439 3457 4511 dispositionem
3488 4442 3607 4497 veri

344 4517 623 4588 prophetis
660 4518 886 4574 ultimus
911 4527 1014 4583 est,
1044 4520 1168 4587 quia
1193 4518 1449 4589 pleraque
1475 4533 1594 4588 quae
1617 4519 1669 4573 in
1697 4519 1836 4575 libro
1856 4520 1917 4574 ιι-
1944 4500 1995 4560 D
2020 4529 2189 4585 David
2230 4529 2422 4585 fortem
2461 4531 2697 4585 sonitum
2744 4500 3148 4600 praedicationis
3186 4532 3517 4602 evangeliea:
3548 4533 3603 4588 in

343 4606 446 4661 lius
474 4608 834 4671 continentur,
863 4615 918 4661 et
947 4608 1036 4661 hic
1060 4607 1332 4676 Propheta
1376 4619 1785 4674 commemorat,
1829 4609 1915 4663 di-

343 4711 473 4749 cens
506 4710 520 4746 :
553 4696 715 4749 Labia
738 4695 1024 4750 sacerdotis
1047 4695 1345 4749 custodient
1365 4697 1654 4762 scientiam,
1679 4708 1729 4752 et
1753 4697 1913 4768 legam

344 4786 613 4857 requirent
641 4801 705 4840 ea:
729 4802 819 4840 ore
857 4786 992 4856 ejus,
1022 4786 1147 4858 quia
1196 4784 1411 4856 angelus
1461 4785 1673 4842 Domini
1713 4791 1915 4844 exerci-

340 4894 489 4933 tuum
542 4888 617 4933 est
671 4877 827 4951 (Mal.
872 4879 954 4952 ιι).
1023 4877 1128 4933 Alii
1175 4886 1355 4933 autem
1399 4888 1649 4934 asserunt
1689 4880 1917 4936 Josedec

341 4985 459 5025 esse
486 4978 691 5039 patrem
718 4967 845 5024 lesu
890 4970 1186 5025 sacerdotis
1226 4972 1435 5040 magni;
1486 4969 1641 5040 cujus
1672 4973 1916 5027 meminit

340 5059 630 5114 Zacharias
675 5059 936 5129 propheta
966 5060 1019 5114 in
1049 5059 1185 5113 libro
1210 5075 1308 5115 suo
1335 5058 1519 5131 (Zach.
1556 5061 1658 5131 ιιι).
1687 5063 1913 5118 Esdram

341 5160 519 5207 autem
548 5151 731 5205 dicunt
759 5166 878 5205 esse
902 5152 1236 5206 sacerdotem
1262 5150 1437 5206 virum
1475 5149 1682 5220 justum
1709 5160 1764 5208 et
1804 5153 1916 5224 glo-

341 5246 417 5298 ria
446 5258 639 5315 magna
670 5244 899 5314 potitum
923 5244 1062 5314 apud
1084 5243 1481 5298 multitudinem
1504 5245 1683 5315 populi
1713 5246 1766 5299 in
1807 5245 1913 5300 Ba-

340 5333 551 5406 bylone,
596 5350 871 5388 reversum
919 5344 1099 5389 autem
1150 5334 1273 5389 inde
1323 5351 1444 5390 eum
1496 5336 1725 5405 plurima
1761 5339 1915 5393 turba

343 5426 672 5497 temporibus
697 5425 1013 5481 Artaxerxis
1042 5426 1183 5497 regis
1210 5426 1262 5479 in
1287 5423 1604 5481 Jerusalem.

416 5533 541 5588 Filii
563 5533 777 5589 Samuel
804 5533 1174 5603 primogenitus
1227 5530 1439 5587 Vasseui
1461 5540 1508 5585 et
1544 5533 1692 5587 tibia.
1714 5532 1913 5589 Notan-

343 5625 469 5678 dum
493 5635 672 5679 autem
694 5625 838 5693 quod
874 5624 926 5677 in
949 5623 1086 5678 libro
1111 5623 1317 5693 Regum
1335 5623 1400 5678 de
1420 5623 1544 5677 ﬁliis
1557 5622 1771 5678 Samuel
1796 5623 1912 5681 loel

345 5715 651 5769 notuinatur
678 5714 729 5785 (1
764 5712 886 5783 Reg.
909 5716 1044 5783 vni),
1064 5715 1203 5767 item
1230 5713 1282 5765 in
1308 5711 1754 5783 Paralipomenon
1779 5715 1911 5770 Vas-

2018 4629 2131 4677 toto
2176 4622 2375 4677 mundo
2416 4622 2666 4687 reddunt,
2707 4622 2774 4676 de
2821 4622 3018 4691 quibus
3049 4620 3335 4677 Psalmista
3369 4623 3491 4678 ait:
3534 4621 3605 4679 In

2018 4727 2222 4765 omnem
2236 4722 2427 4765 terram
2446 4712 2600 4766 exivit
2619 4728 2777 4765 sonus
2799 4728 2982 4765 eorum
2994 4721 3043 4766 et
3063 4713 3119 4766 in
3130 4713 3262 4781 ﬁnes
3278 4713 3420 4767 orbis
3442 4724 3602 4770 terra:

2016 4802 2169 4857 verba
2211 4819 2391 4856 eorum
2420 4803 2592 4874 (Psal.
2634 4801 2807 4874 XVIII).
2838 4803 2904 4857 Et
2932 4802 3069 4858 bene
3095 4802 3477 4876 subjungitur;

2086 4890 2308 4947 Fratres
2328 4910 2533 4964 quoque
2563 4909 2764 4957 eorum,
2793 4892 3001 4959 Levita,
3030 4895 3121 4965 qui
3141 4896 3370 4951 ordinati
3396 4907 3522 4951 sunt
3544 4900 3601 4951 in

2018 4995 2263 5040 cunctum
2282 4985 2627 5039 ministerium
2649 4984 2976 5039 tabernaculi
2996 4985 3186 5041 domus
3200 4987 3437 5043 Domini.
3458 4989 3599 5056 Quia

2017 5077 2302 5133 universus
2320 5078 2455 5133 ordo
2478 5077 2877 5134 ecclesiasticus
2898 5080 3194 5135 secundum
3224 5083 3597 5151 apostolorum

2018 5168 2383 5234 traditionem,
2434 5170 2527 5239 qui
2579 5170 2870 5240 primatum
2924 5179 3111 5226 tenent
3166 5172 3222 5226 in
3280 5174 3598 5232 doctoribus

2015 5261 2237 5326 sanctis,
2270 5269 2439 5315 totum
2474 5269 2639 5333 agunt
2670 5261 3025 5318 ministerium
3056 5264 3170 5318 veri
3209 5264 3304 5318 Dei
3335 5266 3594 5321 taberna-

2015 5349 2143 5413 culi,
2195 5351 2337 5419 quod
2383 5359 2468 5406 est
2502 5362 2687 5406 sancta
2729 5352 2992 5418 Ecclesia,
3035 5354 3227 5409 domus
3256 5355 3444 5425 utique
3498 5357 3593 5411 Dei

2022 5439 2121 5492 vivi
2144 5440 2210 5493 de
2234 5440 2369 5495 vivis
2396 5440 2662 5510 lapidibus
2690 5450 3019 5497 constructa.
3064 5443 3215 5499 Unde
3240 5443 3433 5498 doctor
3456 5460 3592 5515 gen-

2018 5532 2150 5585 tium
2187 5531 2505 5600 discipulum
2536 5532 2811 5587 instruens
2837 5532 2948 5586 ait:
2983 5530 3111 5587 [hec
3131 5533 3224 5587 tibi
3251 5533 3442 5597 scribo,
3468 5551 3593 5605 spe-

2018 5637 2140 5675 rans
2169 5637 2251 5676 me
2278 5624 2448 5677 venire
2490 5624 2559 5677 ad
2604 5632 2654 5677 te
2693 5624 2815 5677 cito.
2865 5621 2921 5677 Si
2964 5635 3138 5678 autem
3183 5624 3479 5689 tardavero,
3534 5635 3593 5680 ut

2015 5712 2149 5766 scias
2189 5713 2446 5783 quomodo
2482 5722 2712 5784 oporteat
2761 5723 2809 5767 te
2850 5714 3146 5768 conversari
3189 5715 3247 5767 in
3290 5712 3448 5769 doma
3482 5715 3592 5771 Do-
