3902 6146
267 312 372 367 315

1197 306 1550 364 ΟΟΜΜΕΝΤ.
1594 310 1657 364 ΙΝ
1696 309 2246 369 PARALIPOMENA.
2291 346 2360 354 —
2400 315 2525 371 LIB.
2565 315 2609 370 l.

3428 319 3531 374 δη

267 448 417 509 mgni,
463 460 583 515 φιω
624 449 700 497 εει
731 440 973 497 Ecclesia
1016 441 1113 496 υεί
1158 442 1277 509 vivi,
1316 443 1558 499 columna
1588 453 1635 499 ει
1664 446 1847 514 ﬁrma-
1873 432 1922 486 Α
1950 438 2220 497 suscepta,
2252 431 2391 499 patri
2423 430 2642 485 cibariis
2671 431 2831 496 datis,
2859 431 2927 487 ab
2964 432 3154 487 eodem
3198 430 3441 486 Manasse
3476 433 3529 486 in

266 546 495 591 mentum
522 532 758 588 veritatis
789 530 840 602 (I
874 530 1008 585 Tim.
1040 531 1150 602 ιιι).

336 627 518 680 Aaron
561 639 681 679 vero
721 633 771 678 et
797 622 899 691 ﬁlii
923 623 1039 693 ejus
1074 623 1356 681 adolebant
1399 629 1666 681 incensum
1699 644 1855 696 super

264 720 435 773 altare
481 717 806 782 holocausti,
854 724 902 771 et
950 732 1109 787 super
1164 716 1334 773 altare
1362 719 1740 789 thymiamatis,
1798 720 1852 773 in

266 827 416 864 omne
461 824 593 879 opus
639 808 812 861 sancti
857 816 1180 874 sanctorum,
1224 817 1273 862 et
1310 818 1366 862 ut
1394 818 1734 879 precarentur
1757 825 1852 878 pro

265 899 469 964 Israel,
498 898 660 968 juxta
692 898 872 951 omnia
914 913 1031 967 quia
1074 907 1393 969 praeceperat
1435 898 1639 968 Moyses
1677 914 1852 953 servus

264 990 379 1044 Dei.
415 987 490 1041 Hi
517 995 639 1041 sunt
661 995 838 1040 autem
867 985 967 1055 ﬁlii
994 985 1175 1040 Aaron
1219 1002 1239 1041 :
1272 985 1504 1041 Eleazar
1531 986 1674 1056 ﬁlius
1702 988 1847 1057 ejus,

264 1078 489 1132 Phinees
535 1074 681 1145 ﬁlius
727 1077 865 1145 ejus,
914 1076 1105 1129 Abisue
1135 1075 1281 1145 ﬁlius
1324 1076 1462 1145 ejus,
1509 1076 1672 1131 Bocci
1704 1077 1847 1147 ﬁlius

262 1168 397 1236 ejus,
424 1163 529 1218 Osi
553 1165 700 1236 ﬁlius
728 1166 864 1233 ejus,
888 1161 1085 1218 Zaraia
1098 1164 1240 1234 ﬁlius
1265 1166 1402 1236 ejus,
1431 1165 1690 1222 Meraioth
1706 1167 1849 1237 ﬁlius

262 1259 398 1327 ejus,
444 1258 669 1311 Amaria
698 1255 846 1326 ﬁlius
895 1256 1032 1326 ejus,
1060 1256 1275 1311 Achitob
1317 1258 1462 1327 ﬁlius
1499 1260 1632 1331 ejus,
1676 1259 1849 1315 Sadoc

262 1349 408 1419 ﬁlius
455 1351 595 1421 ejus,
626 1350 911 1404 Achimaas
956 1348 1101 1419 ﬁlius
1136 1348 1272 1415 ejus,
1316 1360 1372 1405 et
1398 1351 1554 1423 reliq.
1584 1353 1764 1407 Aaron
1794 1361 1850 1407 et

264 1440 399 1494 ﬁlios
422 1439 548 1510 ejus
591 1440 801 1495 nullum
844 1440 1041 1495 melius
1064 1440 1370 1510 signiﬁcare
1399 1442 1655 1509 arbitror,
1683 1458 1847 1513 quam

262 1528 682 1599 Redemptorem
721 1538 971 1585 nostrum
996 1571 1011 1595 ,
1050 1539 1103 1585 et
1148 1530 1404 1586 Ecclesia:
1447 1533 1700 1602 populum
1726 1573 1741 1599 ,
1778 1535 1847 1589 ad

256 1640 418 1693 quem
463 1624 662 1680 Petrus
701 1625 756 1679 in
795 1625 1032 1694 Epistola
1075 1641 1173 1680 sua
1206 1626 1323 1681 ait:
1378 1623 1475 1680 Vos
1528 1628 1652 1682 estis
1682 1644 1847 1700 genus

255 1716 501 1783 electum,
525 1716 700 1787 regale
728 1716 1098 1782 sacerdotium,
1134 1734 1258 1788 gens
1281 1728 1481 1783 sancta,
1506 1718 1730 1790 populus
1752 1736 1846 1773 ac—

1959 515 2267 588 conjugium
2291 530 2537 590 suscepta
2566 522 2656 574 sit.

2032 609 2239 665 Machir
2265 621 2438 665 autem
2467 615 2662 683 accepit
2688 628 2876 667 uxores
2900 612 3026 682 ﬁliis
3053 614 3164 667 suis
3193 612 3457 684 Happhim
3482 624 3531 668 et

1957 700 2193 772 Saphan,
2225 712 2273 755 et
2295 702 2477 756 habuit
2516 718 2746 757 sororem
2776 706 2984 758 nomine
3032 702 3278 757 Machaa.
3326 704 3533 758 Nomen

1953 801 2127 846 autem
2168 794 2380 848 secundi
2440 792 2729 864 Salphaad.
2790 795 3051 866 Natwque
3085 805 3205 850 sunt
3233 795 3360 865 ﬁlia:
3403 795 3531 851 Sal-

1952 881 2147 950 phaad,
2198 891 2302 937 etc.
2344 881 2443 937 Hic
2476 887 2731 939 confusus
2765 886 2899 940 ordo
2928 886 3144 940 videtur
3177 901 3297 941 esse
3337 886 3532 941 dictio-

1952 970 2055 1036 nis,
2086 987 2208 1026 cum
2238 974 2471 1043 primum
2497 976 2648 1044 ponit
2674 976 2778 1030 duo
2798 976 3017 1032 nomina
3048 976 3272 1042 Machir,
3300 978 3400 1033 hoc
3424 989 3530 1041 est.

1950 1058 2214 1130 Happhim
2270 1071 2325 1118 et
2364 1064 2616 1133 Saphan-;
2649 1065 2845 1120 deinde
2874 1067 3003 1121 dicit
3034 1086 3046 1120 :
3080 1067 3288 1123 Nomen
3314 1069 3531 1122 secundi

1950 1150 2240 1220 Salphaad,
2278 1155 2370 1223 qui
2398 1155 2647 1210 habuerit
2676 1154 2833 1222 ﬁlias,
2864 1157 2931 1212 de
2960 1157 3157 1228 quibus
3184 1158 3237 1212 in
3265 1157 3526 1213 Numero-

1948 1259 2066 1298 ruu.
2098 1245 2235 1299 libro
2264 1245 2460 1317 legitur
2485 1246 2674 1317 (Num.
2707 1246 2899 1318 xxvu),
2928 1248 3073 1318 quod
3117 1250 3454 1320 expetissent
3493 1266 3524 1304 a

1949 1334 2131 1406 Moyse
2180 1336 2548 1392 hareditatem
2581 1338 2724 1393 inter
2751 1338 2950 1393 fratres
2983 1354 3131 1397 suos.
3165 1338 3269 1394 Sed
3316 1339 3529 1395 Hebraei

1947 1426 2090 1481 hunc
2112 1426 2289 1481 locum
2316 1427 2391 1481 ita
2417 1428 2743 1493 edisserunt,
2766 1430 2911 1498 quod
2941 1430 3209 1499 Happhim
3231 1437 3285 1485 et
3310 1429 3528 1499 Saphan
3606 1444 3611 1448 '

1946 1517 2106 1572 unius
2134 1518 2369 1573 hominis
2395 1519 2610 1572 nomina
2643 1518 2880 1586 fuerunt,
2928 1521 3031 1575 hoc
3056 1526 3161 1585 est,
3202 1521 3401 1591 prioris
3432 1520 3529 1577 ﬁlii

1946 1605 2182 1672 Machir;
2207 1604 2503 1661 secundum
2526 1615 2704 1663 autem
2724 1608 2840 1678 ejus
2853 1607 3028 1669 ﬁlium,
3046 1608 3214 1665 fuisse
3230 1597 3526 1679 Salphaad,

1947 1703 2216 1751 eteorum
2264 1711 2506 1752 sororem
2537 1712 2660 1752 esse
2705 1697 3039 1762 Malchaam,
3088 1713 3251 1769 quam
3309 1699 3527 1770 Heron,

252 1808 556 1879 quisitionis
580 1806 633 1878 (I
659 1806 808 1861 Petr.
836 1807 929 1879 n);
961 1807 1084 1876 quia
1140 1787 1267 1877 ipse
1296 1787 1544 1864 Pontifex
1570 1787 1836 1878 summus,
1871 1798 1917 1857 Β
1948 1801 2070 1879 cui"
2092 1787 2372 1879 δεκαείιξιε
2398 1796 2543 1879 θεξβί
2570 1803 2859 1853 annorum,
2902 1789 3112 1859 accepit
3142 1804 3384 1855 “30mm,
3406 1805 3529 1860 qua

251 1899 340 1968 qui
372 1913 445 1952 ex
492 1897 704 1952 semine
732 1896 906 1951 David
949 1911 1168 1952 carnem
1196 1897 1517 1968 suscipiens,
1548 1898 1723 1955 factus
1763 1910 1840 1955 est

250 1991 498 2045 sacerdos
527 1990 583 2045 in
629 2000 882 2045 wternum
930 1989 1217 2044 secundum
1269 1990 1505 2044 ordinem
1552 1991 1838 2048 Melchise-

250 2078 372 2135 δι’εὴ
403 2079 587 2153 (Psal.
620 2081 756 2153 eis),
802 2082 1199 2151 instituensque
1222 2097 1335 2148 eos,
1362 2082 1544 2138 docuit
1574 2098 1737 2153 super
1757 2084 1840 2138 al-

254 2180 363 2225 tare
388 2170 518 2226 ﬁdei
538 2171 916 2226 holocaustum
940 2171 1205 2226 bonorum
1229 2187 1453 2242 operum
1465 2180 1518 2228 et
1541 2173 1835 2242 thymiama

250 2277 418 2315 sacra:
448 2262 717 2317 orationis
746 2261 858 2316 Deo
905 2260 1119 2327 offerre,
1159 2270 1216 2316 et
1254 2271 1312 2317 ut
1351 2274 1707 2333 precarentur
1740 2279 1840 2336 pro

249 2353 432 2419 Israel,
464 2354 574 2408 hoc
594 2361 703 2418 est,
732 2368 832 2424 pro
857 2361 1001 2408 statu
1028 2362 1229 2408 sanctae
1256 2352 1531 2419 Ecclesiae,
1544 2353 1699 2423 juxta
1723 2371 1841 2411 om-

249 2445 331 2498 nia
358 2459 484 2515 quae
527 2446 790 2515 praecepit
844 2443 1055 2519 Moyses
1101 2459 1293 2501 servus
1343 2444 1439 2500 Dei
1486 2463 1499 2498 :
1540 2446 1838 2502 secundum

249 2547 519 2609 praecepta
569 2538 780 2593 scilicet
823 2538 978 2609 legis,
1026 2552 1146 2607 quae
1188 2537 1311 2593 data
1340 2547 1425 2593 est
1452 2553 1551 2608 per
1597 2538 1835 2611 Moysen.

249 2628 397 2695 Quod
422 2644 556 2685 vero
580 2630 892 2701 genealogis
912 2630 1094 2684 Aaron
1116 2629 1379 2699 repetitur
1400 2638 1455 2685 et
1475 2644 1645 2699 usque
1669 2630 1838 2686 Achi—

249 2735 396 2774 ntaas
423 2721 700 2790 pervenit,
728 2727 951 2790 putatur
979 2721 1083 2775 hoc
1100 2720 1171 2776 ob
1196 2718 1409 2775 laudem
1435 2728 1488 2774 et
1513 2721 1837 2776 memoriam

246 2811 540 2867 Achimaas
563 2811 768 2866 factum
796 2826 937 2878 esse,
964 2825 1030 2868 eo
1059 2811 1202 2882 quod
1237 2808 1474 2867 ﬁdeliter
1507 2825 1636 2883 erga
1666 2812 1836 2868 David

249 2901 301 2954 iu
326 2902 584 2958 omnibus
617 2903 812 2973 egerit.

859 2993 1086 3050 CAPUT
1127 2993 1236 3050 VII.

818 3084 897 3139 De
930 3083 1265 3154 Benjamitis.

314 3176 358 3249 (ι
392 3176 534 3232 Pan.
574 3173 692 3247 vn.)
731 3174 858 3231 Filii
908 3174 1007 3231 Οιὶ
1035 3148 1270 3231 ⁷ΙκτιιΙιία
1312 3175 1378 3230 de
1427 3192 1529 3247 quo
1559 3178 1672 3232 nati
1712 3185 1835 3231 sunt
1861 3148 1906 3212 Ο

248 3266 473 3322 Michael
504 3275 560 3321 et
590 3265 813 3337 .Obadia
843 3275 893 3321 et
923 3265 1041 3321 Joel
1079 3275 1129 3321 et
1153 3266 1300 3321 Jesia
1322 3308 1338 3333 ,
1385 3269 1612 3338 quinque
1656 3284 1832 3322 omnes

245 3360 525 3429 principes.
556 3358 841 3426 Quomodo
867 3357 999 3415 dicit
1018 3372 1139 3414 esse
1171 3358 1311 3414 ﬁlios
1336 3357 1547 3415 lzrahia
1572 3361 1829 3431 quinque,

247 3466 361 3504 cum
387 3466 501 3505 non
526 3450 876 3505 inveniantur
900 3449 1005 3504 nisi
1034 3450 1302 3519 quatuor?
1335 3449 1449 3505 Nisi
1484 3450 1624 3507 forte
1655 3467 1832 3506 annu-

249 3549 484 3595 meretur
507 3555 636 3594 cum
673 3539 754 3594 eis
791 3539 907 3610 ipse
928 3547 1082 3611 pater
1108 3554 1297 3597 eorum
1326 3540 1556 3607 lzrahia,
1589 3541 1684 3611 qui
1708 3541 1829 3596 uni-

249 3646 338 3685 cus
363 3631 510 3701 patri
556 3643 658 3684 suo
685 3626 781 3685 Ozi
809 3628 912 3683 fuit
940 3630 1239 3685 secundum
1262 3631 1501 3702 regulam
1518 3646 1694 3701 quam
1734 3647 1828 3686 su-

249 3733 339 3789 pra
368 3737 423 3774 tn
451 3719 566 3774 alio
590 3718 711 3774 loco
745 3719 1049 3790 posuimus.

311 3808 487 3864 Porro
514 3809 618 3879 ﬁlii
649 3809 853 3864 Becher
874 3825 894 3865 :
924 3807 1141 3863 Zamira
1165 3818 1215 3864 et
1241 3809 1395 3876 Joas,
1426 3820 1475 3865 et
1505 3809 1713 3866 Eliezer
1736 3853 1751 3877 ,
1781 3820 1829 3867 et

246 3901 488 3957 Elioenai
522 3912 571 3955 et
607 3900 759 3955 Amri
783 3909 833 3954 et
859 3899 1119 3954 Jerimoth
1146 3909 1196 3955 et
1242 3900 1375 3955 Abia
1403 3909 1451 3954 et
1481 3900 1744 3956 Anathoth
1779 3912 1830 3957 et

245 3994 478 4049 Almath.
512 3993 838 4063 Ubicunque
865 3993 919 4047 in
948 3993 1065 4062 lege
1100 3991 1392 4047 scribitur:
1426 3989 1618 4046 Omnes
1644 3992 1729 4046 isti
1756 3993 1827 4063 ﬁ-

176 4086 181 4087 '
245 4085 302 4139 lii
325 4086 639 4155 cujuslibet,
670 4093 764 4139 aut
787 4099 886 4157 pro
914 4084 1233 4139 meritorum
1256 4083 1596 4150 excellentia,
1622 4092 1714 4138 aut
1732 4098 1829 4154 pro

246 4177 567 4230 meritorum
616 4174 786 4230 veteri
817 4173 1064 4230 oratione
1108 4171 1187 4237 ﬁt,
1221 4180 1281 4226 ut
1309 4172 1427 4245 ejus
1457 4172 1555 4228 ﬁlii
1581 4174 1832 4229 dicantur

246 4283 379 4332 esse,
411 4266 573 4337 cujus
612 4267 909 4323 fueruntet
933 4267 1254 4322 imitatores.

316 4359 447 4414 Filii
472 4368 655 4433 autem
706 4358 879 4413 Balan
905 4374 923 4412 :
951 4359 1117 4414 Jehus
1161 4371 1212 4417 et
1254 4358 1536 4429 Benjamin
1559 4367 1605 4414 et
1635 4358 1753 4412 Aod
1776 4369 1827 4412 et

244 4450 522 4505 Chanana.
552 4450 633 4505 De
660 4449 821 4520 hujus
846 4465 976 4521 ergo
1005 4450 1119 4505 Aod
1148 4450 1404 4521 progenie
1433 4447 1599 4502 fuisse
1627 4447 1825 4502 dicitur

239 4538 403 4609 judex
429 4538 573 4605 Aod,
604 4538 701 4608 qui
746 4538 803 4592 in
842 4537 983 4595 libro
1007 4537 1259 4596 Iudicum
1287 4539 1484 4611 legitur
1514 4535 1667 4608 (Iud.
1714 4535 1820 4608 ιιι).

242 4633 500 4685 Chanana
556 4644 690 4687 vero
735 4629 839 4685 iste
877 4639 977 4696 est,
1033 4646 1064 4686 a
1113 4646 1221 4701 quo
1250 4631 1457 4702 egressi
1507 4637 1633 4684 sunt
1683 4629 1824 4683 Ben-

234 4722 519 4792 jaminitaa,
543 4723 639 4794 qui
670 4723 823 4780 nefas
846 4731 1296 4794 perpetraverunt
1322 4724 1376 4777 in
1404 4737 1573 4778 uxore
1594 4719 1824 4785 Levitis,

241 4819 383 4872 sicut
413 4818 468 4871 in
495 4814 750 4872 Judicum
779 4817 1043 4886 scriptum
1070 4825 1154 4872 est
1184 4815 1337 4889 (Jud.
1370 4815 1468 4887 ιι).

311 4905 444 4960 Filii
475 4916 653 4961 autem
678 4905 1016 4976 Nephthalim
1039 4924 1056 4961 :
1084 4906 1255 4961 Jasiel
1280 4916 1328 4961 et
1358 4904 1496 4960 Guni
1523 4913 1571 4959 et
1608 4904 1760 4959 Jeser
1779 4914 1827 4959 et

238 4995 441 5051 Sellum
484 4997 588 5065 ﬁlii
641 4996 798 5050 Bala.
844 4996 970 5053 Haec
1009 4998 1139 5053 Bala
1180 4998 1480 5054 concubina
1525 4995 1627 5052 fuit
1658 4995 1825 5053 Jacob

237 5086 377 5157 (Gen
404 5085 730 5156 xxx),atque
760 5087 957 5143 ancilla
998 5087 1233 5154 Rachel;
1266 5088 1493 5157 ideoque
1536 5087 1676 5142 ﬁlios
1716 5086 1824 5142 Ne-

232 5176 447 5247 phthali
493 5191 614 5230 esse
643 5176 806 5242 Bake,
843 5178 968 5248 quia
1018 5178 1330 5248 Nephthali,
1364 5194 1430 5233 ex
1463 5195 1571 5251 quo
1600 5178 1688 5233 isti
1734 5193 1827 5248 ge-

233 5267 416 5322 nerati
441 5276 589 5332 sunt,
622 5265 769 5323 ﬁlius
795 5267 895 5322 luit
920 5269 1075 5325 istius
1099 5270 1262 5324 Bake.

306 5353 484 5409 Porro
525 5355 667 5425 ﬁlius
713 5355 960 5412 Manasse
1013 5358 1219 5424 Esriel;
1268 5358 1657 5429 concubinaque
1708 5359 1823 5430 ejus

229 5444 381 5515 Syra
407 5447 607 5515 peperit
657 5444 891 5512 Machir,
921 5457 1123 5519 patrem
1153 5446 1378 5503 Galaad.
1409 5449 1677 5505 Asserunt
1719 5449 1824 5505 ﬂe-

230 5534 390 5598 bnci,
422 5535 563 5591 hanc
592 5532 783 5607 Syram
812 5536 977 5592 ﬁliam
1007 5536 1175 5594 fuisse
1205 5537 1297 5593 ﬁlii
1343 5539 1530 5606 Balan,
1562 5555 1726 5610 quam
1766 5542 1821 5597 in

230 5627 534 5699 £gyptum
571 5628 732 5684 famis
755 5629 931 5698 inopia
953 5631 1020 5685 ad
1055 5630 1468 5686 venundandam
1498 5646 1528 5685 a
1549 5640 1702 5702 patre
1725 5632 1822 5687 du—

225 5731 346 5787 cta.
371 5739 401 5777 a
428 5722 691 5787 Manasse,
720 5725 813 5793 qui
849 5725 1059 5780 horreis
1095 5735 1353 5799 praeerat,
1399 5727 1822 5784 misericorditer

1850 4497 1902 4558 D

1944 1877 2107 1931 etiam
2135 1878 2345 1946 peperit
2385 1878 2436 1933 ei
2466 1878 2658 1945 ﬁlium,
2705 1881 2926 1936 nomine
2973 1880 3171 1952 Segub,
3207 1883 3347 1936 sicut
3370 1897 3528 1951 supe-

1939 1969 2054 2024 rius
2090 1969 2519 2024 demonstratum
2545 1979 2645 2025 est.
2672 1970 2826 2038 Quod
2857 1980 3038 2026 autem
3081 1972 3414 2028 enumeratis
3459 1972 3526 2026 ﬁ-

1939 2060 2028 2116 liis
2056 2061 2303 2117 Manasse
2330 2078 2395 2118 ex
2422 2062 2628 2118 Machir
2658 2063 2931 2134 subjungit
2961 2082 2975 2119 :

2010 2148 2084 2204 Hi
2106 2162 2226 2204 sunt
2247 2150 2349 2220 ﬁlii
2372 2149 2581 2206 Galaad
2607 2160 2654 2204 et
2683 2151 2910 2218 Machir,
2935 2151 3035 2221 ﬁlii
3071 2151 3353 2217 Manasse;
3375 2169 3527 2207 soror

1940 2250 2113 2295 autem
2144 2241 2259 2311 ejus
2288 2241 2491 2311 Regina
2518 2242 2715 2312 peperit
2744 2243 2915 2294 virum
2945 2243 3213 2307 decorum,
3239 2250 3344 2296 etc.
3372 2242 3524 2297 Hanc

1942 2332 2228 2403 Reginam,
2277 2348 2395 2403 qua:
2447 2332 2550 2388 fuit
2593 2348 2750 2388 soror
2799 2332 2979 2399 Ulam,
3016 2332 3112 2387 ﬁlii
3152 2332 3383 2398 Phares,
3427 2332 3524 2388 ﬁlii

1939 2422 2166 2489 Machir,
2197 2432 2256 2479 ut
2301 2439 2465 2495 supra
2492 2423 2718 2478 historia
2746 2423 3004 2488 ostendit,
3054 2423 3274 2494 quidam
3306 2423 3523 2478 tradunt

1938 2526 2061 2568 esse
2094 2519 2323 2566 matrem
2368 2510 2496 2568 Jesu
2544 2511 2641 2566 ﬁlii
2672 2510 2840 2577 Nave,
2866 2526 3027 2582 quem
3058 2513 3227 2566 virum
3274 2511 3523 2565 decorum

1938 2613 2250 2673 nuncupant
2273 2612 2496 2675 propter
2518 2603 2728 2675 insigne
2752 2603 2970 2658 virtutis
2999 2602 3115 2673 ejus
3156 2612 3210 2658 et
3245 2601 3521 2672 principa-

1938 2703 2045 2750 tus.
2076 2692 2182 2748 ΑΙίί
2228 2693 2416 2749 dicunt
2459 2695 2709 2750 eamdem
2756 2694 3020 2765 Reginam
3053 2708 3177 2748 esse
3216 2693 3522 2749 Debboram

1935 2800 2163 2842 uxorem
2196 2784 2461 2856 Lapidoth
2498 2786 2893 2857 prophetissam
2933 2782 3086 2856 (Iud.
3133 2789 3231 2856 tv).
3269 2782 3376 2839 Sed
3405 2780 3524 2853 ejus

1935 2876 2204 2947 opinionis
2230 2877 2322 2945 qui
2349 2876 2731 2932 certitudinem
2756 2876 3018 2941 inveniat,
3053 2873 3218 2929 dicat.

2007 2965 2140 3021 Filii
2166 2976 2341 3021 autem
2372 2966 2625 3037 Ephraim
2651 2980 2669 3018 .'
2700 2963 2949 3030 Suthala,
2980 2963 3157 3018 Bared
3196 2962 3342 3033 ﬁlius
3381 2963 3514 3033 ejus,

1940 3056 2124 3110 Tltaha
2148 3055 2292 3125 ﬁlius
2317 3056 2452 3127 ejus,
2468 3055 2665 3121 Elada,
2682 3055 2825 3124 ﬁlius
2848 3055 2982 3125 ejus,
3011 3053 3194 3107 Thaha
3214 3053 3357 3123 ﬁlius
3378 3053 3517 3123 ejus,

1936 3157 1983 3201 et
2013 3144 2158 3215 ﬁlius
2185 3143 2387 3211 Zabad,
2420 3154 2467 3200 et
2489 3145 2650 3215 hujus
2673 3144 2816 3214 ﬁlius
2845 3142 3096 3208 Suthala,
3118 3154 3165 3197 et
3191 3143 3352 3212 hujus
3373 3140 3517 3210 ﬁlius

1939 3236 2080 3291 Ezer
2104 3245 2153 3290 et
2181 3234 2344 3290 Elad.
2375 3235 2693 3292 Occiderunt
2719 3244 2895 3289 autem
2918 3250 3006 3289 eos
3040 3235 3135 3288 viri
3159 3230 3287 3287 Geth
3311 3232 3518 3302 indige-

1935 3348 2038 3397 nae,
2073 3330 2200 3402 quia
2226 3328 2598 3386 descenderant
2630 3337 2685 3382 ut
2710 3327 3013 3382 invaderent
3048 3324 3395 3396 possessiones
3425 3339 3515 3376 eo-

1934 3421 2247 3478 rum.Lua:it
2278 3437 2400 3491 ergo
2434 3419 2692 3491 Ephraim
2719 3427 2868 3489 pater
2904 3433 3084 3471 eorum
3108 3415 3282 3469 multis
3311 3413 3515 3480 diebus,

1933 3523 2283 3584 veneruntque
2312 3512 2505 3584 fratres
2551 3511 2666 3581 ejus
2716 3518 2773 3564 ut
2797 3507 3197 3563 consolarentur
3221 3523 3358 3571 eum,
3405 3518 3512 3562 etc.

1934 3603 2110 3674 Super
2133 3605 2237 3660 hoc
2262 3602 2494 3672 capitulo
2531 3602 2740 3657 Hebraei
2783 3599 3089 3669 hujusmodi
3131 3600 3406 3669 delingunt
3431 3598 3514 3653 fa-

1932 3695 2133 3761 bulam,
2165 3695 2405 3755 dicentes
2443 3695 2587 3764 quod
2628 3694 2725 3749 ﬁlii
2769 3694 3043 3766 Ephraim,
3081 3692 3220 3747 Ezer
3256 3699 3312 3745 et
3343 3691 3473 3745 Elad
3495 3731 3510 3754 ,

1931 3797 2254 3860 congregata
2280 3786 2627 3843 multitudine
2651 3786 2717 3841 de
2738 3783 2925 3850 Israel,
2953 3784 3169 3838 vivente
3196 3782 3371 3838 adhuc
3411 3796 3507 3851 pa-

1931 3888 2014 3935 tre
2042 3896 2158 3944 suo,
2200 3879 2379 3934 conati
2415 3885 2541 3933 sunt
2566 3877 2633 3931 ad
2665 3885 2864 3930 terram
2886 3872 3262 3944 promissionis
3287 3871 3507 3936 reverti,

1933 3974 2024 4045 qui
2050 3982 2104 4028 et
2132 3972 2270 4028 Geth
2294 3973 2426 4026 urbe
2447 3969 2857 4025 Philistinorum
2887 3964 3156 4020 interfecti
3180 3972 3324 4019 sunt.
3361 3963 3512 4020 Unde

1932 4074 1984 4120 et
2017 4072 2226 4119 caetera
2265 4068 2451 4132 postea
2495 4059 2668 4114 tribus
2710 4073 2808 4129 per
2843 4056 3117 4112 desertum
3147 4055 3506 4120 adducuntur,

1929 4168 1999 4208 ne
2024 4152 2270 4206 viderent
2287 4166 2408 4206 ossa
2436 4149 2664 4203 fratrum
2688 4162 2929 4203 suorum.
2958 4146 3027 4200 Et
3053 4145 3109 4200 in
3135 4145 3343 4215 psalmo
3371 4143 3506 4199 dici-

1932 4252 2021 4299 tur
2050 4263 2063 4299 :
2098 4243 2229 4299 Filii
2261 4242 2490 4313 Ephrem
2539 4241 2772 4295 conversi
2799 4248 2920 4293 sunt
2964 4239 3022 4292 in
3061 4237 3145 4292 die
3169 4236 3289 4291 belli
3333 4233 3506 4306 (Psal.

1927 4335 2153 4406 Lxxvn).
2185 4333 2404 4389 Fratres
2430 4347 2578 4397 vero,
2611 4331 2704 4400 qui
2741 4331 2809 4386 ad
2832 4330 3221 4386 consolandum
3249 4326 3508 4397 Ephraim

1927 4415 2213 4489 venerunt,
2267 4430 2360 4477 aut
2388 4436 2481 4478 eos
2522 4420 2773 4486 dicimus,
2820 4420 2914 4492 qui
2954 4420 3023 4476 de
3068 4418 3392 4490 patriarchis
3419 4432 3510 4472 su-

1927 4525 2203 4592 pererant,
2249 4524 2343 4571 aut
2379 4514 2754 4586 cognationem
2793 4530 2958 4586 quam
3013 4513 3257 4569 fraterno
3290 4512 3509 4568 nomine

1928 4624 2069 4680 saepe
2120 4606 2597 4663 nominaverimus.
2643 4604 2770 4660 Post
2815 4605 2932 4660 haec
2963 4613 3145 4659 autem
3173 4600 3510 4659 enumeratis

1929 4698 2055 4754 ﬁliis
2080 4697 2358 4769 Benjamin
2387 4695 2745 4767 subiungitur.

2516 4807 2745 4865 CAPUT
2784 4807 2916 4864 Vlll.

1930 4906 2130 4962 Rursus
2157 4906 2221 4960 de
2247 4903 2591 4973 Benjamitis;
2621 4900 2686 4973 de
2710 4901 3046 4971 generatione
3077 4896 3209 4954 Saul
3236 4899 3389 4969 regis,
3413 4899 3505 4970 qui

2306 4995 2309 4998 ⁴
2353 4970 2367 4973 ⁷
2393 4988 2459 5027 ea:
2485 4989 2547 5026 ea
2571 4970 2880 5025 tribuortus
2908 4980 3002 5024 est.

2001 5087 2044 5160 (Ι
2080 5087 2211 5142 Ρη.
2243 5083 2387 5155 vm.)
2428 5083 2503 5137 Hi
2531 5091 2652 5137 sunt
2679 5080 2778 5150 ﬁlii
2808 5080 2984 5147 Ahod,
3009 5079 3267 5151 principes
3308 5095 3503 5149 cogna-

1927 5180 2129 5232 tionum
2173 5175 2523 5230 habitantium
2566 5172 2623 5226 in
2675 5169 2881 5236 Gabaa,
2903 5171 2991 5242 qui
3017 5170 3262 5225 translati
3292 5178 3415 5223 sunt
3448 5170 3505 5222 in

1928 5266 2240 5321 Manabath.
2264 5263 2488 5319 Manaha
2496 5263 2552 5317 th
2568 5262 2956 5329 interpretatur
2967 5259 3293 5330 sepulcrum.
3310 5257 3508 5312 Trans:

1930 5358 2027 5413 lati
2057 5364 2183 5412 sunt
2228 5370 2357 5427 ergo
2384 5356 2439 5410 in
2477 5353 2784 5417 Manabath,
2836 5351 3051 5421 quando
3074 5366 3174 5421 pro
3217 5350 3422 5406 scelere
3446 5349 3501 5405 in

1927 5466 2099 5507 uxore
2124 5449 2328 5504 Levitis
2351 5454 2664 5518 perpetrato
2687 5445 2866 5517 gladio
2898 5450 3242 5506 corruerunt,
3285 5448 3340 5496 et
3366 5453 3505 5509 pene

1928 5557 2100 5612 usque
2148 5540 2217 5596 ad
2268 5539 2619 5595 novissimum
2667 5536 2906 5601 deducti,
2951 5549 3074 5590 cum
3116 5546 3184 5587 ex
3220 5537 3328 5585 tota
3358 5526 3500 5582 tribu

1929 5649 2036 5689 non
2086 5631 2317 5702 amplius
2352 5645 2512 5699 quam
2558 5627 2774 5683 ducenti
2802 5627 2903 5680 viri
2950 5627 3327 5679 remanserunt
3345 5616 3501 5688 (Iud.

1934 5727 2045 5797 xx).
2074 5722 2224 5790 Quod
2248 5736 2376 5776 vero
2412 5718 2655 5787 sequitur
2680 5735 2693 5771 :
2723 5714 2970 5771 Naaman
3006 5720 3205 5777 autem,
3231 5718 3278 5764 et
3314 5707 3503 5773 Achia,
