3912 6160
370 306 475 363 315

1005 306 1066 371 Β.
1105 302 1358 359 RABANI
1399 304 1618 361 MAURI
1655 304 1977 362 ARCHIEP.
2019 307 2326 367 MOGUNT.
2369 309 2652 366 OPERL'M
2692 311 2869 366 PARS
2905 312 2947 367 i.

3512 318 3622 372 516

371 433 418 478 et
447 419 603 484 Cera,
633 420 756 491 'ipse
782 417 1047 473 transtulit
1088 434 1203 484 eos,
1243 417 1487 487 designat
1529 419 1663 473 duos
1693 418 1904 488 priores
1923 458 1938 484 ,
1969 425 2017 485 Α
2044 423 2168 492 quia
2193 434 2482 493 antequam
2505 424 2762 494 templum
2788 424 3167 492 aediﬁcaretur,
3192 427 3246 482 in
3272 428 3471 498 palatio
3498 445 3622 485 erat

374 510 476 563 hoc
502 516 603 573 est,
633 506 872 561 Naaman
902 514 957 559 et
980 506 1167 571 Acbia,
1195 506 1360 562 fuisse
1392 507 1685 575 principes,
1725 507 1820 561 sed
1860 516 1941 561 ta-

374 614 496 652 men
540 612 601 652 se
628 597 929 652 subdidisse
956 594 1117 649 Gera.
1149 594 1301 649 Unde
1329 602 1384 650 et
1422 594 1679 665 singulari
1717 608 1943 648 numero

373 687 748 743 describuntur
773 704 786 739 :
815 684 934 753 Ipse
953 684 1220 739 transtulit
1244 703 1350 740 eos.
1381 688 1457 741 De
1500 688 1605 741 isto
1631 687 1772 743 Gera
1813 702 1941 757 pro-

373 777 536 831 cessit
564 775 849 845 progenies
871 774 1030 838 Gera,
1066 774 1157 844 qui
1190 775 1288 828 fuit
1316 784 1472 844 pater
1512 775 1711 831 Semei.

442 864 604 919 Baria
629 874 803 918 autem
831 874 880 917 et
910 861 1072 918 Sama
1099 866 1359 934 principes
1388 867 1756 936 cognationum
1789 866 1944 920 habi-

370 957 591 1008 tantium
629 956 683 1009 in
722 953 912 1007 Aialon
942 970 960 1006 :
1007 954 1060 1006 hi
1095 954 1405 1023 fugaverunt
1439 954 1757 1010 habitatores
1790 952 1940 1009 Geth.

368 1045 604 1116 Fugasse
641 1047 894 1101 dicuntur
926 1044 1086 1097 Baria
1114 1052 1169 1098 et
1208 1044 1371 1098 Sama
1404 1044 1742 1099 habitatores
1780 1044 1941 1111 Geth,

368 1136 492 1204 quia
535 1136 635 1190 ulti
680 1145 807 1191 sunt
851 1133 1050 1191 fratres
1090 1151 1218 1190 suos
1260 1136 1538 1206 prraim,
1584 1152 1722 1207 quos
1765 1137 1944 1208 gladio

367 1227 742 1281 conciderunt.

444 1317 684 1372 Fuerunt
709 1324 884 1370 autem
908 1315 1007 1386 ﬁlii
1036 1314 1189 1370 Ulant
1218 1319 1317 1371 viri
1357 1318 1650 1387 fortissimi,
1677 1329 1726 1375 et
1753 1337 1943 1392 magna

366 1411 548 1465 robore
584 1408 847 1461 tendentes
875 1423 1075 1470 arcum,
1114 1414 1161 1460 et
1201 1407 1391 1461 multos
1427 1408 1670 1463 habentes
1714 1410 1850 1479 ﬁlios
1882 1427 1944 1464 ac

366 1508 569 1568 nepotes
607 1511 768 1566 usque
793 1495 863 1547 ad
902 1505 1102 1549 centum
1142 1497 1542 1567 quinquaginta.
1585 1498 1686 1553 Hic
1727 1510 1945 1554 centum

365 1587 795 1658 quinquagenius
841 1600 1096 1646 numerus
1126 1585 1359 1641 refertur
1399 1590 1466 1641 ad
1499 1588 1637 1644 ﬁlios
1675 1589 1853 1656 Ulam,
1884 1600 1944 1645 ut

367 1682 469 1735 iste
515 1680 585 1734 sit
626 1692 855 1732 sensus:
885 1676 1125 1732 Fuerunt
1171 1687 1351 1732 autem
1387 1678 1484 1733 ﬁlii
1529 1680 1683 1735 Ulam
1727 1689 1943 1735 centum

2041 528 2168 568 arca
2196 515 2520 580 testamenti,
2559 524 2613 569 et
2641 515 2713 570 ibi
2739 516 2840 570 aedi
2867 516 3251 574 inserviebant.

2111 601 2313 657 Sel/um
2354 620 2473 658 vero
2509 603 2653 672 ﬁlius
2682 602 2848 670 Cora,
2889 605 2991 674 ﬁlii
3026 608 3310 678 Abiasaph,
3357 610 3453 679 ﬁlii
3483 612 3620 667 Core

2041 709 2161 747 cum
2204 693 2455 762 fratribus
2499 695 2609 748 suis
2655 703 2702 748 et
2729 695 2882 749 domo
2912 697 3077 765 patris
3121 699 3204 751 sui
3240 698 3428 768 (Num.
3465 703 3612 773 xu).

2042 781 2142 836 Hic
2168 782 2317 851 prior
2360 782 2498 838 Cora
2543 798 2641 854 per
2684 783 2833 854 aleph
2863 786 3138 851 scribitur,
3163 798 3217 842 et
3266 800 3424 844 sonat
3452 790 3619 846 Cora.

2044 871 2323 927 Secundus
2352 888 2479 927 vero
2500 888 2598 942 per
2627 876 2708 939 he,
2733 883 2789 929 et
2818 883 2977 930 sonat
3006 874 3159 931 Core.
3189 878 3327 934 Cora
3356 880 3623 949 clamans,

2043 963 2180 1018 Core
2212 964 2387 1018 clavus
2434 965 2838 1035 interpretatur.
2876 966 2994 1037 Ipse
3031 976 3115 1023 est
3162 970 3252 1038 qui
3285 971 3341 1025 in
3369 971 3628 1031 Numeris

2043 1055 2297 1109 scribitur
2338 1055 2392 1109 in
2442 1056 2705 1112 seditione
2735 1055 2901 1113 fuisse
2950 1070 3141 1114 contra
3190 1060 3427 1124 Moysen.
3463 1064 3624 1131 Quod

2045 1157 2225 1200 autem
2257 1146 2384 1201 dicit
2410 1166 2423 1200 :

2116 1237 2189 1291 Hi
2215 1249 2336 1292 sunt
2366 1237 2556 1293 Corita:
2580 1256 2735 1311 super
2759 1258 2916 1313 opera
2951 1244 3249 1311 ministerii,
3273 1251 3512 1303 custodes
3539 1266 3621 1303 ve-

2045 1329 2355 1383 stibulorum
2403 1331 2745 1397 tabernaculi,
2792 1333 3087 1404 signiﬁcat,
3120 1337 3261 1404 quod
3302 1337 3391 1392 isti
3431 1349 3591 1393 custo

2046 1421 2263 1477 diebant
2304 1421 2502 1476 ostium
2548 1422 2880 1481 tabernaculi
2928 1428 3205 1491 exterius;
3259 1436 3441 1495 patres
3481 1445 3620 1485 vero

2045 1527 2232 1567 eorum
2272 1512 2362 1581 qui
2393 1511 2578 1567 subter
2601 1514 2928 1579 scribuntur,
2966 1523 3022 1570 et
3049 1519 3139 1585 qui
3171 1517 3223 1570 in
3267 1517 3530 1573 Psalterio
3556 1520 3629 1574 ti-

2046 1604 2189 1658 tulos
2215 1604 2431 1665 habent,
2479 1603 2578 1671 ipsi
2616 1604 2987 1658 custodiebant
3031 1605 3231 1659 ostium
3280 1606 3507 1663 interius
3537 1617 3625 1663 ta-

2045 1692 2320 1747 bernaculi
2366 1693 2611 1757 Domini,
2648 1703 2703 1746 et
2731 1702 2887 1748 erant
2931 1705 3208 1748 cantores.
3235 1694 3387 1762 Quod
3437 1706 3624 1751 autem

365 1768 781 1840 quinquaginta,
808 1781 905 1835 per
935 1776 1146 1834 tropum
1182 1768 1273 1835 qui
1317 1777 1544 1823 vocatur
1581 1769 1937 1840 hyperbaton.
1973 1805 2018 1863 Β
2047 1781 2422 1851 subjungimr;

367 1946 470 2011 Qui
505 1947 661 2015 primi
698 1945 929 2013 ﬁliorum
1166 1875 1529 2001 habishverinf
1547 1948 1602 2002 in
1630 1948 1942 2015 Jerusalem,

433 2027 480 2069 et
530 2017 695 2087 ofﬁcia
735 2015 1063 2087 sacerdotum
1111 2024 1159 2068 et
1211 2015 1553 2087 Levitarum;
1588 2022 1945 2087 generationes

432 2102 631 2154 quoque
662 2084 797 2139 Saul
823 2102 883 2136 ac
909 2084 1140 2152 ﬁliorum
1169 2086 1285 2154 ejus
1317 2084 1636 2155 repetuntur.

431 2175 470 2245 (Ι
500 2173 632 2228 Pan.
658 2173 758 2243 ιιι.)
786 2172 1066 2226 Universus
1096 2190 1217 2243 ergo
1240 2174 1410 2228 Israel
1438 2176 1798 2231 dinumeratus
1830 2188 1903 2232 est
1924 2220 1938 2244 ,

358 2275 405 2316 et
434 2279 638 2317 summa
667 2278 844 2315 eorum
881 2262 1075 2332 scripta
1101 2273 1174 2315 est
1213 2263 1267 2316 in
1305 2262 1437 2318 libro
1472 2263 1671 2335 Regum
1699 2266 1868 2321 Israel
1893 2276 1941 2321 et

356 2354 389 2409 J
399 2354 521 2408 uda.
548 2353 808 2407 Translati
834 2363 953 2406 sunt
987 2362 1160 2405 autem
1184 2354 1238 2407 in
1265 2352 1585 2426 Babylonem
1610 2366 1822 2428 propter
1854 2358 1945 2413 de-

359 2445 538 2499 lictum
562 2462 737 2499 suum.
767 2444 1042 2501 Numerati
1074 2453 1201 2499 sunt
1227 2460 1357 2515 ergo
1384 2445 1482 2498 ﬁlii
1510 2445 1677 2500 Israel
1705 2449 1818 2503 sive
1845 2462 1942 2518 per

361 2535 553 2599 David,
579 2543 637 2587 ut
661 2533 938 2604 Scriptura
960 2532 1147 2598 refert,
1179 2534 1291 2587 sive
1320 2549 1418 2603 per
1444 2533 1805 2602 Salomonem,
1830 2537 1942 2592 sive

361 2642 454 2696 per
483 2624 646 2678 alium
674 2623 966 2693 quemlibet
997 2624 1210 2694 regem;
1246 2626 1341 2678 sed
1386 2634 1564 2678 tamen
1593 2636 1815 2695 propter
1844 2628 1940 2682 de-

361 2714 545 2768 lictum
575 2729 727 2767 suum
757 2714 809 2767 in
834 2712 1140 2769 Chaldaeum
1171 2714 1413 2768 translati
1444 2723 1588 2781 sunt,
1620 2717 1815 2785 partim
1845 2734 1944 2789 per

366 2800 938 2871 Thelgathpbalnasar,
971 2802 1165 2873 partim
1192 2818 1291 2873 per
1319 2801 1686 2870 Salmanasar,
1727 2809 1948 2876 partim-

364 2908 469 2967 que
497 2907 593 2962 per
625 2892 1136 2959 Nabuchodonosor,
1167 2895 1256 2948 ubi
1300 2903 1353 2950 et
1385 2894 1602 2964 plurimi
1632 2912 1817 2952 eorum
1855 2901 1944 2954 dc-

363 2982 609 3039 fecerunt
631 2995 678 3036 ι.
705 2983 857 3049 Quod
885 2990 1063 3038 autem
1088 2985 1311 3050 dicitur,

430 3076 810 3131 Habitaverunt
864 3077 1019 3145 primi
1072 3077 1126 3130 in
1172 3077 1582 3147 possessionibus
1626 3089 1673 3132 et
1726 3079 1942 3135 urbibus

359 3168 494 3232 suis,
540 3165 709 3220 Israel
748 3174 796 3219 et
841 3166 1158 3232 sacerdotes,
1202 3165 1391 3222 Levita:
1419 3178 1467 3221 et
1501 3167 1803 3235 Nathina’i,
1833 3181 1937 3226 etc.
1968 3192 2012 3254 ρ

359 3256 649 3311 Sciendum
691 3255 835 3324 quod
873 3253 1137 3310 Nathinzci
1167 3256 1383 3320 domini,
1412 3258 1525 3311 sive
1556 3259 1611 3311 in
1646 3258 1939 3313 humilitate

357 3345 651 3409 servientes,
700 3344 1141 3413 interpretantur,
1183 3353 1239 3399 et
1284 3353 1408 3399 sunt
1433 3345 1764 3413 Gabaonitaa,
1804 3363 1939 3417 quos

360 3434 521 3489 Josue
552 3452 671 3489 cum
707 3436 831 3489 vita:
878 3436 1269 3501 reservaverit,
1318 3437 1385 3490 ad
1431 3438 1709 3491 servitium
1760 3447 1938 3493 tamen

361 3527 544 3596 templi
572 3527 865 3596 deputavit,
891 3536 948 3581 ut
974 3543 1141 3597 aquas
1167 3537 1221 3581 et
1250 3527 1391 3598 ligna
1421 3528 1565 3584 illius
1596 3539 1943 3599 apportarcnt

369 3619 503 3690 (Jos.
533 3620 631 3689 ιιι).

426 3710 648 3763 Asarias
685 3728 886 3782 quoque
929 3710 1073 3780 ﬁlius
1115 3709 1334 3777 Helciw,
1371 3711 1472 3781 ﬁlii
1509 3710 1808 3776 Mosollam,
1842 3713 1941 3781 ﬁlii

358 3799 552 3865 Sadoc,
570 3800 669 3868 ﬁlii
694 3799 749 3853 Μ
754 3800 980 3867 araioth,
1003 3800 1102 3868 ﬁlii
1126 3800 1340 3854 Achitob
1362 3801 1596 3871 pontifex
1618 3801 1804 3855 domus
1820 3802 1938 3869 Dei,

356 3901 409 3945 et
440 3891 662 3961 reliqua.
696 3892 799 3947 lste
828 3901 911 3947 est
938 3892 1151 3947 Helcias
1181 3895 1434 3947 sacerdos
1480 3909 1726 3963 magnus,
1755 3895 1848 3963 qui
1875 3893 1940 3948 li-

360 3983 515 4035 brum
546 3982 677 4053 legis
704 3984 928 4049 invenit,
963 3984 1065 4038 hoc
1092 3992 1193 4047 est,
1225 3984 1698 4038 Deuteronomium
1729 3984 1782 4037 in
1810 3993 1941 4038 tem—

359 4068 445 4140 plo
474 4069 708 4137 Domini,
734 4073 1064 4147 temporibus
1088 4072 1269 4139 .losite,
1294 4080 1348 4127 et
1374 4072 1571 4128 dicitur
1596 4071 1762 4129 fuisse
1786 4083 1941 4145 pater

358 4160 605 4216 Jeremite
634 4163 909 4232 propheta:
937 4163 988 4236 (Ι
1006 4162 1041 4215 γ
1073 4163 1203 4235 Reg.
1228 4165 1386 4235 χχιι).

430 4253 698 4307 Bacbacar
720 4272 921 4325 quoque
948 4257 1306 4326 carpentur-ius
1335 4266 1381 4310 et
1407 4254 1563 4311 Galal
1586 4267 1633 4310 et
1666 4256 1939 4311 Mat/iunia

358 4341 499 4410 ﬁlius
533 4341 710 4396 Micha
737 4344 835 4413 ﬁlii
875 4342 1081 4410 Zechri,
1111 4344 1210 4405 ﬁlii
1254 4345 1469 4414 Asaph:
1500 4355 1549 4399 et
1580 4344 1751 4399 Obdia
1796 4344 1938 4413 ﬁlius

358 4432 598 4501 Semeiaz,
627 4435 726 4505 ﬁlii
774 4434 948 4503 Galal,
992 4436 1091 4506 ﬁlii
1134 4435 1379 4502 Idithun,
1409 4446 1457 4491 et
1503 4436 1767 4490 Barachia
1794 4436 1938 4505 ﬁlius

357 4524 489 4591 Aza,
519 4525 618 4595 ﬁlii
648 4525 852 4580 Elcana
872 4567 886 4593 ,
921 4528 1010 4597 qui
1051 4527 1300 4580 habitavit
1328 4528 1384 4581 in
1427 4528 1578 4581 atriis
1621 4525 1904 4598 Netophati
1923 4568 1938 4594 ,

355 4625 463 4671 etc.
497 4616 767 4671 Bacbacar
796 4617 1169 4684 carpentarius
1196 4616 1400 4670 idcirco
1438 4615 1781 4683 describitur,
1809 4618 1935 4686 quia

360 4706 591 4761 artiﬁcio
635 4719 735 4759 suo
782 4702 1105 4774 fungebatur
1138 4705 1191 4758 in
1228 4705 1387 4760 domo
1433 4705 1681 4770 Domini,
1719 4713 1774 4759 et
1819 4715 1936 4761 erat

359 4799 425 4853 de
457 4798 598 4852 tribu
636 4797 798 4865 Levi;
826 4804 882 4851 et
912 4796 1171 4850 Barachia
1212 4794 1352 4852 ﬁlius
1375 4795 1559 4866 Asaph
1587 4795 1682 4849 ﬁlii
1712 4796 1931 4863 Eleana,

360 4890 452 4957 qui
492 4889 754 4944 habitavit
787 4889 842 4942 in
872 4887 1025 4941 atriis
1060 4886 1364 4956 Netophati.
1398 4885 1698 4955 'Netophati
1739 4902 1934 4943 nomen

360 4979 465 5033 loci
492 4987 593 5042 est,
637 4987 692 5032 et
724 4979 1078 5047 intepretatnr
1122 4976 1366 5045 inclytus,
1392 4975 1483 5029 ubi
1514 4975 1795 5037 habitabat
1831 4974 1937 5029 lle-

362 5067 451 5122 led
481 5068 621 5121 ﬁlius
651 5067 851 5131 Baana,
884 5067 960 5129 de
986 5083 1094 5137 quo
1141 5066 1388 5134 superius
1432 5066 1635 5121 dictum
1679 5074 1801 5122 est:
1833 5064 1937 5132 Qui

359 5166 509 5213 erant
534 5174 739 5211 corona:
764 5158 949 5211 domus
974 5156 1110 5211 Ioab
1141 5157 1189 5230 (Ι
1222 5154 1352 5210 Par.
1377 5156 1461 5228 ιι).

433 5244 605 5299 Obdia
647 5245 790 5315 ﬁlius
819 5247 917 5315 fuit
951 5244 1189 5312 Semeiaz,
1215 5245 1315 5315 ﬁlii
1347 5242 1522 5310 Galal,
1558 5243 1658 5314 ﬁlii
1694 5243 1935 5310 Idithun,

367 5338 578 5392 lditbun
608 5338 847 5391 cantoris
872 5337 1061 5392 David.

434 5424 719 5480 Observant
748 5428 934 5498 quippe
963 5428 1017 5480 in
1045 5436 1196 5497 porta
1235 5430 1367 5497 regis
1396 5426 1464 5479 ad
1496 5425 1759 5480 Orientem
1785 5425 1850 5478 de
1875 5424 1941 5492 ﬁ-

361 5520 445 5573 liis
484 5517 609 5573 Levi
651 5535 742 5589 per
766 5519 900 5574 vices
929 5537 1074 5574 suas.
1104 5519 1207 5585 Qui
1244 5526 1397 5573 erant
1434 5527 1703 5579 cantores,
1729 5525 1784 5569 et
1810 5516 1942 5569 vici-

366 5608 466 5665 bus
512 5610 624 5665 suis
660 5610 729 5664 ad
777 5609 1111 5678 psallendum
1153 5622 1276 5662 cum
1324 5605 1490 5660 David
1529 5604 1940 5668 conveniebant,

2120 1872 2186 1925 Et
2233 1872 2451 1941 familia:
2478 1882 2651 1942 patres
2679 1888 2859 1926 eorum
2888 1889 2981 1943 per
3019 1874 3151 1928 vices
3177 1883 3467 1928 castrorum
3510 1874 3625 1929 Do-

2045 1962 2176 2016 mini
2205 1963 2550 2017 custodientes
2576 1964 2867 2028 introitum,
2896 1972 3200 2019 castrorum
3229 1966 3361 2021 dicit
3387 1966 3627 2022 ﬁliorum

2045 2052 2176 2106 Levi
2202 2052 2348 2108 circa
2389 2053 2791 2108 tabernaculum
2822 2054 3033 2109 Domini
3086 2055 3494 2122 habitationem,
3525 2070 3629 2113 nec

2046 2158 2153 2197 non
2177 2152 2231 2199 et
2257 2151 2574 2198 caeterorum
2602 2143 2836 2198 ﬁliorum
2865 2144 3030 2199 Israel
3057 2154 3357 2201 castrorum
3386 2155 3626 2202 metatu-

2046 2248 2181 2298 ram,
2211 2233 2352 2288 sicut
2378 2239 2433 2287 et
2460 2234 2515 2286 in
2543 2231 2794 2288 Numeris
2825 2232 3262 2289 manifestissime
3290 2235 3627 2307 descriptum

2045 2331 2128 2378 est
2155 2321 2346 2394 (Num.
2372 2322 2457 2394 ιι).

2116 2413 2340 2471 I’hinees
2366 2425 2559 2481 autem,
2589 2414 2731 2485 ﬁlius
2762 2414 3029 2482 Eleazari,
3055 2425 3165 2471 erat
3189 2417 3301 2473 dua:
3329 2434 3509 2472 eorum
3534 2437 3627 2474 co—

2044 2525 2159 2562 ram
2184 2508 2428 2571 Domino,
2460 2515 2567 2563 etc.
2593 2506 2684 2563 Sic
2708 2516 3040 2563 monstratur
3067 2507 3297 2565 Phineas
3324 2525 3492 2580 nepos
3515 2511 3627 2565 Aa-

2045 2612 2144 2652 ron
2187 2596 2270 2667 (ut
2295 2596 2503 2651 Hebraei
2546 2596 2785 2667 tradunt)
2817 2597 2993 2654 adhuc
3038 2598 3092 2651 in
3136 2598 3325 2653 eodem
3381 2608 3629 2670 tempore

2043 2689 2243 2753 vivere,
2273 2698 2329 2743 et
2358 2689 2414 2743 in
2443 2688 2789 2744 tabernaculo
2816 2689 2964 2743 vices
3005 2688 3427 2744 ministrantium
3470 2691 3625 2745 ordi-

2044 2796 2196 2837 nare.
2226 2766 2292 2835 lii
2327 2788 2453 2835 sunt
2480 2780 2629 2836 vices
2656 2779 2845 2851 viginti
2882 2788 3133 2849 quatuor,
3163 2796 3280 2850 qum
3311 2781 3362 2834 in
3395 2796 3628 2851 sequen-

2046 2870 2191 2925 tibus
2212 2870 2589 2925 describuntur
2613 2884 2642 2921 a
2671 2868 2837 2923 David
2865 2868 3127 2923 ordinatae
3153 2871 3221 2923 ad
3260 2870 3624 2925 ministerium

2047 2959 2409 3026 tabernaculi,
2455 2973 2686 3028 quarum
2731 2959 2785 3012 in
2819 2958 3110 3028 Evangelio
3157 2960 3358 3013 mentio
3405 2968 3530 3013 est:
3566 2969 3628 3014 ut

2044 3049 2334 3105 Zacharias
2355 3051 2420 3103 de
2446 3051 2551 3103 rice
2575 3049 2706 3102 Abia
2732 3058 2876 3104 sorte
2906 3049 3103 3103 dicitur
3127 3050 3325 3113 exisse,
3356 3058 3416 3105 ut
3442 3050 3628 3107 incen-

2047 3156 2164 3197 sum
2194 3148 2422 3211 poneret
2449 3139 2501 3192 in
2529 3138 2728 3208 templo
2753 3138 2961 3197 Domini
2992 3136 3143 3209 (Luc.
3170 3138 3229 3209 ι).

2114 3232 2221 3288 Per
2242 3241 2467 3302 quatuor
2490 3242 2662 3285 ventos
2691 3241 2839 3286 erant
2865 3231 3091 3296 ostiarii,
3122 3230 3177 3284 id
3203 3241 3303 3295 est,
3336 3231 3405 3285 ad
3434 3228 3629 3286 Orien-

2043 3334 2164 3389 tem,
2193 3323 2262 3375 ad
2293 3319 2642 3383 Occidentem,
2676 3320 2744 3373 ad
2773 3319 3079 3391 Aquilonem
3109 3319 3457 3377 etAustrum.
3489 3317 3629 3373 Fra—

2043 3427 2144 3471 tres
2179 3425 2351 3469 autem
2379 3431 2557 3468 eorum
2586 3414 2641 3466 in
2671 3413 2853 3467 viculis
2881 3413 3241 3476 morabantur,
3268 3421 3314 3465 et
3351 3411 3626 3465 ven'ebant

2041 3507 2096 3560 in
2127 3504 2367 3560 Sabbatis
2406 3506 2516 3558 suis
2558 3504 2622 3556 de
2668 3514 2893 3572 tempore
2939 3518 3099 3571 usque
3144 3501 3211 3555 ad
3255 3510 3475 3571 tempus.
3524 3500 3629 3556 His

2041 3607 2269 3666 quatuor
2310 3594 2540 3647 excubiis
2589 3593 2886 3647 Levitarum
2915 3593 3142 3646 creditus
3171 3602 3281 3646 erat
3322 3594 3491 3645 omnis
3522 3610 3626 3646 nu-

2041 3700 2214 3738 merus
2239 3684 2559 3753 ianitorum;
2588 3692 2635 3736 et
2672 3691 2819 3736 erant
2844 3698 2999 3751 super
3023 3682 3241 3735 exedras
3268 3692 3315 3735 et
3352 3683 3629 3736 thesauros

2040 3775 2226 3828 domus
2266 3773 2498 3826 Domini.
2528 3772 2631 3825 Per
2667 3787 2853 3841 gyrum
2888 3788 3091 3840 quoque
3132 3769 3379 3841 templum
3409 3770 3627 3824 Domini

2040 3861 2382 3917 morabantur
2405 3863 2459 3916 in
2490 3862 2737 3916 custodiis
2766 3863 2895 3926 suis,
2926 3872 3006 3926 ut,
3034 3877 3151 3915 cum
3187 3870 3385 3930 tempus
3414 3861 3622 3929 fuisset,

2039 3955 2137 4024 ipsi
2174 3970 2326 4007 mane
2368 3953 2627 4018 aperirent
2671 3952 2829 4019 fores.
2876 3951 2932 4005 ln
2975 3951 3324 4019 sequentibus
3352 3966 3503 4016 vero,
3533 3952 3627 4007 ubi

2042 4053 2153 4099 tota
2187 4043 2467 4114 dispositio
2508 4041 2792 4096 ministerii
2836 4040 3171 4095 tabernaculi
3215 4039 3428 4095 Domini
3458 4056 3490 4094 a
3524 4041 3629 4095 Da-

2041 4139 2131 4193 vid
2181 4136 2439 4206 disposita
2483 4141 2959 4199 commemoratur,
2996 4133 3123 4202 quia
3153 4131 3372 4186 fuerunt
3402 4130 3456 4184 hi
3488 4146 3631 4201 qua-

2043 4238 2163 4284 tuor
2200 4228 2399 4282 Levitte
2444 4225 2637 4295 quibus
2677 4225 2911 4280 creditus
2940 4230 3098 4289 erat,
3154 4222 3333 4279 omnis
3366 4236 3632 4277 numerus

2034 4323 2350 4393 janitorum,
2390 4319 2809 4381 demonstratur,
2848 4315 2937 4371 ubi
2983 4316 3055 4371 ita
3098 4314 3360 4384 scriptum
3390 4322 3515 4367 est:
3548 4312 3631 4367 De

2041 4411 2188 4465 Hosa
2212 4422 2407 4474 autem,
2430 4410 2485 4463 id
2510 4418 2607 4472 est,
2633 4408 2696 4461 de
2734 4407 2861 4477 ﬁliis
2897 4404 3112 4470 Morari,
3154 4404 3323 4460 Semri
3364 4404 3628 4474 princeps.

1964 4531 2018 4590 Ι)
2046 4500 2168 4557 Non
2194 4500 2329 4555 enim
2355 4500 2608 4554 habuerat
2632 4499 3053 4568 primogenitum,
3079 4505 3127 4550 et
3151 4495 3348 4549 idcirco
3379 4503 3630 4563 posuerat

2042 4609 2160 4653 eum
2186 4602 2336 4663 pater
2365 4591 2477 4661 ejus
2519 4591 2574 4643 in
2601 4589 2905 4659 principem.
2952 4585 3166 4641 Helcias
3195 4585 3476 4639 secundus.
3525 4582 3632 4636 Ta-

2042 4686 2204 4742 belias
2244 4684 2453 4748 tertius,
2485 4681 2774 4737 Zacharias
2816 4689 3056 4752 quartus.
3107 4677 3298 4732 Omnes
3343 4676 3397 4729 hi
3442 4674 3544 4743 ﬁlii
3582 4683 3630 4727 et

2043 4776 2230 4844 fratres
2258 4773 2403 4828 Hosa
2437 4774 2699 4828 tredecim.
2730 4771 2802 4826 Ili
2830 4771 2985 4825 divisi
3008 4777 3129 4824 sunt
3173 4768 3229 4821 in
3252 4767 3538 4838 janitores,
3570 4774 3630 4818 ut

2039 4883 2239 4936 semper
2258 4866 2511 4937 principes
2540 4863 2918 4927 custodiarum,
2944 4861 3077 4915 sicut
3112 4869 3159 4912 et
3187 4858 3379 4927 fratres
3419 4871 3624 4917 eorum,

2040 4957 2393 5010 ministrarent
2418 4953 2473 5010 in
2499 4954 2655 5007 domo
2690 4950 2922 5005 Domini.
2959 4947 3137 5002 Missa:
3161 4952 3283 5001 sunt
3310 4953 3487 4999 autem
3518 4959 3632 4997 sor-

2038 5057 2113 5101 tes
2139 5062 2377 5117 equuo
2405 5054 2453 5100 et
2496 5043 2678 5114 parvis.
2702 5052 2751 5096 et
2788 5042 2990 5111 magnis
3019 5056 3110 5110 per
3144 5036 3378 5107 familias
3407 5052 3534 5088 suas
3574 5035 3629 5087 in

2038 5152 2453 5208 unamquamque
2488 5142 2777 5205 portarum.
2807 5130 3003 5185 Cecidit
3045 5144 3164 5197 ergo
3193 5142 3307 5181 sors
3335 5123 3631 5179 Orientalis

2042 5236 2301 5292 Selemite.
2332 5230 2497 5286 Porro
2528 5228 2819 5289 Zacharia’,
2853 5224 2963 5294 ﬁlio
3004 5224 3137 5293 ejus,
3177 5223 3284 5276 viro
3327 5217 3630 5288 prudentis‘

2040 5326 2172 5382 simo
2194 5333 2243 5378 et
2277 5321 2503 5386 erudito,
2543 5320 2725 5373 sortito
2766 5316 2944 5385 obtigit
2974 5313 3129 5384 plaga
3160 5305 3626 5379 Septentrionalis.

2047 5414 2342 5472 Obededom
2367 5428 2483 5466 vero
2507 5419 2554 5463 et
2580 5408 2705 5478 ﬁliis
2732 5406 2847 5477 ejus
2873 5404 2941 5457 ad
2963 5403 3237 5459 Austrum,
3264 5399 3319 5451 in
3345 5414 3450 5467 qua
3477 5406 3629 5465 parte

2045 5509 2230 5563 domus
2271 5514 2382 5560 erat
2413 5503 2671 5556 seniorum
2717 5495 3014 5552 consilium.
3042 5490 3252 5560 Sophim
3289 5497 3336 5541 et
3376 5485 3525 5540 Hosa
3556 5484 3626 5537 ad

2052 5598 2381 5655 Occidentem
2415 5594 2570 5661 juxta
2605 5600 2805 5661 portam
2830 5600 2947 5656 qute
2984 5583 3128 5636 ducit
3171 5578 3240 5634 ad
3278 5579 3415 5632 viam
3444 5592 3626 5629 ascen~

442 5784 467 5812 ι
519 5772 559 5825 ll
603 5771 735 5842 Reg.
785 5768 1146 5836 xxtv;lPar.
1197 5783 1315 5832 XXI;
1369 5765 1432 5818 IV
1486 5765 1617 5837 Reg.
1654 5781 1741 5829 xv,
1793 5780 1934 5830 xvn,
1977 5778 2100 5816 xxv.
