3912 6160
296 345 402 399 517

1218 331 1569 392 omnium.
1609 330 1673 386 IN
1708 308 2266 387 PARALIPOMENA.
2304 361 2376 373 -
2411 330 2538 385 LIB.
2576 326 2618 386 ι.

3451 333 3562 385 3le

293 459 482 516 sionis,
509 452 746 508 custodia
777 460 956 504 contra
982 447 1269 503 custodiam
1302 446 1353 517 (1
1387 446 1510 500 Par.
1538 443 1709 515 xxvi).
1739 442 1877 510 Qua-
1903 441 1954 502 Α
1977 441 2236 507 omnium,
2265 456 2376 509 qui,
2412 456 2527 507 ejus
2556 438 2802 509 exemplo
2840 439 3122 504 instructi,
3152 456 3369 496 carnem
3403 458 3560 496 suam

298 562 425 601 tuor
453 555 630 599 autem
666 540 937 613 principes
962 539 1253 609 janitorum
1283 536 1437 606 juxta
1475 531 1770 603 spiritalem
1800 530 1882 584 in-

300 635 650 705 telligentiam
675 632 766 701 qui
809 637 934 684 sunt
977 628 1088 691 alii,
1120 627 1221 681 nisi
1265 626 1514 680 doctores
1545 622 1757 679 sancti?
1786 620 1879 690 qui

298 735 533 797 quatuor
578 720 883 791 Evangeliis
924 718 1124 773 ostium
1171 716 1293 770 ﬁdei
1324 722 1543 769 servant
1591 720 1719 783 pate
1765 724 1884 765 cre-

299 816 570 879 dentibus,
610 823 666 867 et
692 813 944 869 obseram
986 806 1503 877 blasphemantibus.
1529 802 1734 870 Quibus
1759 815 1882 854 cum

302 909 462 963 Petro
480 906 662 961 claves
684 903 831 974 regni
853 900 1088 957 caelestis
1105 898 1352 954 Christus
1373 897 1644 952 commisit
1663 894 1878 967 (Matth.

298 1013 411 1060 xvi,
440 1009 607 1057 xvm;
652 992 813 1045 Joan.
845 988 956 1060 xx).
1007 986 1071 1041 Hi
1116 1001 1214 1056 per
1248 993 1480 1055 quatuor
1506 992 1697 1037 ventos
1743 983 1881 1036 ostia

299 1084 633 1148 custodiunt,
663 1081 785 1151 quia
824 1094 920 1149 per
958 1084 1192 1146 quatuor
1234 1075 1422 1145 plagas
1465 1073 1613 1129 orbis
1644 1072 1883 1141 undique

302 1182 516 1245 gentem
545 1171 612 1225 ad
656 1169 816 1224 ﬁdem
864 1166 1075 1221 Domini
1125 1171 1454 1228 convocant,
1495 1171 1550 1217 et
1589 1162 1883 1221 Eeclesiam

302 1273 547 1320 sanctam
576 1259 822 1332 pervigili
852 1257 1112 1311 tutamine
1141 1261 1379 1310 servant.
1412 1252 1563 1319 Quod
1590 1260 1769 1305 autem
1798 1265 1884 1306 se-

302 1357 485 1426 quitur
510 1372 525 1409 :

369 1445 449 1499 De
476 1460 657 1497 eorum
683 1458 834 1513 grege
862 1448 1010 1494 erant
1036 1449 1084 1492 et
1115 1453 1271 1508 super
1302 1454 1427 1491 vasa
1458 1436 1775 1500 ministerii;
1814 1435 1884 1487 ad

304 1551 579 1592 numerum
616 1536 772 1595 enim,
801 1541 849 1586 et
896 1531 1257 1601 inferebantur
1296 1545 1418 1582 vasa
1459 1536 1508 1581 et
1537 1526 1887 1595 efferebantur

303 1630 367 1682 de
403 1627 554 1696 ipsis,
582 1635 630 1679 et
672 1624 762 1695 qui
794 1622 992 1676 credita
1021 1620 1275 1674 habebant
1305 1617 1548 1673 utensilia
1576 1615 1883 1679 sanctuarii,

304 1728 352 1773 et
393 1718 487 1788 qui
530 1722 788 1786 prtremnt
832 1711 1040 1776 simila’,
1086 1721 1132 1763 et
1165 1711 1282 1764 riuo
1328 1720 1376 1763 et
1413 1708 1524 1762 oleo
1571 1716 1618 1761 et
1658 1705 1799 1759 thuri
1836 1712 1887 1759 et

1983 533 2297 601 cruciﬁgere
2324 540 2377 585 ct
2421 532 2484 586 ad
2522 532 2799 600 passiones
2833 548 2931 601 pro
2981 532 3147 600 ipsius
3184 533 3401 589 nomine
3452 544 3558 587 tra—

1983 621 2110 677 dere
2138 622 2438 677 didicerunt
2466 619 2606 692 (Gal.
2634 621 2706 693 v).

2053 710 2222 765 Porro
2262 712 2326 766 de
2350 712 2475 781 ﬁliis
2505 709 2670 765 Caath
2718 711 2969 780 fratribus
3013 728 3191 765 eorum
3219 728 3375 782 super
3400 730 3558 783 panes

1981 812 2129 856 erant
2162 803 2546 873 propositionis,
2575 811 2631 855 ut
2658 818 2858 872 semper
2884 819 3041 856 novos
3070 819 3161 872 per
3187 801 3395 872 singula
3429 802 3561 856 Sab-

1983 893 2104 948 bato
2153 903 2537 965 pra'pararent,
2577 901 2681 947 etc.
2724 892 2894 947 Panes
2944 894 3139 962 quippe
3175 892 3559 962 propositionis

1982 985 2284 1049 duodecim,
2312 984 2539 1038 Domino
2585 983 2751 1055 Moysi
2779 984 3121 1053 praecipiente
3151 984 3337 1054 (Leuit.
3368 983 3518 1053 xnv)
3541 1025 3555 1048 ,

1982 1078 2312 1148 parabantur
2337 1077 2403 1130 ad
2434 1076 2813 1146 imponendum
2845 1091 3006 1146 super
3036 1091 3278 1129 mensam
3324 1075 3558 1139 Domini,

1984 1184 2103 1238 quae
2127 1169 2304 1222 stabat
2334 1168 2386 1221 in
2423 1166 2770 1221 tabernaculo
2795 1165 2947 1234 juxta
2977 1167 3250 1221 decretum
3286 1166 3436 1237 legis,
3468 1166 3559 1219 ubi

1984 1266 2038 1311 et
2064 1257 2231 1311 altare
2277 1256 2662 1326 thymiamatis,
2700 1270 2802 1309 nec
2847 1272 2951 1310 non
2985 1264 3038 1310 et
3069 1256 3447 1310 candelabrum
3483 1256 3565 1311 lu—

1986 1347 2145 1401 minis
2172 1347 2344 1417 posita
2365 1352 2540 1401 erant.
2569 1344 2952 1414 Coquebantur
2974 1355 3150 1399 autem
3182 1360 3349 1413 panes
3376 1345 3455 1416 (ut
3476 1345 3566 1400 Jo.

1985 1437 2184 1505 sephus
2211 1434 2420 1506 scribit)
2456 1435 2561 1489 duo
2602 1442 2657 1489 et
2684 1435 2790 1489 duo
2821 1434 2977 1488 divisi
3007 1442 3130 1487 ante
3161 1433 3479 1499 Sabbatum,
3509 1444 3568 1489 et

1988 1526 2223 1583 Sabbato
2254 1542 2411 1581 mane
2456 1526 2618 1580 oblati
2668 1541 2832 1595 super
2860 1540 3068 1579 sacram
3117 1541 3356 1581 mensam
3404 1540 3568 1595 pone-

1985 1621 2185 1675 bantur
2213 1621 2328 1675 seni
2376 1620 2441 1673 ad
2477 1619 2766 1673 alterutros
2796 1619 3077 1683 conversi,
3109 1619 3318 1673 duabus
3364 1619 3568 1687 pateris

1988 1711 2166 1766 aureis
2189 1710 2542 1781 superpositis
2569 1710 2727 1763 thure
2750 1708 2943 1779 plenis,
2968 1711 3055 1778 qui
3085 1710 3476 1779 permanebant
3502 1708 3569 1761 ad

304 1806 653 1868 aromatibus,
698 1804 763 1857 de
791 1817 980 1856 eorum
1009 1814 1170 1871 grege
1209 1800 1357 1863 dicit,
1408 1800 1513 1853 hoc
1551 1807 1653 1861 est,
1698 1811 1889 1851 secun-
1916 1796 1963 1855 B
1991 1800 2133 1855 aliud
2160 1800 2475 1863 Sabbatum,
2506 1807 2560 1853 et
2599 1807 2725 1853 tunc
2746 1814 2844 1867 pro
2872 1798 2977 1852 illis
3005 1797 3095 1851 alii
3124 1799 3566 1867 deportabantur.

305 1898 430 1952 dum
457 1894 767 1958 historiam,
798 1894 863 1945 dc
902 1891 1316 1961 congregatione
1354 1890 1664 1943 Levitarum
1691 1888 1891 1942 consti-

306 1988 597 2041 tuebantur
625 1998 787 2051 super
814 1996 941 2035 vasa
968 1979 1254 2034 ministerii
1284 1988 1339 2033 et
1365 1978 1617 2032 utensilia
1646 1984 1892 2031 sanctua.

304 2080 405 2145 rii,
455 2086 517 2132 ut
557 2082 865 2146 praeessent-
904 2072 1092 2127 similae
1136 2080 1192 2126 et
1238 2072 1362 2126 vino
1402 2079 1457 2125 et
1501 2070 1638 2133 oleo,
1671 2085 1793 2139 quae
1822 2067 1890 2122 ad

306 2167 575 2226 sacriﬁcia
598 2165 963 2235 pertinebant,
987 2172 1042 2217 et
1068 2162 1210 2217 thuri
1239 2170 1296 2217 et
1322 2161 1672 2225 aromatibus,
1697 2158 1892 2230 quibus

307 2256 732 2314 conﬁciebantur
760 2262 1029 2324 unguenta
1055 2261 1110 2307 et
1146 2251 1496 2321 thymiamata
1522 2266 1536 2303 :
1567 2250 1710 2303 sicut
1746 2248 1799 2302 in
1828 2247 1894 2301 li-

307 2351 405 2405 bro
430 2347 793 2402 Numerorum
819 2343 1117 2401 distinctim
1146 2350 1308 2411 atque
1350 2340 1639 2409 separatim
1688 2337 1891 2393 descri-

310 2447 459 2507 ptum
479 2445 562 2491 est
587 2435 773 2506 (Nam.
794 2450 877 2498 ιιι,
893 2431 988 2504 iv),
1013 2432 1143 2501 quid
1171 2430 1450 2494 Caatbitaa,
1475 2436 1529 2482 et
1549 2426 1677 2497 quid
1699 2425 1894 2483 Gerso-

311 2528 457 2592 nitze,
483 2526 682 2595 quidve
707 2523 977 2579 Meraritae
1014 2518 1317 2574 ministerio
1344 2517 1655 2580 habuerint,
1682 2523 1738 2569 et
1766 2514 1894 2583 quid

312 2618 487 2672 Aaron
513 2624 570 2670 et
595 2614 688 2669 ﬁlii
711 2614 826 2685 ejus
847 2627 958 2683 prae
978 2610 1190 2667 ueteris
1212 2610 1311 2665 sub
1331 2625 1461 2664 cura
1490 2623 1586 2663 sua
1610 2607 1892 2662 haberent.

319 2705 468 2762 Unde
492 2703 837 2773 subjungitur
861 2717 876 2756 :

387 2818 518 2873 Filii
561 2828 734 2872 autem
781 2816 1110 2871 sacerdotum
1160 2822 1423 2885 unguenta
1465 2828 1529 2866 ea:
1576 2811 1896 2865 aromatibus

316 2907 683 2977 conﬁciebant.
704 2906 926 2976 Mystice
949 2912 1129 2959 autem
1156 2904 1221 2957 de
1249 2910 1393 2957 emtu
1423 2908 1733 2955 sanctorum
1763 2914 1898 2969 prae—

316 3003 621 3057 dicatorum
667 3000 988 3054 ordinantur
1016 2998 1071 3052 hi
1108 2997 1200 3066 qui
1244 3010 1408 3065 super
1437 3010 1565 3049 vasa
1608 2992 1896 3047 ministerii

316 3094 515 3156 divini,
545 3092 647 3146 hoc
696 3097 809 3154 est,
840 3105 1001 3158 super
1040 3089 1247 3142 animas
1295 3086 1553 3151 ﬁdelium,
1602 3085 1655 3138 in
1697 3083 1897 3153 quibus

1993 1890 2073 1944 llli
2096 1904 2225 1944 vero
2252 1889 2621 1943 sacerdotibus
2648 1888 3064 1954 exhibebantur,
3092 1895 3145 1941 et
3174 1888 3329 1940 thure
3354 1887 3578 1940 incenso

1993 1983 2047 2037 in
2075 1980 2399 2051 igne‘sacro,
2429 1980 2483 2034 in
2510 1996 2614 2049 quo
2640 1980 2820 2033 omnia
2852 1980 3160 2033 holocausta
3194 1978 3413 2041 ﬁebant,
3446 1979 3573 2033 thus

1993 2072 2135 2127 aliud
2169 2087 2332 2140 supe"
2360 2072 2493 2126 alios
2528 2085 2691 2141 panes
2719 2070 3094 2139 adjiciebatur.
3134 2067 3358 2137 Mystice
3386 2077 3571 2121 autem

1993 2163 2274 2218 duodecim
2325 2177 2495 2233 panes
2553 2163 2607 2216 in
2665 2176 2850 2216 mensa
2905 2159 3237 2214 taLernaculi
3289 2157 3571 2213 duodecim

1994 2263 2117 2310 sunt
2146 2252 2392 2322 apostoli,
2421 2262 2476 2307 et
2521 2268 2711 2307 omnes
2753 2251 3013 2305 doctrina:
3047 2250 3260 2305 illorum
3311 2264 3571 2318 sequaces

1995 2345 2047 2399 in
2085 2343 2343 2407 Ecclesia,
2384 2343 2475 2413 qui
2517 2340 2731 2411 quando
2763 2356 2932 2409 usque
2961 2340 3027 2394 ad
3058 2339 3573 2394 consummationem

1994 2433 2175 2489 saeculi
2205 2432 2455 2503 populum
2488 2432 2580 2485 Dei
2614 2431 2881 2485 alimoniis
2911 2429 3061 2484 verbi
3097 2428 3321 2483 reﬁcere
3347 2443 3453 2482 non
3484 2428 3575 2481 de-

1995 2526 2213 2589 sinunt,
2266 2542 2430 2596 panes
2479 2525 2668 2596 viginti
2726 2523 3110 2594 propositionis
3175 2537 3447 2592 nunquam
3504 2521 3572 2576 de

1994 2633 2180 2674 mensa
2226 2617 2435 2673 Domini
2481 2616 2757 2670 recedunt.
2796 2615 2862 2668 Et
2892 2615 3033 2669 bene
3066 2613 3229 2667 iidem
3257 2627 3425 2681 panes
3469 2626 3574 2666 non

2000 2710 2065 2764 de
2096 2708 2334 2777 qualibet
2366 2706 2561 2771 farina,
2608 2705 2701 2760 sed
2745 2705 2811 2759 de
2854 2703 3030 2759 simila
3080 2702 3196 2757 ﬁeri
3234 2702 3575 2764 videbantur,

1996 2803 2120 2872 quia
2172 2801 2424 2855 nimirum
2466 2799 2770 2869 quicunque
2803 2796 2923 2850 aliis
2971 2796 3194 2849 verbum
3245 2794 3370 2849 vitre
3412 2792 3573 2847 mini-

1998 2898 2206 2955 strant,
2251 2891 2427 2961 primo
2472 2890 2616 2959 ipsos
2650 2901 2872 2942 necesse
2910 2893 2995 2941 est
3031 2886 3293 2938 virtutum
3335 2881 3579 2952 frugibus

1998 2997 2218 3053 operam
2252 2982 2404 3044 dare,
2438 2987 2705 3049 quatenus
2748 2992 2813 3031 ea
2854 2991 2973 3046 qua:
3017 2975 3360 3046 praedicando
3397 2975 3581 3028 admo-

2000 3082 2151 3138 nent,
2183 3080 2238 3127 et
2267 3071 2515 3126 faciendo
2541 3069 2942 3132 commendent,
2970 3065 3287 3135 conﬁgurati
3317 3063 3579 3133 exemplis

318 3184 570 3239 voluntas
599 3182 691 3236 Dei
729 3143 968 3251 quotidie
997 3178 1427 3241 administratur,
1457 3143 1766 3245 pervigilem
1805 3188 1898 3227 cu-
1924 3143 1971 3205 α
2003 3170 2144 3223 illius
2174 3167 2262 3237 qui
2291 3166 2356 3219 de
2396 3164 2683 3232 semetipso
2722 3162 2835 3215 ait:
2870 3158 2989 3214 Nisi
3031 3174 3251 3231 granum
3298 3156 3579 3227 frumenti,

319 3276 549 3331 stodiam
579 3272 798 3327 habent.
830 3269 942 3326 Sub
983 3270 1221 3338 ipsorum
1252 3282 1383 3321 cura
1412 3273 1495 3320 est
1545 3273 1599 3317 et
1637 3263 1811 3317 simila
1843 3272 1898 3318 et

320 3368 504 3420 vinum
532 3372 590 3419 et
634 3363 833 3420 oleum.
860 3361 916 3415 in
952 3360 1149 3430 quibus
1193 3362 1533 3412 sacramenta
1576 3353 1820 3423 corporis
1847 3361 1903 3407 et

323 3456 603 3527 sanguinis
651 3454 862 3508 Domini
911 3451 1291 3513 conﬁciuntur,
1337 3457 1394 3503 et
1444 3447 1679 3517 Spiritus
1727 3446 1901 3501 sancti

323 3549 491 3619 gratia
542 3544 765 3616 speciali
806 3544 1061 3597 unctione
1108 3540 1360 3603 traditur,
1406 3539 1615 3609 ipsique
1652 3538 1776 3590 thus
1811 3552 1900 3589 sa-

325 3653 541 3693 crarum
571 3635 901 3699 orationum,
928 3642 982 3688 et
1010 3639 1255 3686 aromata
1284 3631 1541 3683 virtutum
1575 3628 1630 3681 in
1660 3626 1903 3681 Ecclesia

326 3730 415 3786 Dei
447 3728 720 3783 odorifere
739 3734 1088 3795 componunt,
1115 3732 1169 3779 et
1194 3723 1248 3777 in
1275 3729 1565 3791 conspectu
1595 3720 1690 3775 Dei
1718 3720 1904 3774 vinum

326 3819 659 3892 acceptabile
688 3816 936 3872 reddunt.

393 3912 461 3966 Et
500 3908 821 3965 Mathathias
850 3906 1045 3960 Levites
1082 3903 1456 3975 primogenitus
1485 3899 1683 3956 Selium
1716 3897 1907 3953 Corittc

328 4005 607 4075 prtrfectus
622 4011 732 4056 erat
756 4014 933 4053 eorum
951 4012 1067 4067 quae
1082 3996 1138 4048 in
1160 3994 1423 4063 sartagine
1446 3992 1788 4060 frigebantur.
1805 3989 1907 4055 Qui

329 4112 422 4168 per
446 4092 827 4155 Matliathiam,
859 4086 1273 4161 primogenitum
1322 4084 1523 4138 Scllum
1554 4080 1771 4145 Coritze,
1804 4082 1909 4137 nisi

330 4187 659 4254 Redemptor
718 4189 904 4237 noster
948 4177 1226 4248 ﬁguratur,
1275 4175 1368 4244 qui
1414 4182 1487 4227 est
1538 4173 1909 4242 primogenitus

332 4283 678 4334 mortuorum,
713 4278 759 4322 et
793 4269 1030 4339 princeps
1066 4281 1241 4335 regum
1266 4274 1416 4317 teme
1444 4261 1493 4334 (I
1518 4259 1640 4315 Cor.
1665 4277 1763 4325 xv;
1792 4258 1906 4315 Col.

333 4380 379 4430 I;
406 4365 569 4435 Apoc.
594 4362 659 4433 ι).
686 4361 850 4427 Quem
882 4369 1021 4430 pater
1068 4356 1408 4425 sanctiﬁeavit
1438 4364 1485 4408 et
1516 4354 1653 4408 misit
1681 4354 1735 4408 in
1764 4369 1915 4406 mun-

335 4457 456 4509 dum
485 4452 671 4525 (Joan.
696 4454 777 4523 χ),
816 4459 879 4505 ιιι
922 4464 1020 4520 per
1053 4448 1357 4519 passionem
1401 4446 1579 4500 crucis
1623 4445 1913 4499 redimeret
1940 4485 1989 4544 Β

336 4563 503 4620 genus
530 4548 845 4601 humanum.
874 4540 1027 4609 Quod
1051 4542 1190 4596 bene
1219 4540 1335 4609 ipsa
1363 4538 1578 4592 nomina
1618 4550 1715 4591 sua
1746 4536 1912 4589 inter-

336 4639 637 4710 pretatione
663 4636 989 4706 exprimunt.
1018 4633 1152 4687 Nam
1184 4631 1509 4686 Mathathias
1530 4630 1913 4699 interpretatur

342 4733 548 4785 domum
587 4728 709 4793 Dei,
737 4736 792 4782 et
821 4726 1045 4790 Scllum,
1078 4724 1278 4779 evulsio
1306 4722 1389 4779 vel
1414 4723 1680 4787 dimissio;
1704 4720 1911 4786 Corita,

342 4824 619 4893 dissipans,
642 4819 727 4875 vel
753 4818 1075 4888 disperdens.
1103 4815 1247 4871 Deus
1273 4816 1418 4870 enim
1446 4815 1788 4883 omnipotens
1813 4813 1918 4867 dis-

344 4913 519 4982 sipare
571 4919 736 4980 atque
784 4907 1014 4964 evellere
1059 4907 1361 4963 deliberans
1403 4906 1768 4977 principatum
1803 4905 1917 4958 dia-

345 5001 473 5068 boli,
499 5002 708 5072 proprio
734 4998 878 5053 Filio
916 5016 1018 5053 non
1045 4999 1288 5069 pepercit,
1326 4996 1418 5051 sed
1450 5013 1543 5066 pro
1580 4995 1722 5049 nobis
1755 4994 1921 5047 omni-

348 5091 439 5146 bus
474 5092 695 5144 tradidit
723 5089 904 5153 illum;
944 5096 1210 5158 quatenus
1237 5101 1456 5142 carnem
1500 5100 1650 5139 suam
1690 5085 1742 5138 in
1777 5082 1917 5137 mola

349 5182 613 5252 passionis
641 5188 843 5245 terens,
870 5194 932 5233 ac
976 5177 1095 5233 oleo
1130 5176 1514 5231 misericordias
1548 5175 1600 5228 in
1652 5174 1922 5241 sartagine

352 5274 525 5330 crucis
559 5273 780 5342 frigeas,
811 5287 843 5325 a
886 5277 1151 5341 potestate
1185 5267 1417 5331 Satanae,
1446 5275 1501 5320 et
1527 5264 1754 5318 vinculis
1793 5254 1920 5331 pec-

353 5374 594 5420 catorum
621 5377 772 5416 reum
800 5361 1102 5415 absolveret
1132 5358 1408 5414 mundum.
1435 5355 1760 5409 Mathathias
1786 5370 1926 5423 pne-

356 5453 524 5509 iectus
574 5461 697 5507 erat
735 5466 923 5507 eorum
977 5466 1097 5520 qua:
1144 5449 1199 5502 in
1253 5447 1525 5515 sartagine
1568 5445 1919 5515 frigebantur,

357 5545 478 5613 quia
511 5542 762 5599 Christus
784 5550 973 5597 auctor
1000 5547 1086 5595 est
1110 5546 1571 5594 sacramentorum
1601 5535 1920 5595 cmlestium,

360 5637 443 5691 ubi
474 5635 718 5705 quotidie
757 5635 913 5704 panis
954 5643 1009 5689 et
1040 5633 1221 5687 vinum
1258 5630 1310 5684 in
1358 5628 1925 5685 commemorationem

364 5726 625 5795 passionis
656 5723 773 5793 eius
815 5723 1133 5785 oﬁeruntur,
1178 5730 1232 5775 et
1276 5728 1436 5789 caput
1479 5726 1564 5773 est
1617 5725 1924 5771 sanctorum

1999 3260 2186 3314 cadens
2214 3260 2266 3311 in
2293 3267 2504 3318 terram,
2533 3263 2796 3308 mortuum
2831 3251 3019 3321 fuerit;
3066 3251 3233 3317 ipsum
3267 3247 3433 3301 solum
3465 3263 3579 3298 ma-

2001 3362 2084 3406 net
2126 3349 2305 3419 (Joan.
2331 3345 2453 3418 xu).
2486 3345 2626 3398 Bene
2648 3351 2700 3397 et
2729 3342 2889 3396 iidem
2917 3356 3083 3411 panes
3114 3338 3227 3393 seni
3266 3336 3584 3391 altrinsecus

2001 3459 2163 3515 super
2208 3454 2448 3495 mensam
2497 3437 2657 3491 statui
2689 3434 3158 3505 praecipiebantur,
3188 3438 3407 3501 propter
3446 3443 3578 3483 con—

2003 3533 2242 3589 cordiam
2272 3529 2480 3584 scilicet
2509 3526 2791 3581 charitatis
2818 3533 2872 3579 et
2901 3522 3195 3578 societatis.
3226 3519 3360 3573 Nam
3398 3527 3452 3571 ct
3486 3519 3585 3572 Do-

2006 3624 2184 3678 minus
2235 3622 2388 3674 binos
2440 3618 2505 3672 ad
2556 3616 2955 3687 praedicandum
3023 3610 3314 3679 discipulos
3370 3608 3588 3662 misisse

2005 3713 2320 3785 perhibetur
2356 3708 2547 3780 (Marc.
2572 3724 2658 3773 vt;
2696 3706 2817 3760 Luc.
2845 3705 2935 3775 χ),
2973 3703 3269 3773 ﬁguraliter
3304 3699 3586 3753 insinuans

2005 3806 2149 3877 quod
2194 3804 2364 3858 sancti
2397 3803 2644 3857 doctores
2694 3814 2966 3869 nunquam
3021 3799 3088 3849 ab
3135 3794 3365 3848 invicem
3402 3790 3487 3845 vel
3531 3790 3587 3844 in

2007 3893 2304 3949 assertione
2329 3891 2587 3954 veritatis,
2617 3888 2703 3943 vel
2750 3889 2804 3941 in
2832 3885 3023 3940 aﬁ’ectu
3051 3882 3355 3938 dilectionis
3390 3880 3588 3935 discre-

2006 3992 2155 4056 pant.
2201 3982 2355 4049 Quod
2401 3990 2579 4035 autem
2612 3992 2774 4048 super
2816 3991 2987 4045 panes
3024 3975 3149 4028 thus
3196 3971 3586 4025 lucidissimum

2008 4075 2325 4147 ponebatur,
2351 4073 2607 4126 virtutem
2651 4066 2912 4123 orationis
2959 4065 3220 4134 designat,
3251 4062 3376 4130 quia
3425 4060 3586 4113 iidem

2011 4146 2258 4222 doctores
2288 4176 2397 4216 suae
2423 4157 2775 4213 ministerium
2805 4150 3202 4224 praedicationis
3230 4148 3389 4203 simul
3417 4156 3470 4202 et
3499 4146 3591 4200 de-

2011 4256 2278 4311 votionem
2302 4250 2481 4320 operis
2507 4247 2734 4302 Domino
2760 4243 3160 4300 commendant.
3186 4239 3319 4294 Nam
3347 4251 3443 4308 per
3469 4237 3592 4291 thus

2012 4343 2310 4400 orationem
2359 4336 2626 4406 designari
2675 4342 2900 4389 testatur
2948 4330 3253 4393 Psalmista,
3299 4328 3389 4397 qui
3419 4326 3588 4380 dicit:

2016 4435 2289 4505 Dirigatur
2316 4434 2482 4487 oratio
2514 4448 2652 4494 utea,
2679 4431 2812 4482 sicut
2838 4430 3103 4481 incensum
3127 4426 3180 4477 in
3206 4433 3479 4491 conspectu
3505 4432 3594 4475 tuo

2017 4523 2188 4599 (Psat.
2210 4522 2355 4594 exc).
2386 4522 2454 4576 Et
2480 4522 2603 4575 thus
2631 4518 3019 4573 lucidissimum
3048 4531 3211 4584 super
3242 4529 3413 4583 panes
3442 4513 3595 4582 poni-

2018 4625 2106 4672 tur
2143 4616 2197 4669 in
2226 4621 2632 4669 monumentum
2661 4608 2947 4665 oblationis
2978 4605 3212 4671 Domini,
3247 4603 3460 4672 quando
3494 4602 3596 4670 piae

2019 4717 2328 4766 sanctorum
2359 4705 2556 4761 actioni
2586 4718 2649 4759 ac
2677 4701 2940 4757 doctrinae
2965 4699 3141 4754 oratio
3176 4711 3310 4766 pura
3345 4693 3598 4764 superad-

2022 4804 2182 4868 ditur,
2212 4816 2318 4871 quo
2352 4814 2447 4869 per
2475 4798 2591 4851 haec
2613 4804 2843 4864 utraque
2883 4793 2986 4846 rite
3020 4790 3221 4845 sociata
3249 4801 3462 4855 semper
3487 4798 3600 4837 me-

2022 4893 2194 4947 moria
2224 4905 2391 4945 sacra:
2431 4886 2720 4942 oblationis
2755 4884 2808 4937 in
2848 4888 3141 4951 conspectu
3178 4877 3374 4933 summi
3409 4876 3599 4929 arbitri

2024 4993 2298 5053 appareat.
2345 4980 2488 5033 Bene
2535 4984 2714 5030 autem
2762 4988 2858 5043 per
2903 4971 3111 5042 singula
3166 4969 3387 5023 sabbata
3434 4979 3602 5035 panes

2025 5087 2209 5128 coram
2240 5070 2464 5125 Domino
2504 5065 2704 5121 mutari
2749 5063 3091 5118 mandantur.
3134 5060 3310 5114 Panes
3348 5069 3600 5124 namque,

2027 5164 2119 5234 qui
2145 5180 2241 5232 per
2265 5178 2358 5216 sex
2390 5162 2504 5215 dies
2532 5157 2790 5229 operandi
2825 5156 2880 5209 in
2915 5169 3099 5209 mensa
3131 5151 3342 5208 Domini
3386 5149 3603 5204 fuerant

2027 5256 2209 5326 positi,
2244 5254 2480 5308 Sabbato
2521 5250 2675 5304 novis
2703 5254 2998 5309 mutantur,
3035 5259 3158 5298 cum
3185 5242 3436 5297 doctores
3478 5234 3600 5305 qui—

2031 5325 2134 5418 que
2179 5353 2381 5400 sanctae
2414 5341 2690 5405 Ecclesiae,
2733 5337 2999 5407 completo
3030 5344 3272 5403 tempore
3301 5332 3383 5385 sui
3432 5325 3601 5383 sancti

2030 5439 2253 5503 laboris,
2296 5437 2458 5491 etiam
2500 5434 2551 5487 in
2581 5431 2734 5486 malis
2760 5433 3192 5487 remunerantur,
3226 5431 3281 5475 et
3310 5420 3443 5473 alios
3481 5424 3606 5485 post

2031 5546 2091 5586 se
2127 5531 2180 5584 in
2209 5529 2351 5582 idem
2383 5539 2517 5595 opus
2545 5520 2822 5577 laborandi
2850 5519 2904 5572 in
2932 5517 3097 5570 verbo
3127 5513 3225 5566 sub
3251 5507 3488 5578 ejusdem
3512 5520 3608 5575 spe

2032 5619 2402 5678 retributionis
2449 5617 2775 5685 relinquunt.
2823 5610 3022 5676 Sicque
3057 5606 3116 5658 ﬁt
3156 5610 3215 5655 ut
3261 5612 3447 5654 mensa
3499 5596 3607 5650 Do-

2036 5713 2163 5767 mini
2196 5724 2468 5780 nunquam
2506 5708 2659 5776 panis
2701 5704 2853 5771 inops
2891 5701 3203 5753 remaneat,
3253 5705 3437 5745 verum
3483 5704 3605 5743 mox
