3902 6146
309 339 414 396 5l9

310 454 523 509 sublato
547 462 685 521 pane
709 449 847 503 alius
874 446 991 500 loco
1024 442 1146 512 ejus
1188 440 1570 502 substituatur,
1604 437 1730 491 dum
1768 448 1889 489 suc-
1917 438 1968 497 Α

313 544 623 600 cedentibus
655 539 754 599 sibi
789 552 884 608 per
926 534 1169 591 ordinem
1218 530 1485 586 ministris
1514 528 1702 593 verbi,
1748 541 1887 581 nun-

316 651 475 706 quam
518 630 771 686 Ecclesia
814 623 1120 697 apostolica
1175 620 1399 686 desunt,
1442 619 1537 690 qui
1574 617 1689 674 sive
1727 615 1889 671 ﬁdem

321 725 556 797 pietatis,
586 738 681 777 seu
709 717 1027 774 munditiam
1053 714 1282 769 actionis
1303 721 1359 768 et
1391 710 1569 766 verbis
1602 707 1890 765 ostendant

314 828 369 874 ct
396 816 569 870 lactis.
601 813 668 867 Et
713 812 852 867 bene
881 808 1083 863 dicitur
1110 804 1255 874 quod
1288 805 1354 859 de
1405 802 1528 857 ﬁliis
1557 800 1726 856 Caath
1761 813 1893 854 con-

314 906 484 962 stituti
508 911 663 959 erant
682 915 844 971 super
867 912 1034 971 panes
1054 893 1458 966 pmpositionis,
1484 891 1609 962 quia
1631 887 1890 961 patientia

315 995 688 1064 Redemptoris
713 992 882 1048 nostri
914 988 1097 1045 docuit
1119 985 1393 1058 apostolos
1417 998 1482 1038 ac
1507 981 1892 1053 pradicatores

318 1087 610 1159 Evangelii,
634 1095 695 1141 ut
716 1100 814 1155 per
837 1082 1197 1139 constantiam
1240 1076 1514 1149 patientia
1554 1081 1608 1128 et
1635 1072 1892 1126 virtutem

316 1176 659 1233 discretionis
685 1190 743 1230 se
788 1187 1020 1242 suosque
1048 1177 1261 1241 gratam
1306 1166 1624 1221 exhiberent
1664 1161 1894 1216 oblatio-

322 1281 467 1331 ncm,
492 1281 615 1321 cum
640 1263 844 1319 eisdem
888 1262 1003 1332 ipsa
1033 1258 1245 1315 Veritas
1279 1256 1333 1309 in
1360 1252 1648 1324 Evangelio
1678 1251 1790 1306 ait:
1824 1247 1893 1302 In

321 1360 571 1428 patientia
598 1366 766 1410 vestra
790 1351 1111 1424 possidebitis
1135 1350 1340 1403 animus
1361 1354 1554 1400 vestras
1578 1342 1729 1415 (Luc.
1755 1339 1892 1412 xxI).

327 1449 437 1503 Nec
464 1447 608 1502 enim
637 1445 873 1501 doctoris
918 1442 1143 1513 quilibet
1170 1439 1273 1493 rite
1307 1436 1454 1507 fungi
1488 1443 1667 1505 potest
1694 1431 1892 1496 oﬁlcio,

324 1537 429 1591 nisi
458 1551 515 1591 se
543 1534 817 1605 patientia
861 1548 925 1588 ac
954 1529 1296 1588 discretionis
1327 1527 1586 1582 decorare
1629 1522 1895 1578 studuerit

320 1633 669 1689 ornamento,
708 1633 770 1678 ut
814 1622 1078 1677 discretus
1124 1620 1196 1674 sit
1242 1618 1298 1672 in
1344 1631 1592 1673 sermone
1638 1611 1798 1669 simul
1842 1619 1897 1667 et

320 1731 505 1784 opere,
533 1722 587 1771 et
617 1714 788 1777 fortis,
820 1713 868 1767 si
908 1711 1210 1775 advenerit,
1241 1710 1295 1764 in
1346 1706 1661 1765 sustinenda
1698 1704 1891 1759 adver—

321 1768 504 1859 sitate:
531 1804 667 1873 Apte
691 1812 871 1858 autem
893 1801 1134 1871 sequitur
1153 1798 1295 1869 quod
1317 1797 1592 1868 principes
1614 1801 1896 1849 cantorum
1924 1768 1973 1828 Β

328 1914 425 1966 per
453 1897 684 1951 familias
711 1896 1052 1959 Levitarum,
1080 1893 1172 1963 qui
1203 1893 1258 1946 in
1289 1890 1503 1946 exedris
1524 1889 1894 1951 morabantur,

327 1990 413 2043 die
452 2004 515 2043 ac
548 1997 705 2043 nocte
728 1988 929 2058 jugiter
951 1999 1049 2041 suo
1093 1984 1394 2039 ministerio
1420 1981 1777 2047 deservirem,
1807 1993 1901 2034 ca-

331 2080 547 2149 pitaque
574 2077 879 2132 Levitarum
906 2089 1004 2145 per
1036 2074 1268 2131 familias
1298 2072 1567 2143 principes
1604 2069 1903 2125 manserint

333 2170 385 2223 in
416 2167 732 2234 Jerusalem,
765 2167 891 2237 quia
919 2166 1072 2221 valde
1099 2166 1316 2236 dignum
1344 2173 1447 2229 est,
1475 2172 1533 2217 ut
1554 2169 1760 2232 quanto
1781 2161 1902 2231 quis

330 2260 580 2330 pralatus
610 2259 838 2324 cateris,
882 2265 1032 2313 tanto
1059 2257 1304 2312 devotior
1344 2256 1398 2312 in
1430 2254 1628 2313 divinis
1673 2253 1766 2307 ﬁat
1793 2250 1903 2307 olli-

329 2349 446 2403 ciis.
474 2348 566 2402 llle
607 2347 802 2419 quippe
827 2346 1189 2416 principatum
1235 2344 1521 2400 ministerii
1566 2343 1649 2398 sui
1680 2348 1896 2407 servat,

329 2439 420 2508 qui
465 2438 698 2493 studium
747 2437 908 2491 habet
936 2435 1187 2491 manendi
1224 2435 1276 2488 in
1307 2433 1627 2499 Jerusalem,
1659 2433 1761 2488 hoc
1789 2439 1896 2496 est,

333 2533 385 2586 in
412 2532 615 2586 visione
637 2529 807 2599 pacis,
834 2537 894 2582 ut
923 2526 1180 2581 tumultus
1205 2525 1490 2581 saeculares
1516 2524 1788 2595 fugiendo,
1819 2537 1904 2577 re-

335 2620 631 2691 lzcllemque
683 2627 886 2674 motum
930 2618 1111 2672 carnis
1161 2631 1271 2671 sua
1315 2616 1617 2679 domando,
1666 2613 1905 2683 quietam

338 2717 569 2763 mentem
608 2708 661 2762 in
709 2707 1155 2778 contemplatione
1198 2705 1294 2761 Dei
1323 2705 1523 2760 habere
1559 2703 1755 2770 valeat,
1797 2717 1907 2774 quo

341 2799 442 2853 rite
468 2813 589 2853 cum
634 2797 917 2854 Psalmista
946 2811 1140 2852 canere
1180 2796 1353 2867 possit
1383 2813 1396 2848 :
1436 2793 1667 2848 Lwtatus
1705 2809 1821 2848 sum
1850 2794 1907 2848 in

334 2890 415 2943 liis
444 2905 560 2959 qua:
585 2890 723 2943 dicta
750 2898 872 2943 sunt
911 2888 1039 2941 mihi
1068 2900 1086 2938 :
1114 2889 1171 2941 in
1206 2887 1417 2940 domum
1446 2883 1659 2938 Domini
1696 2883 1903 2938 ibimus.

335 2976 541 3033 Stantes
578 2987 725 3033 erant
768 2977 920 3048 pedes
960 2978 1122 3031 nostri
1162 2976 1217 3029 in
1255 2974 1402 3035 atriis
1443 2973 1569 3039 tuis,
1610 2969 1905 3025 Jerusalem

334 3069 504 3143 (Psal.
528 3070 697 3141 cxxr).
720 3068 1030 3123 Benedictus
1055 3066 1312 3125 Dominus
1333 3079 1397 3117 ea:
1419 3060 1570 3127 Sion,
1592 3060 1681 3132 qui
1702 3058 1904 3115 habitat

332 3161 389 3217 in
409 3159 704 3214 Jerusalem
727 3157 899 3230 (Psal.
924 3155 1165 3227 cxxxtv).

406 3251 473 3306 In
517 3250 730 3306 Gabaon
758 3258 932 3303 autem
963 3247 1265 3301 commorati
1309 3253 1450 3310 sunt,
1476 3252 1624 3313 pater
1661 3240 1903 3306 Gabaon,

335 3339 524 3404 Jehiel,
550 3349 596 3393 et
628 3355 813 3394 nomen
848 3339 1025 3393 uxoris
1062 3337 1175 3407 ejus
1220 3335 1465 3390 Maacha.
1507 3332 1679 3386 Filius
1712 3333 1909 3402 primo-

336 3429 534 3499 genitus
564 3429 677 3498 ejus
709 3427 890 3483 Abdon
927 3435 974 3481 et
1007 3426 1115 3482 Sur
1155 3434 1203 3479 et
1233 3424 1319 3479 Cis
1361 3432 1409 3477 et
1459 3421 1596 3476 Baal
1639 3431 1688 3476 et
1723 3421 1835 3475 Ner
1858 3428 1908 3474 et

344 3518 553 3574 Nadab.
591 3518 760 3575 Jehiel
790 3521 903 3590 ipse
926 3528 1008 3575 est
1036 3518 1127 3589 qui
1164 3517 1217 3572 in
1248 3516 1383 3570 libro
1417 3514 1620 3585 Regum
1651 3512 1908 3568 scribitur

340 3615 485 3669 Abiel
513 3614 562 3686 (I
590 3614 717 3685 Reg.
741 3614 841 3685 ix),
880 3622 1034 3685 pater
1070 3612 1180 3676 Cis,
1213 3620 1367 3681 pater
1395 3608 1524 3664 Saul
1560 3616 1615 3663 et
1641 3608 1906 3678 interpre-

340 3717 484 3764 tatur
527 3708 678 3762 Abicl
719 3716 867 3778 pater
904 3722 1049 3761 meus
1080 3705 1241 3769 Deus,
1292 3702 1463 3758 Jehicl
1508 3718 1636 3757 vero
1676 3700 1907 3755 desertus

338 3800 453 3865 Dei,
479 3809 697 3870 propter
727 3799 1036 3853 meritorum
1064 3796 1288 3851 forsitan
1319 3796 1393 3850 ita
1419 3794 1677 3850 nominati
1706 3794 1910 3849 distan-

337 3892 483 3947 tiam.
514 3891 580 3944 Et
613 3890 902 3945 notandum
931 3889 1076 3959 quod
1124 3889 1264 3943 inter
1315 3885 1451 3940 ﬁlios
1482 3883 1673 3951 Jehiel,
1707 3884 1798 3939 Cis
1847 3892 1904 3939 et

337 3979 445 4035 Ner
488 3989 747 4035 vocantur
792 3979 1008 4044 fratres,
1044 3978 1204 4034 sicuti
1249 3986 1304 4033 et
1343 3985 1489 4041 sunt,
1518 3985 1573 4031 et
1602 3978 1655 4031 in
1699 3976 1906 4047 Regum

340 4069 621 4139 reperitur.
648 4067 705 4122 ln
736 4068 1084 4138 sequentibus
1126 4082 1256 4122 vero
1285 4066 1480 4121 dicitur
1504 4065 1648 4136 quod
1677 4063 1784 4119 Ner
1810 4079 1907 4135 ge-

341 4158 521 4211 nuerit
546 4156 657 4222 Cis,
683 4173 788 4212 non
813 4172 923 4227 quo
942 4171 1064 4211 eum
1091 4155 1356 4227 genuerit,
1381 4155 1476 4211 sed
1501 4169 1608 4224 quo
1633 4168 1754 4209 eum
1781 4153 1907 4209 edu-

339 4250 565 4315 caverit,
589 4248 837 4320 genuisse
858 4263 981 4302 eum
1003 4254 1270 4301 narratur.

412 4337 508 4394 Isti
536 4339 898 4393 habitaverunt
923 4354 951 4392 e
983 4337 1190 4407 regione
1222 4336 1445 4406 fratrum
1469 4350 1710 4399 suorum,
1738 4333 1791 4409 in
1819 4332 1911 4386 Je-

958 331 1016 385 Β.
1058 325 1308 384 RABANI
1347 322 1567 378 MAURI
1604 318 1922 377 ARCHIEP.
1964 316 2274 376 MOGUNT.
2315 314 2602 374 OPERUM
2635 316 2815 374 PARS
2850 318 2891 374 1.

3462 320 3576 378 5‘20

2616 431 2844 487 CAPUT
2881 431 2949 486 Χ.

1990 546 2067 601 De
2097 562 2271 618 pugna
2294 544 2613 600 Philistltiim
2642 553 2823 618 contra
2844 542 3037 618 Israel,
3058 553 3106 597 et
3138 561 3258 599 nece
3279 545 3412 600 Saul
3435 548 3580 617 regis

2546 624 2595 668 et
2624 614 2856 683 ﬁliorum
2878 614 3015 683 ejus.

2061 730 2106 803 (1
2133 731 2265 786 Pan.
2293 729 2374 800 χ.)
2401 726 2718 783 Philistltiim
2743 737 2917 782 autem
2939 728 3243 799 pugnabant
3272 738 3451 783 contra
3487 728 3584 784 Is~

1991 822 2123 889 rael,
2143 823 2489 894 fuget-umque
2514 821 2610 876 viri
2631 820 2800 876 Israel
2822 810 3185 887 Philisthinos,
3203 832 3251 876 et
3276 824 3581 877 ceciderunt

1990 914 2250 970 vulnerati
2302 914 2359 967 in
2405 921 2579 966 monte
2626 909 2815 966 Gelboe
2860 910 2911 980 (I
2940 909 3071 981 Reg.
3101 910 3290 981 xxxi).
3341 911 3579 983 Cumque

1992 1003 2487 1074 appropinquassent
2533 999 2828 1054 Philistltwi
2862 1010 3217 1069 persequentes
3249 998 3380 1054 Saul
3426 994 3477 1053 et
3511 1001 3579 1069 {i-

1992 1093 2090 1149 lios
2127 1094 2261 1164 ejus,
2305 1104 2353 1149 et
2395 1104 2760 1164 percusserunt
2801 1094 3073 1148 Jonathan
3118 1103 3170 1148 et
3212 1094 3484 1148 Abinadab
3528 1104 3579 1149 et

1994 1182 2319 1249 Melehisua,
2359 1184 2498 1254 ﬁlios
2543 1183 2697 1239 Saul.
2737 1183 2806 1237 Et
2832 1193 3173 1253 aggravatum
3219 1194 3293 1238 est
3329 1184 3575 1254 prwlium

1994 1286 2173 1331 contra
2204 1275 2354 1342 Saul,
2383 1278 2781 1346 inveneruntque
2806 1293 2924 1329 eum
2947 1276 3043 1330 viri
3071 1275 3359 1346 sagittarii,
3386 1285 3435 1330 et
3462 1275 3580 1330 vul-

1993 1376 2303 1420 neraverunt
2314 1364 2533 1436 jaculis.
2553 1364 2623 1418 Et
2645 1365 2781 1419 dixit
2802 1363 2933 1420 Saul
2956 1366 3024 1419 ad
3046 1367 3362 1438 armigerum
3384 1383 3541 1420 suum
3558 1380 3577 1418 :

1995 1453 2228 1525 Euagina
2256 1455 2489 1526 gladium
2525 1464 2694 1522 tuum,
2730 1465 2780 1509 et
2815 1456 3048 1526 interﬁce
3076 1472 3175 1521 me,
3220 1473 3282 1510 ne
3326 1456 3458 1526 forte
3493 1474 3581 1511 ee-

1994 1549 2140 1602 niant
2169 1546 2522 1600 incircumcisi
2563 1547 2683 1611 isti,
2717 1555 2766 1600 et
2803 1545 3028 1600 illudant
3064 1546 3211 1599 mihi.
3248 1543 3433 1599 Noluit
3476 1562 3579 1599 au-

1994 1645 2093 1692 tem
2122 1637 2348 1706 armiger
2381 1637 2496 1706 ejus
2537 1637 2633 1690 hoc
2661 1635 2852 1705 facere,
2886 1636 3071 1689 timore
3108 1635 3435 1705 perterritus.
3475 1635 3580 1688 Ar.

1999 1727 2157 1797 ripuit
2183 1725 2472 1797 ergo‘Saul
2508 1743 2701 1791 ensem,
2728 1735 2776 1779 et
2809 1726 2965 1779 irruit
2994 1741 3050 1779 in
3087 1742 3226 1779 eum.
3263 1724 3418 1790 Quod
3459 1741 3583 1780 cum

2001 1816 2209 1869 vidisset
2251 1816 2478 1885 armiger
2520 1816 2656 1886 ejus,
2689 1813 2921 1869 videlicet
2959 1824 3224 1869 mortuum
3270 1831 3379 1869 esse
3420 1814 3580 1880 Saul,

1998 1906 2153 1958 irruit
2196 1914 2244 1959 et
2288 1906 2397 1975 ipse
2424 1906 2479 1958 in
2508 1904 2744 1975 gladium
2771 1920 2948 1970 suum,
2983 1913 3032 1958 et
3074 1914 3312 1959 mortuus
3347 1915 3442 1958 est.
3483 1904 3583 1958 In-

1999 1996 2138 2049 teriit
2165 2012 2287 2065 ergo
2322 1993 2457 2050 Saul
2484 2004 2534 2048 et
2566 2003 2669 2049 tres
2703 1994 2805 2064 ﬁlii
2840 1996 2975 2065 ejus,
3007 2004 3056 2049 et
3085 1996 3252 2050 omnis
3293 1989 3479 2049 domus
3518 1995 3587 2049 il-

2000 2082 2101 2137 lius
2126 2084 2322 2153 pariter
2341 2083 2586 2147 concidit,
2610 2092 2664 2138 et
2693 2083 2917 2154 reliqua.
2950 2083 3203 2140 Plurimis
3220 2085 3438 2140 omissis
3460 2099 3588 2155 qua

1999 2174 2055 2229 in
2083 2172 2221 2227 libro
2250 2172 2518 2227 Samuelis
2543 2173 2610 2228 de
2638 2171 2887 2229 Samuele
2914 2181 2968 2229 et
2996 2173 3175 2229 Saulis
3201 2175 3464 2245 regimine
3499 2183 3589 2229 at-

1998 2280 2106 2335 que
2133 2265 2341 2320 actibus
2366 2276 2551 2319 narrat
2575 2265 2823 2331 historia,
2851 2266 3097 2322 conditor
3120 2265 3280 2336 hujus
3310 2267 3434 2321 libri
3466 2275 3586 2321 tan.

2001 2365 2115 2412 tum
2138 2357 2345 2412 obitum
2374 2356 2503 2412 Saul
2528 2365 2585 2411 et
2620 2357 2853 2413 ﬁliorum
2883 2358 3020 2428 ejus,
3047 2375 3149 2415 nec
3169 2374 3275 2414 non
3301 2367 3357 2415 et
3384 2360 3585 2415 domus

2004 2447 2174 2518 ipsius
2202 2462 2388 2503 casum
2430 2450 2894 2514 commemoravit,
2925 2458 2987 2503 ut
3012 2449 3220 2504 occulte
3257 2448 3587 2519 signiﬁcaret

2002 2551 2103 2611 per
2132 2538 2445 2607 mysterium
2486 2538 2631 2608 quod
2671 2553 2777 2593 non
2820 2554 3042 2594 necesse
3074 2539 3237 2595 fuerit
3263 2539 3381 2609 ejus
3413 2541 3585 2595 vitam

2003 2628 2332 2694 describere,
2360 2626 2512 2697 cujus
2551 2630 2888 2685 conversatio
2922 2631 3195 2700 peccatrix
3235 2630 3397 2686 ﬁnem
3440 2631 3585 2687 cele-

2004 2719 2157 2775 iurem
2184 2734 2290 2773 non
2325 2720 2522 2774 meruit
2561 2720 2824 2791 accipere,
2852 2729 2907 2776 et
2936 2737 3034 2792 per
3062 2724 3285 2793 tiguram
3312 2724 3461 2793 regni
3491 2722 3584 2777 Ju-

2005 2809 2242 2866 daorum
2269 2826 2334 2867 ac
2376 2812 2664 2881 sacerdotii
2705 2813 2902 2868 veteris
2944 2814 3105 2869 ﬁnem
3134 2814 3313 2869 debuit
3362 2815 3583 2870 demon-

2006 2909 2203 2967 strare,
2232 2901 2324 2957 sed
2368 2904 2561 2972 magis,
2589 2919 2785 2959 occasu
2815 2905 3057 2974 pradicti
3084 2906 3224 2977 regis
3251 2921 3585 2961 commemo-

2007 3001 2147 3058 rato,
2172 2992 2238 3048 ad
2264 2993 2433 3049 David
2462 3002 2628 3051 totum
2660 3008 2717 3049 se
2747 2995 3036 3061 transtulit,
3061 3005 3117 3051 et
3138 2995 3253 3065 ejus
3278 2993 3420 3052 facta
3446 2996 3586 3050 bona

1932 3113 1977 3176 ε
2006 3094 2063 3143 et
2099 3087 2552 3157 dispensationem
2599 3087 2749 3155 regni
2796 3087 3187 3142 nobilissimam
3234 3086 3587 3150 narrandam,

2007 3175 2099 3245 qui
2130 3183 2314 3246 typum
2344 3183 2490 3231 tenet
2532 3176 2646 3231 veri
2687 3176 2877 3241 David,
2908 3177 3047 3246 regis
3081 3175 3328 3231 videlicet
3360 3174 3587 3240 Christi,

2005 3266 2099 3336 qui
2127 3266 2193 3322 de
2219 3267 2335 3337 ejus
2376 3266 2582 3322 semine
2621 3266 2914 3322 secundum
2955 3280 3171 3323 carnem
3205 3274 3367 3321 natus
3401 3273 3505 3328 est,
3533 3272 3590 3319 et

2006 3359 2129 3414 cali
2175 3368 2438 3429 terraque
2480 3359 2716 3428 possidet
2756 3372 3000 3428 regnum.
3027 3357 3195 3428 Igitur
3222 3356 3365 3426 quod
3410 3356 3591 3411 immi-

2006 3459 2168 3508 nente
2197 3459 2437 3522 tempore
2466 3450 2703 3505 Davidici
2748 3451 2897 3520 regni
2924 3449 3076 3515 dicit,
3106 3448 3430 3505 Philisthiim
3458 3448 3587 3519 (sic-

2006 3550 2066 3596 ut
2112 3557 2326 3613 semper
2364 3542 2507 3596 soliti
2554 3540 2730 3611 erant)
2785 3555 3053 3611 pugnasse
3097 3540 3354 3595 adversus
3401 3538 3590 3603 Israel,

2008 3632 2313 3703 fugisseque
2354 3632 2501 3687 viros
2541 3630 2832 3697 lsraelitas,
2877 3630 3145 3701 signiﬁcat
3186 3630 3360 3700 quod,
3394 3644 3592 3698 appro-

2006 3725 2301 3795 pinquante
2341 3740 2495 3780 nova
2531 3725 2718 3795 gratia
2744 3732 2985 3793 tempore
3011 3721 3259 3794 gentiles,
3298 3721 3438 3775 sicut
3462 3727 3595 3776 ante

2008 3824 2429 3883 consueverant,
2460 3818 2764 3873 castitatem
2792 3813 3100 3870 Israelitica
3126 3814 3249 3869 ﬁdei
3278 3828 3376 3882 per
3402 3828 3593 3868 exem-

2008 3909 2093 3978 pla
2142 3908 2425 3979 pravitatis
2472 3909 2881 3980 oppugnabant,
2924 3923 3068 3962 nunc
3114 3920 3277 3975 opera
3331 3920 3592 3976 perversa

2007 3999 2299 4069 perituris,
2353 4015 2497 4054 nunc
2555 3998 2871 4054 idololatria
2930 3997 3170 4052 culturas
3228 3997 3590 4061 ostendendo,

2004 4087 2162 4158 juxta
2190 4089 2493 4158 exemplum
2521 4088 2761 4153 Balaam,
2787 4087 2880 4157 qui
2914 4087 3141 4142 docebat
3174 4086 3339 4142 Balac
3367 4086 3592 4141 mittere

2008 4183 2320 4238 scandalum
2367 4198 2551 4238 coram
2602 4182 2727 4239 ﬁliis
2783 4183 2975 4250 Israel,
3022 4183 3185 4240 edere
3229 4191 3285 4240 et
3332 4183 3593 4239 fornicari

2011 4275 2200 4347 (Num.
2229 4280 2378 4346 xxv).

2081 4362 2449 4435 Fugeruntque
2473 4363 2572 4433 ﬁlii
2595 4364 2766 4419 Israel
2814 4362 3176 4435 Philisthinos,
3218 4374 3268 4419 et
3292 4366 3594 4420 ceciderunt

339 4431 584 4523 milita,"
612 4448 730 4523 “im
755 4430 1008 4500 fratribus
1052 4429 1181 4484 sui"
1222 4428 1352 4484 L0“
1380 4426 1497 4499 (sic)
1530 4427 1583 4481 in
1612 4423 1907 4480 Jerusalem
1933 4452 1984 4511 D
2009 4423 2264 4509 vulne;ati
2290 4423 2374 4507 in.
2394 4423 2565 4508 monte
2606 4451 2812 4508 Gelboe.
2854 4431 3079 4522 Decepti
3104 4423 3249 4518 sunt,
3299 4455 3393 4523 qui
3423 4453 3597 4511 fortes

337 4521 608 4576 habitasse
635 4521 905 4576 dicuntur.

412 4613 524 4668 Ner
550 4623 723 4666 autem
754 4612 929 4682 genuit
962 4609 1070 4674 Cis,
1100 4618 1147 4664 et
1177 4608 1264 4665 Cis
1303 4610 1477 4679 genuit
1514 4606 1664 4673 Saul,
1699 4619 1745 4662 et
1777 4607 1907 4662 Saul

338 4703 514 4774 genuit
543 4701 811 4756 Jonatltan
847 4708 896 4754 et
926 4698 1216 4754 Melchisua
1240 4706 1289 4752 et
1317 4697 1589 4751 Abinadab
1619 4706 1665 4751 et
1693 4695 1904 4761 lsbaal;

338 4790 481 4858 [ilius
504 4799 677 4844 autem
699 4788 965 4843 Jonathan
996 4786 1304 4852 Meribbaal,
1342 4796 1388 4841 et
1419 4785 1707 4840 Meribbaal
1731 4784 1905 4855 genuit

343 4878 539 4932 llic/ia.
579 4878 861 4934 Abinadab
892 4878 1031 4933 ﬁlius
1070 4876 1195 4932 Saul
1242 4877 1296 4932 in
1335 4875 1810 4945 Paralipomenon,
1850 4872 1906 4928 in

340 4972 546 5042 Regum
576 4989 721 5037 vero,
753 4973 843 5027 ubi
871 4980 926 5027 et
953 4973 1163 5028 occisus
1207 4987 1327 5027 esse
1364 4985 1487 5025 cum
1527 4977 1683 5040 patre
1722 4983 1910 5022 narra-

344 5072 450 5128 tur,
479 5062 775 5118 Aminadab
820 5072 1043 5119 vocatur
1084 5061 1138 5134 (ι
1160 5061 1287 5133 Reg.
1323 5060 1496 5133 xxxx).
1544 5061 1611 5115 Et
1647 5060 1908 5129 interpre-

343 5161 489 5206 tatur
529 5150 809 5207 Abinadab
852 5161 1000 5223 pater
1027 5168 1171 5206 meus
1216 5160 1413 5217 votum,
1440 5150 1739 5207 Aminadab
1777 5164 1907 5204 vero

338 5244 562 5317 populus
590 5260 733 5299 meus
770 5252 963 5299 votum.
1005 5243 1174 5299 lsbaal
1202 5258 1415 5313 quoque
1443 5241 1583 5297 ﬁlius
1611 5240 1757 5307 Saul,
1797 5241 1908 5311 ipse

341 5344 425 5391 est
454 5335 726 5402 Ishoseth;
772 5343 828 5390 et
857 5334 1167 5400 Mcribbaal,
1203 5336 1317 5406 ipse
1348 5342 1431 5389 est
1462 5333 1793 5389 Misiboseth.
1844 5331 1911 5385 Et

345 5426 733 5495 interpretatur
761 5423 1052 5479 Meribbaal
1080 5424 1290 5495 litigans
1316 5425 1372 5478 in
1405 5423 1670 5486 maritum,
1698 5420 1910 5477 Misibo—

346 5517 466 5571 seth
493 5526 673 5572 autem
696 5515 760 5571 de
788 5532 875 5571 ore
900 5516 1205 5588 ignominia.

2011 4543 2332 4598 videbantur
2356 4543 2410 4597 in
2436 4543 2845 4614 contemplanda
2877 4542 2972 4597 Dei
2999 4542 3273 4597 voluntate
3298 4544 3463 4612 (quod
3495 4561 3596 4601 no-

2012 4646 2135 4689 men
2157 4631 2329 4688 Israel
2352 4632 2639 4705 signiﬁcat)
2666 4647 2789 4689 cum
2818 4648 2981 4703 Opera
3011 4633 3290 4702 gentilium
3320 4633 3596 4687 incautius

2011 4722 2416 4792 doctrinamque
2460 4731 2851 4793 sequerentur;
2902 4729 2957 4776 et
2997 4723 3273 4790 perierunt
3313 4722 3596 4790 depravati

2010 4814 2065 4869 in
2094 4814 2344 4884 superbia
2369 4813 2662 4877 luxuriosa,
2710 4827 2873 4881 quam
2894 4812 3213 4868 vocabulum
3241 4813 3441 4867 montis
3466 4810 3597 4867 Gel-

2011 4903 2134 4970 boe,
2171 4904 2224 4958 id
2267 4913 2352 4958 est
2395 4903 2607 4968 lubrici,
2654 4903 2919 4974 designat.
2966 4902 3073 4958 Sed
3113 4910 3168 4957 ct
3211 4903 3594 4958 haereticorum

2012 4995 2367 5064 perditionem
2400 5010 2507 5050 non
2552 5008 2744 5064 parum
2797 4994 3069 5049 sacularis
3117 4994 3381 5063 sapientia
3426 4993 3592 5062 juvit.

2014 5084 2166 5141 Unde
2188 5084 2410 5155 pulchre
2438 5084 2655 5154 quidam
2684 5092 2993 5141 nostrorum
3030 5085 3105 5140 ait
3131 5103 3145 5138 :
3199 5102 3217 5135 ι
3251 5084 3595 5154 Philosophi,

2011 5178 2330 5247 patriarcha
2366 5179 2773 5244 hareticorum,
2823 5179 3077 5236 Ecclesia
3119 5180 3415 5248 puritatem
3459 5196 3595 5251 per-

2014 5283 2168 5323 versa
2190 5268 2525 5324 maculavere
2551 5270 2811 5325 doctrina.
2848 5290 2866 5323 ι

2080 5357 2311 5427 Cumque
2348 5360 2843 5429 appropinquassent
2888 5359 3183 5417 Philistluci
3229 5374 3596 5434 persequentes

2011 5448 2141 5506 Saul
2166 5458 2213 5502 et
2242 5449 2382 5517 ﬁlios
2415 5450 2552 5519 ejus,
2600 5461 2961 5519 percusserunt
3015 5451 3283 5507 Jonatltan
3310 5462 3360 5507 et
3394 5452 3597 5509 Abina-

2011 5537 2113 5591 dab
2149 5547 2196 5591 et
2220 5537 2535 5605 Melchisua,
2585 5539 2722 5608 ﬁlios
2769 5539 2923 5595 Saul.
2960 5542 3238 5596 lrruerunt
3266 5549 3378 5596 tota
3408 5543 3594 5598 inten-

2014 5628 2160 5683 tione
2208 5636 2395 5697 gentes
2447 5628 2840 5699 circumposita
2896 5630 2948 5684 in
2998 5646 3221 5702 regnum
3266 5630 3467 5686 Judaa
3498 5633 3599 5688 de-

2012 5717 2344 5779 struendum,
2391 5728 2446 5773 ct
2472 5718 2609 5773 ﬁlios
2636 5717 2874 5787 ejusdem
2905 5721 3054 5789 regni
3094 5720 3356 5777 tollendos
3385 5722 3451 5776 de
3478 5737 3596 5778 mc-
