  <div class='ocr_page' id='page_1' title='image "/cluster/home/n/w/nwhite01/storage/ocr_20150623/109/hvd.32044054759741/166.png"; bbox 0 0 3902 6146; ppageno 0'>
   <div class='ocr_carea' id='block_1_1' title="bbox 316 294 419 349">
    <p class='ocr_par' dir='ltr' id='par_1_1' title="bbox 316 294 419 349">
     <span class='ocr_line' id='line_1_1' title="bbox 316 294 419 349; baseline -0.01 0"><span class='ocrx_word' id='word_1_1' title='bbox 316 294 419 349; x_wconf 71' lang='lat'><strong>52!</strong></span> 
     </span>
    </p>
   </div>
   <div class='ocr_carea' id='block_1_2' title="bbox 1254 288 2644 352">
    <p class='ocr_par' dir='ltr' id='par_1_2' title="bbox 1254 288 2644 352">
     <span class='ocr_line' id='line_1_2' title="bbox 1254 288 2644 352; baseline 0.003 -4"><span class='ocrx_word' id='word_1_2' title='bbox 1254 289 1608 349; x_wconf 77' lang='lat' dir='ltr'><strong>COMMENT.</strong></span> <span class='ocrx_word' id='word_1_3' title='bbox 1649 293 1714 348; x_wconf 83' lang='lat' dir='ltr'><strong>IN</strong></span> <span class='ocrx_word' id='word_1_4' title='bbox 1750 288 2303 348; x_wconf 78' lang='lat' dir='ltr'><strong>PARALIPOMENA.</strong></span> <span class='ocrx_word' id='word_1_5' title='bbox 2342 324 2414 336; x_wconf 80' lang='lat'><strong>--</strong></span> <span class='ocrx_word' id='word_1_6' title='bbox 2446 293 2579 350; x_wconf 83' lang='lat' dir='ltr'><strong>LIB.</strong></span> <span class='ocrx_word' id='word_1_7' title='bbox 2606 292 2644 352; x_wconf 78' lang='grc' dir='ltr'><strong><em>1ο</em></strong></span> 
     </span>
    </p>
   </div>
   <div class='ocr_carea' id='block_1_3' title="bbox 3473 304 3576 344">
    <p class='ocr_par' dir='ltr' id='par_1_3' title="bbox 3473 304 3576 344">
     <span class='ocr_line' id='line_1_3' title="bbox 3473 304 3576 344; baseline 0 0"><span class='ocrx_word' id='word_1_8' title='bbox 3473 304 3576 344; x_wconf 59' lang='grc' dir='ltr'><strong>εἶοὲ</strong></span> 
     </span>
    </p>
   </div>
   <div class='ocr_carea' id='block_1_4' title="bbox 3474 338 3579 362">
    <p class='ocr_par' dir='ltr' id='par_1_4' title="bbox 3474 338 3579 362">
     <span class='ocr_line' id='line_1_4' title="bbox 3474 338 3579 362; baseline -0.01 0"><span class='ocrx_word' id='word_1_9' title='bbox 3474 338 3579 362; x_wconf 62' lang='lat' dir='ltr'><strong>Uni-4</strong></span> 
     </span>
    </p>
   </div>
   <div class='ocr_carea' id='block_1_5' title="bbox 316 406 3580 487">
    <p class='ocr_par' dir='ltr' id='par_1_5' title="bbox 316 406 3580 487">
     <span class='ocr_line' id='line_1_5' title="bbox 316 406 3580 487; baseline 0.003 -23"><span class='ocrx_word' id='word_1_10' title='bbox 316 410 425 469; x_wconf 90' lang='lat' dir='ltr'><strong>dio,</strong></span> <span class='ocrx_word' id='word_1_11' title='bbox 457 417 514 462; x_wconf 91' lang='lat' dir='ltr'><strong>et</strong></span> <span class='ocrx_word' id='word_1_12' title='bbox 532 408 897 478; x_wconf 79' lang='lat' dir='ltr'><strong>depravarunt</strong></span> <span class='ocrx_word' id='word_1_13' title='bbox 923 421 1020 462; x_wconf 91' lang='lat' dir='ltr'><strong>sua</strong></span> <span class='ocrx_word' id='word_1_14' title='bbox 1041 408 1385 477; x_wconf 76' lang='lat' dir='ltr'><strong>corruptione</strong></span> <span class='ocrx_word' id='word_1_15' title='bbox 1408 413 1732 471; x_wconf 75' lang='lat' dir='ltr'><strong>sacerdotes,</strong></span> <span class='ocrx_word' id='word_1_16' title='bbox 1757 407 1903 460; x_wconf 88' lang='lat' dir='ltr'><strong>Scri-</strong></span> <span class='ocrx_word' id='word_1_17' title='bbox 1930 406 1977 465; x_wconf 87' lang='lat' dir='ltr'><strong>A</strong></span> <span class='ocrx_word' id='word_1_18' title='bbox 2006 406 2258 475; x_wconf 85' lang='lat' dir='ltr'><strong>armigeri</strong></span> <span class='ocrx_word' id='word_1_19' title='bbox 2307 406 2387 460; x_wconf 92' lang='lat' dir='ltr'><strong>sui</strong></span> <span class='ocrx_word' id='word_1_20' title='bbox 2415 423 2576 477; x_wconf 89' lang='lat' dir='ltr'><strong>quam</strong></span> <span class='ocrx_word' id='word_1_21' title='bbox 2631 408 3125 466; x_wconf 81' lang='lat' dir='ltr'><strong>ineircumcisorum</strong></span> <span class='ocrx_word' id='word_1_22' title='bbox 3151 409 3331 484; x_wconf 90' lang='lat' dir='ltr'><strong>gladio</strong></span> <span class='ocrx_word' id='word_1_23' title='bbox 3381 431 3580 487; x_wconf 79' lang='lat' dir='ltr'><strong>perire,</strong></span> 
     </span>
    </p>
   </div>
   <div class='ocr_carea' id='block_1_6' title="bbox 317 497 1903 577">
    <p class='ocr_par' dir='ltr' id='par_1_6' title="bbox 317 497 1903 577">
     <span class='ocr_line' id='line_1_6' title="bbox 317 497 1903 577; baseline -0.002 -23"><span class='ocrx_word' id='word_1_24' title='bbox 317 502 416 555; x_wconf 85' lang='lat' dir='ltr'><strong>bas</strong></span> <span class='ocrx_word' id='word_1_25' title='bbox 458 509 513 554; x_wconf 89' lang='lat' dir='ltr'><strong>et</strong></span> <span class='ocrx_word' id='word_1_26' title='bbox 537 500 867 577; x_wconf 62' lang='lat' dir='ltr'><strong>Pharisaeos,</strong></span> <span class='ocrx_word' id='word_1_27' title='bbox 916 498 1053 554; x_wconf 81' lang='lat' dir='ltr'><strong>filios</strong></span> <span class='ocrx_word' id='word_1_28' title='bbox 1093 498 1298 554; x_wconf 84' lang='lat' dir='ltr'><strong>scilicet</strong></span> <span class='ocrx_word' id='word_1_29' title='bbox 1350 497 1706 567; x_wconf 87' lang='lat' dir='ltr'><strong>ductoresque</strong></span> <span class='ocrx_word' id='word_1_30' title='bbox 1753 498 1903 569; x_wconf 82' lang='lat' dir='ltr'><strong>regni</strong></span> 
     </span>
    </p>
   </div>
   <div class='ocr_carea' id='block_1_7' title="bbox 316 587 1904 659">
    <p class='ocr_par' dir='ltr' id='par_1_7' title="bbox 316 587 1904 659">
     <span class='ocr_line' id='line_1_7' title="bbox 316 587 1904 659; baseline -0.001 -17"><span class='ocrx_word' id='word_1_31' title='bbox 316 590 480 644; x_wconf 87' lang='lat' dir='ltr'><strong>illius.</strong></span> <span class='ocrx_word' id='word_1_32' title='bbox 520 588 628 644; x_wconf 83' lang='lat' dir='ltr'><strong>Sed</strong></span> <span class='ocrx_word' id='word_1_33' title='bbox 652 598 707 643; x_wconf 86' lang='lat' dir='ltr'><strong>et</strong></span> <span class='ocrx_word' id='word_1_34' title='bbox 736 588 1039 655; x_wconf 81' lang='lat' dir='ltr'><strong>haereticos,</strong></span> <span class='ocrx_word' id='word_1_35' title='bbox 1092 603 1160 643; x_wconf 93' lang='lat' dir='ltr'><strong>ne</strong></span> <span class='ocrx_word' id='word_1_36' title='bbox 1203 587 1440 659; x_wconf 78' lang='lat' dir='ltr'><strong>Spiritus</strong></span> <span class='ocrx_word' id='word_1_37' title='bbox 1467 588 1642 643; x_wconf 80' lang='lat' dir='ltr'><strong>sancti</strong></span> <span class='ocrx_word' id='word_1_38' title='bbox 1670 588 1904 657; x_wconf 77' lang='lat' dir='ltr'><strong>gratiam</strong></span> 
     </span>
    </p>
   </div>
   <div class='ocr_carea' id='block_1_8' title="bbox 316 676 1905 749">
    <p class='ocr_par' dir='ltr' id='par_1_8' title="bbox 316 676 1905 749">
     <span class='ocr_line' id='line_1_8' title="bbox 316 676 1905 749; baseline -0.002 -15"><span class='ocrx_word' id='word_1_39' title='bbox 316 680 547 749; x_wconf 81' lang='lat' dir='ltr'><strong>simplici</strong></span> <span class='ocrx_word' id='word_1_40' title='bbox 588 678 752 734; x_wconf 83' lang='lat' dir='ltr'><strong>corde</strong></span> <span class='ocrx_word' id='word_1_41' title='bbox 799 679 1159 748; x_wconf 69' lang='lat' dir='ltr'><strong>prmdicarent</strong></span> <span class='ocrx_word' id='word_1_42' title='bbox 1202 684 1298 731; x_wconf 90' lang='lat' dir='ltr'><strong>aut</strong></span> <span class='ocrx_word' id='word_1_43' title='bbox 1342 676 1619 743; x_wconf 89' lang='lat' dir='ltr'><strong>colerent,</strong></span> <span class='ocrx_word' id='word_1_44' title='bbox 1664 677 1905 732; x_wconf 87' lang='lat' dir='ltr'><strong>retarda-</strong></span> 
     </span>
    </p>
   </div>
   <div class='ocr_carea' id='block_1_9' title="bbox 318 765 1904 839">
    <p class='ocr_par' dir='ltr' id='par_1_9' title="bbox 318 765 1904 839">
     <span class='ocr_line' id='line_1_9' title="bbox 318 765 1904 839; baseline -0.003 -16"><span class='ocrx_word' id='word_1_45' title='bbox 318 779 480 824; x_wconf 87' lang='lat' dir='ltr'><strong>runt:</strong></span> <span class='ocrx_word' id='word_1_46' title='bbox 534 768 679 839; x_wconf 90' lang='lat' dir='ltr'><strong>quod</strong></span> <span class='ocrx_word' id='word_1_47' title='bbox 703 776 788 822; x_wconf 90' lang='lat' dir='ltr'><strong>est</strong></span> <span class='ocrx_word' id='word_1_48' title='bbox 811 766 1079 823; x_wconf 85' lang='lat' dir='ltr'><strong>Jonathan</strong></span> <span class='ocrx_word' id='word_1_49' title='bbox 1109 779 1417 839; x_wconf 88' lang='lat' dir='ltr'><strong>percutere,</strong></span> <span class='ocrx_word' id='word_1_50' title='bbox 1468 766 1522 822; x_wconf 88' lang='lat' dir='ltr'><strong>id</strong></span> <span class='ocrx_word' id='word_1_51' title='bbox 1558 775 1659 830; x_wconf 88' lang='lat' dir='ltr'><strong>est,</strong></span> <span class='ocrx_word' id='word_1_52' title='bbox 1703 765 1904 820; x_wconf 80' lang='lat' dir='ltr'><strong>colum-</strong></span> 
     </span>
    </p>
   </div>
   <div class='ocr_carea' id='block_1_10' title="bbox 319 854 1906 928">
    <p class='ocr_par' dir='ltr' id='par_1_10' title="bbox 319 854 1906 928">
     <span class='ocr_line' id='line_1_10' title="bbox 319 854 1906 928; baseline -0.003 -14"><span class='ocrx_word' id='word_1_53' title='bbox 319 861 395 914; x_wconf 75' lang='lat' dir='ltr'><strong>btr</strong></span> <span class='ocrx_word' id='word_1_54' title='bbox 422 860 645 925; x_wconf 81' lang='lat' dir='ltr'><strong>donum,</strong></span> <span class='ocrx_word' id='word_1_55' title='bbox 681 874 751 914; x_wconf 91' lang='lat' dir='ltr'><strong>ne</strong></span> <span class='ocrx_word' id='word_1_56' title='bbox 779 858 1013 925; x_wconf 80' lang='lat' dir='ltr'><strong>Patrem,</strong></span> <span class='ocrx_word' id='word_1_57' title='bbox 1043 858 1135 928; x_wconf 90' lang='lat' dir='ltr'><strong>qui</strong></span> <span class='ocrx_word' id='word_1_58' title='bbox 1180 874 1279 913; x_wconf 89' lang='lat' dir='ltr'><strong>nos</strong></span> <span class='ocrx_word' id='word_1_59' title='bbox 1305 858 1404 913; x_wconf 86' lang='lat' dir='ltr'><strong>sibi</strong></span> <span class='ocrx_word' id='word_1_60' title='bbox 1427 873 1534 912; x_wconf 90' lang='lat' dir='ltr'><strong>non</strong></span> <span class='ocrx_word' id='word_1_61' title='bbox 1564 866 1777 922; x_wconf 90' lang='lat' dir='ltr'><strong>natura,</strong></span> <span class='ocrx_word' id='word_1_62' title='bbox 1810 854 1906 911; x_wconf 84' lang='lat' dir='ltr'><strong>sed</strong></span> 
     </span>
    </p>
   </div>
   <div class='ocr_carea' id='block_1_11' title="bbox 318 946 1903 1019">
    <p class='ocr_par' dir='ltr' id='par_1_11' title="bbox 318 946 1903 1019">
     <span class='ocr_line' id='line_1_11' title="bbox 318 946 1903 1019; baseline -0.001 -17"><span class='ocrx_word' id='word_1_63' title='bbox 318 949 605 1019; x_wconf 72' lang='lat' dir='ltr'><strong>adoptione</strong></span> <span class='ocrx_word' id='word_1_64' title='bbox 650 946 790 1003; x_wconf 92' lang='lat' dir='ltr'><strong>ﬁlios</strong></span> <span class='ocrx_word' id='word_1_65' title='bbox 822 947 969 1013; x_wconf 89' lang='lat' dir='ltr'><strong>fecit,</strong></span> <span class='ocrx_word' id='word_1_66' title='bbox 1023 946 1184 1019; x_wconf 87' lang='lat' dir='ltr'><strong>digna</strong></span> <span class='ocrx_word' id='word_1_67' title='bbox 1218 946 1555 1003; x_wconf 79' lang='lat' dir='ltr'><strong>confessione</strong></span> <span class='ocrx_word' id='word_1_68' title='bbox 1602 946 1903 1011; x_wconf 86' lang='lat' dir='ltr'><strong>laudarent,</strong></span> 
     </span>
    </p>
   </div>
   <div class='ocr_carea' id='block_1_12' title="bbox 320 1038 1902 1110">
    <p class='ocr_par' dir='ltr' id='par_1_12' title="bbox 320 1038 1902 1110">
     <span class='ocr_line' id='line_1_12' title="bbox 320 1038 1902 1110; baseline 0 -17"><span class='ocrx_word' id='word_1_69' title='bbox 320 1039 738 1105; x_wconf 84' lang='lat' dir='ltr'><strong>iuterdixerunt,</strong></span> <span class='ocrx_word' id='word_1_70' title='bbox 796 1040 939 1109; x_wconf 90' lang='lat' dir='ltr'><strong>quod</strong></span> <span class='ocrx_word' id='word_1_71' title='bbox 968 1038 1255 1095; x_wconf 87' lang='lat' dir='ltr'><strong>interfecto</strong></span> <span class='ocrx_word' id='word_1_72' title='bbox 1307 1038 1579 1110; x_wconf 88' lang='lat' dir='ltr'><strong>signiﬁcat</strong></span> <span class='ocrx_word' id='word_1_73' title='bbox 1604 1038 1902 1102; x_wconf 84' lang='lat' dir='ltr'><strong>Abinadab,</strong></span> 
     </span>
    </p>
   </div>
   <div class='ocr_carea' id='block_1_13' title="bbox 320 1128 1907 1200">
    <p class='ocr_par' dir='ltr' id='par_1_13' title="bbox 320 1128 1907 1200">
     <span class='ocr_line' id='line_1_13' title="bbox 320 1128 1907 1200; baseline -0.002 -16"><span class='ocrx_word' id='word_1_74' title='bbox 320 1130 370 1184; x_wconf 90' lang='lat' dir='ltr'><strong>id</strong></span> <span class='ocrx_word' id='word_1_75' title='bbox 396 1137 502 1194; x_wconf 88' lang='lat' dir='ltr'><strong>est,</strong></span> <span class='ocrx_word' id='word_1_76' title='bbox 528 1129 700 1199; x_wconf 85' lang='lat' dir='ltr'><strong>patris</strong></span> <span class='ocrx_word' id='word_1_77' title='bbox 729 1129 831 1183; x_wconf 90' lang='lat' dir='ltr'><strong>mei</strong></span> <span class='ocrx_word' id='word_1_78' title='bbox 860 1129 1130 1199; x_wconf 84' lang='lat' dir='ltr'><strong>spbntanei</strong></span> <span class='ocrx_word' id='word_1_79' title='bbox 1152 1146 1170 1192; x_wconf 87' lang='lat'><em>;</em></span> <span class='ocrx_word' id='word_1_80' title='bbox 1207 1143 1276 1183; x_wconf 88' lang='lat' dir='ltr'><strong>ne</strong></span> <span class='ocrx_word' id='word_1_81' title='bbox 1314 1130 1367 1182; x_wconf 90' lang='lat' dir='ltr'><strong>in</strong></span> <span class='ocrx_word' id='word_1_82' title='bbox 1396 1128 1598 1184; x_wconf 84' lang='lat' dir='ltr'><strong>Christi</strong></span> <span class='ocrx_word' id='word_1_83' title='bbox 1629 1142 1794 1200; x_wconf 87' lang='lat' dir='ltr'><strong>regno</strong></span> <span class='ocrx_word' id='word_1_84' title='bbox 1820 1142 1907 1182; x_wconf 87' lang='lat' dir='ltr'><strong>sa-</strong></span> 
     </span>
    </p>
   </div>
   <div class='ocr_carea' id='block_1_14' title="bbox 318 1219 1903 1286">
    <p class='ocr_par' dir='ltr' id='par_1_14' title="bbox 318 1219 1903 1286">
     <span class='ocr_line' id='line_1_14' title="bbox 318 1219 1903 1286; baseline 0 -13"><span class='ocrx_word' id='word_1_85' title='bbox 318 1220 482 1273; x_wconf 87' lang='lat' dir='ltr'><strong>lutem</strong></span> <span class='ocrx_word' id='word_1_86' title='bbox 536 1220 742 1274; x_wconf 90' lang='lat' dir='ltr'><strong>mundo</strong></span> <span class='ocrx_word' id='word_1_87' title='bbox 805 1219 1112 1274; x_wconf 82' lang='lat' dir='ltr'><strong>adfuturam</strong></span> <span class='ocrx_word' id='word_1_88' title='bbox 1160 1221 1479 1286; x_wconf 86' lang='lat' dir='ltr'><strong>crederent,</strong></span> <span class='ocrx_word' id='word_1_89' title='bbox 1557 1219 1903 1285; x_wconf 89' lang='lat' dir='ltr'><strong>obstiterunt,</strong></span> 
     </span>
    </p>
   </div>
   <div class='ocr_carea' id='block_1_15' title="bbox 315 1314 1905 1385">
    <p class='ocr_par' dir='ltr' id='par_1_15' title="bbox 315 1314 1905 1385">
     <span class='ocr_line' id='line_1_15' title="bbox 315 1314 1905 1385; baseline 0 -17"><span class='ocrx_word' id='word_1_90' title='bbox 315 1315 457 1384; x_wconf 91' lang='lat' dir='ltr'><strong>quod</strong></span> <span class='ocrx_word' id='word_1_91' title='bbox 486 1316 707 1371; x_wconf 86' lang='lat' dir='ltr'><strong>occisus</strong></span> <span class='ocrx_word' id='word_1_92' title='bbox 732 1315 937 1370; x_wconf 88' lang='lat' dir='ltr'><strong>indicat</strong></span> <span class='ocrx_word' id='word_1_93' title='bbox 962 1314 1278 1382; x_wconf 83' lang='lat' dir='ltr'><strong>Melchisua,</strong></span> <span class='ocrx_word' id='word_1_94' title='bbox 1306 1316 1396 1385; x_wconf 88' lang='lat' dir='ltr'><strong>qui</strong></span> <span class='ocrx_word' id='word_1_95' title='bbox 1424 1315 1620 1369; x_wconf 92' lang='lat' dir='ltr'><strong>dicitur</strong></span> <span class='ocrx_word' id='word_1_96' title='bbox 1648 1331 1740 1369; x_wconf 74' lang='lat' dir='ltr'><strong>rex</strong></span> <span class='ocrx_word' id='word_1_97' title='bbox 1761 1329 1905 1368; x_wconf 84' lang='lat' dir='ltr'><strong>meus</strong></span> 
     </span>
    </p>
   </div>
   <div class='ocr_carea' id='block_1_16' title="bbox 317 1403 1906 1475">
    <p class='ocr_par' dir='ltr' id='par_1_16' title="bbox 317 1403 1906 1475">
     <span class='ocr_line' id='line_1_16' title="bbox 317 1403 1906 1475; baseline 0.001 -17"><span class='ocrx_word' id='word_1_98' title='bbox 317 1403 479 1458; x_wconf 78' lang='lat' dir='ltr'><strong>salus.</strong></span> <span class='ocrx_word' id='word_1_99' title='bbox 536 1404 714 1460; x_wconf 89' lang='lat' dir='ltr'><strong>Credo</strong></span> <span class='ocrx_word' id='word_1_100' title='bbox 743 1404 838 1473; x_wconf 88' lang='lat' dir='ltr'><strong>qui</strong></span> <span class='ocrx_word' id='word_1_101' title='bbox 861 1404 1048 1459; x_wconf 83' lang='lat' dir='ltr'><strong>Arium</strong></span> <span class='ocrx_word' id='word_1_102' title='bbox 1072 1404 1285 1459; x_wconf 79' lang='lat' dir='ltr'><strong>seduxit</strong></span> <span class='ocrx_word' id='word_1_103' title='bbox 1307 1404 1715 1475; x_wconf 87' lang='lat' dir='ltr'><strong>philosophum,</strong></span> <span class='ocrx_word' id='word_1_104' title='bbox 1752 1404 1906 1474; x_wconf 90' lang='lat' dir='ltr'><strong>quasi</strong></span> 
     </span>
    </p>
   </div>
   <div class='ocr_carea' id='block_1_17' title="bbox 317 1494 1906 1566">
    <p class='ocr_par' dir='ltr' id='par_1_17' title="bbox 317 1494 1906 1566">
     <span class='ocr_line' id='line_1_17' title="bbox 317 1494 1906 1566; baseline 0.003 -19"><span class='ocrx_word' id='word_1_105' title='bbox 317 1494 615 1549; x_wconf 72' lang='lat' dir='ltr'><strong>Melchisua</strong></span> <span class='ocrx_word' id='word_1_106' title='bbox 658 1494 921 1565; x_wconf 87' lang='lat' dir='ltr'><strong>peremit;</strong></span> <span class='ocrx_word' id='word_1_107' title='bbox 947 1494 1039 1565; x_wconf 86' lang='lat' dir='ltr'><strong>qui</strong></span> <span class='ocrx_word' id='word_1_108' title='bbox 1063 1494 1450 1561; x_wconf 85' lang='lat' dir='ltr'><strong>Macedoniam,</strong></span> <span class='ocrx_word' id='word_1_109' title='bbox 1478 1494 1743 1551; x_wconf 86' lang='lat' dir='ltr'><strong>Jonathan</strong></span> <span class='ocrx_word' id='word_1_110' title='bbox 1768 1513 1783 1561; x_wconf 91' lang='lat'><strong>;</strong></span> <span class='ocrx_word' id='word_1_111' title='bbox 1814 1497 1906 1566; x_wconf 90' lang='lat' dir='ltr'><strong>qui</strong></span> 
     </span>
    </p>
   </div>
   <div class='ocr_carea' id='block_1_18' title="bbox 317 1583 1904 1655">
    <p class='ocr_par' dir='ltr' id='par_1_18' title="bbox 317 1583 1904 1655">
     <span class='ocr_line' id='line_1_18' title="bbox 317 1583 1904 1655; baseline 0.003 -19"><span class='ocrx_word' id='word_1_112' title='bbox 317 1583 696 1649; x_wconf 73' lang='lat' dir='ltr'><strong>Maniehzeum,</strong></span> <span class='ocrx_word' id='word_1_113' title='bbox 727 1583 1027 1651; x_wconf 80' lang='lat' dir='ltr'><strong>Abinadab,</strong></span> <span class='ocrx_word' id='word_1_114' title='bbox 1059 1586 1187 1655; x_wconf 88' lang='lat' dir='ltr'><strong>quia</strong></span> <span class='ocrx_word' id='word_1_115' title='bbox 1214 1585 1464 1641; x_wconf 81' lang='lat' dir='ltr'><strong>videlicet</strong></span> <span class='ocrx_word' id='word_1_116' title='bbox 1490 1586 1634 1640; x_wconf 91' lang='lat' dir='ltr'><strong>hunc</strong></span> <span class='ocrx_word' id='word_1_117' title='bbox 1653 1587 1767 1640; x_wconf 89' lang='lat' dir='ltr'><strong>veri</strong></span> <span class='ocrx_word' id='word_1_118' title='bbox 1798 1585 1904 1641; x_wconf 81' lang='lat' dir='ltr'><strong>Re-</strong></span> 
     </span>
    </p>
   </div>
   <div class='ocr_carea' id='block_1_19' title="bbox 318 1669 1906 1745">
    <p class='ocr_par' dir='ltr' id='par_1_19' title="bbox 318 1669 1906 1745">
     <span class='ocr_line' id='line_1_19' title="bbox 318 1669 1906 1745; baseline 0.004 -21"><span class='ocrx_word' id='word_1_119' title='bbox 318 1671 400 1741; x_wconf 82' lang='lat' dir='ltr'><strong>gis</strong></span> <span class='ocrx_word' id='word_1_120' title='bbox 449 1669 656 1725; x_wconf 86' lang='lat' dir='ltr'><strong>Christi</strong></span> <span class='ocrx_word' id='word_1_121' title='bbox 703 1672 1149 1742; x_wconf 90' lang='lat' dir='ltr'><strong>omnipotentiam</strong></span> <span class='ocrx_word' id='word_1_122' title='bbox 1194 1688 1425 1744; x_wconf 90' lang='lat' dir='ltr'><strong>negare,</strong></span> <span class='ocrx_word' id='word_1_123' title='bbox 1473 1673 1906 1745; x_wconf 31' lang='lat' dir='ltr'><strong>illum.Spiritus</strong></span> 
     </span>
    </p>
   </div>
   <div class='ocr_carea' id='block_1_20' title="bbox 321 1744 1979 1833">
    <p class='ocr_par' dir='ltr' id='par_1_20' title="bbox 321 1744 1979 1833">
     <span class='ocr_line' id='line_1_20' title="bbox 321 1744 1979 1833; baseline 0.004 -20"><span class='ocrx_word' id='word_1_124' title='bbox 321 1760 494 1814; x_wconf 84' lang='lat' dir='ltr'><strong>sancti</strong></span> <span class='ocrx_word' id='word_1_125' title='bbox 545 1760 703 1815; x_wconf 90' lang='lat' dir='ltr'><strong>donis</strong></span> <span class='ocrx_word' id='word_1_126' title='bbox 742 1761 1023 1833; x_wconf 79' lang='lat' dir='ltr'><strong>derogare,</strong></span> <span class='ocrx_word' id='word_1_127' title='bbox 1081 1763 1243 1817; x_wconf 90' lang='lat' dir='ltr'><strong>istum</strong></span> <span class='ocrx_word' id='word_1_128' title='bbox 1272 1764 1466 1817; x_wconf 91' lang='lat' dir='ltr'><strong>summi</strong></span> <span class='ocrx_word' id='word_1_129' title='bbox 1522 1744 1725 1819; x_wconf 13' lang='lat' dir='ltr'><strong>Patris,</strong></span> <span class='ocrx_word' id='word_1_130' title='bbox 1750 1766 1905 1820; x_wconf 88' lang='lat' dir='ltr'><strong>boni-</strong></span> <span class='ocrx_word' id='word_1_131' title='bbox 1930 1744 1979 1804; x_wconf 80' lang='grc' dir='ltr'><strong>Β</strong></span> 
     </span>
    </p>
   </div>
   <div class='ocr_carea' id='block_1_21' title="bbox 320 1849 1904 1923">
    <p class='ocr_par' dir='ltr' id='par_1_21' title="bbox 320 1849 1904 1923">
     <span class='ocr_line' id='line_1_21' title="bbox 320 1849 1904 1923; baseline 0.004 -19"><span class='ocrx_word' id='word_1_132' title='bbox 320 1857 487 1905; x_wconf 83' lang='lat' dir='ltr'><strong>tatem</strong></span> <span class='ocrx_word' id='word_1_133' title='bbox 561 1849 939 1921; x_wconf 85' lang='lat' dir='ltr'><strong>blasphemare</strong></span> <span class='ocrx_word' id='word_1_134' title='bbox 1020 1856 1277 1923; x_wconf 76' lang='lat' dir='ltr'><strong>magister</strong></span> <span class='ocrx_word' id='word_1_135' title='bbox 1354 1855 1715 1910; x_wconf 87' lang='lat' dir='ltr'><strong>corruotionis</strong></span> <span class='ocrx_word' id='word_1_136' title='bbox 1775 1855 1904 1910; x_wconf 85' lang='lat' dir='ltr'><strong>edo-</strong></span> 
     </span>
    </p>
   </div>
   <div class='ocr_carea' id='block_1_22' title="bbox 318 1941 448 1996">
    <p class='ocr_par' dir='ltr' id='par_1_22' title="bbox 318 1941 448 1996">
     <span class='ocr_line' id='line_1_22' title="bbox 318 1941 448 1996; baseline -0.008 0"><span class='ocrx_word' id='word_1_137' title='bbox 318 1941 448 1996; x_wconf 86' lang='lat' dir='ltr'><strong>cuit.</strong></span> 
     </span>
    </p>
   </div>
   <div class='ocr_carea' id='block_1_23' title="bbox 385 2034 1904 2105">
    <p class='ocr_par' dir='ltr' id='par_1_23' title="bbox 385 2034 1904 2105">
     <span class='ocr_line' id='line_1_23' title="bbox 385 2034 1904 2105; baseline 0.002 -16"><span class='ocrx_word' id='word_1_138' title='bbox 385 2034 457 2089; x_wconf 81' lang='lat' dir='ltr'><strong>Et</strong></span> <span class='ocrx_word' id='word_1_139' title='bbox 484 2042 832 2105; x_wconf 77' lang='lat' dir='ltr'><strong>aggravatum</strong></span> <span class='ocrx_word' id='word_1_140' title='bbox 878 2042 955 2087; x_wconf 80' lang='lat' dir='ltr'><strong>est</strong></span> <span class='ocrx_word' id='word_1_141' title='bbox 996 2034 1238 2104; x_wconf 78' lang='lat' dir='ltr'><strong>prwlium</strong></span> <span class='ocrx_word' id='word_1_142' title='bbox 1264 2045 1445 2090; x_wconf 86' lang='lat' dir='ltr'><strong>contra</strong></span> <span class='ocrx_word' id='word_1_143' title='bbox 1491 2036 1644 2102; x_wconf 91' lang='lat' dir='ltr'><strong>Saul,</strong></span> <span class='ocrx_word' id='word_1_144' title='bbox 1697 2039 1904 2093; x_wconf 79' lang='lat' dir='ltr'><strong>invene-</strong></span> 
     </span>
    </p>
   </div>
   <div class='ocr_carea' id='block_1_24' title="bbox 319 2124 1906 2199">
    <p class='ocr_par' dir='ltr' id='par_1_24' title="bbox 319 2124 1906 2199">
     <span class='ocr_line' id='line_1_24' title="bbox 319 2124 1906 2199; baseline 0.004 -20"><span class='ocrx_word' id='word_1_145' title='bbox 319 2133 540 2196; x_wconf 75' lang='lat' dir='ltr'><strong>runtque</strong></span> <span class='ocrx_word' id='word_1_146' title='bbox 568 2140 688 2178; x_wconf 86' lang='lat' dir='ltr'><strong>eum</strong></span> <span class='ocrx_word' id='word_1_147' title='bbox 716 2124 999 2195; x_wconf 73' lang='lat' dir='ltr'><strong>sagittarii,</strong></span> <span class='ocrx_word' id='word_1_148' title='bbox 1023 2134 1071 2178; x_wconf 87' lang='lat' dir='ltr'><strong>et</strong></span> <span class='ocrx_word' id='word_1_149' title='bbox 1096 2126 1495 2181; x_wconf 83' lang='lat' dir='ltr'><strong>vulneraverunt</strong></span> <span class='ocrx_word' id='word_1_150' title='bbox 1517 2128 1732 2199; x_wconf 85' lang='lat' dir='ltr'><strong>jaculis.</strong></span> <span class='ocrx_word' id='word_1_151' title='bbox 1757 2129 1906 2185; x_wconf 90' lang='lat' dir='ltr'><strong>Totis</strong></span> 
     </span>
    </p>
   </div>
   <div class='ocr_carea' id='block_1_25' title="bbox 316 2212 1902 2285">
    <p class='ocr_par' dir='ltr' id='par_1_25' title="bbox 316 2212 1902 2285">
     <span class='ocr_line' id='line_1_25' title="bbox 316 2212 1902 2285; baseline 0.004 -20"><span class='ocrx_word' id='word_1_152' title='bbox 316 2214 524 2269; x_wconf 78' lang='lat' dir='ltr'><strong>viribus</strong></span> <span class='ocrx_word' id='word_1_153' title='bbox 550 2212 784 2283; x_wconf 77' lang='lat' dir='ltr'><strong>agebant</strong></span> <span class='ocrx_word' id='word_1_154' title='bbox 803 2212 1029 2284; x_wconf 91' lang='lat' dir='ltr'><strong>gentiles</strong></span> <span class='ocrx_word' id='word_1_155' title='bbox 1053 2221 1109 2267; x_wconf 89' lang='lat' dir='ltr'><strong>ut</strong></span> <span class='ocrx_word' id='word_1_156' title='bbox 1141 2227 1365 2281; x_wconf 81' lang='lat' dir='ltr'><strong>regnum</strong></span> <span class='ocrx_word' id='word_1_157' title='bbox 1386 2212 1583 2271; x_wconf 65' lang='lat' dir='ltr'><strong>ludam:</strong></span> <span class='ocrx_word' id='word_1_158' title='bbox 1623 2217 1902 2285; x_wconf 90' lang='lat' dir='ltr'><strong>tollerent;</strong></span> 
     </span>
    </p>
   </div>
   <div class='ocr_carea' id='block_1_26' title="bbox 316 2306 1909 2378">
    <p class='ocr_par' dir='ltr' id='par_1_26' title="bbox 316 2306 1909 2378">
     <span class='ocr_line' id='line_1_26' title="bbox 316 2306 1909 2378; baseline 0.001 -17"><span class='ocrx_word' id='word_1_159' title='bbox 316 2316 369 2361; x_wconf 88' lang='lat' dir='ltr'><strong>et</strong></span> <span class='ocrx_word' id='word_1_160' title='bbox 394 2306 792 2377; x_wconf 89' lang='lat' dir='ltr'><strong>appropiabant</strong></span> <span class='ocrx_word' id='word_1_161' title='bbox 827 2306 877 2361; x_wconf 90' lang='lat' dir='ltr'><strong>ei</strong></span> <span class='ocrx_word' id='word_1_162' title='bbox 918 2306 1022 2359; x_wconf 88' lang='lat' dir='ltr'><strong>viri</strong></span> <span class='ocrx_word' id='word_1_163' title='bbox 1048 2306 1312 2361; x_wconf 87' lang='lat' dir='ltr'><strong>idolorum</strong></span> <span class='ocrx_word' id='word_1_164' title='bbox 1354 2306 1667 2378; x_wconf 87' lang='lat' dir='ltr'><strong>deceptione</strong></span> <span class='ocrx_word' id='word_1_165' title='bbox 1706 2309 1909 2364; x_wconf 90' lang='lat' dir='ltr'><strong>instru-</strong></span> 
     </span>
    </p>
   </div>
   <div class='ocr_carea' id='block_1_27' title="bbox 318 2397 1907 2473">
    <p class='ocr_par' dir='ltr' id='par_1_27' title="bbox 318 2397 1907 2473">
     <span class='ocr_line' id='line_1_27' title="bbox 318 2397 1907 2473; baseline 0.002 -19"><span class='ocrx_word' id='word_1_166' title='bbox 318 2398 570 2463; x_wconf 90' lang='lat' dir='ltr'><strong>ctissimi,</strong></span> <span class='ocrx_word' id='word_1_167' title='bbox 597 2405 655 2453; x_wconf 91' lang='lat' dir='ltr'><strong>et</strong></span> <span class='ocrx_word' id='word_1_168' title='bbox 681 2397 888 2452; x_wconf 88' lang='lat' dir='ltr'><strong>seducti</strong></span> <span class='ocrx_word' id='word_1_169' title='bbox 913 2412 979 2452; x_wconf 92' lang='lat' dir='ltr'><strong>ac</strong></span> <span class='ocrx_word' id='word_1_170' title='bbox 1016 2398 1292 2467; x_wconf 80' lang='lat' dir='ltr'><strong>depravati</strong></span> <span class='ocrx_word' id='word_1_171' title='bbox 1327 2408 1452 2453; x_wconf 90' lang='lat' dir='ltr'><strong>sunt</strong></span> <span class='ocrx_word' id='word_1_172' title='bbox 1475 2415 1728 2469; x_wconf 84' lang='lat' dir='ltr'><strong>proceres</strong></span> <span class='ocrx_word' id='word_1_173' title='bbox 1758 2404 1907 2473; x_wconf 82' lang='lat' dir='ltr'><strong>regni</strong></span> 
     </span>
    </p>
   </div>
   <div class='ocr_carea' id='block_1_28' title="bbox 321 2492 1907 2564">
    <p class='ocr_par' dir='ltr' id='par_1_28' title="bbox 321 2492 1907 2564">
     <span class='ocr_line' id='line_1_28' title="bbox 321 2492 1907 2564; baseline 0.002 -19"><span class='ocrx_word' id='word_1_174' title='bbox 321 2493 458 2547; x_wconf 90' lang='lat' dir='ltr'><strong>illius</strong></span> <span class='ocrx_word' id='word_1_175' title='bbox 484 2492 843 2548; x_wconf 72' lang='lat' dir='ltr'><strong>vehementer</strong></span> <span class='ocrx_word' id='word_1_176' title='bbox 880 2493 949 2547; x_wconf 90' lang='lat' dir='ltr'><strong>ab</strong></span> <span class='ocrx_word' id='word_1_177' title='bbox 979 2493 1058 2548; x_wconf 90' lang='lat' dir='ltr'><strong>eis</strong></span> <span class='ocrx_word' id='word_1_178' title='bbox 1086 2494 1175 2562; x_wconf 91' lang='lat' dir='ltr'><strong>qui</strong></span> <span class='ocrx_word' id='word_1_179' title='bbox 1224 2495 1372 2547; x_wconf 89' lang='lat' dir='ltr'><strong>cordi</strong></span> <span class='ocrx_word' id='word_1_180' title='bbox 1421 2492 1649 2557; x_wconf 89' lang='lat' dir='ltr'><strong>illorum,</strong></span> <span class='ocrx_word' id='word_1_181' title='bbox 1688 2496 1907 2564; x_wconf 82' lang='lat' dir='ltr'><strong>abrepta</strong></span> 
     </span>
    </p>
   </div>
   <div class='ocr_carea' id='block_1_29' title="bbox 317 2583 1908 2655">
    <p class='ocr_par' dir='ltr' id='par_1_29' title="bbox 317 2583 1908 2655">
     <span class='ocr_line' id='line_1_29' title="bbox 317 2583 1908 2655; baseline 0.001 -16"><span class='ocrx_word' id='word_1_182' title='bbox 317 2583 668 2655; x_wconf 85' lang='lat' dir='ltr'><strong>simplicitate</strong></span> <span class='ocrx_word' id='word_1_183' title='bbox 714 2585 999 2651; x_wconf 82' lang='lat' dir='ltr'><strong>veritatis,</strong></span> <span class='ocrx_word' id='word_1_184' title='bbox 1059 2585 1381 2640; x_wconf 87' lang='lat' dir='ltr'><strong>multiﬁdum</strong></span> <span class='ocrx_word' id='word_1_185' title='bbox 1436 2583 1807 2641; x_wconf 74' lang='lat' dir='ltr'><strong>fraudulentim</strong></span> <span class='ocrx_word' id='word_1_186' title='bbox 1854 2593 1908 2640; x_wconf 88' lang='lat' dir='ltr'><strong>et</strong></span> 
     </span>
    </p>
   </div>
   <div class='ocr_carea' id='block_1_30' title="bbox 317 2673 1908 2747">
    <p class='ocr_par' dir='ltr' id='par_1_30' title="bbox 317 2673 1908 2747">
     <span class='ocr_line' id='line_1_30' title="bbox 317 2673 1908 2747; baseline 0.001 -18"><span class='ocrx_word' id='word_1_187' title='bbox 317 2676 644 2730; x_wconf 88' lang='lat' dir='ltr'><strong>astutiarum</strong></span> <span class='ocrx_word' id='word_1_188' title='bbox 687 2675 882 2732; x_wconf 88' lang='lat' dir='ltr'><strong>vulnus</strong></span> <span class='ocrx_word' id='word_1_189' title='bbox 921 2673 1181 2731; x_wconf 81' lang='lat' dir='ltr'><strong>inflixere.</strong></span> <span class='ocrx_word' id='word_1_190' title='bbox 1238 2675 1392 2731; x_wconf 86' lang='lat' dir='ltr'><strong>Sicut</strong></span> <span class='ocrx_word' id='word_1_191' title='bbox 1414 2676 1558 2731; x_wconf 90' lang='lat' dir='ltr'><strong>enim</strong></span> <span class='ocrx_word' id='word_1_192' title='bbox 1587 2676 1793 2747; x_wconf 84' lang='lat' dir='ltr'><strong>gladius</strong></span> <span class='ocrx_word' id='word_1_193' title='bbox 1812 2676 1908 2731; x_wconf 88' lang='lat' dir='ltr'><strong>ho-</strong></span> 
     </span>
    </p>
   </div>
   <div class='ocr_carea' id='block_1_31' title="bbox 319 2765 1906 2837">
    <p class='ocr_par' dir='ltr' id='par_1_31' title="bbox 319 2765 1906 2837">
     <span class='ocr_line' id='line_1_31' title="bbox 319 2765 1906 2837; baseline 0.002 -19"><span class='ocrx_word' id='word_1_194' title='bbox 319 2765 457 2820; x_wconf 87' lang='lat' dir='ltr'><strong>stilis</strong></span> <span class='ocrx_word' id='word_1_195' title='bbox 483 2773 728 2835; x_wconf 89' lang='lat' dir='ltr'><strong>apertam</strong></span> <span class='ocrx_word' id='word_1_196' title='bbox 760 2765 1071 2821; x_wconf 68' lang='lat' dir='ltr'><strong>idololatriae</strong></span> <span class='ocrx_word' id='word_1_197' title='bbox 1110 2766 1531 2836; x_wconf 87' lang='lat' dir='ltr'><strong>graviorumque</strong></span> <span class='ocrx_word' id='word_1_198' title='bbox 1579 2765 1906 2837; x_wconf 84' lang='lat' dir='ltr'><strong>ﬂagitiorum</strong></span> 
     </span>
    </p>
   </div>
   <div class='ocr_carea' id='block_1_32' title="bbox 320 2857 1906 2928">
    <p class='ocr_par' dir='ltr' id='par_1_32' title="bbox 320 2857 1906 2928">
     <span class='ocr_line' id='line_1_32' title="bbox 320 2857 1906 2928; baseline -0.001 -16"><span class='ocrx_word' id='word_1_199' title='bbox 320 2858 653 2923; x_wconf 87' lang='lat' dir='ltr'><strong>suasionem,</strong></span> <span class='ocrx_word' id='word_1_200' title='bbox 701 2857 777 2911; x_wconf 89' lang='lat' dir='ltr'><strong>ita</strong></span> <span class='ocrx_word' id='word_1_201' title='bbox 805 2857 1145 2913; x_wconf 89' lang='lat' dir='ltr'><strong>subtiliorum</strong></span> <span class='ocrx_word' id='word_1_202' title='bbox 1175 2857 1549 2928; x_wconf 87' lang='lat' dir='ltr'><strong>deceptionum</strong></span> <span class='ocrx_word' id='word_1_203' title='bbox 1592 2865 1906 2926; x_wconf 83' lang='lat' dir='ltr'><strong>argumenta</strong></span> 
     </span>
    </p>
   </div>
   <div class='ocr_carea' id='block_1_33' title="bbox 318 2948 1904 3024">
    <p class='ocr_par' dir='ltr' id='par_1_33' title="bbox 318 2948 1904 3024">
     <span class='ocr_line' id='line_1_33' title="bbox 318 2948 1904 3024; baseline -0.003 -18"><span class='ocrx_word' id='word_1_204' title='bbox 318 2952 514 3024; x_wconf 85' lang='lat' dir='ltr'><strong>sagitta</strong></span> <span class='ocrx_word' id='word_1_205' title='bbox 545 2950 904 3005; x_wconf 88' lang='lat' dir='ltr'><strong>demonstrat.</strong></span> <span class='ocrx_word' id='word_1_206' title='bbox 956 2948 1072 3004; x_wconf 88' lang='lat' dir='ltr'><strong>Non</strong></span> <span class='ocrx_word' id='word_1_207' title='bbox 1120 2959 1300 3004; x_wconf 91' lang='lat' dir='ltr'><strong>autem</strong></span> <span class='ocrx_word' id='word_1_208' title='bbox 1338 2948 1514 3020; x_wconf 85' lang='lat' dir='ltr'><strong>gladio</strong></span> <span class='ocrx_word' id='word_1_209' title='bbox 1554 2948 1904 3016; x_wconf 88' lang='lat' dir='ltr'><strong>Philisthiim,</strong></span> 
     </span>
    </p>
   </div>
   <div class='ocr_carea' id='block_1_34' title="bbox 318 3038 1903 3113">
    <p class='ocr_par' dir='ltr' id='par_1_34' title="bbox 318 3038 1903 3113">
     <span class='ocr_line' id='line_1_34' title="bbox 318 3038 1903 3113; baseline -0.001 -16"><span class='ocrx_word' id='word_1_210' title='bbox 318 3043 410 3097; x_wconf 87' lang='lat' dir='ltr'><strong>sed</strong></span> <span class='ocrx_word' id='word_1_211' title='bbox 442 3041 659 3113; x_wconf 87' lang='lat' dir='ltr'><strong>sagittis</strong></span> <span class='ocrx_word' id='word_1_212' title='bbox 683 3038 812 3094; x_wconf 88' lang='lat' dir='ltr'><strong>Saul</strong></span> <span class='ocrx_word' id='word_1_213' title='bbox 862 3040 1083 3106; x_wconf 88' lang='lat' dir='ltr'><strong>interiit,</strong></span> <span class='ocrx_word' id='word_1_214' title='bbox 1116 3040 1242 3111; x_wconf 86' lang='lat' dir='ltr'><strong>quia</strong></span> <span class='ocrx_word' id='word_1_215' title='bbox 1288 3056 1396 3095; x_wconf 90' lang='lat' dir='ltr'><strong>non</strong></span> <span class='ocrx_word' id='word_1_216' title='bbox 1433 3041 1634 3110; x_wconf 89' lang='lat' dir='ltr'><strong>apertis</strong></span> <span class='ocrx_word' id='word_1_217' title='bbox 1682 3041 1903 3097; x_wconf 89' lang='lat' dir='ltr'><strong>sceleri-</strong></span> 
     </span>
    </p>
   </div>
   <div class='ocr_carea' id='block_1_35' title="bbox 317 3130 1905 3203">
    <p class='ocr_par' dir='ltr' id='par_1_35' title="bbox 317 3130 1905 3203">
     <span class='ocr_line' id='line_1_35' title="bbox 317 3130 1905 3203; baseline -0.001 -13"><span class='ocrx_word' id='word_1_218' title='bbox 317 3135 434 3198; x_wconf 87' lang='lat' dir='ltr'><strong>bus,</strong></span> <span class='ocrx_word' id='word_1_219' title='bbox 496 3147 622 3203; x_wconf 67' lang='lat' dir='ltr'><strong>quae</strong></span> <span class='ocrx_word' id='word_1_220' title='bbox 669 3130 945 3187; x_wconf 88' lang='lat' dir='ltr'><strong>mortifera</strong></span> <span class='ocrx_word' id='word_1_221' title='bbox 997 3146 1117 3187; x_wconf 90' lang='lat' dir='ltr'><strong>esse</strong></span> <span class='ocrx_word' id='word_1_222' title='bbox 1161 3146 1322 3187; x_wconf 89' lang='lat' dir='ltr'><strong>nemo</strong></span> <span class='ocrx_word' id='word_1_223' title='bbox 1354 3132 1665 3198; x_wconf 90' lang='lat' dir='ltr'><strong>dubitaret,</strong></span> <span class='ocrx_word' id='word_1_224' title='bbox 1696 3131 1905 3189; x_wconf 83' lang='lat' dir='ltr'><strong>Judaici</strong></span> 
     </span>
    </p>
   </div>
   <div class='ocr_carea' id='block_1_36' title="bbox 318 3221 1911 3294">
    <p class='ocr_par' dir='ltr' id='par_1_36' title="bbox 318 3221 1911 3294">
     <span class='ocr_line' id='line_1_36' title="bbox 318 3221 1911 3294; baseline 0.001 -16"><span class='ocrx_word' id='word_1_225' title='bbox 318 3224 468 3294; x_wconf 81' lang='lat' dir='ltr'><strong>regni</strong></span> <span class='ocrx_word' id='word_1_226' title='bbox 495 3224 667 3279; x_wconf 90' lang='lat' dir='ltr'><strong>duces</strong></span> <span class='ocrx_word' id='word_1_227' title='bbox 691 3221 921 3277; x_wconf 78' lang='lat' dir='ltr'><strong>extremi</strong></span> <span class='ocrx_word' id='word_1_228' title='bbox 946 3221 1061 3293; x_wconf 86' lang='lat' dir='ltr'><strong>ipso</strong></span> <span class='ocrx_word' id='word_1_229' title='bbox 1088 3222 1300 3293; x_wconf 89' lang='lat' dir='ltr'><strong>periere</strong></span> <span class='ocrx_word' id='word_1_230' title='bbox 1333 3237 1455 3277; x_wconf 90' lang='lat' dir='ltr'><strong>cum</strong></span> <span class='ocrx_word' id='word_1_231' title='bbox 1481 3238 1670 3294; x_wconf 89' lang='lat' dir='ltr'><strong>regno,</strong></span> <span class='ocrx_word' id='word_1_232' title='bbox 1702 3224 1798 3280; x_wconf 90' lang='lat' dir='ltr'><strong>sed</strong></span> <span class='ocrx_word' id='word_1_233' title='bbox 1824 3224 1911 3279; x_wconf 88' lang='lat' dir='ltr'><strong>his</strong></span> 
     </span>
    </p>
   </div>
   <div class='ocr_carea' id='block_1_37' title="bbox 316 3311 1906 3384">
    <p class='ocr_par' dir='ltr' id='par_1_37' title="bbox 316 3311 1906 3384">
     <span class='ocr_line' id='line_1_37' title="bbox 316 3311 1906 3384; baseline 0 -17"><span class='ocrx_word' id='word_1_234' title='bbox 316 3314 497 3384; x_wconf 88' lang='lat' dir='ltr'><strong>potius</strong></span> <span class='ocrx_word' id='word_1_235' title='bbox 535 3326 659 3384; x_wconf 74' lang='lat' dir='ltr'><strong>qua:</strong></span> <span class='ocrx_word' id='word_1_236' title='bbox 686 3313 785 3367; x_wconf 89' lang='lat' dir='ltr'><strong>sub</strong></span> <span class='ocrx_word' id='word_1_237' title='bbox 803 3311 1063 3366; x_wconf 89' lang='lat' dir='ltr'><strong>velamine</strong></span> <span class='ocrx_word' id='word_1_238' title='bbox 1084 3311 1303 3382; x_wconf 87' lang='lat' dir='ltr'><strong>pietatis</strong></span> <span class='ocrx_word' id='word_1_239' title='bbox 1328 3327 1392 3366; x_wconf 90' lang='lat' dir='ltr'><strong>ac</strong></span> <span class='ocrx_word' id='word_1_240' title='bbox 1424 3311 1497 3366; x_wconf 88' lang='lat' dir='ltr'><strong>ita</strong></span> <span class='ocrx_word' id='word_1_241' title='bbox 1527 3312 1906 3382; x_wconf 81' lang='lat' dir='ltr'><strong>impiissimum</strong></span> 
     </span>
    </p>
   </div>
   <div class='ocr_carea' id='block_1_38' title="bbox 316 3401 1904 3473">
    <p class='ocr_par' dir='ltr' id='par_1_38' title="bbox 316 3401 1904 3473">
     <span class='ocr_line' id='line_1_38' title="bbox 316 3401 1904 3473; baseline 0.001 -16"><span class='ocrx_word' id='word_1_242' title='bbox 316 3404 513 3458; x_wconf 88' lang='lat' dir='ltr'><strong>mortis</strong></span> <span class='ocrx_word' id='word_1_243' title='bbox 542 3403 694 3457; x_wconf 85' lang='lat' dir='ltr'><strong>virus</strong></span> <span class='ocrx_word' id='word_1_244' title='bbox 742 3401 1023 3457; x_wconf 78' lang='lat' dir='ltr'><strong>inferrent.</strong></span> <span class='ocrx_word' id='word_1_245' title='bbox 1074 3401 1234 3457; x_wconf 84' lang='lat' dir='ltr'><strong>Verbi</strong></span> <span class='ocrx_word' id='word_1_246' title='bbox 1278 3404 1473 3473; x_wconf 86' lang='lat' dir='ltr'><strong>gratia,</strong></span> <span class='ocrx_word' id='word_1_247' title='bbox 1523 3404 1733 3460; x_wconf 87' lang='lat' dir='ltr'><strong>dicente</strong></span> <span class='ocrx_word' id='word_1_248' title='bbox 1762 3405 1904 3459; x_wconf 88' lang='lat' dir='ltr'><strong>Deo:</strong></span> 
     </span>
    </p>
   </div>
   <div class='ocr_carea' id='block_1_39' title="bbox 319 3491 1909 3565">
    <p class='ocr_par' dir='ltr' id='par_1_39' title="bbox 319 3491 1909 3565">
     <span class='ocr_line' id='line_1_39' title="bbox 319 3491 1909 3565; baseline 0.001 -19"><span class='ocrx_word' id='word_1_249' title='bbox 319 3492 542 3548; x_wconf 82' lang='lat' dir='ltr'><strong>Honora</strong></span> <span class='ocrx_word' id='word_1_250' title='bbox 592 3501 794 3564; x_wconf 82' lang='lat' dir='ltr'><strong>patrem</strong></span> <span class='ocrx_word' id='word_1_251' title='bbox 828 3502 976 3547; x_wconf 88' lang='lat' dir='ltr'><strong>tuum</strong></span> <span class='ocrx_word' id='word_1_252' title='bbox 1022 3501 1071 3547; x_wconf 88' lang='lat' dir='ltr'><strong>et</strong></span> <span class='ocrx_word' id='word_1_253' title='bbox 1110 3502 1327 3546; x_wconf 86' lang='lat' dir='ltr'><strong>matrem</strong></span> <span class='ocrx_word' id='word_1_254' title='bbox 1386 3492 1582 3563; x_wconf 72' lang='lat' dir='ltr'><strong>(Exod.</strong></span> <span class='ocrx_word' id='word_1_255' title='bbox 1622 3491 1751 3565; x_wconf 89' lang='lat' dir='ltr'><strong>xx),</strong></span> <span class='ocrx_word' id='word_1_256' title='bbox 1807 3492 1909 3565; x_wconf 85' lang='lat' dir='ltr'><strong>ipsi</strong></span> 
     </span>
    </p>
   </div>
   <div class='ocr_carea' id='block_1_40' title="bbox 318 3576 1904 3656">
    <p class='ocr_par' dir='ltr' id='par_1_40' title="bbox 318 3576 1904 3656">
     <span class='ocr_line' id='line_1_40' title="bbox 318 3576 1904 3656; baseline 0.001 -17"><span class='ocrx_word' id='word_1_257' title='bbox 318 3595 510 3640; x_wconf 87' lang='lat' dir='ltr'><strong>contra</strong></span> <span class='ocrx_word' id='word_1_258' title='bbox 525 3586 793 3643; x_wconf 89' lang='lat' dir='ltr'><strong>docebant</strong></span> <span class='ocrx_word' id='word_1_259' title='bbox 838 3601 964 3641; x_wconf 89' lang='lat' dir='ltr'><strong>suos</strong></span> <span class='ocrx_word' id='word_1_260' title='bbox 1002 3585 1279 3640; x_wconf 88' lang='lat' dir='ltr'><strong>auditores</strong></span> <span class='ocrx_word' id='word_1_261' title='bbox 1326 3584 1508 3640; x_wconf 89' lang='lat' dir='ltr'><strong>dicere</strong></span> <span class='ocrx_word' id='word_1_262' title='bbox 1550 3576 1904 3656; x_wconf 86' lang='lat' dir='ltr'><strong>parentibus:</strong></span> 
     </span>
    </p>
   </div>
   <div class='ocr_carea' id='block_1_41' title="bbox 322 3672 1908 3749">
    <p class='ocr_par' dir='ltr' id='par_1_41' title="bbox 322 3672 1908 3749">
     <span class='ocr_line' id='line_1_41' title="bbox 322 3672 1908 3749; baseline 0.002 -23"><span class='ocrx_word' id='word_1_263' title='bbox 322 3672 518 3728; x_wconf 79' lang='lat' dir='ltr'><strong>lfunus</strong></span> <span class='ocrx_word' id='word_1_264' title='bbox 544 3673 890 3746; x_wconf 83' lang='lat' dir='ltr'><strong>quodcunque</strong></span> <span class='ocrx_word' id='word_1_265' title='bbox 923 3690 987 3730; x_wconf 77' lang='lat' dir='ltr'><strong>ea:</strong></span> <span class='ocrx_word' id='word_1_266' title='bbox 1011 3691 1092 3729; x_wconf 88' lang='lat' dir='ltr'><strong>me</strong></span> <span class='ocrx_word' id='word_1_267' title='bbox 1135 3674 1227 3728; x_wconf 88' lang='lat' dir='ltr'><strong>tibi</strong></span> <span class='ocrx_word' id='word_1_268' title='bbox 1273 3675 1505 3746; x_wconf 84' lang='lat' dir='ltr'><strong>proderit</strong></span> <span class='ocrx_word' id='word_1_269' title='bbox 1539 3674 1755 3747; x_wconf 77' lang='lat' dir='ltr'><strong>(Matth.</strong></span> <span class='ocrx_word' id='word_1_270' title='bbox 1796 3675 1908 3749; x_wconf 80' lang='lat' dir='ltr'><strong>xv),</strong></span> 
     </span>
    </p>
   </div>
   <div class='ocr_carea' id='block_1_42' title="bbox 318 3763 1910 3835">
    <p class='ocr_par' dir='ltr' id='par_1_42' title="bbox 318 3763 1910 3835">
     <span class='ocr_line' id='line_1_42' title="bbox 318 3763 1910 3835; baseline 0.003 -18"><span class='ocrx_word' id='word_1_271' title='bbox 318 3773 371 3817; x_wconf 86' lang='lat' dir='ltr'><strong>et</strong></span> <span class='ocrx_word' id='word_1_272' title='bbox 397 3764 479 3818; x_wconf 90' lang='lat' dir='ltr'><strong>sic</strong></span> <span class='ocrx_word' id='word_1_273' title='bbox 511 3763 583 3818; x_wconf 88' lang='lat' dir='ltr'><strong>ab</strong></span> <span class='ocrx_word' id='word_1_274' title='bbox 608 3779 795 3819; x_wconf 91' lang='lat' dir='ltr'><strong>eorum</strong></span> <span class='ocrx_word' id='word_1_275' title='bbox 833 3764 1049 3835; x_wconf 89' lang='lat' dir='ltr'><strong>penitus</strong></span> <span class='ocrx_word' id='word_1_276' title='bbox 1096 3765 1450 3821; x_wconf 89' lang='lat' dir='ltr'><strong>honoratione</strong></span> <span class='ocrx_word' id='word_1_277' title='bbox 1484 3781 1721 3821; x_wconf 88' lang='lat' dir='ltr'><strong>cessare.</strong></span> <span class='ocrx_word' id='word_1_278' title='bbox 1778 3766 1910 3822; x_wconf 91' lang='lat' dir='ltr'><strong>ltem</strong></span> 
     </span>
    </p>
   </div>
   <div class='ocr_carea' id='block_1_43' title="bbox 317 3852 1910 3926">
    <p class='ocr_par' dir='ltr' id='par_1_43' title="bbox 317 3852 1910 3926">
     <span class='ocr_line' id='line_1_43' title="bbox 317 3852 1910 3926; baseline 0.003 -21"><span class='ocrx_word' id='word_1_279' title='bbox 317 3852 611 3907; x_wconf 82' lang='lat' dir='ltr'><strong>dicebant:</strong></span> <span class='ocrx_word' id='word_1_280' title='bbox 657 3852 759 3919; x_wconf 91' lang='lat' dir='ltr'><strong>Qui</strong></span> <span class='ocrx_word' id='word_1_281' title='bbox 783 3853 932 3923; x_wconf 86' lang='lat' dir='ltr'><strong>jurat</strong></span> <span class='ocrx_word' id='word_1_282' title='bbox 979 3855 1034 3907; x_wconf 87' lang='lat' dir='ltr'><strong>in</strong></span> <span class='ocrx_word' id='word_1_283' title='bbox 1064 3854 1274 3925; x_wconf 85' lang='lat' dir='ltr'><strong>templo,</strong></span> <span class='ocrx_word' id='word_1_284' title='bbox 1325 3854 1454 3908; x_wconf 87' lang='lat' dir='ltr'><strong>nihil</strong></span> <span class='ocrx_word' id='word_1_285' title='bbox 1496 3864 1616 3919; x_wconf 84' lang='lat' dir='ltr'><strong>est;</strong></span> <span class='ocrx_word' id='word_1_286' title='bbox 1652 3857 1742 3926; x_wconf 86' lang='lat' dir='ltr'><strong>qui</strong></span> <span class='ocrx_word' id='word_1_287' title='bbox 1757 3855 1910 3925; x_wconf 88' lang='lat' dir='ltr'><strong>jurat</strong></span> 
     </span>
    </p>
   </div>
   <div class='ocr_carea' id='block_1_44' title="bbox 316 3941 1911 4016">
    <p class='ocr_par' dir='ltr' id='par_1_44' title="bbox 316 3941 1911 4016">
     <span class='ocr_line' id='line_1_44' title="bbox 316 3941 1911 4016; baseline 0.004 -22"><span class='ocrx_word' id='word_1_288' title='bbox 316 3942 370 3994; x_wconf 86' lang='lat' dir='ltr'><strong>in</strong></span> <span class='ocrx_word' id='word_1_289' title='bbox 401 3959 538 3995; x_wconf 90' lang='lat' dir='ltr'><strong>auro</strong></span> <span class='ocrx_word' id='word_1_290' title='bbox 561 3941 761 4012; x_wconf 83' lang='lat' dir='ltr'><strong>templi,</strong></span> <span class='ocrx_word' id='word_1_291' title='bbox 796 3942 938 3998; x_wconf 86' lang='lat' dir='ltr'><strong>debet</strong></span> <span class='ocrx_word' id='word_1_292' title='bbox 990 3944 1205 4015; x_wconf 79' lang='lat' dir='ltr'><strong>(Matth.</strong></span> <span class='ocrx_word' id='word_1_293' title='bbox 1239 3944 1437 4016; x_wconf 81' lang='lat' dir='ltr'><strong>xxul);</strong></span> <span class='ocrx_word' id='word_1_294' title='bbox 1494 3953 1549 3999; x_wconf 93' lang='lat' dir='ltr'><strong>et</strong></span> <span class='ocrx_word' id='word_1_295' title='bbox 1587 3953 1782 4000; x_wconf 55' lang='lat' dir='ltr'><strong>caetera</strong></span> <span class='ocrx_word' id='word_1_296' title='bbox 1814 3947 1911 4001; x_wconf 92' lang='lat' dir='ltr'><strong>hu-</strong></span> 
     </span>
    </p>
   </div>
   <div class='ocr_carea' id='block_1_45' title="bbox 309 4034 1911 4113">
    <p class='ocr_par' dir='ltr' id='par_1_45' title="bbox 309 4034 1911 4113">
     <span class='ocr_line' id='line_1_45' title="bbox 309 4034 1911 4113; baseline 0.005 -24"><span class='ocrx_word' id='word_1_297' title='bbox 309 4034 575 4106; x_wconf 80' lang='lat' dir='ltr'><strong>iusmodi,</strong></span> <span class='ocrx_word' id='word_1_298' title='bbox 614 4052 735 4107; x_wconf 66' lang='lat' dir='ltr'><strong>qua:</strong></span> <span class='ocrx_word' id='word_1_299' title='bbox 773 4037 1030 4094; x_wconf 88' lang='lat' dir='ltr'><strong>Dominus</strong></span> <span class='ocrx_word' id='word_1_300' title='bbox 1060 4040 1117 4095; x_wconf 89' lang='lat' dir='ltr'><strong>in</strong></span> <span class='ocrx_word' id='word_1_301' title='bbox 1164 4040 1455 4112; x_wconf 88' lang='lat' dir='ltr'><strong>Evangelio</strong></span> <span class='ocrx_word' id='word_1_302' title='bbox 1500 4041 1779 4113; x_wconf 89' lang='lat' dir='ltr'><strong>multiplici</strong></span> <span class='ocrx_word' id='word_1_303' title='bbox 1806 4042 1911 4097; x_wconf 92' lang='lat' dir='ltr'><strong>illis</strong></span> 
     </span>
    </p>
   </div>
   <div class='ocr_carea' id='block_1_46' title="bbox 317 4126 1906 4202">
    <p class='ocr_par' dir='ltr' id='par_1_46' title="bbox 317 4126 1906 4202">
     <span class='ocr_line' id='line_1_46' title="bbox 317 4126 1906 4202; baseline 0.004 -22"><span class='ocrx_word' id='word_1_304' title='bbox 317 4126 696 4198; x_wconf 87' lang='lat' dir='ltr'><strong>increpatione</strong></span> <span class='ocrx_word' id='word_1_305' title='bbox 745 4128 1054 4199; x_wconf 88' lang='lat' dir='ltr'><strong>depromit:</strong></span> <span class='ocrx_word' id='word_1_306' title='bbox 1096 4132 1330 4187; x_wconf 80' lang='lat' dir='ltr'><strong>maxime</strong></span> <span class='ocrx_word' id='word_1_307' title='bbox 1366 4132 1516 4198; x_wconf 93' lang='lat' dir='ltr'><strong>illud,</strong></span> <span class='ocrx_word' id='word_1_308' title='bbox 1568 4133 1712 4202; x_wconf 90' lang='lat' dir='ltr'><strong>quod</strong></span> <span class='ocrx_word' id='word_1_309' title='bbox 1734 4134 1906 4201; x_wconf 91' lang='lat' dir='ltr'><strong>ipsum</strong></span> 
     </span>
    </p>
   </div>
   <div class='ocr_carea' id='block_1_47' title="bbox 315 4216 1910 4295">
    <p class='ocr_par' dir='ltr' id='par_1_47' title="bbox 315 4216 1910 4295">
     <span class='ocr_line' id='line_1_47' title="bbox 315 4216 1910 4295; baseline 0.004 -25"><span class='ocrx_word' id='word_1_310' title='bbox 315 4216 453 4289; x_wconf 85' lang='lat' dir='ltr'><strong>legis</strong></span> <span class='ocrx_word' id='word_1_311' title='bbox 501 4226 559 4274; x_wconf 90' lang='lat' dir='ltr'><strong>et</strong></span> <span class='ocrx_word' id='word_1_312' title='bbox 590 4217 864 4290; x_wconf 80' lang='lat' dir='ltr'><strong>Evangelii</strong></span> <span class='ocrx_word' id='word_1_313' title='bbox 903 4221 1213 4288; x_wconf 89' lang='lat' dir='ltr'><strong>Dominum,</strong></span> <span class='ocrx_word' id='word_1_314' title='bbox 1263 4224 1418 4293; x_wconf 89' lang='lat' dir='ltr'><strong>quasi</strong></span> <span class='ocrx_word' id='word_1_315' title='bbox 1457 4232 1910 4295; x_wconf 87' lang='lat' dir='ltr'><strong>transgressorem</strong></span> 
     </span>
    </p>
   </div>
   <div class='ocr_carea' id='block_1_48' title="bbox 319 4309 1907 4385">
    <p class='ocr_par' dir='ltr' id='par_1_48' title="bbox 319 4309 1907 4385">
     <span class='ocr_line' id='line_1_48' title="bbox 319 4309 1907 4385; baseline 0.002 -20"><span class='ocrx_word' id='word_1_316' title='bbox 319 4309 472 4381; x_wconf 84' lang='lat' dir='ltr'><strong>legis,</strong></span> <span class='ocrx_word' id='word_1_317' title='bbox 518 4310 874 4367; x_wconf 89' lang='lat' dir='ltr'><strong>interﬁciunt.</strong></span> <span class='ocrx_word' id='word_1_318' title='bbox 901 4311 1030 4379; x_wconf 77' lang='lat' dir='ltr'><strong>Qua:</strong></span> <span class='ocrx_word' id='word_1_319' title='bbox 1052 4313 1234 4369; x_wconf 90' lang='lat' dir='ltr'><strong>omnia</strong></span> <span class='ocrx_word' id='word_1_320' title='bbox 1271 4314 1535 4369; x_wconf 89' lang='lat' dir='ltr'><strong>scelerum</strong></span> <span class='ocrx_word' id='word_1_321' title='bbox 1586 4322 1907 4385; x_wconf 87' lang='lat' dir='ltr'><strong>argumenta</strong></span> 
     </span>
    </p>
   </div>
   <div class='ocr_carea' id='block_1_49' title="bbox 318 4400 1900 4475">
    <p class='ocr_par' dir='ltr' id='par_1_49' title="bbox 318 4400 1900 4475">
     <span class='ocr_line' id='line_1_49' title="bbox 318 4400 1900 4475; baseline 0.002 -21"><span class='ocrx_word' id='word_1_322' title='bbox 318 4416 439 4455; x_wconf 85' lang='lat' dir='ltr'><strong>cum</strong></span> <span class='ocrx_word' id='word_1_323' title='bbox 468 4400 832 4456; x_wconf 88' lang='lat' dir='ltr'><strong>admiratione</strong></span> <span class='ocrx_word' id='word_1_324' title='bbox 868 4400 1074 4457; x_wconf 88' lang='lat' dir='ltr'><strong>faciunt</strong></span> <span class='ocrx_word' id='word_1_325' title='bbox 1104 4404 1317 4458; x_wconf 67' lang='lat' dir='ltr'><strong>astutia:</strong></span> <span class='ocrx_word' id='word_1_326' title='bbox 1345 4404 1581 4475; x_wconf 85' lang='lat' dir='ltr'><strong>gentilis,</strong></span> <span class='ocrx_word' id='word_1_327' title='bbox 1627 4419 1748 4458; x_wconf 94' lang='lat' dir='ltr'><strong>cum</strong></span> <span class='ocrx_word' id='word_1_328' title='bbox 1777 4404 1900 4473; x_wconf 90' lang='lat' dir='ltr'><strong>phi-</strong></span> 
     </span>
    </p>
   </div>
   <div class='ocr_carea' id='block_1_50' title="bbox 318 4489 1904 4564">
    <p class='ocr_par' dir='ltr' id='par_1_50' title="bbox 318 4489 1904 4564">
     <span class='ocr_line' id='line_1_50' title="bbox 318 4489 1904 4564; baseline 0.003 -21"><span class='ocrx_word' id='word_1_329' title='bbox 318 4489 580 4562; x_wconf 70' lang='lat' dir='ltr'><strong>losophia:</strong></span> <span class='ocrx_word' id='word_1_330' title='bbox 611 4490 805 4545; x_wconf 90' lang='lat' dir='ltr'><strong>studiis</strong></span> <span class='ocrx_word' id='word_1_331' title='bbox 849 4491 1205 4547; x_wconf 87' lang='lat' dir='ltr'><strong>exercitatum</strong></span> <span class='ocrx_word' id='word_1_332' title='bbox 1254 4494 1523 4564; x_wconf 91' lang='lat' dir='ltr'><strong>ingenium</strong></span> <span class='ocrx_word' id='word_1_333' title='bbox 1557 4493 1625 4547; x_wconf 91' lang='lat' dir='ltr'><strong>ad</strong></span> <span class='ocrx_word' id='word_1_334' title='bbox 1668 4492 1904 4548; x_wconf 90' lang='lat' dir='ltr'><strong>nefarias</strong></span> 
     </span>
    </p>
   </div>
   <div class='ocr_carea' id='block_1_51' title="bbox 317 4579 1905 4653">
    <p class='ocr_par' dir='ltr' id='par_1_51' title="bbox 317 4579 1905 4653">
     <span class='ocr_line' id='line_1_51' title="bbox 317 4579 1905 4653; baseline 0.001 -19"><span class='ocrx_word' id='word_1_335' title='bbox 317 4590 464 4637; x_wconf 88' lang='lat' dir='ltr'><strong>artes</strong></span> <span class='ocrx_word' id='word_1_336' title='bbox 492 4579 794 4645; x_wconf 83' lang='lat' dir='ltr'><strong>inﬂectunt,</strong></span> <span class='ocrx_word' id='word_1_337' title='bbox 830 4582 1123 4653; x_wconf 89' lang='lat' dir='ltr'><strong>sagittariis</strong></span> <span class='ocrx_word' id='word_1_338' title='bbox 1152 4583 1405 4637; x_wconf 91' lang='lat' dir='ltr'><strong>nimirum</strong></span> <span class='ocrx_word' id='word_1_339' title='bbox 1431 4581 1755 4638; x_wconf 88' lang='lat' dir='ltr'><strong>Philisthiim</strong></span> <span class='ocrx_word' id='word_1_340' title='bbox 1788 4581 1905 4636; x_wconf 81' lang='lat' dir='ltr'><strong>vul-</strong></span> 
     </span>
    </p>
   </div>
   <div class='ocr_carea' id='block_1_52' title="bbox 320 4670 1905 4743">
    <p class='ocr_par' dir='ltr' id='par_1_52' title="bbox 320 4670 1905 4743">
     <span class='ocr_line' id='line_1_52' title="bbox 320 4670 1905 4743; baseline 0.002 -19"><span class='ocrx_word' id='word_1_341' title='bbox 320 4670 638 4725; x_wconf 89' lang='lat' dir='ltr'><strong>nerantibus</strong></span> <span class='ocrx_word' id='word_1_342' title='bbox 685 4670 902 4726; x_wconf 86' lang='lat' dir='ltr'><strong>cadunt.</strong></span> <span class='ocrx_word' id='word_1_343' title='bbox 956 4670 1043 4726; x_wconf 88' lang='lat' dir='ltr'><strong>Nil</strong></span> <span class='ocrx_word' id='word_1_344' title='bbox 1094 4681 1274 4727; x_wconf 87' lang='lat' dir='ltr'><strong>autem</strong></span> <span class='ocrx_word' id='word_1_345' title='bbox 1308 4671 1555 4742; x_wconf 89' lang='lat' dir='ltr'><strong>prohibet</strong></span> <span class='ocrx_word' id='word_1_346' title='bbox 1599 4670 1905 4743; x_wconf 89' lang='lat' dir='ltr'><strong>sagittarios</strong></span> 
     </span>
    </p>
   </div>
   <div class='ocr_carea' id='block_1_53' title="bbox 318 4760 1902 4836">
    <p class='ocr_par' dir='ltr' id='par_1_53' title="bbox 318 4760 1902 4836">
     <span class='ocr_line' id='line_1_53' title="bbox 318 4760 1902 4836; baseline 0.003 -21"><span class='ocrx_word' id='word_1_347' title='bbox 318 4760 624 4820; x_wconf 89' lang='lat' dir='ltr'><strong>immundos</strong></span> <span class='ocrx_word' id='word_1_348' title='bbox 677 4763 900 4822; x_wconf 81' lang='lat' dir='ltr'><strong>soiritus</strong></span> <span class='ocrx_word' id='word_1_349' title='bbox 938 4763 1203 4833; x_wconf 86' lang='lat' dir='ltr'><strong>accipere,</strong></span> <span class='ocrx_word' id='word_1_350' title='bbox 1257 4780 1487 4836; x_wconf 89' lang='lat' dir='ltr'><strong>quorum</strong></span> <span class='ocrx_word' id='word_1_351' title='bbox 1527 4763 1666 4820; x_wconf 89' lang='lat' dir='ltr'><strong>dolis</strong></span> <span class='ocrx_word' id='word_1_352' title='bbox 1712 4763 1902 4820; x_wconf 90' lang='lat' dir='ltr'><strong>imbuti</strong></span> 
     </span>
    </p>
   </div>
   <div class='ocr_carea' id='block_1_54' title="bbox 318 4854 616 4922">
    <p class='ocr_par' dir='ltr' id='par_1_54' title="bbox 318 4854 616 4922">
     <span class='ocr_line' id='line_1_54' title="bbox 318 4854 616 4922; baseline 0 -16"><span class='ocrx_word' id='word_1_353' title='bbox 318 4854 616 4922; x_wconf 90' lang='lat' dir='ltr'><strong>perierunt.</strong></span> 
     </span>
    </p>
   </div>
   <div class='ocr_carea' id='block_1_55' title="bbox 392 4939 1896 5016">
    <p class='ocr_par' dir='ltr' id='par_1_55' title="bbox 392 4939 1896 5016">
     <span class='ocr_line' id='line_1_55' title="bbox 392 4939 1896 5016; baseline 0.004 -21"><span class='ocrx_word' id='word_1_354' title='bbox 392 4939 455 4995; x_wconf 80' lang='lat' dir='ltr'><strong>Et</strong></span> <span class='ocrx_word' id='word_1_355' title='bbox 480 4942 617 4996; x_wconf 71' lang='lat' dir='ltr'><strong>dixit</strong></span> <span class='ocrx_word' id='word_1_356' title='bbox 644 4940 778 4997; x_wconf 86' lang='lat' dir='ltr'><strong>Saul</strong></span> <span class='ocrx_word' id='word_1_357' title='bbox 822 4942 892 4995; x_wconf 86' lang='lat' dir='ltr'><strong>ad</strong></span> <span class='ocrx_word' id='word_1_358' title='bbox 919 4944 1236 5014; x_wconf 87' lang='lat' dir='ltr'><strong>armigerum</strong></span> <span class='ocrx_word' id='word_1_359' title='bbox 1280 4958 1467 4997; x_wconf 88' lang='lat' dir='ltr'><strong>suum:</strong></span> <span class='ocrx_word' id='word_1_360' title='bbox 1500 4943 1740 5015; x_wconf 80' lang='lat' dir='ltr'><strong>Evagina</strong></span> <span class='ocrx_word' id='word_1_361' title='bbox 1779 4945 1896 5016; x_wconf 89' lang='lat' dir='ltr'><strong>gla-</strong></span> 
     </span>
    </p>
   </div>
   <div class='ocr_carea' id='block_1_56' title="bbox 316 5031 1898 5101">
    <p class='ocr_par' dir='ltr' id='par_1_56' title="bbox 316 5031 1898 5101">
     <span class='ocr_line' id='line_1_56' title="bbox 316 5031 1898 5101; baseline 0.001 -14"><span class='ocrx_word' id='word_1_362' title='bbox 316 5031 461 5087; x_wconf 81' lang='lat' dir='ltr'><strong>dium</strong></span> <span class='ocrx_word' id='word_1_363' title='bbox 485 5041 670 5096; x_wconf 88' lang='lat' dir='ltr'><strong>tuum,</strong></span> <span class='ocrx_word' id='word_1_364' title='bbox 724 5041 772 5086; x_wconf 83' lang='lat' dir='ltr'><strong>et</strong></span> <span class='ocrx_word' id='word_1_365' title='bbox 809 5033 1042 5101; x_wconf 83' lang='lat' dir='ltr'><strong>interﬁce</strong></span> <span class='ocrx_word' id='word_1_366' title='bbox 1075 5049 1175 5096; x_wconf 87' lang='lat' dir='ltr'><strong>me,</strong></span> <span class='ocrx_word' id='word_1_367' title='bbox 1219 5049 1281 5086; x_wconf 89' lang='lat' dir='ltr'><strong>ne</strong></span> <span class='ocrx_word' id='word_1_368' title='bbox 1326 5032 1460 5096; x_wconf 81' lang='lat' dir='ltr'><strong>forte</strong></span> <span class='ocrx_word' id='word_1_369' title='bbox 1493 5033 1696 5088; x_wconf 81' lang='lat' dir='ltr'><strong>veniant</strong></span> <span class='ocrx_word' id='word_1_370' title='bbox 1739 5036 1898 5088; x_wconf 80' lang='lat' dir='ltr'><strong>incir-</strong></span> 
     </span>
    </p>
   </div>
   <div class='ocr_carea' id='block_1_57' title="bbox 314 5121 1894 5194">
    <p class='ocr_par' dir='ltr' id='par_1_57' title="bbox 314 5121 1894 5194">
     <span class='ocr_line' id='line_1_57' title="bbox 314 5121 1894 5194; baseline 0.003 -20"><span class='ocrx_word' id='word_1_371' title='bbox 314 5122 531 5177; x_wconf 83' lang='lat' dir='ltr'><strong>cnmcisi</strong></span> <span class='ocrx_word' id='word_1_372' title='bbox 557 5123 668 5185; x_wconf 87' lang='lat' dir='ltr'><strong>isti,</strong></span> <span class='ocrx_word' id='word_1_373' title='bbox 711 5132 757 5175; x_wconf 81' lang='lat' dir='ltr'><strong>et</strong></span> <span class='ocrx_word' id='word_1_374' title='bbox 784 5121 1011 5177; x_wconf 85' lang='lat' dir='ltr'><strong>illudant</strong></span> <span class='ocrx_word' id='word_1_375' title='bbox 1036 5123 1182 5176; x_wconf 87' lang='lat' dir='ltr'><strong>mihi.</strong></span> <span class='ocrx_word' id='word_1_376' title='bbox 1212 5121 1461 5193; x_wconf 82' lang='lat' dir='ltr'><strong>Armiger</strong></span> <span class='ocrx_word' id='word_1_377' title='bbox 1483 5121 1613 5177; x_wconf 89' lang='lat' dir='ltr'><strong>Saul</strong></span> <span class='ocrx_word' id='word_1_378' title='bbox 1635 5122 1768 5194; x_wconf 89' lang='lat' dir='ltr'><strong>legis</strong></span> <span class='ocrx_word' id='word_1_379' title='bbox 1795 5121 1894 5178; x_wconf 90' lang='lat' dir='ltr'><strong>do-</strong></span> 
     </span>
    </p>
   </div>
   <div class='ocr_carea' id='block_1_58' title="bbox 315 5213 1893 5285">
    <p class='ocr_par' dir='ltr' id='par_1_58' title="bbox 315 5213 1893 5285">
     <span class='ocr_line' id='line_1_58' title="bbox 315 5213 1893 5285; baseline 0.003 -20"><span class='ocrx_word' id='word_1_380' title='bbox 315 5220 494 5268; x_wconf 83' lang='lat' dir='ltr'><strong>clores</strong></span> <span class='ocrx_word' id='word_1_381' title='bbox 522 5213 809 5285; x_wconf 87' lang='lat' dir='ltr'><strong>signiﬁcat,</strong></span> <span class='ocrx_word' id='word_1_382' title='bbox 860 5215 986 5285; x_wconf 83' lang='lat' dir='ltr'><strong>quia</strong></span> <span class='ocrx_word' id='word_1_383' title='bbox 1035 5213 1177 5268; x_wconf 90' lang='lat' dir='ltr'><strong>sicut</strong></span> <span class='ocrx_word' id='word_1_384' title='bbox 1202 5230 1352 5269; x_wconf 88' lang='lat' dir='ltr'><strong>arma</strong></span> <span class='ocrx_word' id='word_1_385' title='bbox 1382 5225 1437 5269; x_wconf 91' lang='lat' dir='ltr'><strong>et</strong></span> <span class='ocrx_word' id='word_1_386' title='bbox 1470 5215 1676 5284; x_wconf 73' lang='lat' dir='ltr'><strong>sagitta:</strong></span> <span class='ocrx_word' id='word_1_387' title='bbox 1725 5213 1893 5270; x_wconf 87' lang='lat' dir='ltr'><strong>Phili-</strong></span> 
     </span>
    </p>
   </div>
   <div class='ocr_carea' id='block_1_59' title="bbox 316 5302 1897 5375">
    <p class='ocr_par' dir='ltr' id='par_1_59' title="bbox 316 5302 1897 5375">
     <span class='ocr_line' id='line_1_59' title="bbox 316 5302 1897 5375; baseline 0.002 -19"><span class='ocrx_word' id='word_1_388' title='bbox 316 5302 500 5356; x_wconf 85' lang='lat' dir='ltr'><strong>sthiim</strong></span> <span class='ocrx_word' id='word_1_389' title='bbox 555 5318 841 5373; x_wconf 90' lang='lat' dir='ltr'><strong>pravorum</strong></span> <span class='ocrx_word' id='word_1_390' title='bbox 878 5305 1240 5375; x_wconf 88' lang='lat' dir='ltr'><strong>deceptiones,</strong></span> <span class='ocrx_word' id='word_1_391' title='bbox 1288 5305 1368 5360; x_wconf 91' lang='lat' dir='ltr'><strong>sic</strong></span> <span class='ocrx_word' id='word_1_392' title='bbox 1410 5313 1599 5360; x_wconf 87' lang='lat' dir='ltr'><strong>contra</strong></span> <span class='ocrx_word' id='word_1_393' title='bbox 1632 5305 1897 5361; x_wconf 85' lang='lat' dir='ltr'><strong>Israelita-</strong></span> 
     </span>
    </p>
   </div>
   <div class='ocr_carea' id='block_1_60' title="bbox 321 5394 1896 5466">
    <p class='ocr_par' dir='ltr' id='par_1_60' title="bbox 321 5394 1896 5466">
     <span class='ocr_line' id='line_1_60' title="bbox 321 5394 1896 5466; baseline 0.003 -21"><span class='ocrx_word' id='word_1_394' title='bbox 321 5408 439 5446; x_wconf 88' lang='lat' dir='ltr'><strong>rum</strong></span> <span class='ocrx_word' id='word_1_395' title='bbox 463 5409 612 5447; x_wconf 88' lang='lat' dir='ltr'><strong>arma</strong></span> <span class='ocrx_word' id='word_1_396' title='bbox 651 5410 757 5450; x_wconf 90' lang='lat' dir='ltr'><strong>non</strong></span> <span class='ocrx_word' id='word_1_397' title='bbox 789 5394 888 5448; x_wconf 73' lang='lat' dir='ltr'><strong>alia</strong></span> <span class='ocrx_word' id='word_1_398' title='bbox 920 5401 1047 5449; x_wconf 90' lang='lat' dir='ltr'><strong>sunt</strong></span> <span class='ocrx_word' id='word_1_399' title='bbox 1092 5395 1318 5466; x_wconf 85' lang='lat' dir='ltr'><strong>mystice</strong></span> <span class='ocrx_word' id='word_1_400' title='bbox 1346 5396 1706 5466; x_wconf 83' lang='lat' dir='ltr'><strong>intelligenda,</strong></span> <span class='ocrx_word' id='word_1_401' title='bbox 1735 5410 1896 5465; x_wconf 91' lang='lat' dir='ltr'><strong>quam</strong></span> 
     </span>
    </p>
   </div>
   <div class='ocr_carea' id='block_1_61' title="bbox 316 5482 1895 5557">
    <p class='ocr_par' dir='ltr' id='par_1_61' title="bbox 316 5482 1895 5557">
     <span class='ocr_line' id='line_1_61' title="bbox 316 5482 1895 5557; baseline 0.002 -21"><span class='ocrx_word' id='word_1_402' title='bbox 316 5482 616 5550; x_wconf 88' lang='lat' dir='ltr'><strong>spiritualis</strong></span> <span class='ocrx_word' id='word_1_403' title='bbox 642 5482 803 5537; x_wconf 89' lang='lat' dir='ltr'><strong>verba</strong></span> <span class='ocrx_word' id='word_1_404' title='bbox 846 5485 1122 5551; x_wconf 62' lang='lat' dir='ltr'><strong>doctrinae,</strong></span> <span class='ocrx_word' id='word_1_405' title='bbox 1156 5486 1349 5554; x_wconf 87' lang='lat' dir='ltr'><strong>quibus</strong></span> <span class='ocrx_word' id='word_1_406' title='bbox 1471 5485 1562 5540; x_wconf 89' lang='lat' dir='ltr'><strong>Dei</strong></span> <span class='ocrx_word' id='word_1_407' title='bbox 1591 5485 1819 5557; x_wconf 91' lang='lat' dir='ltr'><strong>populus</strong></span> <span class='ocrx_word' id='word_1_408' title='bbox 1864 5501 1895 5539; x_wconf 91' lang='lat' dir='ltr'><strong>a</strong></span> 
     </span>
    </p>
   </div>
   <div class='ocr_carea' id='block_1_62' title="bbox 312 5572 1899 5645">
    <p class='ocr_par' dir='ltr' id='par_1_62' title="bbox 312 5572 1899 5645">
     <span class='ocr_line' id='line_1_62' title="bbox 312 5572 1899 5645; baseline 0.004 -20"><span class='ocrx_word' id='word_1_409' title='bbox 312 5572 532 5627; x_wconf 86' lang='lat' dir='ltr'><strong>cunctis</strong></span> <span class='ocrx_word' id='word_1_410' title='bbox 559 5573 816 5629; x_wconf 83' lang='lat' dir='ltr'><strong>debuerat</strong></span> <span class='ocrx_word' id='word_1_411' title='bbox 861 5576 1061 5631; x_wconf 89' lang='lat' dir='ltr'><strong>muniri</strong></span> <span class='ocrx_word' id='word_1_412' title='bbox 1106 5576 1376 5645; x_wconf 87' lang='lat' dir='ltr'><strong>periculis.</strong></span> <span class='ocrx_word' id='word_1_413' title='bbox 1432 5576 1536 5630; x_wconf 87' lang='lat' dir='ltr'><strong>Sed</strong></span> <span class='ocrx_word' id='word_1_414' title='bbox 1588 5576 1899 5632; x_wconf 86' lang='lat' dir='ltr'><strong>vulneratus</strong></span> 
     </span>
    </p>
   </div>
   <div class='ocr_carea' id='block_1_63' title="bbox 316 5661 1898 5736">
    <p class='ocr_par' dir='ltr' id='par_1_63' title="bbox 316 5661 1898 5736">
     <span class='ocr_line' id='line_1_63' title="bbox 316 5661 1898 5736; baseline 0.006 -23"><span class='ocrx_word' id='word_1_415' title='bbox 316 5676 495 5735; x_wconf 82' lang='lat' dir='ltr'><strong>usque</strong></span> <span class='ocrx_word' id='word_1_416' title='bbox 534 5661 603 5717; x_wconf 88' lang='lat' dir='ltr'><strong>ad</strong></span> <span class='ocrx_word' id='word_1_417' title='bbox 659 5667 1084 5736; x_wconf 84' lang='lat' dir='ltr'><strong>vesperationem</strong></span> <span class='ocrx_word' id='word_1_418' title='bbox 1128 5681 1159 5720; x_wconf 90' lang='lat' dir='ltr'><strong>a</strong></span> <span class='ocrx_word' id='word_1_419' title='bbox 1189 5667 1477 5736; x_wconf 81' lang='lat' dir='ltr'><strong>sagittariis</strong></span> <span class='ocrx_word' id='word_1_420' title='bbox 1523 5665 1652 5722; x_wconf 86' lang='lat' dir='ltr'><strong>Saul</strong></span> <span class='ocrx_word' id='word_1_421' title='bbox 1711 5667 1898 5722; x_wconf 89' lang='lat' dir='ltr'><strong>maluit</strong></span> 
     </span>
    </p>
   </div>
   <div class='ocr_carea' id='block_1_64' title="bbox 2002 494 3556 578">
    <p class='ocr_par' dir='ltr' id='par_1_64' title="bbox 2002 494 3556 578">
     <span class='ocr_line' id='line_1_64' title="bbox 2002 494 3556 578; baseline 0.012 -32"><span class='ocrx_word' id='word_1_422' title='bbox 2002 494 2127 562; x_wconf 90' lang='lat' dir='ltr'><strong>quia</strong></span> <span class='ocrx_word' id='word_1_423' title='bbox 2156 496 2423 566; x_wconf 83' lang='lat' dir='ltr'><strong>principes</strong></span> <span class='ocrx_word' id='word_1_424' title='bbox 2455 498 2603 569; x_wconf 71' lang='lat' dir='ltr'><strong>regni</strong></span> <span class='ocrx_word' id='word_1_425' title='bbox 2632 497 2965 566; x_wconf 72' lang='lat' dir='ltr'><strong>Judtcorum,</strong></span> <span class='ocrx_word' id='word_1_426' title='bbox 2998 513 3212 574; x_wconf 90' lang='lat' dir='ltr'><strong>sumpto</strong></span> <span class='ocrx_word' id='word_1_427' title='bbox 3259 508 3427 561; x_wconf 91' lang='lat' dir='ltr'><strong>semel</strong></span> <span class='ocrx_word' id='word_1_428' title='bbox 3458 525 3556 578; x_wconf 92' lang='lat' dir='ltr'><strong>pro</strong></span> 
     </span>
    </p>
   </div>
   <div class='ocr_carea' id='block_1_65' title="bbox 2001 587 3584 658">
    <p class='ocr_par' dir='ltr' id='par_1_65' title="bbox 2001 587 3584 658">
     <span class='ocr_line' id='line_1_65' title="bbox 2001 587 3584 658; baseline 0.011 -20"><span class='ocrx_word' id='word_1_429' title='bbox 2001 587 2177 655; x_wconf 89' lang='lat' dir='ltr'><strong>posito</strong></span> <span class='ocrx_word' id='word_1_430' title='bbox 2202 588 2253 640; x_wconf 90' lang='lat' dir='ltr'><strong>in</strong></span> <span class='ocrx_word' id='word_1_431' title='bbox 2282 589 2518 657; x_wconf 88' lang='lat' dir='ltr'><strong>peccatis</strong></span> <span class='ocrx_word' id='word_1_432' title='bbox 2543 591 2655 644; x_wconf 87' lang='lat' dir='ltr'><strong>suis</strong></span> <span class='ocrx_word' id='word_1_433' title='bbox 2682 591 2967 658; x_wconf 89' lang='lat' dir='ltr'><strong>moriendi,</strong></span> <span class='ocrx_word' id='word_1_434' title='bbox 3009 594 3250 651; x_wconf 90' lang='lat' dir='ltr'><strong>maluere</strong></span> <span class='ocrx_word' id='word_1_435' title='bbox 3274 598 3584 656; x_wconf 89' lang='lat' dir='ltr'><strong>doctoribus</strong></span> 
     </span>
    </p>
   </div>
   <div class='ocr_carea' id='block_1_66' title="bbox 2004 677 3581 757">
    <p class='ocr_par' dir='ltr' id='par_1_66' title="bbox 2004 677 3581 757">
     <span class='ocr_line' id='line_1_66' title="bbox 2004 677 3581 757; baseline 0.01 -27"><span class='ocrx_word' id='word_1_436' title='bbox 2004 677 2117 731; x_wconf 90' lang='lat' dir='ltr'><strong>suis</strong></span> <span class='ocrx_word' id='word_1_437' title='bbox 2139 680 2386 733; x_wconf 86' lang='lat' dir='ltr'><strong>mandata</strong></span> <span class='ocrx_word' id='word_1_438' title='bbox 2421 679 2553 750; x_wconf 84' lang='lat' dir='ltr'><strong>legis</strong></span> <span class='ocrx_word' id='word_1_439' title='bbox 2577 681 2926 748; x_wconf 90' lang='lat' dir='ltr'><strong>solventibus,</strong></span> <span class='ocrx_word' id='word_1_440' title='bbox 2980 691 3037 739; x_wconf 90' lang='lat' dir='ltr'><strong>et</strong></span> <span class='ocrx_word' id='word_1_441' title='bbox 3057 685 3136 740; x_wconf 91' lang='lat' dir='ltr'><strong>sic</strong></span> <span class='ocrx_word' id='word_1_442' title='bbox 3162 701 3218 741; x_wconf 90' lang='lat' dir='ltr'><strong>se</strong></span> <span class='ocrx_word' id='word_1_443' title='bbox 3243 687 3581 757; x_wconf 88' lang='lat' dir='ltr'><strong>docentibus,</strong></span> 
     </span>
    </p>
   </div>
   <div class='ocr_carea' id='block_1_67' title="bbox 2004 769 3586 840">
    <p class='ocr_par' dir='ltr' id='par_1_67' title="bbox 2004 769 3586 840">
     <span class='ocr_line' id='line_1_67' title="bbox 2004 769 3586 840; baseline 0.011 -23"><span class='ocrx_word' id='word_1_444' title='bbox 2004 780 2165 835; x_wconf 88' lang='lat' dir='ltr'><strong>quam</strong></span> <span class='ocrx_word' id='word_1_445' title='bbox 2211 769 2509 839; x_wconf 84' lang='lat' dir='ltr'><strong>gentilium,</strong></span> <span class='ocrx_word' id='word_1_446' title='bbox 2548 786 2683 840; x_wconf 89' lang='lat' dir='ltr'><strong>quos</strong></span> <span class='ocrx_word' id='word_1_447' title='bbox 2734 788 3029 828; x_wconf 79' lang='lat' dir='ltr'><strong>communes</strong></span> <span class='ocrx_word' id='word_1_448' title='bbox 3080 784 3129 829; x_wconf 87' lang='lat' dir='ltr'><strong>et</strong></span> <span class='ocrx_word' id='word_1_449' title='bbox 3166 776 3460 833; x_wconf 83' lang='lat' dir='ltr'><strong>immundos</strong></span> <span class='ocrx_word' id='word_1_450' title='bbox 3490 797 3586 835; x_wconf 83' lang='lat' dir='ltr'><strong>vo-</strong></span> 
     </span>
    </p>
   </div>
   <div class='ocr_carea' id='block_1_68' title="bbox 2005 860 3584 941">
    <p class='ocr_par' dir='ltr' id='par_1_68' title="bbox 2005 860 3584 941">
     <span class='ocr_line' id='line_1_68' title="bbox 2005 860 3584 941; baseline 0.011 -30"><span class='ocrx_word' id='word_1_451' title='bbox 2005 860 2240 923; x_wconf 89' lang='lat' dir='ltr'><strong>cabant,</strong></span> <span class='ocrx_word' id='word_1_452' title='bbox 2302 861 2573 916; x_wconf 87' lang='lat' dir='ltr'><strong>consortio</strong></span> <span class='ocrx_word' id='word_1_453' title='bbox 2624 877 2684 917; x_wconf 92' lang='lat' dir='ltr'><strong>se</strong></span> <span class='ocrx_word' id='word_1_454' title='bbox 2737 863 3008 932; x_wconf 90' lang='lat' dir='ltr'><strong>polluente</strong></span> <span class='ocrx_word' id='word_1_455' title='bbox 3059 869 3271 937; x_wconf 89' lang='lat' dir='ltr'><strong>perimi.</strong></span> <span class='ocrx_word' id='word_1_456' title='bbox 3338 871 3584 941; x_wconf 88' lang='lat' dir='ltr'><strong>Denique</strong></span> 
     </span>
    </p>
   </div>
   <div class='ocr_carea' id='block_1_69' title="bbox 2005 946 3551 1022">
    <p class='ocr_par' dir='ltr' id='par_1_69' title="bbox 2005 946 3551 1022">
     <span class='ocr_line' id='line_1_69' title="bbox 2005 946 3551 1022; baseline 0.009 -23"><span class='ocrx_word' id='word_1_457' title='bbox 2005 946 2249 1001; x_wconf 86' lang='lat' dir='ltr'><strong>timebant</strong></span> <span class='ocrx_word' id='word_1_458' title='bbox 2276 949 2492 1002; x_wconf 88' lang='lat' dir='ltr'><strong>introire</strong></span> <span class='ocrx_word' id='word_1_459' title='bbox 2515 952 2817 1020; x_wconf 70' lang='lat' dir='ltr'><strong>primarium</strong></span> <span class='ocrx_word' id='word_1_460' title='bbox 2842 954 3078 1022; x_wconf 90' lang='lat' dir='ltr'><strong>gentilis,</strong></span> <span class='ocrx_word' id='word_1_461' title='bbox 3106 965 3161 1008; x_wconf 88' lang='lat' dir='ltr'><strong>ut</strong></span> <span class='ocrx_word' id='word_1_462' title='bbox 3191 973 3293 1011; x_wconf 91' lang='lat' dir='ltr'><strong>non</strong></span> <span class='ocrx_word' id='word_1_463' title='bbox 3323 962 3551 1014; x_wconf 87' lang='lat' dir='ltr'><strong>contami</strong></span> 
     </span>
    </p>
   </div>
   <div class='ocr_carea' id='block_1_70' title="bbox 2006 1037 3575 1119">
    <p class='ocr_par' dir='ltr' id='par_1_70' title="bbox 2006 1037 3575 1119">
     <span class='ocr_line' id='line_1_70' title="bbox 2006 1037 3575 1119; baseline 0.009 -30"><span class='ocrx_word' id='word_1_464' title='bbox 2006 1045 2270 1099; x_wconf 85' lang='lat' dir='ltr'><strong>narentur,</strong></span> <span class='ocrx_word' id='word_1_465' title='bbox 2311 1037 2400 1091; x_wconf 87' lang='lat' dir='ltr'><strong>sed</strong></span> <span class='ocrx_word' id='word_1_466' title='bbox 2449 1039 2826 1096; x_wconf 86' lang='lat' dir='ltr'><strong>manducarent</strong></span> <span class='ocrx_word' id='word_1_467' title='bbox 2874 1039 3082 1097; x_wconf 88' lang='lat' dir='ltr'><strong>Pascha</strong></span> <span class='ocrx_word' id='word_1_468' title='bbox 3134 1043 3315 1114; x_wconf 86' lang='lat' dir='ltr'><strong>(Joan.</strong></span> <span class='ocrx_word' id='word_1_469' title='bbox 3380 1048 3575 1119; x_wconf 84' lang='lat' dir='ltr'><strong>xvm);</strong></span> 
     </span>
    </p>
   </div>
   <div class='ocr_carea' id='block_1_71' title="bbox 2005 1126 3584 1207">
    <p class='ocr_par' dir='ltr' id='par_1_71' title="bbox 2005 1126 3584 1207">
     <span class='ocr_line' id='line_1_71' title="bbox 2005 1126 3584 1207; baseline 0.01 -30"><span class='ocrx_word' id='word_1_470' title='bbox 2005 1126 2146 1195; x_wconf 91' lang='lat' dir='ltr'><strong>quod</strong></span> <span class='ocrx_word' id='word_1_471' title='bbox 2179 1134 2356 1180; x_wconf 91' lang='lat' dir='ltr'><strong>tamen</strong></span> <span class='ocrx_word' id='word_1_472' title='bbox 2403 1126 2611 1183; x_wconf 88' lang='lat' dir='ltr'><strong>Pascha</strong></span> <span class='ocrx_word' id='word_1_473' title='bbox 2633 1144 2849 1185; x_wconf 91' lang='lat' dir='ltr'><strong>versum</strong></span> <span class='ocrx_word' id='word_1_474' title='bbox 2876 1131 2931 1185; x_wconf 89' lang='lat' dir='ltr'><strong>in</strong></span> <span class='ocrx_word' id='word_1_475' title='bbox 2960 1148 3113 1187; x_wconf 90' lang='lat' dir='ltr'><strong>suam</strong></span> <span class='ocrx_word' id='word_1_476' title='bbox 3139 1136 3432 1205; x_wconf 89' lang='lat' dir='ltr'><strong>perniciem</strong></span> <span class='ocrx_word' id='word_1_477' title='bbox 3464 1138 3584 1207; x_wconf 84' lang='lat' dir='ltr'><strong>lege</strong></span> 
     </span>
    </p>
   </div>
   <div class='ocr_carea' id='block_1_72' title="bbox 2005 1222 3581 1295">
    <p class='ocr_par' dir='ltr' id='par_1_72' title="bbox 2005 1222 3581 1295">
     <span class='ocr_line' id='line_1_72' title="bbox 2005 1222 3581 1295; baseline 0.009 -24"><span class='ocrx_word' id='word_1_478' title='bbox 2005 1233 2167 1287; x_wconf 92' lang='lat' dir='ltr'><strong>quam</strong></span> <span class='ocrx_word' id='word_1_479' title='bbox 2195 1229 2536 1290; x_wconf 88' lang='lat' dir='ltr'><strong>acceperant,</strong></span> <span class='ocrx_word' id='word_1_480' title='bbox 2564 1222 2764 1277; x_wconf 88' lang='lat' dir='ltr'><strong>insonti</strong></span> <span class='ocrx_word' id='word_1_481' title='bbox 2788 1223 3047 1295; x_wconf 87' lang='lat' dir='ltr'><strong>sanguine</strong></span> <span class='ocrx_word' id='word_1_482' title='bbox 3081 1229 3451 1285; x_wconf 87' lang='lat' dir='ltr'><strong>contaminare</strong></span> <span class='ocrx_word' id='word_1_483' title='bbox 3472 1245 3581 1285; x_wconf 89' lang='lat' dir='ltr'><strong>non</strong></span> 
     </span>
    </p>
   </div>
   <div class='ocr_carea' id='block_1_73' title="bbox 2006 1309 2287 1364">
    <p class='ocr_par' dir='ltr' id='par_1_73' title="bbox 2006 1309 2287 1364">
     <span class='ocr_line' id='line_1_73' title="bbox 2006 1309 2287 1364; baseline -0.004 -1"><span class='ocrx_word' id='word_1_484' title='bbox 2006 1309 2287 1364; x_wconf 85' lang='lat' dir='ltr'><strong>timebant.</strong></span> 
     </span>
    </p>
   </div>
   <div class='ocr_carea' id='block_1_74' title="bbox 2080 1419 3583 1499">
    <p class='ocr_par' dir='ltr' id='par_1_74' title="bbox 2080 1419 3583 1499">
     <span class='ocr_line' id='line_1_74' title="bbox 2080 1419 3583 1499; baseline 0.009 -27"><span class='ocrx_word' id='word_1_485' title='bbox 2080 1419 2264 1473; x_wconf 87' lang='lat' dir='ltr'><strong>Noluit</strong></span> <span class='ocrx_word' id='word_1_486' title='bbox 2288 1432 2461 1475; x_wconf 88' lang='lat' dir='ltr'><strong>autem</strong></span> <span class='ocrx_word' id='word_1_487' title='bbox 2489 1424 2718 1493; x_wconf 86' lang='lat' dir='ltr'><strong>armiger</strong></span> <span class='ocrx_word' id='word_1_488' title='bbox 2736 1424 2851 1495; x_wconf 86' lang='lat' dir='ltr'><strong>ejus</strong></span> <span class='ocrx_word' id='word_1_489' title='bbox 2878 1425 2974 1479; x_wconf 90' lang='lat' dir='ltr'><strong>hoc</strong></span> <span class='ocrx_word' id='word_1_490' title='bbox 2999 1426 3170 1497; x_wconf 80' lang='lat' dir='ltr'><strong>facere</strong></span> <span class='ocrx_word' id='word_1_491' title='bbox 3184 1428 3371 1483; x_wconf 86' lang='lat' dir='ltr'><strong>timore</strong></span> <span class='ocrx_word' id='word_1_492' title='bbox 3389 1442 3583 1499; x_wconf 83' lang='lat' dir='ltr'><strong>perter-</strong></span> 
     </span>
    </p>
   </div>
   <div class='ocr_carea' id='block_1_75' title="bbox 2007 1513 3580 1586">
    <p class='ocr_par' dir='ltr' id='par_1_75' title="bbox 2007 1513 3580 1586">
     <span class='ocr_line' id='line_1_75' title="bbox 2007 1513 3580 1586; baseline 0.006 -21"><span class='ocrx_word' id='word_1_493' title='bbox 2007 1513 2156 1567; x_wconf 89' lang='lat' dir='ltr'><strong>ritus.</strong></span> <span class='ocrx_word' id='word_1_494' title='bbox 2201 1514 2436 1586; x_wconf 84' lang='lat' dir='ltr'><strong>Arripuit</strong></span> <span class='ocrx_word' id='word_1_495' title='bbox 2470 1532 2590 1586; x_wconf 87' lang='lat' dir='ltr'><strong>ergo</strong></span> <span class='ocrx_word' id='word_1_496' title='bbox 2643 1515 2777 1571; x_wconf 87' lang='lat' dir='ltr'><strong>Saul</strong></span> <span class='ocrx_word' id='word_1_497' title='bbox 2808 1533 2980 1572; x_wconf 87' lang='lat' dir='ltr'><strong>ensem</strong></span> <span class='ocrx_word' id='word_1_498' title='bbox 3004 1558 3020 1584; x_wconf 88' lang='lat'><strong>,</strong></span> <span class='ocrx_word' id='word_1_499' title='bbox 3067 1529 3115 1572; x_wconf 89' lang='lat' dir='ltr'><strong>et</strong></span> <span class='ocrx_word' id='word_1_500' title='bbox 3152 1521 3305 1573; x_wconf 77' lang='lat' dir='ltr'><strong>irtuit</strong></span> <span class='ocrx_word' id='word_1_501' title='bbox 3354 1522 3408 1574; x_wconf 91' lang='lat' dir='ltr'><strong>in</strong></span> <span class='ocrx_word' id='word_1_502' title='bbox 3441 1538 3580 1575; x_wconf 87' lang='lat' dir='ltr'><strong>eum.</strong></span> 
     </span>
    </p>
   </div>
   <div class='ocr_carea' id='block_1_76' title="bbox 2009 1602 3584 1677">
    <p class='ocr_par' dir='ltr' id='par_1_76' title="bbox 2009 1602 3584 1677">
     <span class='ocr_line' id='line_1_76' title="bbox 2009 1602 3584 1677; baseline 0.004 -20"><span class='ocrx_word' id='word_1_503' title='bbox 2009 1602 2162 1668; x_wconf 85' lang='lat' dir='ltr'><strong>Quod</strong></span> <span class='ocrx_word' id='word_1_504' title='bbox 2190 1622 2308 1658; x_wconf 87' lang='lat' dir='ltr'><strong>cum</strong></span> <span class='ocrx_word' id='word_1_505' title='bbox 2340 1606 2545 1660; x_wconf 84' lang='lat' dir='ltr'><strong>vidisset</strong></span> <span class='ocrx_word' id='word_1_506' title='bbox 2575 1608 2800 1677; x_wconf 87' lang='lat' dir='ltr'><strong>armiger</strong></span> <span class='ocrx_word' id='word_1_507' title='bbox 2828 1608 2942 1677; x_wconf 86' lang='lat' dir='ltr'><strong>ejus</strong></span> <span class='ocrx_word' id='word_1_508' title='bbox 2969 1648 2984 1675; x_wconf 93' lang='lat'><strong>,</strong></span> <span class='ocrx_word' id='word_1_509' title='bbox 3037 1609 3269 1663; x_wconf 82' lang='lat' dir='ltr'><strong>videlicet</strong></span> <span class='ocrx_word' id='word_1_510' title='bbox 3319 1620 3584 1666; x_wconf 85' lang='lat' dir='ltr'><strong>mortuum</strong></span> 
     </span>
    </p>
   </div>
   <div class='ocr_carea' id='block_1_77' title="bbox 2006 1694 3584 1771">
    <p class='ocr_par' dir='ltr' id='par_1_77' title="bbox 2006 1694 3584 1771">
     <span class='ocr_line' id='line_1_77' title="bbox 2006 1694 3584 1771; baseline 0.004 -22"><span class='ocrx_word' id='word_1_511' title='bbox 2006 1712 2116 1750; x_wconf 86' lang='lat' dir='ltr'><strong>esse</strong></span> <span class='ocrx_word' id='word_1_512' title='bbox 2161 1694 2293 1751; x_wconf 87' lang='lat' dir='ltr'><strong>Saul</strong></span> <span class='ocrx_word' id='word_1_513' title='bbox 2318 1738 2334 1764; x_wconf 86' lang='lat'><strong>,</strong></span> <span class='ocrx_word' id='word_1_514' title='bbox 2382 1699 2537 1752; x_wconf 88' lang='lat' dir='ltr'><strong>irruit</strong></span> <span class='ocrx_word' id='word_1_515' title='bbox 2571 1700 2728 1753; x_wconf 87' lang='lat' dir='ltr'><strong>etiam</strong></span> <span class='ocrx_word' id='word_1_516' title='bbox 2766 1700 2875 1770; x_wconf 86' lang='lat' dir='ltr'><strong>ipse</strong></span> <span class='ocrx_word' id='word_1_517' title='bbox 2923 1701 2979 1755; x_wconf 84' lang='lat' dir='ltr'><strong>in</strong></span> <span class='ocrx_word' id='word_1_518' title='bbox 3025 1700 3259 1771; x_wconf 88' lang='lat' dir='ltr'><strong>gladium</strong></span> <span class='ocrx_word' id='word_1_519' title='bbox 3311 1718 3483 1767; x_wconf 85' lang='lat' dir='ltr'><strong>suum,</strong></span> <span class='ocrx_word' id='word_1_520' title='bbox 3535 1712 3584 1756; x_wconf 86' lang='lat' dir='ltr'><strong>et</strong></span> 
     </span>
    </p>
   </div>
   <div class='ocr_carea' id='block_1_78' title="bbox 2007 1786 3586 1863">
    <p class='ocr_par' dir='ltr' id='par_1_78' title="bbox 2007 1786 3586 1863">
     <span class='ocr_line' id='line_1_78' title="bbox 2007 1786 3586 1863; baseline 0.006 -25"><span class='ocrx_word' id='word_1_521' title='bbox 2007 1795 2243 1840; x_wconf 87' lang='lat' dir='ltr'><strong>mortuus</strong></span> <span class='ocrx_word' id='word_1_522' title='bbox 2294 1796 2390 1841; x_wconf 90' lang='lat' dir='ltr'><strong>est.</strong></span> <span class='ocrx_word' id='word_1_523' title='bbox 2434 1786 2778 1860; x_wconf 83' lang='lat' dir='ltr'><strong>Armigerum</strong></span> <span class='ocrx_word' id='word_1_524' title='bbox 2816 1804 2971 1844; x_wconf 91' lang='lat' dir='ltr'><strong>suum</strong></span> <span class='ocrx_word' id='word_1_525' title='bbox 3012 1789 3221 1845; x_wconf 64' lang='lat' dir='ltr'><strong>Hebraei</strong></span> <span class='ocrx_word' id='word_1_526' title='bbox 3266 1791 3412 1863; x_wconf 86' lang='lat' dir='ltr'><strong>Doeg</strong></span> <span class='ocrx_word' id='word_1_527' title='bbox 3468 1792 3586 1847; x_wconf 85' lang='lat' dir='ltr'><strong>ldu-</strong></span> 
     </span>
    </p>
   </div>
   <div class='ocr_carea' id='block_1_79' title="bbox 2006 1874 3605 1950">
    <p class='ocr_par' dir='ltr' id='par_1_79' title="bbox 2006 1874 3605 1950">
     <span class='ocr_line' id='line_1_79' title="bbox 2006 1874 3605 1950; baseline 0.004 -20"><span class='ocrx_word' id='word_1_528' title='bbox 2006 1892 2200 1931; x_wconf 72' lang='lat' dir='ltr'><strong>mteum</strong></span> <span class='ocrx_word' id='word_1_529' title='bbox 2254 1876 2438 1933; x_wconf 90' lang='lat' dir='ltr'><strong>dicunt</strong></span> <span class='ocrx_word' id='word_1_530' title='bbox 2479 1876 2666 1944; x_wconf 89' lang='lat' dir='ltr'><strong>fuisse,</strong></span> <span class='ocrx_word' id='word_1_531' title='bbox 2698 1878 2788 1950; x_wconf 89' lang='lat' dir='ltr'><strong>qui</strong></span> <span class='ocrx_word' id='word_1_532' title='bbox 2851 1893 3078 1936; x_wconf 90' lang='lat' dir='ltr'><strong>cernens</strong></span> <span class='ocrx_word' id='word_1_533' title='bbox 3132 1879 3261 1935; x_wconf 90' lang='lat' dir='ltr'><strong>Saul</strong></span> <span class='ocrx_word' id='word_1_534' title='bbox 3288 1874 3605 1946; x_wconf 44' lang='lat' dir='ltr'><strong>mortuumf</strong></span> 
     </span>
    </p>
   </div>
   <div class='ocr_carea' id='block_1_80' title="bbox 2007 1969 3584 2043">
    <p class='ocr_par' dir='ltr' id='par_1_80' title="bbox 2007 1969 3584 2043">
     <span class='ocr_line' id='line_1_80' title="bbox 2007 1969 3584 2043; baseline 0.003 -19"><span class='ocrx_word' id='word_1_535' title='bbox 2007 1969 2241 2039; x_wconf 87' lang='lat' dir='ltr'><strong>seipsum</strong></span> <span class='ocrx_word' id='word_1_536' title='bbox 2270 1969 2341 2025; x_wconf 92' lang='lat' dir='ltr'><strong>ob</strong></span> <span class='ocrx_word' id='word_1_537' title='bbox 2362 1977 2562 2024; x_wconf 91' lang='lat' dir='ltr'><strong>metum</strong></span> <span class='ocrx_word' id='word_1_538' title='bbox 2592 1970 2756 2024; x_wconf 89' lang='lat' dir='ltr'><strong>David</strong></span> <span class='ocrx_word' id='word_1_539' title='bbox 2783 1972 3053 2027; x_wconf 91' lang='lat' dir='ltr'><strong>interemit</strong></span> <span class='ocrx_word' id='word_1_540' title='bbox 3082 1989 3096 2037; x_wconf 93' lang='lat'><strong>;</strong></span> <span class='ocrx_word' id='word_1_541' title='bbox 3139 1980 3196 2028; x_wconf 91' lang='lat' dir='ltr'><strong>et</strong></span> <span class='ocrx_word' id='word_1_542' title='bbox 3216 1988 3465 2043; x_wconf 90' lang='lat' dir='ltr'><strong>puerum,</strong></span> <span class='ocrx_word' id='word_1_543' title='bbox 3492 1974 3584 2043; x_wconf 92' lang='lat' dir='ltr'><strong>qui</strong></span> 
     </span>
    </p>
   </div>
   <div class='ocr_carea' id='block_1_81' title="bbox 2007 2059 3585 2130">
    <p class='ocr_par' dir='ltr' id='par_1_81' title="bbox 2007 2059 3585 2130">
     <span class='ocr_line' id='line_1_81' title="bbox 2007 2059 3585 2130; baseline 0.004 -17"><span class='ocrx_word' id='word_1_544' title='bbox 2007 2059 2250 2113; x_wconf 89' lang='lat' dir='ltr'><strong>diadema</strong></span> <span class='ocrx_word' id='word_1_545' title='bbox 2281 2067 2442 2129; x_wconf 91' lang='lat' dir='ltr'><strong>atque</strong></span> <span class='ocrx_word' id='word_1_546' title='bbox 2490 2061 2730 2116; x_wconf 90' lang='lat' dir='ltr'><strong>armillas</strong></span> <span class='ocrx_word' id='word_1_547' title='bbox 2776 2061 2902 2117; x_wconf 84' lang='lat' dir='ltr'><strong>Saul</strong></span> <span class='ocrx_word' id='word_1_548' title='bbox 2946 2062 3135 2117; x_wconf 88' lang='lat' dir='ltr'><strong>detulit</strong></span> <span class='ocrx_word' id='word_1_549' title='bbox 3166 2064 3233 2118; x_wconf 93' lang='lat' dir='ltr'><strong>ad</strong></span> <span class='ocrx_word' id='word_1_550' title='bbox 3261 2064 3448 2130; x_wconf 86' lang='lat' dir='ltr'><strong>David,</strong></span> <span class='ocrx_word' id='word_1_551' title='bbox 3504 2065 3585 2120; x_wconf 90' lang='lat' dir='ltr'><strong>di-</strong></span> 
     </span>
    </p>
   </div>
   <div class='ocr_carea' id='block_1_82' title="bbox 2007 2152 3581 2226">
    <p class='ocr_par' dir='ltr' id='par_1_82' title="bbox 2007 2152 3581 2226">
     <span class='ocr_line' id='line_1_82' title="bbox 2007 2152 3581 2226; baseline 0.004 -20"><span class='ocrx_word' id='word_1_552' title='bbox 2007 2158 2135 2206; x_wconf 92' lang='lat' dir='ltr'><strong>cunt</strong></span> <span class='ocrx_word' id='word_1_553' title='bbox 2161 2166 2282 2206; x_wconf 89' lang='lat' dir='ltr'><strong>esse</strong></span> <span class='ocrx_word' id='word_1_554' title='bbox 2310 2152 2480 2206; x_wconf 88' lang='lat' dir='ltr'><strong>filium</strong></span> <span class='ocrx_word' id='word_1_555' title='bbox 2532 2153 2772 2223; x_wconf 88' lang='lat' dir='ltr'><strong>ejusdem</strong></span> <span class='ocrx_word' id='word_1_556' title='bbox 2822 2154 2967 2225; x_wconf 88' lang='lat' dir='ltr'><strong>Doeg</strong></span> <span class='ocrx_word' id='word_1_557' title='bbox 2997 2154 3247 2221; x_wconf 68' lang='lat' dir='ltr'><strong>ldummi,</strong></span> <span class='ocrx_word' id='word_1_558' title='bbox 3298 2157 3581 2226; x_wconf 84' lang='lat' dir='ltr'><strong>ipsumque</strong></span> 
     </span>
    </p>
   </div>
   <div class='ocr_carea' id='block_1_83' title="bbox 2006 2241 3580 2315">
    <p class='ocr_par' dir='ltr' id='par_1_83' title="bbox 2006 2241 3580 2315">
     <span class='ocr_line' id='line_1_83' title="bbox 2006 2241 3580 2315; baseline 0.003 -19"><span class='ocrx_word' id='word_1_559' title='bbox 2006 2241 2151 2312; x_wconf 90' lang='lat' dir='ltr'><strong>Doeg</strong></span> <span class='ocrx_word' id='word_1_560' title='bbox 2174 2241 2355 2296; x_wconf 91' lang='lat' dir='ltr'><strong>ferunt</strong></span> <span class='ocrx_word' id='word_1_561' title='bbox 2402 2257 2629 2312; x_wconf 92' lang='lat' dir='ltr'><strong>puerum</strong></span> <span class='ocrx_word' id='word_1_562' title='bbox 2662 2242 2827 2298; x_wconf 89' lang='lat' dir='ltr'><strong>fuisse</strong></span> <span class='ocrx_word' id='word_1_563' title='bbox 2859 2242 3010 2309; x_wconf 87' lang='lat' dir='ltr'><strong>Saul,</strong></span> <span class='ocrx_word' id='word_1_564' title='bbox 3041 2260 3162 2299; x_wconf 91' lang='lat' dir='ltr'><strong>cum</strong></span> <span class='ocrx_word' id='word_1_565' title='bbox 3187 2260 3294 2315; x_wconf 93' lang='lat' dir='ltr'><strong>quo</strong></span> <span class='ocrx_word' id='word_1_566' title='bbox 3324 2262 3580 2315; x_wconf 78' lang='lat' dir='ltr'><strong>perrexe-</strong></span> 
     </span>
    </p>
   </div>
   <div class='ocr_carea' id='block_1_84' title="bbox 2008 2332 3581 2407">
    <p class='ocr_par' dir='ltr' id='par_1_84' title="bbox 2008 2332 3581 2407">
     <span class='ocr_line' id='line_1_84' title="bbox 2008 2332 3581 2407; baseline 0.003 -21"><span class='ocrx_word' id='word_1_567' title='bbox 2008 2341 2093 2386; x_wconf 87' lang='lat' dir='ltr'><strong>rat</strong></span> <span class='ocrx_word' id='word_1_568' title='bbox 2114 2332 2179 2386; x_wconf 87' lang='lat' dir='ltr'><strong>ad</strong></span> <span class='ocrx_word' id='word_1_569' title='bbox 2209 2333 2528 2402; x_wconf 63' lang='lat' dir='ltr'><strong>quaerendas</strong></span> <span class='ocrx_word' id='word_1_570' title='bbox 2556 2333 2738 2389; x_wconf 87' lang='lat' dir='ltr'><strong>asinas</strong></span> <span class='ocrx_word' id='word_1_571' title='bbox 2763 2337 2933 2402; x_wconf 89' lang='lat' dir='ltr'><strong>patris</strong></span> <span class='ocrx_word' id='word_1_572' title='bbox 2971 2334 3053 2390; x_wconf 92' lang='lat' dir='ltr'><strong>sui</strong></span> <span class='ocrx_word' id='word_1_573' title='bbox 3084 2334 3136 2407; x_wconf 93' lang='lat' dir='ltr'><strong>(I</strong></span> <span class='ocrx_word' id='word_1_574' title='bbox 3165 2334 3288 2406; x_wconf 79' lang='lat' dir='ltr'><strong>Reg.</strong></span> <span class='ocrx_word' id='word_1_575' title='bbox 3320 2338 3412 2406; x_wconf 82' lang='lat' dir='ltr'><strong>vi).</strong></span> <span class='ocrx_word' id='word_1_576' title='bbox 3466 2337 3581 2393; x_wconf 83' lang='lat' dir='ltr'><strong>Non</strong></span> 
     </span>
    </p>
   </div>
   <div class='ocr_carea' id='block_1_85' title="bbox 2007 2423 3585 2494">
    <p class='ocr_par' dir='ltr' id='par_1_85' title="bbox 2007 2423 3585 2494">
     <span class='ocr_line' id='line_1_85' title="bbox 2007 2423 3585 2494; baseline 0.001 -17"><span class='ocrx_word' id='word_1_577' title='bbox 2007 2432 2090 2478; x_wconf 90' lang='lat' dir='ltr'><strong>est</strong></span> <span class='ocrx_word' id='word_1_578' title='bbox 2116 2423 2515 2494; x_wconf 85' lang='lat' dir='ltr'><strong>ambigendum,</strong></span> <span class='ocrx_word' id='word_1_579' title='bbox 2565 2423 2708 2478; x_wconf 88' lang='lat' dir='ltr'><strong>inter</strong></span> <span class='ocrx_word' id='word_1_580' title='bbox 2754 2425 3011 2492; x_wconf 77' lang='lat' dir='ltr'><strong>reprobos</strong></span> <span class='ocrx_word' id='word_1_581' title='bbox 3039 2424 3171 2494; x_wconf 88' lang='lat' dir='ltr'><strong>legis</strong></span> <span class='ocrx_word' id='word_1_582' title='bbox 3214 2426 3463 2481; x_wconf 85' lang='lat' dir='ltr'><strong>doctores</strong></span> <span class='ocrx_word' id='word_1_583' title='bbox 3490 2443 3585 2481; x_wconf 78' lang='lat' dir='ltr'><strong>ex-</strong></span> 
     </span>
    </p>
   </div>
   <div class='ocr_carea' id='block_1_86' title="bbox 2009 2513 3584 2584">
    <p class='ocr_par' dir='ltr' id='par_1_86' title="bbox 2009 2513 3584 2584">
     <span class='ocr_line' id='line_1_86' title="bbox 2009 2513 3584 2584; baseline 0 -15"><span class='ocrx_word' id='word_1_584' title='bbox 2009 2513 2211 2569; x_wconf 90' lang='lat' dir='ltr'><strong>stitisse</strong></span> <span class='ocrx_word' id='word_1_585' title='bbox 2260 2513 2485 2584; x_wconf 90' lang='lat' dir='ltr'><strong>aliquos,</strong></span> <span class='ocrx_word' id='word_1_586' title='bbox 2534 2515 2624 2584; x_wconf 92' lang='lat' dir='ltr'><strong>qui</strong></span> <span class='ocrx_word' id='word_1_587' title='bbox 2676 2514 2821 2569; x_wconf 85' lang='lat' dir='ltr'><strong>verbi</strong></span> <span class='ocrx_word' id='word_1_588' title='bbox 2859 2529 3084 2569; x_wconf 90' lang='lat' dir='ltr'><strong>acumen</strong></span> <span class='ocrx_word' id='word_1_589' title='bbox 3131 2515 3199 2569; x_wconf 89' lang='lat' dir='ltr'><strong>ad</strong></span> <span class='ocrx_word' id='word_1_590' title='bbox 3231 2517 3584 2571; x_wconf 80' lang='lat' dir='ltr'><strong>occcidendos</strong></span> 
     </span>
    </p>
   </div>
   <div class='ocr_carea' id='block_1_87' title="bbox 2009 2602 3584 2675">
    <p class='ocr_par' dir='ltr' id='par_1_87' title="bbox 2009 2602 3584 2675">
     <span class='ocr_line' id='line_1_87' title="bbox 2009 2602 3584 2675; baseline 0.003 -19"><span class='ocrx_word' id='word_1_591' title='bbox 2009 2616 2135 2656; x_wconf 90' lang='lat' dir='ltr'><strong>suos</strong></span> <span class='ocrx_word' id='word_1_592' title='bbox 2187 2602 2461 2657; x_wconf 86' lang='lat' dir='ltr'><strong>auditores</strong></span> <span class='ocrx_word' id='word_1_593' title='bbox 2506 2603 2725 2658; x_wconf 90' lang='lat' dir='ltr'><strong>sinistra</strong></span> <span class='ocrx_word' id='word_1_594' title='bbox 2785 2604 3226 2675; x_wconf 83' lang='lat' dir='ltr'><strong>interpretatione</strong></span> <span class='ocrx_word' id='word_1_595' title='bbox 3275 2615 3584 2674; x_wconf 86' lang='lat' dir='ltr'><strong>pervertere</strong></span> 
     </span>
    </p>
   </div>
   <div class='ocr_carea' id='block_1_88' title="bbox 2007 2690 3585 2763">
    <p class='ocr_par' dir='ltr' id='par_1_88' title="bbox 2007 2690 3585 2763">
     <span class='ocr_line' id='line_1_88' title="bbox 2007 2690 3585 2763; baseline 0.003 -19"><span class='ocrx_word' id='word_1_596' title='bbox 2007 2690 2225 2754; x_wconf 88' lang='lat' dir='ltr'><strong>nollent,</strong></span> <span class='ocrx_word' id='word_1_597' title='bbox 2260 2699 2314 2747; x_wconf 93' lang='lat' dir='ltr'><strong>et</strong></span> <span class='ocrx_word' id='word_1_598' title='bbox 2340 2692 2688 2748; x_wconf 89' lang='lat' dir='ltr'><strong>nihilominus</strong></span> <span class='ocrx_word' id='word_1_599' title='bbox 2733 2693 2877 2763; x_wconf 89' lang='lat' dir='ltr'><strong>ipsos</strong></span> <span class='ocrx_word' id='word_1_600' title='bbox 2905 2694 3176 2749; x_wconf 89' lang='lat' dir='ltr'><strong>auditores</strong></span> <span class='ocrx_word' id='word_1_601' title='bbox 3219 2709 3281 2748; x_wconf 89' lang='lat' dir='ltr'><strong>ea</strong></span> <span class='ocrx_word' id='word_1_602' title='bbox 3302 2734 3318 2760; x_wconf 95' lang='lat'><strong>,</strong></span> <span class='ocrx_word' id='word_1_603' title='bbox 3356 2710 3473 2763; x_wconf 72' lang='lat' dir='ltr'><strong>qum</strong></span> <span class='ocrx_word' id='word_1_604' title='bbox 3501 2710 3585 2749; x_wconf 89' lang='lat' dir='ltr'><strong>re-</strong></span> 
     </span>
    </p>
   </div>
   <div class='ocr_carea' id='block_1_89' title="bbox 2009 2782 3579 2853">
    <p class='ocr_par' dir='ltr' id='par_1_89' title="bbox 2009 2782 3579 2853">
     <span class='ocr_line' id='line_1_89' title="bbox 2009 2782 3579 2853; baseline 0.001 -17"><span class='ocrx_word' id='word_1_605' title='bbox 2009 2789 2094 2837; x_wconf 88' lang='lat' dir='ltr'><strong>cte</strong></span> <span class='ocrx_word' id='word_1_606' title='bbox 2122 2782 2262 2837; x_wconf 88' lang='lat' dir='ltr'><strong>dicta</strong></span> <span class='ocrx_word' id='word_1_607' title='bbox 2309 2797 2341 2836; x_wconf 91' lang='lat' dir='ltr'><strong>a</strong></span> <span class='ocrx_word' id='word_1_608' title='bbox 2375 2784 2647 2853; x_wconf 84' lang='lat' dir='ltr'><strong>magistris</strong></span> <span class='ocrx_word' id='word_1_609' title='bbox 2674 2792 2997 2853; x_wconf 84' lang='lat' dir='ltr'><strong>acceperant</strong></span> <span class='ocrx_word' id='word_1_610' title='bbox 3021 2824 3036 2849; x_wconf 94' lang='lat'><strong>,</strong></span> <span class='ocrx_word' id='word_1_611' title='bbox 3087 2784 3169 2839; x_wconf 86' lang='lat' dir='ltr'><strong>vel</strong></span> <span class='ocrx_word' id='word_1_612' title='bbox 3217 2786 3579 2853; x_wconf 87' lang='lat' dir='ltr'><strong>despiciendo,</strong></span> 
     </span>
    </p>
   </div>
   <div class='ocr_carea' id='block_1_90' title="bbox 2007 2872 3587 2945">
    <p class='ocr_par' dir='ltr' id='par_1_90' title="bbox 2007 2872 3587 2945">
     <span class='ocr_line' id='line_1_90' title="bbox 2007 2872 3587 2945; baseline 0.002 -18"><span class='ocrx_word' id='word_1_613' title='bbox 2007 2872 2092 2928; x_wconf 93' lang='lat' dir='ltr'><strong>vel</strong></span> <span class='ocrx_word' id='word_1_614' title='bbox 2125 2872 2288 2944; x_wconf 89' lang='lat' dir='ltr'><strong>(quod</strong></span> <span class='ocrx_word' id='word_1_615' title='bbox 2313 2872 2465 2943; x_wconf 87' lang='lat' dir='ltr'><strong>pejus</strong></span> <span class='ocrx_word' id='word_1_616' title='bbox 2488 2873 2591 2945; x_wconf 89' lang='lat' dir='ltr'><strong>est)</strong></span> <span class='ocrx_word' id='word_1_617' title='bbox 2634 2874 3051 2943; x_wconf 88' lang='lat' dir='ltr'><strong>blasphemando</strong></span> <span class='ocrx_word' id='word_1_618' title='bbox 3081 2874 3135 2928; x_wconf 94' lang='lat' dir='ltr'><strong>in</strong></span> <span class='ocrx_word' id='word_1_619' title='bbox 3179 2889 3329 2930; x_wconf 89' lang='lat' dir='ltr'><strong>suam</strong></span> <span class='ocrx_word' id='word_1_620' title='bbox 3357 2875 3587 2930; x_wconf 88' lang='lat' dir='ltr'><strong>vertisse</strong></span> 
     </span>
    </p>
   </div>
   <div class='ocr_carea' id='block_1_91' title="bbox 2006 2965 3578 3036">
    <p class='ocr_par' dir='ltr' id='par_1_91' title="bbox 2006 2965 3578 3036">
     <span class='ocr_line' id='line_1_91' title="bbox 2006 2965 3578 3036; baseline 0.001 -19"><span class='ocrx_word' id='word_1_621' title='bbox 2006 2965 2336 3034; x_wconf 84' lang='lat' dir='ltr'><strong>perniciem;</strong></span> <span class='ocrx_word' id='word_1_622' title='bbox 2389 2980 2616 3034; x_wconf 91' lang='lat' dir='ltr'><strong>quorum</strong></span> <span class='ocrx_word' id='word_1_623' title='bbox 2648 2966 2762 3020; x_wconf 91' lang='lat' dir='ltr'><strong>visa</strong></span> <span class='ocrx_word' id='word_1_624' title='bbox 2818 2974 2990 3020; x_wconf 91' lang='lat' dir='ltr'><strong>morte</strong></span> <span class='ocrx_word' id='word_1_625' title='bbox 3033 2965 3321 3036; x_wconf 87' lang='lat' dir='ltr'><strong>spirituali,</strong></span> <span class='ocrx_word' id='word_1_626' title='bbox 3372 2966 3426 3021; x_wconf 87' lang='lat' dir='ltr'><strong>id</strong></span> <span class='ocrx_word' id='word_1_627' title='bbox 3477 2975 3578 3031; x_wconf 89' lang='lat' dir='ltr'><strong>est,</strong></span> 
     </span>
    </p>
   </div>
   <div class='ocr_carea' id='block_1_92' title="bbox 2007 3057 3583 3128">
    <p class='ocr_par' dir='ltr' id='par_1_92' title="bbox 2007 3057 3583 3128">
     <span class='ocr_line' id='line_1_92' title="bbox 2007 3057 3583 3128; baseline -0.003 -13"><span class='ocrx_word' id='word_1_628' title='bbox 2007 3059 2367 3115; x_wconf 90' lang='lat' dir='ltr'><strong>obstinatione</strong></span> <span class='ocrx_word' id='word_1_629' title='bbox 2395 3058 2675 3128; x_wconf 75' lang='lat' dir='ltr'><strong>peccan.fi,</strong></span> <span class='ocrx_word' id='word_1_630' title='bbox 2714 3065 2768 3111; x_wconf 89' lang='lat' dir='ltr'><strong>et</strong></span> <span class='ocrx_word' id='word_1_631' title='bbox 2794 3057 2938 3127; x_wconf 91' lang='lat' dir='ltr'><strong>ipsos</strong></span> <span class='ocrx_word' id='word_1_632' title='bbox 2971 3057 3122 3112; x_wconf 88' lang='lat' dir='ltr'><strong>verbi</strong></span> <span class='ocrx_word' id='word_1_633' title='bbox 3152 3057 3444 3122; x_wconf 89' lang='lat' dir='ltr'><strong>ministros,</strong></span> <span class='ocrx_word' id='word_1_634' title='bbox 3487 3073 3583 3127; x_wconf 88' lang='lat' dir='ltr'><strong>per</strong></span> 
     </span>
    </p>
   </div>
   <div class='ocr_carea' id='block_1_93' title="bbox 2010 3147 3583 3219">
    <p class='ocr_par' dir='ltr' id='par_1_93' title="bbox 2010 3147 3583 3219">
     <span class='ocr_line' id='line_1_93' title="bbox 2010 3147 3583 3219; baseline 0 -16"><span class='ocrx_word' id='word_1_635' title='bbox 2010 3157 2252 3219; x_wconf 87' lang='lat' dir='ltr'><strong>tempora</strong></span> <span class='ocrx_word' id='word_1_636' title='bbox 2304 3149 2679 3213; x_wconf 89' lang='lat' dir='ltr'><strong>deterioratos,</strong></span> <span class='ocrx_word' id='word_1_637' title='bbox 2730 3148 3035 3203; x_wconf 90' lang='lat' dir='ltr'><strong>testimonia</strong></span> <span class='ocrx_word' id='word_1_638' title='bbox 3073 3147 3224 3218; x_wconf 85' lang='lat' dir='ltr'><strong>legis,</strong></span> <span class='ocrx_word' id='word_1_639' title='bbox 3286 3163 3406 3213; x_wconf 64' lang='lat' dir='ltr'><strong>quae</strong></span> <span class='ocrx_word' id='word_1_640' title='bbox 3442 3147 3583 3203; x_wconf 89' lang='lat' dir='ltr'><strong>male</strong></span> 
     </span>
    </p>
   </div>
   <div class='ocr_carea' id='block_1_94' title="bbox 2008 3239 3577 3309">
    <p class='ocr_par' dir='ltr' id='par_1_94' title="bbox 2008 3239 3577 3309">
     <span class='ocr_line' id='line_1_94' title="bbox 2008 3239 3577 3309; baseline -0.001 -14"><span class='ocrx_word' id='word_1_641' title='bbox 2008 3240 2348 3309; x_wconf 89' lang='lat' dir='ltr'><strong>interpretari</strong></span> <span class='ocrx_word' id='word_1_642' title='bbox 2382 3241 2689 3305; x_wconf 87' lang='lat' dir='ltr'><strong>timuerant,</strong></span> <span class='ocrx_word' id='word_1_643' title='bbox 2714 3240 2854 3293; x_wconf 88' lang='lat' dir='ltr'><strong>male</strong></span> <span class='ocrx_word' id='word_1_644' title='bbox 2874 3246 3178 3308; x_wconf 89' lang='lat' dir='ltr'><strong>contempta</strong></span> <span class='ocrx_word' id='word_1_645' title='bbox 3205 3239 3307 3293; x_wconf 90' lang='lat' dir='ltr'><strong>sibi</strong></span> <span class='ocrx_word' id='word_1_646' title='bbox 3340 3239 3577 3293; x_wconf 88' lang='lat' dir='ltr'><strong>occasio-</strong></span> 
     </span>
    </p>
   </div>
   <div class='ocr_carea' id='block_1_95' title="bbox 2007 3327 3584 3397">
    <p class='ocr_par' dir='ltr' id='par_1_95' title="bbox 2007 3327 3584 3397">
     <span class='ocr_line' id='line_1_95' title="bbox 2007 3327 3584 3397; baseline -0.001 -13"><span class='ocrx_word' id='word_1_647' title='bbox 2007 3343 2132 3384; x_wconf 91' lang='lat' dir='ltr'><strong>nem</strong></span> <span class='ocrx_word' id='word_1_648' title='bbox 2170 3327 2361 3384; x_wconf 83' lang='lat' dir='ltr'><strong>fecisse</strong></span> <span class='ocrx_word' id='word_1_649' title='bbox 2387 3330 2575 3384; x_wconf 66' lang='lat' dir='ltr'><strong>ruinas.</strong></span> <span class='ocrx_word' id='word_1_650' title='bbox 2621 3328 2748 3383; x_wconf 74' lang='lat' dir='ltr'><strong>Hmc</strong></span> <span class='ocrx_word' id='word_1_651' title='bbox 2793 3337 2848 3383; x_wconf 93' lang='lat' dir='ltr'><strong>et</strong></span> <span class='ocrx_word' id='word_1_652' title='bbox 2877 3328 3036 3382; x_wconf 88' lang='lat' dir='ltr'><strong>hodie</strong></span> <span class='ocrx_word' id='word_1_653' title='bbox 3080 3327 3359 3382; x_wconf 89' lang='lat' dir='ltr'><strong>nobiscum</strong></span> <span class='ocrx_word' id='word_1_654' title='bbox 3389 3328 3584 3397; x_wconf 53' lang='lat' dir='ltr'><strong>sacpius</strong></span> 
     </span>
    </p>
   </div>
   <div class='ocr_carea' id='block_1_96' title="bbox 2008 3420 3583 3493">
    <p class='ocr_par' dir='ltr' id='par_1_96' title="bbox 2008 3420 3583 3493">
     <span class='ocr_line' id='line_1_96' title="bbox 2008 3420 3583 3493; baseline 0 -18"><span class='ocrx_word' id='word_1_655' title='bbox 2008 3422 2094 3493; x_wconf 87' lang='lat' dir='ltr'><strong>agi</strong></span> <span class='ocrx_word' id='word_1_656' title='bbox 2123 3422 2329 3476; x_wconf 89' lang='lat' dir='ltr'><strong>utinam</strong></span> <span class='ocrx_word' id='word_1_657' title='bbox 2376 3422 2753 3477; x_wconf 88' lang='lat' dir='ltr'><strong>nesciremus?</strong></span> <span class='ocrx_word' id='word_1_658' title='bbox 2800 3420 2909 3476; x_wconf 90' lang='lat' dir='ltr'><strong>Sed</strong></span> <span class='ocrx_word' id='word_1_659' title='bbox 2952 3428 3008 3474; x_wconf 93' lang='lat' dir='ltr'><strong>et</strong></span> <span class='ocrx_word' id='word_1_660' title='bbox 3043 3421 3302 3484; x_wconf 64' lang='lat' dir='ltr'><strong>haeretici,</strong></span> <span class='ocrx_word' id='word_1_661' title='bbox 3338 3430 3583 3489; x_wconf 85' lang='lat' dir='ltr'><strong>peccato-</strong></span> 
     </span>
    </p>
   </div>
   <div class='ocr_carea' id='block_1_97' title="bbox 2009 3508 3582 3581">
    <p class='ocr_par' dir='ltr' id='par_1_97' title="bbox 2009 3508 3582 3581">
     <span class='ocr_line' id='line_1_97' title="bbox 2009 3508 3582 3581; baseline -0.003 -16"><span class='ocrx_word' id='word_1_662' title='bbox 2009 3527 2130 3565; x_wconf 89' lang='lat' dir='ltr'><strong>rum</strong></span> <span class='ocrx_word' id='word_1_663' title='bbox 2163 3525 2385 3565; x_wconf 90' lang='lat' dir='ltr'><strong>suorum</strong></span> <span class='ocrx_word' id='word_1_664' title='bbox 2410 3517 2464 3565; x_wconf 87' lang='lat' dir='ltr'><strong>et</strong></span> <span class='ocrx_word' id='word_1_665' title='bbox 2498 3510 2596 3581; x_wconf 90' lang='lat' dir='ltr'><strong>ipsi</strong></span> <span class='ocrx_word' id='word_1_666' title='bbox 2618 3508 2815 3578; x_wconf 85' lang='lat' dir='ltr'><strong>jaculis</strong></span> <span class='ocrx_word' id='word_1_667' title='bbox 2840 3509 3126 3573; x_wconf 86' lang='lat' dir='ltr'><strong>cruentati,</strong></span> <span class='ocrx_word' id='word_1_668' title='bbox 3157 3524 3278 3563; x_wconf 90' lang='lat' dir='ltr'><strong>cum</strong></span> <span class='ocrx_word' id='word_1_669' title='bbox 3312 3509 3472 3563; x_wconf 88' lang='lat' dir='ltr'><strong>verba</strong></span> <span class='ocrx_word' id='word_1_670' title='bbox 3503 3510 3582 3564; x_wconf 87' lang='lat' dir='ltr'><strong>di-</strong></span> 
     </span>
    </p>
   </div>
   <div class='ocr_carea' id='block_1_98' title="bbox 2009 3599 3585 3671">
    <p class='ocr_par' dir='ltr' id='par_1_98' title="bbox 2009 3599 3585 3671">
     <span class='ocr_line' id='line_1_98' title="bbox 2009 3599 3585 3671; baseline -0.003 -15"><span class='ocrx_word' id='word_1_671' title='bbox 2009 3603 2257 3657; x_wconf 89' lang='lat' dir='ltr'><strong>vinorum</strong></span> <span class='ocrx_word' id='word_1_672' title='bbox 2280 3601 2612 3670; x_wconf 80' lang='lat' dir='ltr'><strong>eloquiorum</strong></span> <span class='ocrx_word' id='word_1_673' title='bbox 2642 3601 2697 3654; x_wconf 91' lang='lat' dir='ltr'><strong>in</strong></span> <span class='ocrx_word' id='word_1_674' title='bbox 2727 3607 3042 3671; x_wconf 89' lang='lat' dir='ltr'><strong>argumenta</strong></span> <span class='ocrx_word' id='word_1_675' title='bbox 3062 3599 3145 3653; x_wconf 89' lang='lat' dir='ltr'><strong>sui</strong></span> <span class='ocrx_word' id='word_1_676' title='bbox 3170 3599 3370 3653; x_wconf 87' lang='lat' dir='ltr'><strong>erroris</strong></span> <span class='ocrx_word' id='word_1_677' title='bbox 3394 3599 3585 3651; x_wconf 80' lang='lat' dir='ltr'><strong>immu-</strong></span> 
     </span>
    </p>
   </div>
   <div class='ocr_carea' id='block_1_99' title="bbox 2009 3690 3581 3759">
    <p class='ocr_par' dir='ltr' id='par_1_99' title="bbox 2009 3690 3581 3759">
     <span class='ocr_line' id='line_1_99' title="bbox 2009 3690 3581 3759; baseline -0.003 -11"><span class='ocrx_word' id='word_1_678' title='bbox 2009 3701 2145 3759; x_wconf 87' lang='lat' dir='ltr'><strong>tant,</strong></span> <span class='ocrx_word' id='word_1_679' title='bbox 2177 3707 2271 3747; x_wconf 91' lang='lat' dir='ltr'><strong>sua</strong></span> <span class='ocrx_word' id='word_1_680' title='bbox 2303 3693 2641 3747; x_wconf 88' lang='lat' dir='ltr'><strong>inimicorum</strong></span> <span class='ocrx_word' id='word_1_681' title='bbox 2693 3706 2846 3745; x_wconf 90' lang='lat' dir='ltr'><strong>arma</strong></span> <span class='ocrx_word' id='word_1_682' title='bbox 2897 3690 3144 3744; x_wconf 90' lang='lat' dir='ltr'><strong>morituri</strong></span> <span class='ocrx_word' id='word_1_683' title='bbox 3202 3696 3386 3743; x_wconf 89' lang='lat' dir='ltr'><strong>contra</strong></span> <span class='ocrx_word' id='word_1_684' title='bbox 3425 3703 3581 3743; x_wconf 87' lang='lat' dir='ltr'><strong>suum</strong></span> 
     </span>
    </p>
   </div>
   <div class='ocr_carea' id='block_1_100' title="bbox 2008 3778 3583 3851">
    <p class='ocr_par' dir='ltr' id='par_1_100' title="bbox 2008 3778 3583 3851">
     <span class='ocr_line' id='line_1_100' title="bbox 2008 3778 3583 3851; baseline -0.003 -14"><span class='ocrx_word' id='word_1_685' title='bbox 2008 3792 2198 3851; x_wconf 90' lang='lat' dir='ltr'><strong>pectus</strong></span> <span class='ocrx_word' id='word_1_686' title='bbox 2226 3783 2535 3847; x_wconf 89' lang='lat' dir='ltr'><strong>invertunt;</strong></span> <span class='ocrx_word' id='word_1_687' title='bbox 2591 3788 2640 3836; x_wconf 91' lang='lat' dir='ltr'><strong>et</strong></span> <span class='ocrx_word' id='word_1_688' title='bbox 2682 3779 2848 3834; x_wconf 87' lang='lat' dir='ltr'><strong>frater</strong></span> <span class='ocrx_word' id='word_1_689' title='bbox 2893 3779 3149 3850; x_wconf 87' lang='lat' dir='ltr'><strong>quilibet,</strong></span> <span class='ocrx_word' id='word_1_690' title='bbox 3199 3779 3363 3833; x_wconf 88' lang='lat' dir='ltr'><strong>etiam</strong></span> <span class='ocrx_word' id='word_1_691' title='bbox 3403 3778 3455 3832; x_wconf 92' lang='lat' dir='ltr'><strong>in</strong></span> <span class='ocrx_word' id='word_1_692' title='bbox 3492 3794 3583 3833; x_wconf 88' lang='lat' dir='ltr'><strong>ca-</strong></span> 
     </span>
    </p>
   </div>
   <div class='ocr_carea' id='block_1_101' title="bbox 2010 3873 3579 3942">
    <p class='ocr_par' dir='ltr' id='par_1_101' title="bbox 2010 3873 3579 3942">
     <span class='ocr_line' id='line_1_101' title="bbox 2010 3873 3579 3942; baseline 0 -15"><span class='ocrx_word' id='word_1_693' title='bbox 2010 3874 2204 3928; x_wconf 89' lang='lat' dir='ltr'><strong>tholica</strong></span> <span class='ocrx_word' id='word_1_694' title='bbox 2227 3888 2549 3942; x_wconf 90' lang='lat' dir='ltr'><strong>permanens</strong></span> <span class='ocrx_word' id='word_1_695' title='bbox 2577 3873 2798 3938; x_wconf 88' lang='lat' dir='ltr'><strong>unitate,</strong></span> <span class='ocrx_word' id='word_1_696' title='bbox 2850 3888 2971 3927; x_wconf 91' lang='lat' dir='ltr'><strong>cum</strong></span> <span class='ocrx_word' id='word_1_697' title='bbox 3001 3881 3173 3927; x_wconf 88' lang='lat' dir='ltr'><strong>artem</strong></span> <span class='ocrx_word' id='word_1_698' title='bbox 3205 3886 3579 3942; x_wconf 84' lang='lat' dir='ltr'><strong>quamcunque</strong></span> 
     </span>
    </p>
   </div>
   <div class='ocr_carea' id='block_1_102' title="bbox 2006 3963 3581 4034">
    <p class='ocr_par' dir='ltr' id='par_1_102' title="bbox 2006 3963 3581 4034">
     <span class='ocr_line' id='line_1_102' title="bbox 2006 3963 3581 4034; baseline 0.001 -17"><span class='ocrx_word' id='word_1_699' title='bbox 2006 3979 2106 4034; x_wconf 91' lang='lat' dir='ltr'><strong>pro</strong></span> <span class='ocrx_word' id='word_1_700' title='bbox 2128 3964 2400 4019; x_wconf 91' lang='lat' dir='ltr'><strong>communi</strong></span> <span class='ocrx_word' id='word_1_701' title='bbox 2427 3963 2713 4028; x_wconf 74' lang='lat' dir='ltr'><strong>Ecclesim,</strong></span> <span class='ocrx_word' id='word_1_702' title='bbox 2757 3978 3053 4033; x_wconf 88' lang='lat' dir='ltr'><strong>eorumque</strong></span> <span class='ocrx_word' id='word_1_703' title='bbox 3103 3964 3244 4017; x_wconf 91' lang='lat' dir='ltr'><strong>inter</strong></span> <span class='ocrx_word' id='word_1_704' title='bbox 3288 3979 3423 4033; x_wconf 89' lang='lat' dir='ltr'><strong>quas</strong></span> <span class='ocrx_word' id='word_1_705' title='bbox 3449 3966 3581 4019; x_wconf 76' lang='lat' dir='ltr'><strong>vivit</strong></span> 
     </span>
    </p>
   </div>
   <div class='ocr_carea' id='block_1_103' title="bbox 2009 4054 3581 4126">
    <p class='ocr_par' dir='ltr' id='par_1_103' title="bbox 2009 4054 3581 4126">
     <span class='ocr_line' id='line_1_103' title="bbox 2009 4054 3581 4126; baseline -0.001 -16"><span class='ocrx_word' id='word_1_706' title='bbox 2009 4056 2239 4111; x_wconf 88' lang='lat' dir='ltr'><strong>utilitate</strong></span> <span class='ocrx_word' id='word_1_707' title='bbox 2278 4055 2482 4119; x_wconf 88' lang='lat' dir='ltr'><strong>didicit,</strong></span> <span class='ocrx_word' id='word_1_708' title='bbox 2513 4055 2567 4109; x_wconf 91' lang='lat' dir='ltr'><strong>in</strong></span> <span class='ocrx_word' id='word_1_709' title='bbox 2605 4054 2890 4124; x_wconf 73' lang='lat' dir='ltr'><strong>superbiae,</strong></span> <span class='ocrx_word' id='word_1_710' title='bbox 2939 4054 3268 4119; x_wconf 76' lang='lat' dir='ltr'><strong>cenodoxim,</strong></span> <span class='ocrx_word' id='word_1_711' title='bbox 3311 4056 3581 4126; x_wconf 70' lang='lat' dir='ltr'><strong>philargy-</strong></span> 
     </span>
    </p>
   </div>
   <div class='ocr_carea' id='block_1_104' title="bbox 2009 4143 3576 4216">
    <p class='ocr_par' dir='ltr' id='par_1_104' title="bbox 2009 4143 3576 4216">
     <span class='ocr_line' id='line_1_104' title="bbox 2009 4143 3576 4216; baseline -0.001 -15"><span class='ocrx_word' id='word_1_712' title='bbox 2009 4147 2122 4212; x_wconf 58' lang='lat' dir='ltr'><strong>rise,</strong></span> <span class='ocrx_word' id='word_1_713' title='bbox 2169 4145 2457 4201; x_wconf 90' lang='lat' dir='ltr'><strong>alteriusve</strong></span> <span class='ocrx_word' id='word_1_714' title='bbox 2479 4143 2766 4213; x_wconf 83' lang='lat' dir='ltr'><strong>cujuslibet</strong></span> <span class='ocrx_word' id='word_1_715' title='bbox 2794 4144 2908 4199; x_wconf 84' lang='lat' dir='ltr'><strong>vitii</strong></span> <span class='ocrx_word' id='word_1_716' title='bbox 2944 4146 3262 4216; x_wconf 88' lang='lat' dir='ltr'><strong>contagione</strong></span> <span class='ocrx_word' id='word_1_717' title='bbox 3306 4146 3576 4215; x_wconf 89' lang='lat' dir='ltr'><strong>polluitur,</strong></span> 
     </span>
    </p>
   </div>
   <div class='ocr_carea' id='block_1_105' title="bbox 2009 4233 3577 4307">
    <p class='ocr_par' dir='ltr' id='par_1_105' title="bbox 2009 4233 3577 4307">
     <span class='ocr_line' id='line_1_105' title="bbox 2009 4233 3577 4307; baseline -0.001 -15"><span class='ocrx_word' id='word_1_718' title='bbox 2009 4250 2105 4292; x_wconf 91' lang='lat' dir='ltr'><strong>suo</strong></span> <span class='ocrx_word' id='word_1_719' title='bbox 2132 4251 2191 4291; x_wconf 92' lang='lat' dir='ltr'><strong>se</strong></span> <span class='ocrx_word' id='word_1_720' title='bbox 2221 4236 2384 4290; x_wconf 82' lang='lat' dir='ltr'><strong>miser</strong></span> <span class='ocrx_word' id='word_1_721' title='bbox 2407 4235 2582 4307; x_wconf 88' lang='lat' dir='ltr'><strong>gladio</strong></span> <span class='ocrx_word' id='word_1_722' title='bbox 2604 4233 2863 4300; x_wconf 80' lang='lat' dir='ltr'><strong>confodit,</strong></span> <span class='ocrx_word' id='word_1_723' title='bbox 2894 4235 3020 4306; x_wconf 89' lang='lat' dir='ltr'><strong>quia</strong></span> <span class='ocrx_word' id='word_1_724' title='bbox 3043 4236 3184 4305; x_wconf 89' lang='lat' dir='ltr'><strong>quod</strong></span> <span class='ocrx_word' id='word_1_725' title='bbox 3204 4234 3488 4292; x_wconf 87' lang='lat' dir='ltr'><strong>defendere</strong></span> <span class='ocrx_word' id='word_1_726' title='bbox 3510 4238 3577 4291; x_wconf 89' lang='lat' dir='ltr'><strong>ab</strong></span> 
     </span>
    </p>
   </div>
   <div class='ocr_carea' id='block_1_106' title="bbox 2008 4325 3077 4395">
    <p class='ocr_par' dir='ltr' id='par_1_106' title="bbox 2008 4325 3077 4395">
     <span class='ocr_line' id='line_1_106' title="bbox 2008 4325 3077 4395; baseline -0.003 -12"><span class='ocrx_word' id='word_1_727' title='bbox 2008 4328 2163 4383; x_wconf 91' lang='lat' dir='ltr'><strong>hoste</strong></span> <span class='ocrx_word' id='word_1_728' title='bbox 2190 4326 2470 4391; x_wconf 89' lang='lat' dir='ltr'><strong>debuerat,</strong></span> <span class='ocrx_word' id='word_1_729' title='bbox 2497 4326 2707 4380; x_wconf 90' lang='lat' dir='ltr'><strong>hostem</strong></span> <span class='ocrx_word' id='word_1_730' title='bbox 2725 4327 2905 4395; x_wconf 90' lang='lat' dir='ltr'><strong>potius</strong></span> <span class='ocrx_word' id='word_1_731' title='bbox 2921 4325 3077 4394; x_wconf 85' lang='lat' dir='ltr'><strong>juvit.</strong></span> 
     </span>
    </p>
   </div>
   <div class='ocr_carea' id='block_1_107' title="bbox 1928 4434 3573 4510">
    <p class='ocr_par' dir='ltr' id='par_1_107' title="bbox 1928 4434 3573 4510">
     <span class='ocr_line' id='line_1_107' title="bbox 1928 4434 3573 4510; baseline -0.001 -15"><span class='ocrx_word' id='word_1_732' title='bbox 1928 4434 1981 4495; x_wconf 92' lang='lat' dir='ltr'><strong>D</strong></span> <span class='ocrx_word' id='word_1_733' title='bbox 2074 4440 2282 4495; x_wconf 82' lang='lat' dir='ltr'><strong>Interiit</strong></span> <span class='ocrx_word' id='word_1_734' title='bbox 2309 4456 2427 4510; x_wconf 83' lang='lat' dir='ltr'><strong>ergo</strong></span> <span class='ocrx_word' id='word_1_735' title='bbox 2457 4438 2610 4505; x_wconf 87' lang='lat' dir='ltr'><strong>Saul,</strong></span> <span class='ocrx_word' id='word_1_736' title='bbox 2638 4448 2684 4493; x_wconf 86' lang='lat' dir='ltr'><strong>et</strong></span> <span class='ocrx_word' id='word_1_737' title='bbox 2722 4449 2824 4493; x_wconf 88' lang='lat' dir='ltr'><strong>tres</strong></span> <span class='ocrx_word' id='word_1_738' title='bbox 2852 4439 2953 4508; x_wconf 83' lang='lat' dir='ltr'><strong>ﬁlii</strong></span> <span class='ocrx_word' id='word_1_739' title='bbox 3000 4440 3137 4510; x_wconf 86' lang='lat' dir='ltr'><strong>ejus,</strong></span> <span class='ocrx_word' id='word_1_740' title='bbox 3175 4449 3224 4494; x_wconf 84' lang='lat' dir='ltr'><strong>et</strong></span> <span class='ocrx_word' id='word_1_741' title='bbox 3276 4442 3443 4495; x_wconf 89' lang='lat' dir='ltr'><strong>omnis</strong></span> <span class='ocrx_word' id='word_1_742' title='bbox 3485 4441 3573 4495; x_wconf 73' lang='lat' dir='ltr'><strong>do~</strong></span> 
     </span>
    </p>
   </div>
   <div class='ocr_carea' id='block_1_108' title="bbox 2001 4527 3576 4603">
    <p class='ocr_par' dir='ltr' id='par_1_108' title="bbox 2001 4527 3576 4603">
     <span class='ocr_line' id='line_1_108' title="bbox 2001 4527 3576 4603; baseline 0 -19"><span class='ocrx_word' id='word_1_743' title='bbox 2001 4547 2115 4584; x_wconf 86' lang='lat' dir='ltr'><strong>mus</strong></span> <span class='ocrx_word' id='word_1_744' title='bbox 2146 4528 2289 4583; x_wconf 88' lang='lat' dir='ltr'><strong>illius</strong></span> <span class='ocrx_word' id='word_1_745' title='bbox 2316 4530 2513 4599; x_wconf 79' lang='lat' dir='ltr'><strong>pariter</strong></span> <span class='ocrx_word' id='word_1_746' title='bbox 2538 4529 2785 4582; x_wconf 83' lang='lat' dir='ltr'><strong>concidit.</strong></span> <span class='ocrx_word' id='word_1_747' title='bbox 2818 4527 3044 4584; x_wconf 90' lang='lat' dir='ltr'><strong>Domum</strong></span> <span class='ocrx_word' id='word_1_748' title='bbox 3078 4529 3197 4600; x_wconf 85' lang='lat' dir='ltr'><strong>ejus</strong></span> <span class='ocrx_word' id='word_1_749' title='bbox 3222 4530 3425 4598; x_wconf 88' lang='lat' dir='ltr'><strong>pariter</strong></span> <span class='ocrx_word' id='word_1_750' title='bbox 3451 4546 3576 4603; x_wconf 81' lang='lat' dir='ltr'><strong>cpn-</strong></span> 
     </span>
    </p>
   </div>
   <div class='ocr_carea' id='block_1_109' title="bbox 1999 4620 3579 4689">
    <p class='ocr_par' dir='ltr' id='par_1_109' title="bbox 1999 4620 3579 4689">
     <span class='ocr_line' id='line_1_109' title="bbox 1999 4620 3579 4689; baseline -0.001 -12"><span class='ocrx_word' id='word_1_751' title='bbox 1999 4622 2196 4677; x_wconf 88' lang='lat' dir='ltr'><strong>cidisse</strong></span> <span class='ocrx_word' id='word_1_752' title='bbox 2239 4620 2390 4685; x_wconf 90' lang='lat' dir='ltr'><strong>dicit,</strong></span> <span class='ocrx_word' id='word_1_753' title='bbox 2442 4636 2549 4676; x_wconf 91' lang='lat' dir='ltr'><strong>non</strong></span> <span class='ocrx_word' id='word_1_754' title='bbox 2576 4620 2674 4685; x_wconf 88' lang='lat' dir='ltr'><strong>ita,</strong></span> <span class='ocrx_word' id='word_1_755' title='bbox 2722 4628 2783 4674; x_wconf 89' lang='lat' dir='ltr'><strong>ut</strong></span> <span class='ocrx_word' id='word_1_756' title='bbox 2818 4636 2923 4675; x_wconf 92' lang='lat' dir='ltr'><strong>non</strong></span> <span class='ocrx_word' id='word_1_757' title='bbox 2970 4628 3114 4676; x_wconf 88' lang='lat' dir='ltr'><strong>esset</strong></span> <span class='ocrx_word' id='word_1_758' title='bbox 3162 4620 3228 4675; x_wconf 90' lang='lat' dir='ltr'><strong>de</strong></span> <span class='ocrx_word' id='word_1_759' title='bbox 3254 4621 3448 4689; x_wconf 89' lang='lat' dir='ltr'><strong>quibus</strong></span> <span class='ocrx_word' id='word_1_760' title='bbox 3479 4622 3579 4677; x_wconf 89' lang='lat' dir='ltr'><strong>fuit</strong></span> 
     </span>
    </p>
   </div>
   <div class='ocr_carea' id='block_1_110' title="bbox 2000 4708 3576 4780">
    <p class='ocr_par' dir='ltr' id='par_1_110' title="bbox 2000 4708 3576 4780">
     <span class='ocr_line' id='line_1_110' title="bbox 2000 4708 3576 4780; baseline -0.001 -15"><span class='ocrx_word' id='word_1_761' title='bbox 2000 4710 2387 4775; x_wconf 70' lang='lat' dir='ltr'><strong>Mardochmus,</strong></span> <span class='ocrx_word' id='word_1_762' title='bbox 2433 4709 2528 4764; x_wconf 89' lang='lat' dir='ltr'><strong>sed</strong></span> <span class='ocrx_word' id='word_1_763' title='bbox 2575 4715 2636 4764; x_wconf 80' lang='lat' dir='ltr'><strong>ut</strong></span> <span class='ocrx_word' id='word_1_764' title='bbox 2682 4723 2789 4764; x_wconf 92' lang='lat' dir='ltr'><strong>non</strong></span> <span class='ocrx_word' id='word_1_765' title='bbox 2822 4716 3093 4780; x_wconf 85' lang='lat' dir='ltr'><strong>regnaret,</strong></span> <span class='ocrx_word' id='word_1_766' title='bbox 3154 4708 3447 4777; x_wconf 83' lang='lat' dir='ltr'><strong>ﬁguraliter</strong></span> <span class='ocrx_word' id='word_1_767' title='bbox 3484 4710 3576 4765; x_wconf 86' lang='lat' dir='ltr'><strong>de-</strong></span> 
     </span>
    </p>
   </div>
   <div class='ocr_carea' id='block_1_111' title="bbox 1999 4799 3576 4872">
    <p class='ocr_par' dir='ltr' id='par_1_111' title="bbox 1999 4799 3576 4872">
     <span class='ocr_line' id='line_1_111' title="bbox 1999 4799 3576 4872; baseline 0 -15"><span class='ocrx_word' id='word_1_768' title='bbox 1999 4810 2309 4857; x_wconf 88' lang='lat' dir='ltr'><strong>monstrans</strong></span> <span class='ocrx_word' id='word_1_769' title='bbox 2334 4841 2349 4865; x_wconf 94' lang='lat'><strong>,</strong></span> <span class='ocrx_word' id='word_1_770' title='bbox 2396 4809 2608 4871; x_wconf 86' lang='lat' dir='ltr'><strong>gentem</strong></span> <span class='ocrx_word' id='word_1_771' title='bbox 2646 4799 2951 4855; x_wconf 75' lang='lat' dir='ltr'><strong>Judmorum</strong></span> <span class='ocrx_word' id='word_1_772' title='bbox 2996 4814 3105 4855; x_wconf 91' lang='lat' dir='ltr'><strong>non</strong></span> <span class='ocrx_word' id='word_1_773' title='bbox 3144 4801 3319 4855; x_wconf 88' lang='lat' dir='ltr'><strong>solum</strong></span> <span class='ocrx_word' id='word_1_774' title='bbox 3352 4817 3576 4872; x_wconf 86' lang='lat' dir='ltr'><strong>regnum</strong></span> 
     </span>
    </p>
   </div>
   <div class='ocr_carea' id='block_1_112' title="bbox 2003 4891 3575 4966">
    <p class='ocr_par' dir='ltr' id='par_1_112' title="bbox 2003 4891 3575 4966">
     <span class='ocr_line' id='line_1_112' title="bbox 2003 4891 3575 4966; baseline -0.001 -18"><span class='ocrx_word' id='word_1_775' title='bbox 2003 4894 2322 4966; x_wconf 88' lang='lat' dir='ltr'><strong>perdidisse,</strong></span> <span class='ocrx_word' id='word_1_776' title='bbox 2364 4892 2458 4946; x_wconf 89' lang='lat' dir='ltr'><strong>sed</strong></span> <span class='ocrx_word' id='word_1_777' title='bbox 2494 4898 2548 4945; x_wconf 91' lang='lat' dir='ltr'><strong>et</strong></span> <span class='ocrx_word' id='word_1_778' title='bbox 2573 4891 2927 4961; x_wconf 89' lang='lat' dir='ltr'><strong>possessionis</strong></span> <span class='ocrx_word' id='word_1_779' title='bbox 2972 4905 3080 4946; x_wconf 57' lang='lat' dir='ltr'><strong>sua}</strong></span> <span class='ocrx_word' id='word_1_780' title='bbox 3101 4891 3298 4956; x_wconf 90' lang='lat' dir='ltr'><strong>locum,</strong></span> <span class='ocrx_word' id='word_1_781' title='bbox 3327 4907 3447 4961; x_wconf 83' lang='lat' dir='ltr'><strong>quae</strong></span> <span class='ocrx_word' id='word_1_782' title='bbox 3468 4909 3575 4948; x_wconf 86' lang='lat' dir='ltr'><strong>non</strong></span> 
     </span>
    </p>
   </div>
   <div class='ocr_carea' id='block_1_113' title="bbox 2006 4979 3575 5051">
    <p class='ocr_par' dir='ltr' id='par_1_113' title="bbox 2006 4979 3575 5051">
     <span class='ocr_line' id='line_1_113' title="bbox 2006 4979 3575 5051; baseline -0.002 -12"><span class='ocrx_word' id='word_1_783' title='bbox 2006 4984 2164 5039; x_wconf 89' lang='lat' dir='ltr'><strong>modo</strong></span> <span class='ocrx_word' id='word_1_784' title='bbox 2210 4982 2264 5036; x_wconf 90' lang='lat' dir='ltr'><strong>in</strong></span> <span class='ocrx_word' id='word_1_785' title='bbox 2306 4990 2449 5036; x_wconf 88' lang='lat' dir='ltr'><strong>terra</strong></span> <span class='ocrx_word' id='word_1_786' title='bbox 2494 4979 2750 5035; x_wconf 87' lang='lat' dir='ltr'><strong>Chanaan</strong></span> <span class='ocrx_word' id='word_1_787' title='bbox 2800 4980 3179 5051; x_wconf 87' lang='lat' dir='ltr'><strong>repromissam</strong></span> <span class='ocrx_word' id='word_1_788' title='bbox 3236 4981 3339 5036; x_wconf 88' lang='lat' dir='ltr'><strong>sibi</strong></span> <span class='ocrx_word' id='word_1_789' title='bbox 3376 4990 3575 5036; x_wconf 86' lang='lat' dir='ltr'><strong>terram</strong></span> 
     </span>
    </p>
   </div>
   <div class='ocr_carea' id='block_1_114' title="bbox 2004 5072 3577 5144">
    <p class='ocr_par' dir='ltr' id='par_1_114' title="bbox 2004 5072 3577 5144">
     <span class='ocr_line' id='line_1_114' title="bbox 2004 5072 3577 5144; baseline 0.001 -15"><span class='ocrx_word' id='word_1_790' title='bbox 2004 5090 2110 5129; x_wconf 92' lang='lat' dir='ltr'><strong>non</strong></span> <span class='ocrx_word' id='word_1_791' title='bbox 2144 5073 2400 5143; x_wconf 89' lang='lat' dir='ltr'><strong>possidet,</strong></span> <span class='ocrx_word' id='word_1_792' title='bbox 2437 5073 2532 5129; x_wconf 89' lang='lat' dir='ltr'><strong>sed</strong></span> <span class='ocrx_word' id='word_1_793' title='bbox 2565 5074 2623 5127; x_wconf 87' lang='lat' dir='ltr'><strong>in</strong></span> <span class='ocrx_word' id='word_1_794' title='bbox 2646 5074 2812 5129; x_wconf 88' lang='lat' dir='ltr'><strong>totius</strong></span> <span class='ocrx_word' id='word_1_795' title='bbox 2839 5072 2988 5128; x_wconf 87' lang='lat' dir='ltr'><strong>orbis</strong></span> <span class='ocrx_word' id='word_1_796' title='bbox 3008 5073 3250 5144; x_wconf 87' lang='lat' dir='ltr'><strong>dispersa</strong></span> <span class='ocrx_word' id='word_1_797' title='bbox 3275 5082 3360 5129; x_wconf 90' lang='lat' dir='ltr'><strong>est</strong></span> <span class='ocrx_word' id='word_1_798' title='bbox 3401 5075 3577 5131; x_wconf 82' lang='lat' dir='ltr'><strong>natio-</strong></span> 
     </span>
    </p>
   </div>
   <div class='ocr_carea' id='block_1_115' title="bbox 2003 5183 2118 5225">
    <p class='ocr_par' dir='ltr' id='par_1_115' title="bbox 2003 5183 2118 5225">
     <span class='ocr_line' id='line_1_115' title="bbox 2003 5183 2118 5225; baseline -0.009 -2"><span class='ocrx_word' id='word_1_799' title='bbox 2003 5183 2118 5225; x_wconf 90' lang='lat' dir='ltr'><strong>nes.</strong></span> 
     </span>
    </p>
   </div>
   <div class='ocr_carea' id='block_1_116' title="bbox 2074 5276 3574 5349">
    <p class='ocr_par' dir='ltr' id='par_1_116' title="bbox 2074 5276 3574 5349">
     <span class='ocr_line' id='line_1_116' title="bbox 2074 5276 3574 5349; baseline -0.003 -14"><span class='ocrx_word' id='word_1_800' title='bbox 2074 5280 2226 5347; x_wconf 85' lang='lat' dir='ltr'><strong>Quod</strong></span> <span class='ocrx_word' id='word_1_801' title='bbox 2254 5297 2371 5335; x_wconf 85' lang='lat' dir='ltr'><strong>cum</strong></span> <span class='ocrx_word' id='word_1_802' title='bbox 2400 5279 2647 5334; x_wconf 77' lang='lat' dir='ltr'><strong>vidissent</strong></span> <span class='ocrx_word' id='word_1_803' title='bbox 2687 5279 2788 5333; x_wconf 77' lang='lat' dir='ltr'><strong>viri</strong></span> <span class='ocrx_word' id='word_1_804' title='bbox 2822 5276 3013 5343; x_wconf 81' lang='lat' dir='ltr'><strong>Israel,</strong></span> <span class='ocrx_word' id='word_1_805' title='bbox 3050 5280 3140 5349; x_wconf 84' lang='lat' dir='ltr'><strong>qui</strong></span> <span class='ocrx_word' id='word_1_806' title='bbox 3170 5278 3472 5333; x_wconf 80' lang='lat' dir='ltr'><strong>habitabant</strong></span> <span class='ocrx_word' id='word_1_807' title='bbox 3517 5277 3574 5331; x_wconf 88' lang='lat' dir='ltr'><strong>in</strong></span> 
     </span>
    </p>
   </div>
   <div class='ocr_carea' id='block_1_117' title="bbox 2000 5366 3569 5443">
    <p class='ocr_par' dir='ltr' id='par_1_117' title="bbox 2000 5366 3569 5443">
     <span class='ocr_line' id='line_1_117' title="bbox 2000 5366 3569 5443; baseline -0.006 -15"><span class='ocrx_word' id='word_1_808' title='bbox 2000 5372 2391 5443; x_wconf 83' lang='lat' dir='ltr'><strong>campestribus,</strong></span> <span class='ocrx_word' id='word_1_809' title='bbox 2418 5370 2702 5441; x_wconf 77' lang='lat' dir='ltr'><strong>fugerunt;</strong></span> <span class='ocrx_word' id='word_1_810' title='bbox 2731 5377 2779 5422; x_wconf 85' lang='lat' dir='ltr'><strong>et</strong></span> <span class='ocrx_word' id='word_1_811' title='bbox 2810 5366 2939 5423; x_wconf 87' lang='lat' dir='ltr'><strong>Saul</strong></span> <span class='ocrx_word' id='word_1_812' title='bbox 2968 5377 3013 5421; x_wconf 91' lang='lat' dir='ltr'><strong>et</strong></span> <span class='ocrx_word' id='word_1_813' title='bbox 3038 5369 3164 5437; x_wconf 77' lang='lat' dir='ltr'><strong>ﬁliis</strong></span> <span class='ocrx_word' id='word_1_814' title='bbox 3186 5368 3299 5437; x_wconf 87' lang='lat' dir='ltr'><strong>ejus</strong></span> <span class='ocrx_word' id='word_1_815' title='bbox 3330 5366 3569 5429; x_wconf 84' lang='lat' dir='ltr'><strong>mortuis,</strong></span> 
     </span>
    </p>
   </div>
   <div class='ocr_carea' id='block_1_118' title="bbox 2000 5457 3572 5533">
    <p class='ocr_par' dir='ltr' id='par_1_118' title="bbox 2000 5457 3572 5533">
     <span class='ocr_line' id='line_1_118' title="bbox 2000 5457 3572 5533; baseline -0.006 -16"><span class='ocrx_word' id='word_1_816' title='bbox 2000 5464 2383 5533; x_wconf 81' lang='lat' dir='ltr'><strong>dereliquerunt</strong></span> <span class='ocrx_word' id='word_1_817' title='bbox 2432 5462 2585 5516; x_wconf 87' lang='lat' dir='ltr'><strong>urbes</strong></span> <span class='ocrx_word' id='word_1_818' title='bbox 2636 5477 2795 5526; x_wconf 85' lang='lat' dir='ltr'><strong>suas,</strong></span> <span class='ocrx_word' id='word_1_819' title='bbox 2839 5470 2890 5515; x_wconf 86' lang='lat' dir='ltr'><strong>et</strong></span> <span class='ocrx_word' id='word_1_820' title='bbox 2941 5462 3042 5514; x_wconf 86' lang='lat' dir='ltr'><strong>huc</strong></span> <span class='ocrx_word' id='word_1_821' title='bbox 3088 5460 3311 5529; x_wconf 80' lang='lat' dir='ltr'><strong>illucque</strong></span> <span class='ocrx_word' id='word_1_822' title='bbox 3354 5457 3572 5528; x_wconf 80' lang='lat' dir='ltr'><strong>dispersi</strong></span> 
     </span>
    </p>
   </div>
   <div class='ocr_carea' id='block_1_119' title="bbox 1999 5546 3568 5624">
    <p class='ocr_par' dir='ltr' id='par_1_119' title="bbox 1999 5546 3568 5624">
     <span class='ocr_line' id='line_1_119' title="bbox 1999 5546 3568 5624; baseline -0.007 -14"><span class='ocrx_word' id='word_1_823' title='bbox 1999 5564 2141 5610; x_wconf 84' lang='lat' dir='ltr'><strong>sunt.</strong></span> <span class='ocrx_word' id='word_1_824' title='bbox 2185 5552 2544 5624; x_wconf 76' lang='lat' dir='ltr'><strong>Veneruntque</strong></span> <span class='ocrx_word' id='word_1_825' title='bbox 2571 5550 2908 5615; x_wconf 81' lang='lat' dir='ltr'><strong>Philisthiim,</strong></span> <span class='ocrx_word' id='word_1_826' title='bbox 2944 5558 2990 5603; x_wconf 89' lang='lat' dir='ltr'><strong>et</strong></span> <span class='ocrx_word' id='word_1_827' title='bbox 3015 5550 3374 5601; x_wconf 73' lang='lat' dir='ltr'><strong>habitaverunt</strong></span> <span class='ocrx_word' id='word_1_828' title='bbox 3392 5546 3449 5600; x_wconf 87' lang='lat' dir='ltr'><strong>in</strong></span> <span class='ocrx_word' id='word_1_829' title='bbox 3473 5546 3568 5602; x_wconf 83' lang='lat' dir='ltr'><strong>eis.</strong></span> 
     </span>
    </p>
   </div>
   <div class='ocr_carea' id='block_1_120' title="bbox 2001 5636 3567 5714">
    <p class='ocr_par' dir='ltr' id='par_1_120' title="bbox 2001 5636 3567 5714">
     <span class='ocr_line' id='line_1_120' title="bbox 2001 5636 3567 5714; baseline -0.007 -13"><span class='ocrx_word' id='word_1_830' title='bbox 2001 5647 2257 5703; x_wconf 75' lang='lat' dir='ltr'><strong>Vidcntes</strong></span> <span class='ocrx_word' id='word_1_831' title='bbox 2291 5644 2489 5700; x_wconf 89' lang='lat' dir='ltr'><strong>indocti</strong></span> <span class='ocrx_word' id='word_1_832' title='bbox 2517 5643 2749 5714; x_wconf 89' lang='lat' dir='ltr'><strong>quique,</strong></span> <span class='ocrx_word' id='word_1_833' title='bbox 2791 5650 2847 5697; x_wconf 90' lang='lat' dir='ltr'><strong>et</strong></span> <span class='ocrx_word' id='word_1_834' title='bbox 2888 5637 3205 5696; x_wconf 86' lang='lat' dir='ltr'><strong>humilitatis</strong></span> <span class='ocrx_word' id='word_1_835' title='bbox 3245 5649 3375 5693; x_wconf 88' lang='lat' dir='ltr'><strong>vere</strong></span> <span class='ocrx_word' id='word_1_836' title='bbox 3396 5636 3567 5691; x_wconf 82' lang='lat' dir='ltr'><strong>medi-</strong></span> 
     </span>
    </p>
   </div>
  </div>
