3902 6146
301 304 411 363 525

944 294 1008 357 Β.
1048 296 1299 356 RABAM
1343 296 1556 352 MAURI
1596 292 1911 349 ARCiilEP.
1955 290 2262 348 MOGUNT.
2303 291 2585 349 OPERL‘M
2625 290 2803 349 PARS
2835 293 2875 347 ι.

3448 292 3558 349 524

304 414 537 477 cannna,
565 411 943 480 lavacrumque
970 406 1218 477 baptismi
1249 402 1499 458 salutaris
1541 402 1870 472 ignorantes,
1898 405 1950 464 Α
1975 402 2279 465 summovit,
2321 402 2478 470 ﬁdem
2506 405 2753 468 servavit,
2796 405 3053 474 accipiens
3081 422 3113 458 a
3164 406 3271 459 Deo
3302 420 3561 460 coronam

306 505 357 557 in
386 503 567 558 Iudaea
596 502 780 555 doctos
805 512 1045 569 quosque
1071 495 1463 566 magistrosque
1495 488 1873 573 itLeertamine

306 590 588 661 spirituali,
625 596 845 659 peccato
866 584 1249 655 triumphante,
1279 583 1533 646 devictos,
1562 578 1657 635 sed
1689 588 1742 634 et
1760 578 1875 633 vul-

304 698 401 754 gus
429 696 530 736 non
554 694 784 748 paucum
813 691 999 731 eorum
1022 689 1194 744 pravo
1229 673 1411 727 auditu
1433 686 1530 740 per
1551 669 1871 739 proximum,

303 779 657 842 persequente
700 766 1034 830 adversario,
1092 778 1123 818 a
1173 762 1352 831 prisca
1401 776 1511 815 sua:
1559 758 1875 814 constantia:

302 865 428 919 sede
456 862 715 932 fugatum,
759 867 813 911 et
840 858 938 927 ipsi
970 855 1255 911 confestim
1284 850 1545 921 majorum
1588 850 1740 903 ruina
1763 856 1876 902 tur-

302 955 430 1015 bati,
470 967 631 1019 opera
678 949 933 1001 virtutum
966 946 1167 1008 omnia,
1216 959 1280 998 ac
1305 940 1600 997 munimina
1637 938 1876 994 scientia:

301 1039 616 1112 spiritualis,
647 1053 765 1107 quae
795 1036 1113 1099 habuerant,
1140 1033 1437 1086 amiserunt
1462 1046 1476 1095 ;
1507 1035 1875 1097 veneruntque

299 1141 517 1203 peccata
540 1129 839 1200 gentilium,
868 1135 921 1181 et
942 1133 1133 1179 cuncta
1164 1121 1452 1177 incredulis
1468 1118 1669 1173 Judaeis
1699 1117 1874 1173 studia

298 1225 555 1277 virtutum
588 1234 838 1291 perversa
868 1215 1254 1270 inbabitatione
1280 1218 1653 1281 corruperunt.
1702 1208 1876 1264 Vene-

301 1325 528 1383 runtque
563 1306 822 1366 immundi
849 1309 1094 1378 spiritus,
1145 1315 1200 1360 et
1237 1303 1400 1361 corda
1429 1318 1550 1373 quae
1596 1300 1719 1356 ﬁdei
1746 1316 1874 1355 con-

299 1406 551 1460 stantiam
581 1404 852 1466 deserunt,
903 1406 1258 1469 occuparunt.
1313 1395 1409 1450 Vel
1438 1403 1585 1450 certe
1612 1401 1875 1449 venerunt

299 1506 505 1565 gentes,
558 1501 614 1547 et
661 1492 861 1560 optima
910 1489 1180 1559 quondam
1209 1484 1514 1542 Judaeorum
1546 1486 1722 1540 studia
1749 1500 1871 1541 cre-

297 1588 471 1641 dendo
517 1602 614 1641 sua
656 1584 918 1639 fecerunt:
966 1583 1097 1637 Nam
1142 1591 1196 1638 et
1243 1582 1367 1638 olim
1414 1582 1592 1637 divina
1638 1582 1869 1651 eloquia,

299 1694 415 1746 quae
446 1674 519 1730 illi
566 1686 671 1728 non
721 1686 882 1743 parva
915 1688 981 1727 ex
1028 1680 1182 1742 parte
1228 1672 1339 1739 jam
1382 1678 1509 1725 tunc
1544 1670 1865 1740 relinquere,

1966 491 2189 561 justitiaz
2221 492 2305 565 (II
2330 492 2444 547 Tim
2492 494 2600 565 IV);
2638 496 2793 559 hanc,
2833 495 3075 566 inquam,
3104 497 3293 552 militis
3315 495 3568 552 caelestis

1974 590 2305 637 armaturam
2331 582 2529 638 Judaeis
2559 592 2799 654 ereptam
2820 624 2835 650 ,
2886 585 3037 656 impii
3065 586 3271 656 decepti
3302 596 3357 642 et
3408 583 3566 641 deci-

1970 673 2181 741 pientcs
2208 672 2396 728 inferis
2420 673 2675 729 inducere
2701 673 2939 741 laribus,
2970 676 3075 731 hoc
3112 686 3200 730 est
3228 676 3440 747 eloquia
3475 672 3570 731 di-

1973 763 2097 817 vina
2132 763 2517 818 daemoniorum
2567 764 2827 820 doctrinis
2882 766 3218 836 aequiparare
3260 767 3558 822 contende-

1973 859 2117 905 runt.
2170 851 2322 918 Quod
2351 852 2556 906 duobus
2587 852 2760 907 modis
2806 867 2900 907 eos
2943 854 3119 923 egisse
3147 863 3201 908 et
3239 871 3396 925 agere
3424 871 3562 910 con—

1973 948 2100 1007 stat,
2155 957 2275 995 cum
2303 940 2384 995 vel
2417 941 2559 996 dicta
2610 942 2909 1012 spiritualia
2951 943 3244 999 carnaliter
3288 945 3561 1014 interpre-

1973 1032 2137 1087 tando
2179 1031 2421 1101 perversi
2464 1032 2797 1102 intelligunt,
2850 1034 3068 1088 easdem
3106 1018 3346 1102 litteras,
3397 1036 3559 1105 quasi

1973 1137 2304 1185 communes,
2357 1130 2415 1176 et
2453 1121 2599 1175 nulla
2642 1137 2876 1192 superna
2924 1124 3249 1179 auctoritate
3281 1123 3556 1191 sull'ultas,

1973 1221 2135 1284 prout
2172 1212 2377 1276 volunt,
2409 1212 2709 1279 ventilant;
2765 1223 2979 1284 gentem
3005 1229 3133 1268 vero
3161 1215 3333 1284 ipsam
3357 1212 3561 1269 Iudaea:

1973 1306 2161 1377 regni,
2210 1319 2336 1360 arce
2377 1305 2666 1374 privatam,
2718 1305 2872 1374 quasi
2907 1306 2975 1360 ad
3005 1305 3154 1360 nihili
3185 1305 3462 1360 redactam
3502 1316 3563 1360 et

1974 1399 2313 1473 inimicorum
2345 1397 2597 1465 potestati
2624 1410 2956 1461 concessam,
2984 1396 3038 1450 in
3073 1396 3308 1451 derisum
3334 1396 3437 1451 sibi
3466 1411 3563 1467 pa-

1973 1486 2078 1540 lam
2109 1485 2421 1555 deceptores
2440 1484 2818 1555 publicumque
2843 1499 3168 1554 proposuere
3184 1484 3558 1554 proverbium.

1972 1575 2126 1643 Quod
2168 1585 2242 1630 :st
2288 1575 2514 1646 ﬁgurate
2540 1590 2736 1644 corpus
2762 1573 2940 1630 Saulis
2972 1582 3280 1630 truncatum
3310 1575 3367 1629 in
3396 1590 3555 1630 muro

1970 1666 2225 1731 Bethsan,
2262 1666 2317 1721 id
2344 1675 2446 1731 est,
2482 1666 2667 1720 domus
2693 1665 2913 1731 inimici,
2963 1666 3269 1721 habendum
3317 1667 3561 1722 ostentui

298 1766 410 1835 ipsa
438 1766 543 1821 sibi
592 1765 933 1833 interpretari
965 1763 1227 1828 fecerunt,
1255 1771 1309 1817 et
1342 1770 1465 1816 tunc
1488 1762 1781 1832 projectam
1803 1762 1870 1815 ab
1897 1759 1945 1819 B
1973 1758 2221 1813 manibus
2275 1758 2617 1827 suspendisse
2668 1757 2935 1813 nefandis.
3007 1756 3113 1813 Sed
3159 1767 3215 1813 et
3266 1759 3556 1815 haereticos

297 1859 396 1923 eis,
456 1871 576 1912 eum
630 1856 760 1927 ipsis
815 1855 1040 1924 eloquiis
1091 1855 1284 1909 divinae
1339 1853 1661 1922 Scriptura),
1713 1852 1871 1906 ﬁdem

298 1946 494 2001 Christi
542 1952 928 2013 susceperunt,
985 1958 1049 1998 ac
1098 1943 1243 1997 velut
1295 1943 1646 1997 inhabitando
1695 1942 1870 2013 possi-

297 2038 421 2091 dent

367 2128 463 2179 Die
490 2128 648 2197 igitur
675 2126 837 2178 altero
881 2122 1204 2177 detrahentes
1234 2120 1552 2176 Philisthii'm
1581 2121 1745 2191 Spolia
1774 2138 1874 2175 cte-

295 2232 471 2270 sorum
506 2216 805 2267 invenerunt
845 2211 974 2267 Saul
999 2221 1045 2265 et
1069 2212 1206 2281 filios
1236 2212 1351 2282 ejus
1370 2212 1601 2280 jacentes
1626 2213 1682 2265 in
1702 2220 1874 2265 monte

296 2303 501 2359 Gelboe.
537 2301 767 2374 Cumque
801 2301 1109 2372 spoliassent
1140 2318 1280 2367 eum,
1327 2310 1375 2356 et
1404 2311 1759 2372 amputassent
1787 2319 1874 2357 ca-

294 2403 383 2461 put
421 2394 681 2462 armisque
716 2392 1026 2453 nudassent,
1080 2391 1332 2446 miserunt
1381 2392 1438 2445 in
1487 2401 1680 2445 terram
1723 2409 1873 2446 suam

296 2494 350 2537 ut
386 2482 808 2550 circumferretur
828 2492 873 2535 et
902 2481 1258 2535 ostenderetur
1296 2480 1558 2536 idolorum
1584 2483 1785 2552 templis
1811 2500 1873 2536 ac

295 2570 521 2642 populis.
588 2570 747 2622 Arma
799 2579 972 2622 autem
1019 2569 1133 2638 ejus
1171 2581 1599 2624 consecraverunt
1649 2571 1704 2624 in
1750 2570 1872 2641 fano

294 2661 392 2713 Dei
426 2661 528 2724 sui,
575 2669 623 2712 et
669 2668 820 2729 caput
860 2661 1135 2729 afﬁxerunt
1179 2660 1234 2714 in
1280 2660 1469 2731 templo
1519 2662 1726 2733 Dagon.
1776 2661 1875 2718 Hic

295 2751 523 2820 quaestio
546 2752 716 2805 oritur
745 2765 758 2804 :
791 2751 915 2820 quia
952 2751 1005 2805 in
1028 2750 1236 2820 Regum
1263 2752 1522 2821 scriptum
1548 2762 1631 2808 est
1660 2752 1710 2824 (1
1738 2751 1868 2824 Reg.

298 2840 471 2911 χιιι),
500 2840 640 2909 quod
662 2854 857 2908 corpus
880 2839 1045 2910 ipsius
1061 2839 1189 2894 Saul
1210 2844 1606 2910 suspenderunt
1635 2842 1689 2896 in
1714 2857 1872 2898 muro

296 2929 551 2994 Bethsan,
607 2944 713 2983 non
753 2939 916 2998 caput
965 2927 1250 2984 aﬁixerunt
1308 2932 1362 2985 in
1407 2931 1604 3000 templo
1651 2933 1872 3002 Dagon;

299 3035 424 3074 nam
453 3028 612 3090 caput
635 3019 747 3089 jam
800 3020 1059 3081 miserant
1084 3021 1139 3074 in
1189 3028 1389 3076 terram
1430 3020 1874 3077 Philistbinorum

1973 1857 2317 1918 peccatorum
2342 1849 2761 1919 prtecedentium
2800 1849 3009 1918 sagittis
3039 1857 3238 1905 stratos
3270 1865 3393 1906 cum
3423 1866 3562 1921 pra:-

1975 1941 2111 1995 sidio
2139 1941 2442 2005 cbaritatis,
2474 1956 2591 2009 qua:
2613 1955 2707 1994 arx
2737 1948 2820 1996 est
2841 1941 3097 1994 virtutum
3123 1941 3383 2006 omnium,
3418 1940 3563 1997 frau-

1975 2031 2127 2096 dant,
2150 2031 2306 2100 quasi
2352 2038 2512 2100 caput
2541 2030 2669 2085 Saul
2698 2031 2960 2086 immundi
2987 2031 3207 2101 spiritus
3233 2033 3558 2102 prmcidunt,

1975 2137 2096 2175 cum
2132 2137 2287 2176 suum
2309 2122 2478 2192 magis
2505 2138 2666 2192 quam
2701 2121 2992 2193 Scriptura":
3015 2138 3230 2179 sensum
3257 2126 3407 2194 sequi
3435 2140 3563 2196 per-

1974 2212 2221 2267 suadent.
2264 2210 2446 2266 Armis
2483 2211 2805 2281 exspoliant,
2848 2228 2969 2267 cum
3005 2212 3184 2268 divina
3228 2213 3443 2285 eloquia
3488 2216 3560 2270 ad

1975 2315 2151 2365 suum,
2203 2301 2256 2355 id
2290 2307 2391 2366 est,
2438 2302 2788 2356 dmmonicum
2839 2316 3053 2357 sensum
3093 2312 3333 2358 vertunt.
3385 2304 3560 2359 Arma

1975 2389 2103 2444 Saul
2146 2390 2198 2444 in
2240 2391 2436 2460 templo
2477 2391 2731 2446 Astarotb
2780 2399 3025 2460 ponunt;
3073 2392 3326 2448 Astarotb
3360 2394 3561 2465 quippe

1974 2496 2080 2535 non
2110 2482 2283 2536 solum
2308 2482 2506 2538 idolum
2529 2492 2630 2548 est,
2659 2482 2753 2538 sed
2774 2483 2961 2548 etiam,
2989 2485 3112 2555 quia
3140 2484 3346 2553 factura
3374 2485 3560 2555 explo-

1974 2581 2208 2627 ratorum
2255 2573 2683 2644 interpretatur,
2729 2574 3033 2629 doctrinam
3084 2573 3349 2644 signiﬁcat
3399 2575 3562 2647 spiri-

1975 2670 2126 2718 tuum
2165 2663 2543 2733 malignorum,
2576 2664 2667 2733 qui
2702 2663 2884 2719 caulas
2941 2663 3179 2719 ﬁdelium
3220 2664 3560 2720 circumeun-

1974 2760 2076 2818 tes,
2104 2753 2363 2821 quotidie,
2410 2753 2587 2823 siquid
2624 2753 2750 2808 inde
2779 2754 3039 2809 devorare
3068 2762 3326 2825 possunt,
3372 2754 3562 2824 explo-

1974 2848 2115 2896 rant.
2171 2841 2304 2895 Cum
2338 2857 2503 2911 opera
2540 2842 2655 2912 ipsa
2680 2882 2696 2910 ,
2746 2843 2941 2912 quibus
2970 2844 3080 2898 Deo
3110 2844 3438 2910 servierant,
3490 2845 3561 2900 ad

1973 2945 2069 2985 sua
2097 2930 2447 3002 malignitatis
2475 2932 2732 3001 obsequia
2779 2933 2897 2987 dira
2925 2941 3234 3002 permutant
3258 2974 3273 3000 ,
3312 2935 3562 2990 membra

1972 3020 2229 3075 nimirum
2258 3020 2394 3077 lucis
2422 3029 2478 3077 et
2506 3023 2911 3093 vitaexpertia,
2963 3023 3017 3078 in
3047 3039 3202 3080 muro
3233 3024 3428 3081 domus
3456 3024 3561 3080 ini-

296 3123 393 3180 per
428 3108 731 3174 circuitum,
778 3116 837 3161 ut
863 3109 1271 3164 annuntiaretur
1301 3110 1356 3164 in
1383 3111 1577 3180 templo
1608 3111 1869 3167 idolorum
1897 3130 1942 3194 ρ
1974 3108 2099 3164 mici
2126 3112 2476 3180 suspendunt.

297 3208 351 3256 et
377 3201 431 3254 in
453 3199 678 3269 populis.
728 3197 835 3253 Sed
869 3200 1042 3270 potuit
1068 3199 1183 3254 ﬁeri
1221 3201 1362 3270 quod
1390 3200 1680 3257 Pbilisthtei
1710 3209 1870 3272 caput

300 3292 428 3347 Saul
456 3292 687 3361 primum
718 3290 986 3345 aliixerint
1016 3291 1229 3361 Dagon,
1265 3292 1457 3346 deinde
1497 3293 1622 3347 illud
1646 3292 1871 3348 afferen-

300 3391 380 3438 tes
412 3383 808 3437 transmiserint
842 3383 1114 3438 l'erendum
1168 3399 1263 3453 per
1301 3384 1512 3440 diversa
1563 3386 1678 3442 loca
1713 3395 1870 3441 terra:

298 3487 431 3538 suze,
494 3487 653 3527 causa
719 3473 1032 3527 ostendendi
1094 3473 1372 3543 triumphi.
1434 3474 1606 3531 Aliter
1658 3491 1872 3547 quoque

299 3565 532 3620 Bethsan
561 3563 769 3617 Hebraei
795 3563 1015 3617 tradunt
1043 3576 1288 3618 vocatam
1315 3580 1435 3620 esse
1460 3566 1627 3637 ipsam
1655 3568 1870 3621 domum

297 3656 500 3726 Dagon,
539 3668 659 3723 qua:
685 3654 1070 3722 interpretatur
1106 3653 1292 3709 domus
1331 3655 1656 3720 dormientis,
1690 3657 1872 3726 ibique

297 3754 458 3816 caput
477 3745 563 3800 vel
593 3760 789 3814 corpus
808 3744 937 3800 Saul
961 3761 1278 3815 suspensum
1304 3762 1441 3803 esse.
1472 3747 1590 3803 Alia
1620 3757 1704 3805 est
1727 3750 1871 3804 enim

300 3835 532 3889 Bethsan
571 3834 624 3888 in
654 3834 902 3889 Judicum
933 3844 987 3889 et
1017 3836 1070 3889 in
1093 3834 1287 3903 Iosue,
1332 3852 1452 3907 qua:
1490 3838 1874 3909 interpretatur

298 3927 481 3979 domus
507 3927 801 3979 securitatis
828 3924 965 3997 (Jos.
998 3942 1105 3980 xvn
1133 3944 1146 3990 ;
1192 3926 1324 3981 Jud.
1348 3929 1407 3997 I).
1444 3929 1594 3994 Quod
1618 3945 1746 4000 ergo
1776 3946 1871 3986 oc-

299 4013 399 4068 cisi
428 4012 745 4082 Saulcaput
771 4013 823 4066 in
871 4014 1069 4083 templo
1114 4016 1293 4085 Dagon
1322 4016 1643 4071 Pbilisthiim
1692 4019 1875 4074 aliixe-

299 4112 445 4168 runt,
492 4104 619 4173 quid
652 4102 792 4158 aliud
837 4104 1189 4171 spiritualiter
1224 4106 1512 4175 signiﬁcat,
1541 4124 1700 4176 quam
1730 4109 1874 4177 quod

299 4193 518 4264 maligni
565 4192 785 4263 spiritus
810 4193 1043 4246 animam
1076 4210 1195 4263 qua:
1225 4194 1278 4248 in
1316 4196 1623 4265 superbiam
1661 4199 1876 4253 decide-

300 4283 372 4337 rit
395 4292 450 4337 et
480 4291 817 4352 peccatorum
843 4291 1199 4352 mortem,pro
1228 4293 1381 4337 reatu
1406 4299 1523 4349 suo,
1550 4285 1601 4338 in
1620 4286 1874 4356 abyssum

299 4374 618 4445 demergunt
647 4372 874 4427 inferni?
900 4371 1081 4444 Dagon
1123 4374 1268 4427 enim
1305 4375 1687 4444 interpretatur
1716 4378 1873 4447 piscis

2044 3199 2159 3255 Hoc
2182 3217 2300 3253 cum
2325 3200 2593 3256 audissent
2636 3201 2734 3256 viri
2757 3202 2917 3258 labes
2944 3201 3176 3269 Galaad,
3209 3220 3384 3259 omnia
3411 3205 3558 3259 scili-

1969 3291 2087 3345 licet
2130 3307 2248 3360 qua:
2292 3289 2613 3346 Philisthiim
2657 3293 2889 3363 fecerunt
2934 3310 3090 3365 super
3131 3293 3281 3361 Saul,
3337 3312 3560 3349 consur—

1969 3390 2212 3434 rexerunt
2233 3380 2427 3451 singuli
2449 3382 2677 3435 virorum
2699 3381 2937 3452 fortium,
2971 3393 3020 3437 et
3044 3382 3273 3437 tulerunt
3297 3383 3559 3438 cadavera

1971 3469 2102 3526 Saul
2138 3480 2187 3525 et
2219 3470 2453 3541 ﬁliorum
2490 3472 2625 3541 ejus,
2671 3472 3060 3544 attuleruntque
3102 3490 3163 3527 ea
3195 3471 3250 3527 in
3273 3471 3454 3538 labes,
3481 3490 3564 3528 se-

1972 3560 2327 3633 pelieruntque
2360 3579 2480 3616 ossa
2519 3579 2697 3617 eorum
2730 3563 2908 3618 subter
2938 3579 3204 3635 quercum,
3227 3579 3344 3634 qua:
3363 3572 3474 3616 erat
3504 3565 3563 3616 in

1968 3650 2148 3707 Iabes.
2200 3650 2385 3717 labes,
2448 3668 2567 3724 qua:
2598 3653 2985 3722 interpretatur
3034 3655 3317 3717 exsiccata,
3375 3652 3561 3706 Eccle—

1971 3743 2109 3797 siam
2145 3742 2435 3812 signiﬁcat,
2464 3758 2627 3812 quam
2649 3743 2718 3797 ab
2743 3742 2889 3799 omni
2920 3742 3154 3797 carnalis
3181 3741 3566 3811 concupiscen-

1972 3832 2062 3886 tia:
2096 3830 2262 3897 ﬂuxu,
2288 3833 2356 3887 ab
2378 3834 2526 3887 omni
2570 3833 2978 3904 inquinamento
3006 3833 3189 3888 carnis
3223 3848 3285 3887 ac
3311 3832 3558 3901 spiritus,

1971 3920 2151 3976 fervor
2172 3922 2394 3993 iustitia:
2420 3921 2578 3990 Solis,
2609 3924 2713 3978 hoc
2741 3930 2847 3988 est,
2879 3922 3136 3993 aspiratio
3160 3921 3324 3977 divini
3356 3930 3562 3990 tempe-

1974 4021 2058 4066 rat
2082 4013 2321 4068 amoris:
2352 4014 2494 4067 unde
2527 4025 2672 4067 recte
2722 4013 2845 4068 talis
2881 4014 2935 4066 in
2963 4024 3134 4066 monte
3157 4013 3258 4066 sita
3299 4010 3563 4066 describi-

1975 4113 2062 4157 tur
2084 4104 2295 4175 (Matth.
2322 4104 2396 4175 ν),
2434 4107 2623 4173 etipse
2650 4105 2856 4160 Galaad
2891 4122 3103 4159 acervus
3142 4105 3425 4159 testimonii
3467 4118 3563 4157 vo-
3642 4136 3649 4141 -

1974 4206 2150 4260 catur,
2180 4204 2240 4249 ut
2268 4195 2535 4267 signiﬁcet
2562 4197 3001 4252 sublimissimam
3032 4204 3339 4251 sanctorum
3369 4195 3559 4259 vitam,

1975 4297 2042 4337 ne
2063 4284 2128 4337 ad
2158 4299 2398 4339 errorem
2417 4283 2555 4338 ﬂecti
2591 4285 2782 4354 possit,
2809 4286 3017 4340 idoneis
3046 4286 3443 4355 Scripturarum
3478 4294 3559 4341 te-

1976 4375 2243 4429 stimoniis
2299 4390 2420 4429 esse
2470 4374 2759 4430 ﬁrmatam.
2815 4376 2935 4446 Ipsa
2988 4386 3169 4432 autem
3208 4386 3291 4432 est
3342 4377 3559 4440 civitas,

299 4465 565 4529 tristitiae;
617 4474 671 4519 et
701 4464 892 4519 merito
932 4465 1095 4535 piscis
1132 4465 1365 4519 tristitia:
1388 4475 1730 4536 nuncupatur
1757 4471 1871 4538 qui,
1899 4477 1950 4536 ι)
1975 4482 2137 4536 quam
2163 4466 2217 4519 in
2244 4465 2499 4534 auspiciis
2528 4468 2610 4521 sui
2637 4467 2786 4538 regni
2815 4465 2965 4532 Saul,
3010 4483 3135 4522 cum
3164 4467 3341 4521 adhuc
3367 4466 3559 4520 humili

301 4559 355 4611 in
386 4556 639 4626 abyssum
667 4556 943 4610 demersus
987 4555 1202 4619 inferni,
1236 4554 1473 4612 dolorem
1503 4560 1690 4614 aeterni
1711 4561 1874 4615 sentit

301 4647 591 4702 cruciatus.
651 4646 832 4714 Usque
861 4646 995 4699 adeo
1020 4653 1362 4713 corruptores
1390 4646 1472 4700 vel
1507 4648 1750 4703 homines
1789 4649 1874 4704 vel

303 4739 574 4791 dmmones
615 4733 854 4788 Judaeam
900 4736 1192 4803 impietatis
1220 4736 1386 4790 armis
1415 4739 1684 4806 persecuti
1728 4749 1871 4806 sunt,

302 4828 473 4883 donec
497 4826 672 4895 ipsum
720 4824 834 4880 veri
869 4826 1019 4895 regni
1048 4825 1341 4895 principale
1386 4827 1642 4883 radicitus
1671 4830 1875 4885 adime-

305 4931 443 4986 rent,
490 4921 789 4974 munimina
816 4919 950 4990 legis
988 4934 1191 4985 sacrae,
1248 4919 1441 4989 quibus
1484 4930 1672 4977 contra
1697 4923 1877 4977 omnia

305 5014 528 5070 adversa
555 5013 934 5083 praevalebant,
964 5013 1251 5082 eriperent.
1283 5012 1447 5081 Cujus
1475 5028 1599 5068 mox
1629 5012 1880 5082 dejectio-

304 5104 619 5174 nem,quasi
650 5104 850 5173 proprii
876 5104 1086 5175 signum
1115 5103 1390 5173 triumphi,
1420 5105 1635 5173 proprie
1659 5120 1877 5160 causam

303 5196 501 5253 laetitia:
563 5195 675 5248 suis
717 5194 873 5262 longe
915 5195 1127 5265 lateque
1152 5195 1500 5265 complicibus
1525 5236 1539 5261 ,
1592 5195 1733 5251 fama
1758 5198 1876 5252 vul-

303 5296 482 5360 gante,
522 5299 776 5356 spargere
806 5284 1158 5351 festinarunt,
1216 5293 1270 5341 et
1295 5286 1360 5341 ad
1390 5298 1735 5358 augmentum
1765 5304 1880 5344 sce-

303 5381 428 5435 leris
459 5386 788 5433 armaturam
819 5378 934 5443 Dei,
968 5393 1128 5446 quam
1158 5379 1346 5434 beatus
1383 5379 1658 5448 apostolus
1681 5379 1878 5435 Paulus

303 5481 359 5527 et
391 5487 512 5528 nos.
538 5468 786 5524 adversus
836 5468 1132 5537 spiritualia
1184 5470 1425 5539 nequitia:
1484 5471 1538 5523 in
1593 5471 1877 5525 ctelestibus

304 5561 517 5631 (Ep/tes.
565 5561 663 5633 vt),
722 5560 1044 5615 militaturos
1080 5560 1302 5615 induere
1350 5562 1610 5631 prmcipit,
1656 5571 1712 5614 et
1763 5562 1877 5631 ipse

304 5658 450 5721 prior
483 5653 699 5708 indutus
727 5651 917 5706 bonum
945 5660 1201 5704 certamen
1240 5650 1468 5716 certavit,
1497 5666 1705 5705 cursum
1747 5666 1874 5704 con-

1973 4559 2171 4627 pietate
2185 4558 2409 4613 Domino
2436 4559 2682 4624 serviret,
2713 4558 2781 4612 ab
2807 4558 3039 4614 hostium
3070 4558 3348 4613 obsidione
3368 4557 3563 4612 libem-

1973 4648 2069 4701 vit.
2095 4647 2226 4702 Cum
2250 4665 2370 4718 ergo
2399 4649 2664 4703 audissent
2686 4649 2999 4704 habitatores
3019 4648 3054 4703 Ι
3058 4650 3177 4704 abes
3194 4648 3398 4703 Galaad
3419 4665 3561 4719 qua:-

1976 4755 2176 4810 cunque
2201 4739 2429 4809 fecerunt
2467 4737 2787 4794 Philisthiim
2815 4739 2965 4804 Saul,
2996 4749 3335 4794 surrexerunt
3378 4755 3557 4793 omnes

1976 4828 2074 4880 viri
2099 4828 2393 4897 fortissimi,
2432 4837 2537 4883 etc.
2590 4830 2725 4884 Cum
2767 4831 3044 4885 audissent
3072 4831 3407 4885 habitatores
3430 4831 3560 4884 civi—

1981 4922 2107 4975 tatis
2135 4921 2336 4976 Christi
2364 4937 2525 4991 super
2546 4933 2782 4978 montcm
2806 4926 3016 4994 positae,
3050 4923 3308 4990 Iudaeam,
3353 4940 3423 4980 ex
3448 4941 3557 4996 qua

1981 5010 2083 5065 sibi
2112 5011 2165 5064 in
2184 5011 2509 5080 patriarchis
2536 5020 2590 5065 et
2618 5012 2873 5082 apostolis
2894 5027 3171 5083 praecones
3196 5024 3253 5067 et
3276 5014 3557 5068 ministros

1981 5100 2171 5155 salutis
2220 5101 2500 5155 advenisse
2543 5102 2938 5167 meminerunt,
2985 5118 3014 5156 a
3040 5104 3286 5173 gentibus
3314 5111 3558 5157 contem-

1979 5200 2150 5260 ptam,
2178 5191 2524 5261 habitumque
2548 5193 2770 5257 derisui,
2796 5202 3149 5248 surrexerunt
3171 5194 3224 5248 in
3249 5208 3383 5263 opus
3403 5194 3554 5250 verbi

1980 5296 2169 5338 omnes
2201 5282 2429 5337 viriliter
2473 5297 2632 5350 agere
2677 5283 3009 5353 gaudentes:
3061 5293 3116 5338 et
3168 5284 3310 5337 inter
3349 5283 3555 5337 medias

1982 5375 2276 5430 errantium
2315 5375 2563 5429 tenebras
2606 5375 2706 5442 ipsi
2756 5376 3012 5429 virtutum
3065 5378 3169 5428 iter
3216 5372 3553 5427 ambulantes

1982 5466 2371 5537 prohibuerunt
2416 5468 2483 5518 de
2510 5464 2722 5518 illorum
2752 5480 2900 5528 casu,
2926 5480 3155 5534 quorum
3178 5463 3372 5518 delicto
3409 5462 3553 5518 salus

1982 5559 2228 5630 gentibus
2251 5557 2371 5610 data
2395 5564 2508 5621 est,
2541 5556 2696 5624 quasi
2724 5555 2790 5608 ad
2817 5554 3011 5610 diaboli
3040 5555 3258 5609 domum
3285 5554 3552 5624 pertinen-

1983 5651 2135 5711 tium,
2166 5646 2371 5718 publica
2404 5645 2749 5700 insultatione
2772 5644 2957 5699 ltetari.
3014 5645 3167 5711 Quod
3211 5646 3255 5698 si
3281 5643 3547 5708 delibatio,
