3902 6146
300 308 407 365 3'25

1225 298 1576 357 COMMENT.
1619 299 1684 353 Di
1724 289 2270 352 ΡᾹΠᾹΙᾸΡΟΜΕΝᾹ.
2312 323 2381 332 --
2418 288 2543 346 LIB.
2586 292 2625 346 l.

3460 284 3564 346 396

298 420 596 493 (inquiunt)
646 427 832 472 sancta
871 424 968 479 est,
1019 423 1064 466 et
1095 429 1287 466 massa.
1338 408 1405 464 Et
1453 412 1498 464 si
1526 410 1679 464 radia:
1710 416 1892 463 sancta
1920 408 1967 468 Α
1995 405 2300 474 ptenarium
2344 404 2552 458 dierum
2581 416 2864 457 numerum
2901 403 3092 467 currit,
3148 401 3199 455 in
3236 403 3564 457 continentia

297 524 344 564 et
378 509 528 563 rami.
569 506 724 575 Quod
753 507 801 559 si
827 504 990 573 aliqui
1012 518 1076 555 ea:
1099 501 1257 554 ramis
1273 499 1429 569 fracti
1451 509 1592 564 sunt,
1616 509 1669 551 tu
1694 507 1887 560 autem,

299 617 416 654 cum
447 598 672 653 oleaster
696 612 854 659 esses,
894 594 1119 647 insertus
1148 607 1201 644 es
1232 590 1359 654 illis,
1405 600 1451 643 et
1480 591 1649 642 socius
1697 587 1890 641 radicis

298 703 345 744 et
381 688 716 759 pinguedinis
743 685 894 739 oliva:
923 684 1096 754 [actus
1120 699 1193 746 es,
1245 680 1353 735 noli
1379 681 1596 751 gloriari
1643 680 1888 733 adversus

300 798 499 845 ramos,
539 788 595 833 et
618 785 839 843 caetera,
867 791 985 845 quae
1012 773 1298 844 Apostolus
1342 772 1407 825 ad
1453 771 1722 825 Romanos
1750 770 1888 823 miro

300 888 364 926 ac
389 869 675 939 multiplici
706 882 953 923 sermone
978 864 1202 935 digessit
1241 862 1417 933 (Rom.
1451 861 1550 931 ιι).
1613 858 1885 914 Cadavcra

300 964 566 1027 carnales,
591 963 708 1016 sive
730 958 991 1022 carnalia,
1021 971 1144 1011 ossa
1172 955 1421 1010 fortiores
1444 967 1683 1022 quosque
1705 959 1758 1004 et
1778 950 1887 1003 vir-

302 1068 472 1111 tutum
496 1070 661 1125 opera
697 1052 1002 1121 designant.
1048 1048 1182 1104 Ossa
1222 1048 1276 1102 in
1305 1060 1521 1101 nemore
1552 1042 1713 1097 Jabcs
1739 1056 1887 1111 sepe-

298 1149 515 1211 lierunt,
548 1159 696 1207 cum,
740 1143 786 1198 si
814 1141 941 1212 quid
974 1140 1027 1193 in
1074 1137 1302 1193 inﬁrmis
1330 1133 1543 1189 virtutis
1571 1147 1632 1186 ac
1664 1130 1885 1184 inﬁrmi-

300 1238 422 1290 tatis
455 1236 801 1296 invenerunt,
832 1245 936 1284 non
961 1230 1062 1282 hoc
1088 1227 1240 1297 quasi
1268 1224 1419 1279 nihili
1449 1221 1747 1292 despicere,
1788 1218 1883 1274 sed

297 1326 590 1381 fructuosis
619 1332 932 1377 sanctorum
952 1319 1205 1391 operibus
1230 1317 1535 1371 maluerunt
1567 1314 1878 1385 adjungere.

298 1418 353 1472 Si
384 1432 521 1486 quos
556 1416 699 1469 inter
720 1413 964 1467 carnales
1010 1427 1074 1466 ac
1103 1409 1318 1480 fragiles
1358 1406 1648 1461 virtutibus
1687 1405 1882 1459 anima:

295 1506 514 1561 studere
533 1510 923 1573 cognoverunt,
950 1502 1049 1556 hos
1076 1508 1384 1555 sanctorum
1412 1495 1687 1551 consortio
1712 1509 1881 1547 annu-

296 1611 506 1652 merare
547 1602 827 1649 curarunt.
878 1591 983 1646 Per
1024 1604 1214 1644 nemus
1241 1587 1435 1657 quippe
1463 1586 1725 1640 bonorum
1754 1598 1880 1652 ope-

294 1701 412 1740 rum
443 1684 653 1738 fructus
710 1682 863 1736 novit
912 1679 1163 1750 exprimi,
1210 1678 1297 1748 qui
1341 1678 1394 1730 iu
1449 1674 1643 1730 Genesi
1696 1674 1878 1744 legens

1991 493 2213 557 ducunt,
2263 508 2326 547 ac
2358 493 2630 547 abstinent
2663 506 2721 546 se
2773 492 2840 545 ab
2891 492 3037 546 omni
3077 506 3241 561 opere
3285 492 3447 557 malo,
3500 509 3569 546 ne

1990 581 2131 638 forte
2157 584 2319 639 simili
2364 584 2751 640 interﬁciantur
2778 592 2969 637 morte.

2061 676 2303 730 Mortuus
2332 687 2406 729 est
2434 693 2553 746 ergo
2580 675 2708 729 Saul
2736 685 2948 745 propter
2973 676 3274 745 iniquitates
3313 692 3459 739 suas,
3507 693 3568 729 eo

1986 767 2126 837 quod
2154 768 2526 836 pra'varicatus
2560 767 2628 818 sit
2674 765 2980 818 mandatum
3006 765 3235 825 Domini,
3266 766 3404 835 quod
3426 782 3565 835 pra:-

1986 865 2213 925 ceperat,
2245 867 2289 909 et
2321 871 2423 909 non
2445 856 2742 908 custodierit
2767 855 2899 907 illud
2928 852 2975 925 (1
3001 852 3125 923 Reg.
3152 853 3264 924 xv),
3292 854 3383 908 sed
3422 856 3567 907 insu-

1985 962 2078 1016 per
2114 955 2162 998 et
2212 947 2566 1015 pythonissam
2612 944 2929 997 consuluerit
2963 943 3012 1015 (I
3061 943 3186 1013 Reg.
3220 946 3429 1013 xxvul),
3475 961 3567 999 nec

1986 1035 2269 1103 speraverit
2297 1034 2352 1086 in
2385 1034 2631 1087 Domino.
2682 1033 2902 1101 Propter
2929 1033 3066 1102 quod
3094 1043 3139 1085 et
3169 1033 3426 1102 interfecit
3449 1051 3566 1087 eum

1983 1130 2031 1174 et
2054 1119 2318 1173 transtulit
2349 1137 2560 1190 regnum
2593 1120 2704 1189 ejus
2743 1119 2811 1171 ad
2842 1119 3030 1183 David,
3078 1120 3245 1187 [ilium
3272 1120 3403 1174 Isai.
3464 1122 3567 1176 l‘er

1987 1207 2167 1261 Saulis
2192 1216 2421 1263 mortem
2451 1208 2588 1263 bene
2618 1208 2940 1278 exprimitur
2974 1209 3121 1278 regni
3148 1208 3456 1265 Iudaeorum
3486 1213 3565 1266 iu-

1984 1300 2198 1365 teritus,
2230 1301 2369 1355 sicut
2401 1300 2769 1369 supradictum
2796 1307 2898 1363 est,
2932 1299 3023 1368 qui
3058 1310 3275 1369 propter
3306 1302 3563 1370 prmvari-

1982 1392 2251 1446 cationem
2293 1392 2667 1445 mandatorum
2722 1390 2838 1454 Dei,
2881 1404 3002 1457 quae
3030 1390 3224 1457 saepius
3246 1391 3563 1461 transgressi

1983 1492 2125 1543 sunt,
2157 1491 2208 1535 et
2234 1490 2454 1551 propter
2480 1480 2865 1544 idololatriam,
2897 1495 3058 1549 quam
3088 1479 3300 1533 deserto
3339 1478 3451 1533 Deo
3476 1494 3565 1532 co-

1982 1572 2219 1635 luerunt,
2252 1572 2409 1625 simul
2439 1572 2603 1625 vitam
2634 1572 2985 1641 perdiderunt
3008 1585 3073 1623 ac
3102 1584 3321 1640 regnum
3346 1586 3361 1635 ;
3390 1577 3563 1623 trans-

1980 1660 2255 1729 latumque
2281 1670 2363 1715 est
2398 1674 2616 1729 regnum
2644 1660 2711 1713 ad
2734 1659 2901 1712 David
2950 1659 3117 1712 ﬁlium
3155 1658 3278 1723 lsai,
3322 1658 3426 1714 hoc
3460 1667 3558 1718 est.

293 1776 436 1847 quod
460 1775 544 1828 vel
573 1773 733 1843 quale
762 1786 952 1826 nemus
976 1741 1248 1823 Abraham
1286 1767 1338 1820 in
1368 1763 1633 1819 Bersabee
1664 1741 1876 1832 planta~
1911 1741 1955 1798 Β
1984 1751 2052 1803 ad
2092 1750 2367 1804 Christum
2404 1757 2458 1803 et
2488 1748 2860 1803 Christianum
2888 1747 3160 1816 populum.

290 1869 427 1923 verit
456 1866 614 1937 (Gen.
641 1864 773 1930 xxx),
806 1871 953 1918 recte
984 1862 1282 1931 intelligere
1327 1859 1493 1914 novit.
1543 1858 1711 1911 Porro
1738 1856 1878 1925 quod

292 1958 344 2012 in
372 1956 512 2010 libro
542 1954 750 2024 Regum
782 1952 979 2022 legitur
1006 1950 1057 2019 (Ι
1098 1949 1224 2018 Reg.
1265 1949 1439 2020 xxxx),
1478 1947 1602 2018 quia
1627 1947 1877 2000 combus-

289 2056 473 2102 serunt
503 2045 608 2099 viri
634 2041 795 2098 Jabes
818 2043 1082 2098 cadavera
1108 2039 1236 2095 Saul
1267 2049 1319 2094 et
1362 2040 1589 2094 ﬁliorum
1627 2037 1762 2105 ejus,
1792 2037 1879 2092 de-

291 2142 562 2191 monstrat
588 2141 808 2188 sanctos
833 2133 978 2185 viros
1021 2129 1233 2183 inﬁrma
1259 2145 1417 2183 casus
1447 2127 1752 2182 Iudaeorum
1784 2143 1875 2181 su-

291 2239 456 2294 perno
478 2222 789 2291 relinquere
809 2218 1034 2288 judicio,
1067 2225 1124 2271 ut
1151 2218 1265 2272 ha‘c
1297 2217 1633 2271 altitudinem
1670 2214 1878 2270 divitia-

290 2332 404 2370 rqu
436 2314 718 2384 sapientia:
759 2322 812 2367 ct
843 2311 1081 2366 scicntize
1105 2310 1197 2363 Dei
1222 2309 1375 2376 juxta
1423 2308 1907 2376 incomprehensiv

290 2406 391 2461 bile
425 2422 541 2460 suze
584 2403 881 2459 voluntatis
906 2401 1185 2456 consilium
1238 2398 1429 2454 fecisse
1455 2399 1537 2453 vel
1568 2399 1876 2468 permisisse

290 2501 684 2565 cognoscerent
711 2490 889 2561 (Rom.
920 2489 1016 2562 χι).
1065 2488 1501 2545 Combustioncm
1547 2489 1743 2557 quippe
1776 2490 1877 2543 hoc

290 2585 340 2638 iu
368 2584 485 2639 loco
499 2583 660 2654 juxta
691 2582 821 2636 illud
844 2580 1141 2651 intelligere
1178 2580 1451 2645 debemus,
1489 2579 1628 2648 quod
1659 2580 1723 2632 de
1748 2594 1875 2649 per-

289 2674 553 2743 cipiendis
581 2672 996 2741 scrutandisque
1047 2671 1337 2726 Dominica:
1378 2671 1645 2742 passionis
1690 2687 1873 2726 sacra-

289 2767 484 2820 mentis
518 2764 644 2835 agni
670 2763 863 2818 edendi
894 2773 1016 2835 typo
1050 2763 1399 2832 prmcipitur:
1433 2761 1491 2817 Si
1526 2763 1651 2833 quid
1682 2764 1875 2816 residui

295 2857 468 2923 ’uerit,
498 2856 609 2926 igni
632 2855 944 2908 comburelis
971 2853 1167 2925 (Exod.
1198 2853 1317 2923 x11).

355 2945 422 2999 Et
437 2947 817 3016 jejunaverunt
850 2953 1040 3014 septem
1074 2944 1277 2997 diebus.
1326 2940 1492 2997 Recte
1539 2942 1606 2995 ad
1639 2942 1872 2996 litteram

288 3052 383 3107 pro
404 3036 660 3101 mortuis,
712 3045 774 3089 ut
804 3034 867 3089 ad
898 3034 1139 3104 requiem
1170 3034 1453 3103 pervenire
1496 3032 1746 3098 valeant,
1789 3048 1873 3087 se-

288 3140 430 3199 ptem
458 3126 656 3182 diebus
677 3124 982 3194 jejuuatur,
1034 3125 1159 3193 quia
1203 3132 1326 3192 post
1370 3138 1465 3177 sex
1496 3121 1655 3190 hujus
1692 3122 1871 3177 surculi

288 3228 490 3281 aetates,
540 3220 594 3273 in
630 3218 823 3288 quibus
860 3218 912 3271 in
950 3232 1115 3271 carne
1156 3215 1498 3279 laboramus,
1541 3216 1765 3285 septima
1794 3223 1876 3269 est

290 3310 340 3363 in
367 3309 458 3363 illo
487 3308 731 3363 secundo
778 3314 906 3360 artas
956 3305 1308 3374 requietionis
1353 3306 1656 3359 animarum
1707 3320 1874 3359 carne

290 3410 578 3454 cxutarum
610 3438 626 3461 ,
684 3398 736 3450 in
778 3411 883 3465 qua
941 3397 1098 3450 beate
1135 3403 1345 3463 tempus
1387 3394 1511 3448 illud
1551 3393 1872 3465 gloriﬁeum,

289 3490 504 3560 quando
527 3502 811 3556 resurgere
826 3500 1152 3549 mereamur,
1174 3493 1533 3552 exspectatur.
1558 3483 1720 3553 Cujus
1746 3482 1878 3552 ﬁgu-

293 3597 401 3635 ram
425 3580 632 3650 quictis
665 3586 720 3632 et
756 3576 1169 3632 resurrectionis
1201 3585 1257 3630 et
1280 3575 1506 3645 septima
1535 3576 1650 3630 dies
1682 3576 1734 3628 in
1762 3575 1877 3645 lege

293 3674 486 3746 (Exod.
513 3671 635 3743 xx),
675 3681 730 3727 et
758 3672 1019 3740 septimus
1064 3668 1178 3723 sive
1202 3669 1680 3739 quinquagesimus
1705 3683 1878 3723 annus

294 3764 474 3837 (Lerit.
502 3763 662 3833 xxv),
706 3761 759 3814 in
790 3761 981 3829 quibus
1008 3760 1223 3829 requies
1248 3774 1468 3829 operum
1496 3759 1743 3824 dabatur,
1798 3768 1879 3829 ty-

292 3858 404 3928 pice
438 3853 878 3926 praetendebant.
935 3852 1113 3922 ipsum
1149 3866 1277 3905 vero
1336 3849 1639 3918 exemplum
1678 3858 1878 3903 nostrm

293 3950 402 4020 spei
433 3956 490 4005 et
536 3945 665 3999 ﬁdei
712 3960 808 3999 sua
856 3942 1256 4013 dispensatione
1311 3941 1570 3996 Dominus
1618 3941 1877 4007 ostendit,

291 4040 410 4109 quia
441 4047 602 4093 sexta
645 4034 871 4091 Sabbati
916 4034 1227 4100 cruciﬁxus,
1280 4033 1508 4102 septima
1539 4032 1879 4101 requiescens

290 4144 516 4199 corpore
546 4128 604 4183 in
634 4134 998 4190 monumento,
1027 4134 1237 4191 octava,
1268 4138 1387 4195 qua:
1416 4133 1471 4179 et
1506 4137 1611 4177 una
1657 4122 1880 4180 Sabbati

292 4221 553 4275 hactenus
604 4216 897 4271 carnaliter
932 4216 1334 4271 observantium
1363 4255 1377 4280 ,
1425 4214 1570 4268 cives
1603 4214 1881 4268 contribu-

292 4310 474 4381 lesque
501 4308 591 4364 sui
649 4306 834 4361 fideles
878 4306 1070 4361 merito
1126 4306 1399 4360 tristitiam
1439 4313 1495 4360 et
1542 4305 1799 4360 continuo
1826 4304 1880 4357 in

292 4401 452 4455 corde
478 4399 723 4453 retinent
769 4396 1032 4461 dolorem,
1064 4396 1216 4465 quasi
1274 4404 1479 4464 septem
1509 4396 1695 4449 diebus
1744 4392 1879 4462 jeju-

294 4502 440 4555 nant,
479 4489 601 4560 qui,
636 4487 943 4541 constitutis
982 4488 1157 4542 adhuc
1185 4486 1239 4539 in
1270 4500 1455 4540 errore
1503 4484 1759 4539 fratribus
1788 4501 1881 4540 co-

293 4582 581 4651 gnatisque
633 4578 770 4643 suis,
821 4576 1125 4632 nullatenus
1181 4575 1394 4646 plenam
1424 4584 1652 4646 possunt
1683 4576 1882 4629 habere

294 4672 557 4726 laetitiam.
592 4669 729 4723 Cum
761 4676 941 4722 autem
972 4675 1027 4722 et
1049 4668 1147 4737 ipsi
1178 4675 1384 4721 octava:
1420 4665 1546 4731 diei,
1578 4666 1631 4720 id
1656 4676 1757 4730 est,
1785 4666 1883 4721 Do-

295 4760 508 4815 miuica:
524 4757 699 4814 ‘simul
744 4767 799 4812 et
828 4769 939 4811 sua
952 4745 1386 4811 Resurrectionis
1418 4755 1732 4826 mysterium
1759 4770 1883 4823 per-

296 4851 438 4906 fecte
480 4849 858 4920 cognoverint,
912 4848 1125 4918 utrique
1153 4848 1380 4917 pariter,
1410 4843 1634 4913 juvante
1676 4845 1876 4900 Christi

293 4942 489 5013 gratia,
525 4947 787 5011 perpetua
824 4934 1118 4992 festivitate
1149 4936 1475 5006 gaudebunt.
1520 4935 1760 5004 Denique
1783 4949 1878 5004 po-

294 5040 408 5085 te,t
426 5031 702 5101 sepultura
731 5028 861 5084 Saul
906 5036 962 5083 et
992 5028 1219 5083 ﬁliorum
1271 5026 1387 5095 ejus
1420 5042 1518 5096 per
1544 5027 1688 5081 viros
1716 5026 1878 5081 Iabes

293 5122 503 5178 Galaad
540 5120 833 5176 secundum
866 5119 1227 5174 moralitatem
1255 5125 1310 5172 et
1334 5118 1491 5173 aliter
1529 5117 1771 5187 intelligi,
1806 5118 1877 5171 ita

293 5220 379 5275 ut,
409 5211 553 5281 quod
580 5209 681 5263 viri
709 5208 870 5264 labes
900 5207 1102 5265 Galaad
1130 5208 1457 5278 sepelierunt
1476 5209 1737 5263 cadavera
1753 5207 1882 5263 Saul

294 5308 356 5354 et
378 5301 615 5354 ﬁliorum
636 5299 772 5367 ejus,
803 5316 899 5369 per
921 5298 1274 5369 tr0pologiam
1301 5298 1567 5369 signiﬁcet
1588 5300 1729 5368 quod
1759 5315 1885 5353 san-

292 5391 375 5445 cti
404 5391 506 5444 viri
558 5392 894 5446 detestantur
920 5399 1151 5445 mortem
1196 5391 1503 5460 impiorum,
1554 5398 1607 5445 et
1637 5391 1879 5461 exempla

294 5498 488 5538 eorum
516 5483 803 5553 sepultum
840 5482 1094 5538 oblivioni
1127 5483 1365 5548 tradunt,
1420 5498 1519 5537 nec
1568 5497 1628 5536 ea
1660 5484 1761 5537 sibi
1814 5483 1881 5537 ad

294 5572 657 5626 imitationem
697 5585 993 5641 proponere
1021 5570 1237 5635 volunt,
1267 5573 1358 5625 sed
1404 5571 1645 5641 jejunant
1676 5579 1881 5640 septem

291 5662 511 5717 dirlms.
540 5661 662 5717 quia
692 5675 851 5713 omne
894 5672 1104 5729 tempus
1138 5661 1293 5715 istius
1320 5661 1461 5726 viuc,
1514 5660 1655 5731 quod
1683 5676 1779 5731 per
1799 5677 1884 5718 sc-

2760 1879 2819 1931 ’Τ
2886 1878 2950 1931 ’1.

1980 1968 2056 2022 De
2082 1970 2465 2040 expugnatione
2492 1878 2965 2040 Ιεὺιῗέἶιῖἳαηιὶέεν
2992 1965 3185 2040 David,
3212 1966 3303 2037 qui
3324 1966 3560 2020 habitant

2354 2040 2407 2092 in
2430 2039 2612 2104 Jebus,
2642 2039 2737 2091 hoc
2766 2048 2839 2090 est
2868 2035 3187 2089 Jerusalem.

2048 2130 2110 2204 (Il
2155 2131 2284 2186 Pan.
2320 2132 2420 2201 λι.)
2462 2131 2817 2200 Congregatus
2843 2138 2916 2182 est
2947 2144 3068 2197 ergo
3096 2128 3263 2182 omnis
3292 2126 3463 2182 Israel
3490 2127 3557 2181 ad

1976 2222 2147 2276 David
2193 2223 2247 2276 in
2279 2221 2522 2286 Ilebron,
2566 2222 2741 2274 dicens
2780 2236 2798 2273 :
2844 2218 2916 2273 Os
2948 2228 3096 2271 tuum
3132 2235 3312 2272 sumus
3349 2227 3397 2271 et
3434 2234 3557 2271 caro

1974 2324 2101 2375 tua;
2153 2314 2261 2366 lteri
2296 2329 2498 2382 quoque
2536 2323 2583 2365 et
2611 2312 2803 2365 nudius
2853 2312 3068 2375 tertius,
3113 2326 3231 2362 cum
3268 2310 3439 2364 adhuc
3481 2326 3559 2363 re-

1975 2411 2155 2471 gnaret
2200 2400 2360 2467 Saul,
2408 2412 2462 2454 tu
2516 2418 2631 2455 eras
2681 2401 2769 2470 qui
2806 2400 3059 2454 educebas
3104 2408 3152 2452 et
3194 2399 3557 2453 introducebas

1974 2489 2163 2545 Israel.
2221 2489 2335 2544 Tibi
2384 2492 2519 2545 enim
2573 2490 2705 2543 dixit
2753 2488 3008 2543 Dominus
3055 2488 3198 2541 Deus
3239 2498 3360 2542 tuus
3403 2504 3423 2542 :
3480 2488 3554 2540 Tu

1974 2597 2153 2652 pasces
2175 2581 2422 2650 populum
2450 2597 2619 2634 meum
2648 2579 2835 2644 Israel,
2868 2590 2913 2632 et
2941 2587 2996 2631 tu
3018 2578 3122 2632 eris
3144 2578 3381 2649 princeps
3406 2594 3559 2648 super

1974 2692 2112 2729 eum.
2157 2674 2415 2729 Venerunt
2467 2689 2587 2743 ergo
2629 2688 2804 2726 omnes
2851 2671 3079 2741 majores
3118 2678 3247 2722 natu
3288 2667 3461 2723 Israel
3489 2669 3557 2721 ad

1977 2788 2143 2843 regem
2173 2772 2228 2824 in
2258 2769 2491 2833 Hebron,
2520 2778 2566 2821 et
2594 2767 2708 2821 iniit
2742 2766 2913 2821 David
2942 2782 3061 2818 cum
3087 2766 3162 2818 eis
3190 2763 3358 2833 [trdus
3382 2779 3557 2817 coram

1978 2862 2220 2926 Domino,
2251 2870 2613 2930 unxeruntque
2646 2875 2765 2913 eum
2805 2873 2970 2928 regem
2998 2873 3155 2926 super
3191 2855 3362 2910 Israel
3394 2856 3556 2926 juxta

1973 2968 2260 3005 sermonem
2294 2950 2519 3013 Domini,
2550 2966 2703 3021 quem
2732 2948 2937 3003 locutus
2962 2956 3036 3001 est
3064 2948 3119 3001 in
3147 2963 3307 3000 manu
3339 2944 3555 3001 Samuel

1978 3041 2030 3111 (I
2060 3039 2188 3112 Reg.
2231 3042 2361 3113 xvr).
2393 3041 2530 3109 Quid
2560 3049 2855 3095 conventus
2882 3039 2982 3094 iste
3019 3038 3256 3092 tribuum
3287 3036 3452 3092 lsrael
3487 3037 3553 3091 ad

1978 3129 2144 3184 David
2173 3130 2458 3201 signiﬁcat,
2491 3130 2589 3184 nisi
2616 3138 2935 3184 conventum
2962 3127 3201 3182 omnium
3224 3127 3461 3198 gentium
3487 3126 3554 3179 ad

1976 3219 2283 3273 Christum?
2305 3219 2434 3287 Quae
2456 3219 2528 3273 illi
2558 3220 2709 3291 quasi
2733 3220 3055 3274 blandiendo
3081 3218 3267 3273 dicunt
3293 3235 3305 3269 :
3336 3216 3471 3270 Ecce
3497 3232 3554 3269 os

1976 3321 2121 3366 tuum
2142 3323 2188 3367 et
2218 3331 2339 3366 curo
2364 3323 2454 3366 tua
2484 3329 2685 3376 sumus,
2715 3328 2836 3366 cum
2868 3311 3073 3365 scilicet
3095 3310 3546 3372 incarnationem,

1976 3419 2135 3472 quam
2179 3419 2243 3456 ex
2293 3410 2475 3456 nostra
2524 3410 2718 3455 natura
2763 3402 2815 3455 in
2846 3398 3079 3470 Virginis
3107 3408 3259 3453 utero
3299 3397 3553 3467 suscepit,

1977 3494 2204 3566 diligunt
2246 3502 2405 3564 atque
2453 3500 2801 3558 venerantur,
2836 3490 3058 3559 ejusque
3100 3489 3291 3544 ditioni
3322 3488 3554 3543 subdere

1978 3602 2036 3642 sc
2072 3594 2356 3656 appetunt,
2404 3586 2615 3654 ipsique
2654 3584 2859 3638 servire
2896 3583 3038 3636 omni
3075 3590 3312 3650 tempore
3341 3579 3549 3634 deside-

1980 3686 2121 3731 rant.
2166 3674 2316 3732 Unde
2352 3674 2634 3729 Psalmista
2683 3673 2811 3728 dicit
2847 3690 2860 3725 :
2899 3670 3313 3725 Reminiscentur
3342 3676 3390 3722 et
3428 3684 3551 3720 con-

1978 3778 2241 3821 rertentur
2268 3767 2337 3819 ad
2366 3766 2643 3819 Dominum
2668 3763 2892 3817 universi
2929 3762 3058 3829 lines
3088 3769 3258 3823 terrae,
3285 3767 3331 3811 et
3357 3757 3550 3827 adora-

1980 3858 2103 3911 bunt
2149 3858 2201 3910 in
2233 3866 2504 3927 conspectu
2551 3870 2733 3909 omnes
2752 3852 2970 3923 familia:
3017 3851 3267 3921 gentium,
3306 3850 3551 3920 quoniam

1978 3946 2192 3999 Domini
2243 3955 2316 4000 est
2369 3962 2619 4015 regnum,
2668 3954 2714 3996 et
2771 3944 2876 4013 ipse
2924 3940 3280 3995 dominabitur
3325 3939 3552 4009 gentium

1982 4031 2151 4105 (Psal.
2201 4034 2335 4105 κῃ).
2388 4035 2661 4089 Venerunt
2702 4046 2913 4102 quoque
2946 4039 3000 4085 et
3048 4030 3279 4099 majores
3317 4037 3444 4083 natu
3484 4029 3552 4083 de

1979 4123 2143 4179 Israel
2170 4126 2237 4179 ad
2267 4138 2448 4196 regem
2492 4123 2543 4177 in
2587 4122 2802 4178 chron
2830 4162 2844 4186 ,
2888 4138 3007 4175 cum
3038 4122 3314 4189 prophetae
3339 4128 3394 4174 ct
3421 4135 3550 4188 apo-

1982 4214 2105 4268 stoli
2139 4228 2243 4268 una
2271 4214 2372 4269 ﬁde
2402 4222 2455 4268 et
2497 4213 2613 4283 pari
2660 4212 2942 4266 devotione
2968 4212 3035 4264 ad
3074 4210 3421 4264 Mediatorem
3459 4224 3553 4263 no—

1982 4314 2153 4357 strum
2182 4310 2586 4367 convenerunt,
2619 4302 2686 4355 de
2711 4301 2903 4370 quibus
2943 4300 3203 4369 scriptum
3232 4306 3317 4353 est
3347 4316 3359 4350 :
3394 4295 3555 4350 Prin-

1910 4430 1962 4489 Β
1987 4396 2121 4465 cipes
2150 4394 2327 4464 populi
2354 4401 2698 4446 convenerunt
2728 4392 2781 4443 in
2808 4406 2968 4443 unum
2995 4405 3111 4441 cum
3143 4386 3251 4441 Deo
3287 4386 3554 4440 Abraham

1986 4484 2159 4557 (Psal.
2191 4483 2357 4554 XLVI).
2385 4484 2451 4537 Et
2479 4483 2603 4537 alibi
2631 4500 2644 4535 :
2672 4482 2737 4534 In
2761 4493 3033 4551 conspectu
3052 4494 3315 4533 servorum
3336 4493 3553 4531 suorum

1983 4572 2290 4644 gloriabitur
2312 4570 3079 4643 (Psal.xcvn).C0menienter
3107 4575 3286 4621 autem
3311 4567 3509 4622 dicitur
3536 4585 3548 4620 :

1984 4661 2139 4729 Quod
2182 4661 2352 4715 David
2394 4660 2553 4714 iniret
2583 4675 2706 4713 cum
2737 4658 2991 4714 lsraelilis
3033 4655 3205 4710 fmdus
3230 4671 3412 4711 coram
3448 4655 3551 4709 Do-

1983 4758 2148 4821 mino,
2178 4763 2553 4825 unxeruntque
2582 4770 2705 4809 eum
2736 4768 2915 4822 regem
2946 4766 3106 4823 super
3132 4749 3314 4805 Israel.
3343 4749 3555 4820 Signiﬁ-

1982 4857 2071 4903 cat
2118 4863 2269 4917 ergo,
2313 4848 2475 4917 quod,
2523 4844 2812 4914 Evangelio
2845 4846 3082 4909 condito,
3135 4841 3385 4897 Christus
3432 4856 3555 4895 cum

1984 4939 2259 5005 ﬁdelibus,
2304 4940 2428 4994 data
2476 4939 2707 5009 Spiritus
2753 4939 2925 4993 sancti
2966 4939 3168 5008 gratia,
3216 4936 3337 4991 iniit
3381 4934 3557 4991 fmdus

1983 5030 2212 5100 mystice
2236 5039 2288 5084 et
2315 5031 2704 5084 observationis
2725 5033 3099 5083 mandatorum
3126 5029 3218 5084 Dei
3242 5042 3556 5084 remunera-

1985 5119 2253 5187 tionisque
2283 5117 2494 5172 futurae.
2525 5120 2693 5185 Quem
2722 5128 2994 5173 unxerunt
3022 5119 3223 5189 Regem
3248 5134 3411 5188 super
3437 5131 3554 5173 om-

1986 5224 2110 5264 nem
2140 5209 2306 5264 lsrael
2334 5223 2348 5261 :
2381 5209 2507 5277 quia
2549 5209 2789 5261 omnium
2830 5207 3160 5260 credentium
3188 5221 3292 5260 una
3322 5214 3407 5260 est
3430 5220 3558 5260 con-

1987 5298 2169 5365 fessio,
2209 5314 2421 5367 unaque
2468 5298 2673 5367 religio,
2704 5312 2767 5351 ac
2808 5307 2954 5351 certa
2977 5298 3234 5362 deﬁnitio,
3276 5296 3415 5367 quod
3456 5294 3557 5349 sub

1986 5386 2114 5443 Jcsu
2145 5388 2344 5444 Christi
2387 5388 2611 5458 imperio
2656 5387 2901 5441 militiam
2952 5387 3100 5440 omni
3130 5394 3366 5455 tempore
3398 5389 3559 5449 agant

1987 5479 2342 5549 spiritualem,
2369 5486 2741 5547 exspectantes
2778 5477 3066 5529 adventura
3093 5474 3206 5541 ejus
3236 5474 3472 5525 futnzum
3501 5486 3559 5524 tu

1988 5571 2073 5626 die
2091 5569 2299 5641 judicii,
2323 5571 2537 5639 quando
2565 5569 2772 5622 venerit
2802 5569 2853 5620 in
2881 5566 3108 5619 nubibus
3138 5578 3258 5616 cum
3289 5569 3559 5630 potestate

1989 5677 2182 5733 magna
2216 5669 2270 5715 et
2310 5660 2583 5727 majestate
2610 5658 2847 5727 judicare
2873 5657 3024 5709 vivos
3054 5663 3107 5708 et
3134 5661 3374 5708 mortuos
3401 5654 3552 5724 (Luc.
