3902 6146
294 342 402 401 527

936 338 995 399 Β.
1040 343 1290 398 ΒΑΒΑΝΙ
1330 341 1549 398 MAURI
1588 338 1862 397 ARCHIE]

1965 333 2263 397 MOGUNT.
2305 336 2591 393 OPERUM
2632 334 2813 390 PARS
2850 335 2892 389 l.

3446 330 3554 390 328

291 462 427 529 xxi),
483 465 538 514 et
588 459 715 514 redd
729 473 812 513 :re
863 459 1150 527 unicuique
1198 456 1492 512 secundum
1544 470 1704 525 opera
1759 468 1857 509 sua
1885 455 1936 515 A
1961 465 2148 504 nomen
2170 449 2304 520 ejus.
2333 446 2400 501 Et
2427 447 2600 517 factus
2630 457 2703 501 est
2732 447 2789 500 in
2823 460 2950 516 pace
2978 445 3124 498 locus
3147 443 3285 513 ejus,
3320 453 3368 498 et
3395 442 3555 499 habi-

318 548 506 602 Matth.
537 548 671 620 xw).

292 548 506 621 (Matth.
537 548 671 620 1m).

360 639 499 691 Abiit
542 654 741 709 quoque
778 637 949 692 David
983 647 1031 691 et
1075 638 1242 692 omnis
1277 635 1448 691 Israel
1478 638 1533 691 in
1565 635 1864 690 Jerusalem

292 729 424 800 (hinc
451 739 525 784 est
552 728 736 794 Iebus,
763 730 850 782 ubi
879 738 1026 782 erant
1055 729 1284 783 Iebusazi
1311 728 1628 783 habitatores
1665 725 1862 798 terrte),

289 823 629 892 dixeruntque
643 824 731 892 qui
748 822 1049 876 habitabant
1066 823 1120 877 in
1136 821 1295 876 Iebus
1316 821 1385 875 ad
1406 819 1575 875 David
1598 834 1616 872 :
1646 818 1770 873 Non
1789 820 1866 874 in-

287 915 535 984 gredieris
563 914 682 966 huc.
707 912 877 968 Porro
906 913 1078 967 David
1118 915 1251 983 cepit
1279 929 1454 968 arcem
1482 912 1630 978 Sion,
1654 928 1769 983 qua:
1790 920 1865 967 est

288 1005 467 1057 civitas
496 1004 682 1069 David,
711 1004 943 1075 dixitque
970 1018 988 1056 :
1029 1003 1212 1059 Omnis
1234 1004 1326 1075 qui
1352 1013 1661 1075 percusserit
1710 1003 1866 1057 Iebu-

286 1110 447 1147 sarum
480 1094 534 1147 in
560 1094 763 1162 primis,
789 1092 902 1147 'erit
946 1095 1183 1164 princeps
1223 1104 1270 1148 et
1301 1094 1427 1148 dux.
1465 1094 1708 1148 Ascendit
1743 1110 1864 1163 ergo

285 1187 484 1254 primus
510 1186 669 1251 Joab,
695 1186 839 1253 ﬁlius
872 1185 1098 1253 Serviat,
1122 1196 1169 1239 et
1189 1187 1363 1256 [actus
1385 1196 1459 1240 est
1486 1196 1742 1256 prtnceps,
1769 1186 1865 1240 ha-

286 1279 460 1332 bitavit
485 1289 657 1333 autem
684 1279 848 1333 David
872 1280 925 1333 in
948 1295 1088 1345 arce,
1110 1289 1157 1333 et
1184 1279 1377 1333 idcirco
1403 1279 1666 1351 appellata
1690 1291 1764 1336 est
1792 1280 1866 1334 ci-

285 1371 416 1422 vitas
448 1368 634 1431 David,
661 1379 714 1423 et
742 1368 965 1440 reliqua.
994 1370 1130 1425 Hinc
1156 1369 1446 1440 Iosephus,
1480 1371 1535 1425 in
1559 1370 1867 1441 Antiquita—

288 1466 397 1510 tum
456 1472 675 1511 suarum
722 1458 859 1512 libro
904 1459 1171 1527 septimo,
1228 1459 1301 1514 ita
1340 1458 1557 1525 refert,
1613 1460 1800 1514 dicens
1847 1479 1859 1514 :

292 1566 308 1596 ι
354 1547 658 1618 Exsurgens
689 1547 858 1603 David
882 1563 1006 1602 cum
1029 1548 1280 1604 omnibus
1308 1550 1455 1604 venit
1476 1550 1528 1605 in
1562 1549 1868 1621 Hierosoly-

286 1650 449 1698 mam,
480 1634 741 1691 Jebusaeis
769 1638 1138 1694 habitantibus
1166 1640 1462 1705 civitatem,
1495 1640 1587 1709 qui
1616 1648 1771 1694 erant
1811 1640 1864 1695 in

285 1742 478 1795 genere
508 1726 932 1783 Chananaeorum
951 1768 966 1795 ,
994 1738 1049 1785 et
1087 1730 1462 1787 claudentibus
1490 1732 1538 1787 ei
1566 1740 1781 1804 portas,
1810 1740 1864 1786 et

1968 542 2097 594 tatio
2121 539 2235 610 ejus
2258 541 2312 594 in
2353 538 2515 604 Sion;
2547 538 2619 592 ibi
2649 536 2904 606 confregit
2930 550 3152 597 cornua,
3178 544 3405 600 scutum,
3431 537 3556 605 gla-

1966 633 2111 687 dium
2138 641 2186 686 et
2218 631 2407 686 bellum
2444 630 2618 703 (Psal.
2648 628 2832 700 Lxxv).
2875 627 3028 695 Quod
3055 634 3236 681 autem
3269 626 3555 700 subjungi-

1965 735 2075 793 tur,
2122 727 2246 796 quia
2293 726 2644 782 mdiﬁcaverit
2687 724 2876 779 urbem
2924 723 3095 777 David
3142 722 3198 776 in
3240 720 3475 776 circuitu
3521 736 3556 775 a

1966 817 2124 872 Mello
2145 833 2317 887 usque
2347 819 2415 873 ad
2442 832 2655 888 gyrum,
2680 814 2814 871 Joab
2838 824 3020 870 autem
3046 813 3253 885 reliqua
3281 814 3433 869 urbis
3458 813 3559 868 de-

1965 910 2246 976 struxerit,
2268 910 2603 965 demonstrat
2624 908 2793 963 David
2824 909 3013 963 urbem
3043 905 3343 962 Jerusalem
3373 904 3555 959 muni-

1966 1000 2109 1055 visse
2139 1000 2327 1066 muris,
2360 1009 2468 1054 tam
2496 1014 2594 1069 per
2622 1014 2778 1055 suam
2807 998 3159 1060 industriam,
3189 1011 3354 1066 quam
3383 995 3554 1050 etiam

1967 1107 2065 1161 per
2088 1091 2267 1148 devoti
2305 1092 2491 1146 militis
2515 1090 2812 1147 solertiam.
2845 1089 2970 1161 Legi
2999 1089 3053 1144 in
3082 1086 3364 1156 cujusdam
3390 1086 3553 1149 libro,

1968 1181 2107 1252 quod
2127 1180 2261 1236 Joab
2277 1182 2484 1252 reliqua
2508 1181 2657 1236 urbis
2679 1196 2784 1235 non
2809 1180 3160 1244 exstruxerit,
3184 1178 3279 1233 sed
3304 1185 3557 1231 extraxe—

1969 1272 2061 1335 rit,
2095 1272 2319 1343 intelligi
2345 1272 2532 1327 volens
2559 1272 2730 1342 quod,
2761 1270 3114 1342 pereuntibus
3143 1267 3406 1324 Jebusieis
3434 1266 3554 1338 gla-

1968 1363 2077 1427 dio,
2109 1363 2152 1419 si
2180 1365 2270 1434 qui
2298 1364 2667 1420 Israelitarum
2699 1364 2841 1419 inter
2868 1377 2961 1418 eos
2991 1362 3195 1417 inventi
3223 1359 3483 1424 fuissent,
3523 1374 3555 1413 a

1967 1453 2103 1512 Joab
2132 1457 2491 1512 salvarentur.
2522 1454 2789 1525 Josephus
2824 1463 3003 1510 tamen
3034 1460 3220 1508 narrat
3268 1450 3437 1508 David
3463 1466 3557 1505 su—

1967 1547 2235 1616 periorem
2258 1547 2533 1603 civitatem
2549 1545 2844 1601 munivisse
2859 1546 3015 1614 eique
3030 1543 3326 1614 cepulando
3348 1556 3554 1606 arcem,

1967 1652 2133 1690 unum
2161 1636 2400 1705 undique
2430 1651 2627 1706 corpus
2652 1635 2927 1701 eﬁ'ecisse,
2953 1644 3007 1689 et
3033 1641 3225 1689 cuncta
3265 1647 3421 1687 muro
3450 1631 3559 1686 cir-

1970 1725 2328 1790 cumdedisse,
2358 1740 2522 1795 super
2541 1740 2677 1794 opus
2704 1733 2883 1780 autem
2909 1739 3183 1778 murorum
3207 1722 3559 1777 constituisse

285 1831 456 1873 caecos
483 1827 727 1888 aspectu,
758 1830 813 1875 et
837 1821 1075 1888 claudos,
1104 1838 1398 1893 omnesque
1420 1803 1662 1894 leprogos
1685 1825 1751 1880 ad
1773 1826 1865 1881 de-
1894 1803 1940 1863 Β
1967 1814 2135 1882 Joab,
2169 1824 2225 1870 et
2270 1816 2414 1887 quod
2452 1816 2624 1872 David
2661 1814 2937 1872 Jebusasos
2969 1816 3267 1887 expulerit,
3311 1824 3367 1869 et
3412 1816 3557 1871 hanc

289 1909 543 1964 risionem
590 1911 728 1981 regis
762 1912 1215 1969 constituentibus
1240 1929 1402 1983 super
1427 1930 1672 1981 murum,
1706 1924 1761 1972 et
1787 1916 1866 1970 di-

287 2000 536 2055 centibus
565 2001 688 2070 quia
717 2002 1067 2071 prohiberent
1092 2019 1215 2058 eum
1251 2005 1379 2059 caeci
1419 2005 1627 2076 ingredi
1672 2006 1863 2061 civita-

289 2098 414 2143 tem.
478 2091 607 2158 Quae
665 2100 844 2147 tamen
902 2094 1136 2165 agebant
1186 2095 1547 2166 despicientes
1592 2113 1716 2153 eum
1767 2112 1866 2168 pro

285 2180 520 2234 maxima
560 2182 860 2237 munitione
903 2199 1205 2239 murorum.
1243 2186 1523 2256 lratusque
1549 2202 1642 2241 rex
1670 2187 1863 2243 Hiero-

283 2270 546 2341 solymam
572 2271 822 2328 obsidere
864 2274 1061 2344 C(Bpit,
1092 2282 1146 2329 et
1182 2275 1351 2330 multo
1386 2276 1565 2331 studio
1598 2285 1653 2330 et
1682 2276 1865 2332 labore

282 2362 469 2418 conari
500 2371 559 2416 ut
586 2378 705 2418 eam
731 2374 949 2434 caperet
980 2384 992 2419 :
1031 2376 1297 2436 quatenus
1327 2368 1378 2422 in
1411 2368 1529 2438 ipso
1557 2368 1865 2439 principatu

282 2452 438 2507 initio
495 2467 648 2507 suam
708 2452 1081 2509 fortitudinem
1136 2456 1554 2513 demonstraret.
1611 2458 1861 2514 Intermi-

282 2550 441 2597 natus
468 2543 649 2613 itaque
680 2550 735 2597 et
760 2544 860 2614 ipsi
889 2553 942 2598 et
967 2545 1087 2599 aliis
1109 2546 1153 2600 si
1182 2547 1272 2615 qui
1303 2546 1441 2601 forte
1471 2548 1739 2603 baberent
1768 2548 1864 2604 ad-

280 2647 473 2687 versus
506 2647 629 2687 eum
660 2635 945 2690 resistendi
985 2651 1246 2691 conamen
1268 2676 1283 2703 ,
1325 2635 1632 2692 inferiorem
1670 2638 1864 2695 civita-

284 2733 391 2779 tem
445 2740 637 2796 magna
686 2725 886 2782 virtute
943 2728 1102 2799 cepit.
1158 2727 1400 2799 Cumque
1455 2731 1631 2786 adhuc
1683 2747 1862 2788 arcem

282 2815 527 2869 obtinere
561 2830 665 2869 non
687 2825 889 2887 posset,
922 2819 1104 2889 coepit,
1137 2820 1372 2875 honores
1398 2829 1451 2875 et
1484 2837 1705 2876 munera
1739 2836 1865 2893 pro-

280 2904 575 2970 mittendo,
611 2921 703 2960 rex
727 2921 824 2976 per
847 2922 941 2963 eos
970 2908 1036 2963 ad
1066 2924 1201 2979 opus
1233 2909 1483 2967 bellicum
1513 2911 1712 2968 milites
1739 2929 1865 2984 pro-

281 3010 479 3052 vocare
503 3036 518 3063 ,
548 3004 609 3052 ut
648 2998 955 3070 quicunque
983 3014 1080 3069 per
1107 3002 1377 3073 subjectos
1406 3002 1572 3059 colles
1596 3005 1651 3058 in
1681 3019 1862 3061 arcem

284 3090 711 3156 conscenderet,
746 3097 802 3144 et
827 3106 947 3146 eam
975 3099 1222 3161 caperet,
1253 3093 1614 3164 principatum
1654 3095 1861 3152 militiae

282 3175 446 3231 totius
468 3177 648 3246 populi
677 3178 998 3247 possideret.
1036 3178 1257 3236 Cunctis
1287 3181 1467 3253 itaque
1490 3170 1857 3240 conscendere

280 3260 691 3328 festinantibus,
720 3275 776 3337 et
801 3265 950 3320 nullo
979 3265 1164 3323 labore
1195 3283 1297 3338 pro
1340 3272 1580 3326 muneris
1608 3274 1861 3343 promissi

282 3351 632 3406 retributione
658 3355 1019 3443 tat-dantibus,
1052 3354 1257 3413 Sarvias
1282 3359 1424 3415 ﬁlius
1450 3358 1585 3416 Joab
1602 3368 1863 3431 praevenit

282 3442 607 3509 universos,
639 3455 695 3500 et
731 3452 1027 3509 ascendens
1073 3454 1128 3510 in
1178 3460 1457 3516 cacumine
1496 3462 1748 3517 clamavit
1792 3462 1862 3519 ad

283 3546 486 3603 regem,
520 3536 742 3606 exigens
769 3542 971 3598 militia:
998 3546 1377 3618 principatum.
1408 3550 1660 3622 Expulsis
1682 3554 1862 3625 itaque

280 3639 375 3678 rex
406 3624 472 3680 de
496 3642 706 3684 summa
739 3646 864 3687 arce
889 3633 1180 3704 Jebusaeis,
1209 3648 1265 3695 et
1296 3641 1632 3698 reaediﬁcans
1670 3645 1862 3700 civita-

282 3722 390 3768 tem
416 3755 431 3781 ,
463 3731 581 3772 eam
609 3718 1036 3796 Hierosolymam
1063 3731 1424 3799 nuncupavit,
1464 3740 1522 3786 et
1543 3734 1693 3788 omni
1727 3748 1863 3790 tem-

279 3820 412 3875 pore
446 3807 500 3861 in
536 3824 601 3865 ea
650 3813 731 3867 sui
773 3815 1035 3872 habitavit
1076 3820 1308 3890 imperii.
1346 3839 1370 3877 s
1415 3821 1640 3895 Mystice
1676 3836 1859 3884 autem

282 3896 453 3952 David
495 3897 798 3959 Jebusaeum
843 3907 1200 3966 habitatorem
1249 3921 1409 3969 terrm
1459 3916 1527 3971 de
1564 3916 1861 3975 Jerusalem

282 3987 520 4056 ejiciens,
561 3992 831 4063 signiﬁcat
855 3996 1270 4069 Redemptorem
1295 4013 1539 4061 nostrum
1564 4010 1863 4065 contrarias

281 4090 578 4148 potestates
609 4085 676 4141 de
704 4088 954 4145 cordibus
983 4092 1216 4150 ﬁdelium
1239 4097 1507 4167 expellere
1532 4140 1547 4165 ,
1577 4110 1634 4156 et
1659 4103 1740 4157 sic
1762 4102 1864 4157 ibi—

283 4172 403 4227 dem
435 4189 587 4229 suam
619 4178 953 4236 mansionem
995 4186 1346 4242 constituere.
1393 4187 1670 4247 Jebusaeus
1715 4192 1864 4247 enim

284 4261 668 4334 interpretatur
695 4269 926 4325 calcatus
971 4287 990 4326 :
1033 4271 1329 4331 Jerusalem
1373 4279 1499 4333 visio
1546 4281 1711 4349 pacis.
1745 4280 1861 4337 Non

283 4357 456 4413 solum
498 4361 642 4415 enim
685 4360 947 4420 Dominus
989 4376 1175 4424 noster
1210 4386 1308 4440 per
1336 4374 1650 4442 mysterium
1688 4377 1864 4432 crucis

282 4464 495 4506 omnem
526 4455 886 4525 principatum
910 4460 1105 4517 diaboli
1123 4463 1446 4521 destruendo
1465 4467 1567 4522 sibi
1599 4475 1861 4539 tropaeum

283 4541 592 4610 acquisivit,
622 4544 730 4600 imo
756 4546 1002 4604 ﬁdelibus
1031 4552 1143 4606 suis
1171 4568 1335 4622 super
1360 4570 1576 4612 omnem
1605 4558 1861 4616 virtutem

283 4629 520 4698 ejusdem
566 4633 770 4702 antiqui
820 4635 991 4691 hostis
1033 4646 1353 4707 potestatem
1385 4643 1588 4698 tribuit.
1624 4645 1775 4700 Unde
1803 4648 1860 4702 in

285 4718 574 4790 Evangelia
624 4723 899 4794 discipulis
925 4726 1036 4780 suis
1061 4727 1136 4780 ait
1178 4746 1191 4782 :
1231 4728 1366 4784 Ecce
1409 4731 1531 4785 dedi
1558 4734 1696 4788 vobis
1719 4745 1862 4805 pote-

282 4818 467 4864 statem
494 4810 735 4866 calcandi
768 4831 923 4885 super
947 4827 1202 4887 serpentes
1229 4829 1277 4873 et
1302 4836 1459 4892 super
1482 4825 1780 4893 scorpiones
1810 4834 1859 4882 et

283 4913 440 4989 super
466 4918 667 4957 omnem
698 4905 933 4959 virtutem
958 4908 1155 4963 inimici
1180 4909 1331 4983 (Luc.
1366 4910 1444 4989 χ).
1473 4912 1617 4970 Bene
1636 4930 1766 4988 ergo
1802 4918 1858 4972 in

285 4985 423 5043 libro
452 4990 655 5062 Regum
697 4995 955 5066 scriptum
986 5011 1073 5076 est
1104 5000 1190 5072 (II
1221 5000 1348 5073 Reg.
1379 4985 1465 5075 v),
1496 5008 1639 5076 quod
1665 4985 1856 5076 David,

285 5079 473 5149 ejectis
507 5084 666 5138 caecis
686 5094 742 5141 et
765 5087 998 5155 claudis,
1026 5092 1117 5162 qui
1146 5094 1375 5149 oderant
1402 5097 1639 5154 animam
1667 5100 1856 5169 David,

286 5171 428 5240 cepit
452 5188 632 5228 arcem
658 5174 809 5244 Sion,
840 5195 1097 5251 suamque
1118 5184 1386 5241 civitatem
1415 5202 1535 5243 eam
1562 5193 1857 5260 vocaverit,

287 5264 411 5332 quia
463 5265 586 5319 dum
629 5266 875 5326 Salvator
924 5282 1107 5328 noster
1153 5277 1417 5349 malignos
1464 5280 1685 5350 spiritus
1735 5297 1857 5338 cum

287 5357 445 5409 turba
472 5356 726 5415 vitiorum
754 5361 819 5416 de
845 5365 1024 5420 anima
1049 5367 1288 5437 qualibet
1316 5371 1619 5442 expulerit,
1651 5374 1859 5445 sibique

286 5462 407 5501 eam
433 5465 529 5519 per
556 5450 999 5511 illuminationem
1039 5461 1315 5531 sapientia:
1344 5465 1717 5533 usurpaverit;
1750 5481 1863 5520 me-

290 5541 392 5594 rito
420 5557 516 5595 arx
548 5543 694 5608 Sion,
728 5545 781 5599 id
809 5557 912 5612 est,
939 5551 1304 5618 speculationis
1331 5562 1387 5606 et
1412 5553 1538 5607 visio
1571 5555 1735 5624 pacis,
1764 5570 1859 5609 vo-

287 5633 529 5699 cabitur,
564 5645 722 5705 atque
750 5638 814 5692 de
855 5654 915 5693 ea
953 5650 1078 5695 tunc
1112 5653 1257 5698 recte
1285 5661 1381 5713 per
1410 5644 1753 5702 Psalmistam
1783 5648 1861 5701 di-

285 5724 428 5780 citur
468 5746 480 5781 :
518 5729 689 5787 Notus
733 5735 785 5788 in
829 5736 1019 5790 Iudaea
1069 5734 1239 5801 Deus,
1287 5735 1341 5787 in
1398 5734 1566 5790 Israel
1616 5753 1861 5809 magnum

1969 1906 2394 1978 Hierosolymam
2421 1907 2834 1976 nuncupaverit.
2867 1905 3003 1961 Nam
3036 1908 3134 1962 sub
3157 1906 3432 1962 Abraham
3463 1922 3559 1977 pa-

1967 1998 2208 2054 triarcha
2254 1996 2471 2070 Solyma
2518 1999 2834 2055 vocabatur.
2884 1999 3112 2067 Quidam
3160 2015 3291 2055 vero
3342 1999 3553 2065 dicunt,

1967 2089 2112 2159 quod
2138 2097 2193 2143 et
2220 2089 2486 2145 Homerus
2514 2099 2702 2161 postea
2725 2089 3148 2163 Hierosolymam
3172 2090 3553 2145 nominaverit.

1967 2178 2166 2233 Hieron
2208 2178 2352 2233 enim
2404 2177 2630 2235 Hebraea
2682 2180 2860 2252 lingua
2916 2179 3138 2233 munitio
3182 2187 3285 2234 est.
3327 2178 3558 2251 Mystice

1967 2276 2148 2323 autem
2178 2268 2322 2339 quod
2355 2270 2525 2325 David
2558 2270 2747 2327 urbem
2785 2270 3075 2327 aediﬁcavit
3106 2285 3205 2341 per
3237 2270 3552 2337 circuitum,

1966 2360 2242 2433 signiﬁcat
2286 2361 2561 2418 Christum
2608 2364 2661 2417 in
2713 2361 2894 2418 Judaaa
2933 2362 3169 2433 primum
3200 2360 3555 2432 Evangelium

1964 2452 2314 2523 praedicasse,
2355 2464 2410 2508 et
2451 2453 2746 2509 Ecclesiam
2776 2468 2931 2509 suam
2962 2452 3085 2508 ﬁdei
3114 2468 3226 2507 sua:
3254 2452 3557 2507 munitione

1965 2543 2204 2615 undique
2247 2545 2633 2601 circumdanda
2680 2545 2940 2599 ﬁrmasse.
2986 2544 3139 2613 Quod
3183 2552 3364 2599 autem
3415 2543 3554 2600 Joab

1963 2634 2170 2706 reliqua
2200 2636 2350 2691 urbis
2375 2635 2672 2701 exstruxit,
2720 2634 2991 2707 signiﬁcat
3019 2634 3294 2705 apostolos
3324 2642 3378 2688 et
3414 2648 3555 2704 prm~

1964 2728 2233 2784 dicatores
2260 2727 2536 2800 Evangelii
2565 2735 2689 2798 post
2726 2728 3055 2796 passionem,
3081 2726 3554 2781 Resurrectionem

1964 2829 2020 2876 et
2049 2821 2435 2877 Ascensionem
2462 2820 2676 2875 Domini
2703 2821 2770 2876 ad
2796 2820 2965 2875 cmlos
2992 2821 3236 2876 doctrina
3260 2835 3355 2875 sua
3384 2819 3553 2890 pluri-

1962 2929 2083 2969 mos
2126 2914 2195 2970 de
2241 2915 2489 2986 gentibus
2533 2914 2602 2970 ad
2633 2913 2793 2969 ﬁdem
2837 2912 3040 2969 Christi
3081 2913 3454 2978 convertisse,
3493 2919 3556 2967 ut

1962 3014 2339 3076 cooperatores
2375 3013 2557 3062 essent
2585 3005 2755 3076 ipsius
2792 3005 3074 3072 veritatis,
3105 3012 3161 3060 et
3201 3020 3302 3074 pro
3335 3002 3556 3060 modulo

1965 3112 2066 3152 suo
2087 3096 2366 3167 spirituale
2403 3096 2691 3152 tediﬁcium
2733 3096 2830 3152 Dei
2860 3097 3049 3152 devota
3080 3103 3261 3151 mente
3315 3111 3381 3150 ac
3414 3106 3556 3152 stre-

1962 3202 2069 3243 nua
2096 3187 2395 3243 devotionis
2437 3187 2649 3242 actione
2684 3193 3086 3242 eonstruerent.
3145 3185 3302 3241 Unde
3353 3183 3556 3241 Paulus

1960 3277 2031 3333 ad
2051 3278 2311 3348 quosdam
2333 3276 2517 3333 ﬁdeles
2543 3276 2789 3333 scribens
2809 3275 2886 3330 ait
2909 3294 2921 3329 :
2943 3276 3037 3329 Dei
3054 3292 3235 3329 sumus
3258 3274 3553 3345 adjutores,

1961 3368 2061 3422 Dei
2116 3366 2448 3438 agricultura
2500 3368 2624 3423 estis
2655 3407 2671 3434 ,
2721 3366 2821 3422 Det
2894 3366 3175 3437 aediﬁcatio
3225 3367 3382 3434 estis,
3439 3376 3549 3422 etc.

1963 3461 2017 3534 (ι
2044 3459 2169 3516 Cor.
2199 3462 2306 3535 ιιι.)

2033 3551 2107 3606 Hi
2131 3554 2391 3623 principes
2424 3554 2663 3607 virorum
2685 3550 2902 3622 fortium
2922 3550 3095 3607 David
3120 3551 3210 3622 qui
3237 3550 3553 3622 adjuverunt

1959 3663 2098 3712 eum,
2135 3656 2193 3700 ut
2231 3664 2323 3702 rex
2348 3646 2491 3716 ﬁeret
2522 3662 2679 3717 super
2700 3663 2904 3701 omnem
2934 3645 3129 3712 Israel,
3147 3648 3306 3717 juxta
3336 3647 3545 3701 verbum

1958 3735 2175 3791 Domini
2201 3737 2339 3807 quod
2369 3736 2573 3791 locutus
2617 3746 2693 3790 est
2728 3737 2799 3791 ad
2828 3735 3019 3791 Israel.
3059 3735 3127 3790 Et
3160 3738 3257 3791 iste
3297 3753 3548 3791 numerus

1961 3825 2292 3881 robustorum
2327 3825 2498 3880 David
2525 3840 2544 3878 .'
2580 3826 2828 3881 Jesbaam
2859 3826 3003 3895 ﬁlius
3046 3827 3357 3891 Achamoni,
3400 3828 3550 3897 prin-

1961 3932 2079 3986 ceps
2125 3917 2262 3970 inter
2300 3918 2548 3988 triginta;
2577 3918 2672 3972 iste
2707 3918 2888 3972 levavit
2937 3917 3146 3971 hastam
3191 3933 3341 3971 suam
3393 3933 3557 3987 super

1962 4016 2214 4063 trecentos
2256 4007 2551 4064 vulneratos
2589 4026 2697 4062 una
2726 4010 2852 4063 vice.
2900 4008 3055 4064 Hunc
3088 4006 3339 4062 Jesbaam
3395 4005 3555 4061 Iose-

1960 4096 2102 4167 phus
2150 4098 2438 4154 Eusebium
2489 4099 2769 4165 nominat,
2815 4107 2872 4153 et
2912 4097 3080 4152 ﬁlium
3111 4112 3232 4152 eum
3264 4113 3383 4153 esse
3415 4098 3553 4152 dicit

1960 4187 2234 4242 Achimeae
2258 4228 2273 4254 ,
2317 4189 2408 4258 qui
2436 4189 2608 4243 aciem
2631 4189 2867 4244 hostium
2894 4188 3209 4259 frequenter
3238 4189 3555 4257 irrumpens

1963 4294 2304 4349 nequaquam
2338 4279 2626 4350 pugnando
2654 4280 2915 4345 cessarit,
2958 4280 3132 4335 donec
3174 4294 3241 4334 ex
3282 4280 3362 4333 eis
3411 4295 3555 4333 non-

1964 4379 2153 4443 gentos
2178 4371 2467 4427 occideret.
2518 4371 2626 4427 Sed
2651 4371 2909 4429 Hebrmus
2942 4373 3098 4442 cujus
3122 4371 3262 4427 dicta
3295 4372 3349 4425 in
3381 4386 3555 4441 expo-

1966 4462 2162 4518 sitione
2187 4462 2395 4535 Regum
2440 4462 2621 4533 aliqua
2668 4464 2859 4535 posui,
2898 4473 2954 4519 et
3000 4464 3054 4518 in
3099 4464 3353 4534 praesenti
3382 4479 3553 4532 opem

1969 4566 2076 4607 non
2103 4568 2274 4622 pauca
2305 4553 2527 4619 inserui,
2568 4554 2730 4608 istum
2759 4551 3012 4609 Jesbaam
3048 4554 3236 4623 ipsum-
3253 4553 3423 4607 David
3457 4554 3546 4607 in—

1970 4643 2134 4715 telligi
2177 4642 2312 4709 vult,
2362 4642 2725 4712 interpretans
2770 4657 2968 4697 nomen
3010 4643 3217 4712 ipsum,
3272 4643 3377 4698 hoc
3435 4654 3546 4709 est,

1966 4733 2238 4801 Jesbaam,
2267 4733 2448 4790 sedens
2474 4733 2528 4787 in
2549 4733 2760 4804 populo,
2788 4733 3088 4789 Achamoni
3117 4748 3246 4788 vero
3267 4735 3550 4804 sapientis-

1965 4831 2155 4884 simum
2181 4845 2200 4883 :
2232 4827 2516 4899 ﬁrmatque
2542 4869 2558 4894 ,
2585 4828 2689 4883 hoc
2720 4828 2775 4883 in
2817 4828 2956 4884 libro
2985 4827 3190 4898 Regum
3221 4828 3295 4882 ita
3319 4827 3551 4909 demon-

1965 4927 2196 4975 stratum
2221 4934 2341 4975 esse
2360 4959 2375 4984 ,
2408 4920 2497 4974 ubi
2529 4920 2782 4975 scribitur
2814 4936 2825 4973 :
2857 4918 3052 4974 Sedens
3092 4920 3146 4972 in
3178 4918 3428 4972 cathedra
3456 4935 3547 4973 sa-

1962 5010 2315 5081 pientissimus
2341 5009 2425 5081 (II
2452 5009 2579 5080 Reg.
2609 5009 2784 5080 mu).
2819 5007 2927 5064 Sed
2947 5010 3069 5064 ideo
3090 5007 3386 5064 vermiculo
3412 5008 3545 5079 ligni

1963 5116 2090 5156 eum
2119 5111 2487 5173 comparatum
2515 5118 2654 5168 esse,
2691 5103 2817 5173 quia
2845 5102 3190 5159 minuebatur
3219 5099 3294 5153 illi
3324 5100 3542 5169 sapien-

1964 5192 2039 5247 tia
2080 5200 2302 5262 propter
2345 5199 2626 5261 peccatum
2670 5193 2812 5262 quod
2859 5191 3130 5247 commisit
3178 5191 3234 5245 in
3272 5189 3403 5245 Uria
3454 5189 3545 5259 (II

1966 5281 2096 5352 Reg.
2145 5281 2245 5354 ιι).
2281 5282 2541 5337 Similiter
2574 5282 2742 5338 refert
2772 5282 2901 5337 illud
2929 5281 3237 5353 signiﬁcare
3260 5321 3276 5345 ,
3308 5281 3453 5350 quod
3486 5281 3543 5335 in

1962 5372 2233 5428 volumine
2262 5372 2464 5442 Regum
2491 5382 2746 5428 narratur
2775 5372 2859 5445 (II
2893 5372 3022 5443 Reg.
3050 5372 3233 5444 χχιιι),
3258 5373 3546 5441 octingen-

1963 5469 2047 5516 tos
2068 5461 2215 5515 illum
2236 5477 2343 5516 uno
2369 5462 2611 5531 impetitu
2632 5463 3063 5527 interfecisse,-et
3083 5462 3171 5516 hic
3199 5462 3254 5515 in
3269 5460 3545 5530 Paralipo~

1962 5568 2156 5608 menon
2181 5552 2312 5608 dicit
2340 5561 2609 5609 trecentos
2631 5568 2754 5608 eum
2782 5552 3139 5618 interfecisse,
3181 5551 3544 5607 minoratione

1962 5644 2170 5699 scilicet
2214 5643 2371 5699 famae
2420 5645 2565 5699 illius
2616 5654 2836 5716 propter
2886 5653 3167 5714 peceatum
3222 5642 3541 5714 prmdictum

1962 5734 2212 5791 adulterii
2242 5744 2296 5790 et
2326 5736 2622 5794 homicidii.
