3902 6146
286 308 392 366 529

1217 293 1568 355 COMMENT.
1611 293 1675 348 lN
1715 291 2269 350 PABALIPOMENA.
2309 325 2376 337 -—
2415 296 2542 351 UB.
2580 297 2616 351 l.

3456 311 3559 364 530

360 419 428 474 Et
457 425 572 489 post
609 431 729 470 eum
763 411 1009 476 Eleazar,
1052 413 1193 482 filius
1231 411 1409 482 patrui
1457 411 1595 482 ejus,
1642 409 1871 474 Aboites,
1903 413 1953 472 Α
1979 405 2065 478 (II
2099 407 2226 479 Reg.
2253 410 2432 480 χχιιι).
2483 411 2542 465 In
2570 413 2895 469 sacriﬁcium
2921 415 3118 488 quippe
3143 419 3358 476 Domini
3387 413 3584 480 emis’a“

287 513 378 584 qui
403 509 503 580 [uit
549 509 688 562 inter
735 516 989 576 potentes.
1031 503 1167 559 Αιιοί
1215 503 1359 558 enim
1400 501 1483 573 (ut
1510 500 1721 556 Hebraei
1768 509 1877 555 tra-

287 599 442 671 dunt)
487 597 659 652 frater
691 595 793 650 fuit
823 594 1067 658 Eleazar,
1101 593 1194 662 qui
1241 592 1343 647 fuit
1369 593 1513 647 inter
1539 600 1650 647 tres
1686 600 1874 661 poten-

287 689 559 754 tissimus,
597 701 737 756 quos
768 684 1034 755 Iosephus
1073 684 1204 739 dicit
1238 698 1360 739 esse
1387 683 1676 738 Eusebium
1707 681 1876 736 filium

287 780 566 844 Achimee,
589 786 648 832 et
666 777 896 832 Eleazar
928 776 1097 831 lilium
1130 775 1267 840 Doli,
1297 783 1353 830 et
1396 773 1664 830 Semeiam
1705 773 1874 828 ﬁlium

353 957 748 1012 Descenderam:
775 965 952 1010 autem
976 965 1079 1011 tres
1110 957 1176 1010 de
1203 957 1418 1027 triginta
1450 956 1776 1027 principibus
1805 956 1874 1009 ad

286 1059 507 1119 petram,
539 1050 595 1103 in
625 1065 732 1118 qua
776 1057 890 1102 erat
936 1047 1107 1102 David
1150 1048 1220 1102 ad
1257 1047 1556 1119 speluncam
1603 1046 1869 1115 Odollam,

285 1140 493 1208 quando
523 1138 852 1192 Pliilistlziim
883 1138 1093 1207 fuerant
1127 1141 1485 1194 castrametati
1513 1141 1568 1194 in
1593 1140 1726 1196 valle
1768 1140 1876 1196 Ra-

284 1237 482 1306 pliaim.
500 1233 676 1288 Porro
707 1234 877 1288 David
900 1243 1014 1288 erat
1040 1234 1095 1288 in
1119 1235 1386 1305 praesidio,
1413 1243 1462 1289 et
1500 1235 1658 1290 statio
1701 1233 1870 1289 Phili-

285 1326 577 1379 stlu'norum
591 1325 648 1378 in
662 1324 981 1379 Bethlcltem.
998 1324 1325 1380 Desideravit
1337 1344 1459 1398 ergo
1474 1327 1643 1382 David
1657 1345 1871 1399 aquam,

280 1427 330 1471 et
375 1417 511 1470 dixit
550 1429 571 1468 :
616 1413 664 1469 0
706 1416 751 1469 si
789 1416 906 1484 quis
939 1415 1088 1470 daret
1131 1417 1260 1470 mihi
1293 1435 1488 1489 aquam
1538 1420 1602 1475 de
1646 1421 1873 1474 cisterna

280 1501 583 1558 Bethlehem
608 1519 728 1573 qua:
749 1513 823 1565 est
850 1504 907 1558 in
935 1513 1086 1574 porta
1103 1506 1128 1558 ?
1164 1505 1287 1560 Tres
1313 1523 1434 1577 ergo
1457 1509 1545 1563 isti
1576 1526 1670 1579 per
1700 1510 1874 1563 media

279 1602 458 1646 castra
529 1591 974 1646 Philistliinorum
1036 1606 1371 1663 perrexerunt
1396 1635 1412 1662 ,
1474 1606 1521 1650 et
1585 1596 1873 1652 hauserunt

278 1697 475 1751 aquam
505 1680 572 1734 de
600 1682 826 1734 cisterna
863 1679 1187 1749 Betltlehem,
1225 1701 1342 1755 quae
1368 1695 1479 1740 erat
1513 1689 1568 1740 in
1601 1696 1774 1758 porta,
1823 1697 1874 1742 et

1977 513 2116 568 aqua
2135 515 2400 555 conversa
2427 510 2530 569 est,
2568 503 2694 572 quia
2718 504 2932 574 culpam
2963 511 3413 579 concupiscentia:
3444 531 3558 569 ma—

1974 589 2142 642 ctavit
2166 605 2263 658 per
2287 591 2660 660 paenitentiam
2683 596 3116 665 reprehensionis
3140 615 3271 655 sum.
3301 601 3403 668 Qui
3427 621 3559 675 ergo

1975 677 2244 746 quondam
2269 679 2649 750 concupiscere
2670 681 2900 738 alienam
2921 685 3037 754 conj
3047 703 3202 759 ugem
3217 705 3557 766 nequaquam

1978 767 2155 822 timuit
2179 809 2193 831 ,
2222 777 2344 838 post
2382 770 2546 824 etiam
2571 772 2698 842 quia
2726 788 2942 843 aquam,
2981 778 3150 832 etiam
3175 794 3209 834 a
3237 779 3402 839 licitis
3431 785 3560 841 abs-

1977 855 2200 911 tinebat.

2044 948 2223 1002 Abisai
2241 967 2442 1020 quoque
2455 951 2622 1022 frater
2631 951 2784 1017 Joab,
2802 955 2909 1024 ipse
2923 967 3033 1011 erat
3055 959 3294 1030 princeps
3307 964 3489 1030 trium;
3507 975 3559 1020 et

1974 1037 2082 1107 ipse
2093 1036 2276 1092 levavit
2289 1039 2494 1093 hastam
2511 1057 2661 1094 suam
2682 1053 2862 1098 contra
2878 1054 3130 1102 trecentos
3153 1049 3484 1120 vulneratos;
3506 1065 3556 1110 ct

1974 1127 2082 1196 ipse
2102 1136 2213 1181 erat
2241 1129 2378 1182 inter
2397 1137 2500 1183 tres
2521 1131 2990 1200 nominatissimus,
3015 1136 3150 1191 inter
3173 1149 3275 1196 tres
3295 1145 3555 1200 secundus

1974 1216 2218 1287 inclytus,
2250 1228 2297 1271 et
2341 1220 2580 1289 princeps
2618 1237 2818 1277 eorum.
2879 1222 3246 1283 Verumtamen
3283 1247 3444 1303 usque
3480 1234 3552 1288 ad

1975 1319 2078 1362 tres
2098 1309 2292 1377 primos
2321 1325 2423 1363 non
2442 1322 2764 1380 pervenerat.
2798 1312 2934 1368 Hinc
2957 1325 3182 1384 apparet
3206 1321 3348 1389 quod
3367 1321 3551 1380 Abisai

1971 1397 2222 1467 princeps
2250 1407 2368 1452 erat
2397 1400 2861 1459 nominatissimus
2909 1405 3052 1461 inter
3099 1417 3209 1465 tres
3259 1414 3550 1483 sapientes.

1975 1490 2083 1546 Sed
2107 1506 2275 1560 usque
2299 1492 2366 1546 ad
2402 1501 2508 1548 tres
2533 1495 2760 1564 primos,
2792 1499 2882 1567 qui
2919 1514 3080 1571 supra
3106 1505 3367 1562 nominati
3405 1521 3552 1576 sunt,

1973 1597 2082 1636 non
2107 1583 2376 1652 pervenit,
2404 1583 2508 1638 hoc
2541 1594 2644 1650 est,
2682 1585 2950 1655 Jesbaam,
2993 1591 3310 1650 Eleazarum
3333 1607 3390 1654 et
3417 1599 3553 1658 Sen-

1975 1686 2104 1736 nua,
2138 1686 2366 1740 quorum
2388 1681 2539 1729 actus
2565 1673 2887 1733 fortissimos
2914 1695 3078 1751 supra
3115 1687 3377 1743 narravit.
3409 1689 3556 1747 Alle-

279 1775 576 1830 ettulerunt
601 1776 671 1829 ad
697 1776 891 1842 David,
921 1785 978 1831 ut
1005 1776 1214 1831 biberet.
1255 1775 1358 1842 Qui
1380 1776 1567 1843 noluit,
1587 1778 1677 1832 sed
1700 1779 1866 1848 magis
1892 1771 1941 1832 Β
1968 1765 2150 1833 εοτίεε
2173 1773 2355 1820 amem
2384 1767 2500 1822 hac
2527 1771 2789 1824 sententia
2814 1774 3048 1829 OSlendit
3071 1778 3213 1846 quod
3242 1794 3401 1840 nemo
3424 1798 3551 1839 san-

281 1867 465 1922 libanit
497 1868 648 1922 illam
695 1869 946 1937 Domino,
974 1871 1152 1926 dicens
1190 1885 1209 1924 :
1246 1871 1395 1926 Absit
1429 1881 1485 1926 ut
1511 1873 1566 1926 in
1596 1882 1869 1944 conspectu

277 1955 376 2009 Dei
404 1958 512 2011 mei
539 1958 642 2011 hoc
680 1959 896 2027 faciam,
934 1969 983 2014 et
1027 1962 1336 2032 sanguinem
1377 1963 1598 2016 istorum
1639 1963 1869 2017 virorum

274 2049 304 2101 b
327 2048 469 2113 bam,
499 2050 628 2120 quia
659 2051 714 2104 in
742 2051 974 2120 periculo
1004 2053 1300 2106 animarum
1329 2069 1545 2106 suarum
1582 2051 1870 2107 attulerunt

276 2139 404 2192 milii
434 2155 656 2209 equam.
682 2138 753 2193 Et
777 2140 843 2194 ob
871 2141 1006 2194 hanc
1033 2158 1248 2196 causam
1276 2141 1442 2196 noluit
1471 2143 1658 2210 bibere,
1685 2153 1740 2198 et
1756 2144 1871 2200 reli-

277 2248 402 2302 qua.
434 2233 654 2288 Hebraei
675 2243 926 2290 asserunt
953 2235 1121 2290 David
1151 2251 1256 2291 non
1289 2245 1398 2291 tam
1427 2237 1696 2293 desiderio
1717 2253 1872 2308 aqua:

275 2324 422 2379 sitim
453 2325 566 2380 hoc
589 2324 817 2392 fecisse,
845 2341 1006 2396 quam
1037 2327 1202 2383 etiam
1228 2329 1295 2385 ad
1322 2330 1662 2400 probandum
1688 2340 1870 2387 utrum

276 2421 384 2468 tam
411 2414 590 2471 fortes
617 2415 720 2471 viri
743 2415 886 2472 inter
904 2432 1032 2473 suos
1053 2418 1284 2474 inveniri
1305 2420 1625 2490 potuissent,
1651 2421 1745 2492 qui
1768 2422 1873 2478 hoc

271 2513 646 2570 sttentarent;
685 2521 809 2562 cum
848 2514 1030 2563 autem
1062 2509 1166 2564 sibi
1205 2525 1304 2581 per
1339 2525 1435 2567 eos
1460 2511 1643 2568 oblata
1683 2512 1874 2569 fuisset

274 2612 416 2666 aqua
449 2613 580 2653 cu
608 2606 758 2654 tanto
783 2601 1025 2670 periculo
1049 2601 1350 2667 hominum,
1380 2605 1618 2662 noluisse
1645 2621 1767 2662 eam
1789 2607 1870 2663 bi-

269 2687 428 2753 bere,
467 2688 569 2745 sed
601 2691 777 2762 magis
819 2693 1129 2750 sacriﬁcare
1156 2709 1277 2750 eam
1303 2695 1414 2752 Deo
1439 2695 1669 2768 elegisse
1692 2737 1707 2763 ,
1748 2713 1873 2770 gra-

269 2779 381 2834 tias
411 2779 490 2834 illi
523 2781 768 2850 agendo,
800 2783 942 2853 quod
969 2791 1082 2838 tam
1111 2782 1280 2840 fortes
1319 2786 1466 2842 viros
1503 2785 1559 2840 in
1587 2786 1751 2843 lsrael
1785 2788 1875 2845 de-

273 2871 450 2926 derat.
484 2870 712 2942 Mystice
741 2881 921 2928 autem
945 2874 1167 2930 sitiebat
1192 2876 1360 2932 David
1380 2891 1488 2932 non
1514 2891 1728 2948 aquam,
1751 2893 1874 2950 qua

273 2962 445 3016 estin
485 2960 809 3018 Bethlehem
835 3004 850 3029 ,
887 2964 981 3020 sed
1010 2966 1279 3021 oriturum
1331 2967 1386 3022 in
1417 2969 1607 3024 eadem
1652 2968 1871 3026 Bethle-

269 3051 405 3106 bem
446 3050 731 3108 Christum
783 3069 852 3109 ex
904 3054 1123 3127 Virgine
1171 3056 1228 3110 in
1277 3057 1468 3127 spiritu
1518 3059 1868 3129 pmvidebat.

1971 1864 2202 1920 ctorum,
2252 1855 2379 1912 licet
2421 1857 2566 1912 inter
2611 1874 2737 1914 suos
2765 1861 3026 1918 virtutum
3061 1869 3383 1926 excellentia
3412 1876 3550 1929 emi-

1971 1954 2119 2010 neat,
2144 1954 2325 2000 tamen
2349 1962 2519 2016 usque
2541 1948 2609 2004 ad
2631 1951 2992 2026 aequalitatem
3015 1959 3268 2024 potentia:
3300 1960 3478 2019 Patris
3499 1974 3555 2020 et

1971 2034 2095 2090 Filii
2142 2044 2199 2091 et
2246 2035 2482 2107 Spiritus
2525 2041 2697 2094 sancti
2724 2046 2988 2110 pervenit.
3030 2045 3182 2103 Unde
3231 2050 3287 2105 in
3332 2052 3550 2110 Psalmo

1972 2128 2232 2198 scriptum
2248 2139 2332 2184 est
2357 2148 2370 2182 :
2403 2131 2661 2195 Quoniam
2685 2134 2800 2202 quis
2826 2135 2882 2189 in
2899 2137 3121 2194 nubibus
3136 2144 3550 2212 aequabituer

1971 2226 2134 2288 mino,
2150 2234 2240 2278 aut
2252 2227 2368 2295 quis
2382 2225 2568 2280 similis
2588 2228 2687 2281 erit
2700 2228 2808 2282 Deo
2822 2230 2956 2285 inter
2963 2232 3102 2301 ﬁlios
3113 2233 3214 2290 Dei
3228 2238 3254 2292 7
3272 2237 3438 2309 Deus,
3457 2251 3550 2314 qui

1972 2316 2298 2390 gloriﬁcatur
2324 2319 2380 2371 in
2405 2318 2622 2373 consilio
2648 2331 2971 2390 sanctorum,
2998 2342 3221 2398 magnus
3243 2341 3292 2385 et
3318 2344 3548 2390 metuen-

1972 2407 2072 2461 dus
2097 2423 2252 2477 super
2276 2423 2453 2462 omnes
2476 2409 2567 2478 qui
2593 2410 2648 2464 in
2674 2412 2895 2468 circuitu
2920 2415 3035 2485 ejus
3059 2431 3203 2478 sunt.
3237 2431 3343 2479 etc.
3371 2424 3549 2496 (Psal.

1973 2499 2261 2569 uxxvtn).

2043 2588 2300 2658 Banaias,
2327 2590 2470 2660 filius
2489 2591 2721 2661 Joiadw,
2746 2595 2844 2653 viri
2875 2598 3243 2670 robustissimi,
3263 2606 3356 2674 qui
3384 2608 3552 2664 multa

1969 2698 2133 2753 opera
2171 2691 2552 2752 perpetraverat
2600 2685 2664 2739 de
2695 2685 2928 2743 Cabseel.
2976 2690 3100 2761 Ipse
3135 2697 3390 2762 percussit
3416 2698 3553 2754 duos

1974 2772 2106 2827 ariel
2150 2771 2330 2839 Moab,
2362 2781 2412 2827 et
2456 2777 2564 2843 ipse
2602 2775 2865 2830 descendit
2900 2787 2949 2831 et
2989 2778 3247 2849 interfecit
3272 2783 3471 2841 leonem
3495 2788 3554 2842 in

1973 2861 2148 2917 media
2191 2863 2418 2916 cisterna
2465 2864 2518 2916 in
2557 2873 2785 2933 tempore
2841 2866 2992 2922 nivis.
3053 2868 3123 2923 Et
3147 2871 3254 2936 ipse
3297 2877 3554 2943 percussit

1970 2953 2141 3008 virum
2176 2951 2508 3021 «Egyptium,
2552 2953 2703 3024 cujus
2727 2964 2936 3011 statura
2956 2968 3076 3012 erat
3101 2961 3329 3032 quinque
3350 2965 3557 3020 cubito-

1974 3058 2112 3108 rum,
2129 3051 2175 3096 et
2198 3041 2419 3096 habebat
2446 3041 2683 3098 lanceam
2705 3055 2760 3099 ut
2783 3045 3099 3103 liciatorium
3125 3055 3428 3110 terentium.
3452 3055 3557 3111 De-

278 3143 421 3214 Ergo
452 3143 678 3200 volebat
700 3145 884 3202 bibere
908 3122 1027 3202 non
1058 3164 1254 3218 aquam
1296 3122 1556 3218 fluminis,
1597 3153 1691 3208 sed
1726 3153 1872 3208 lava-

1979 3132 2172 3188 scendit
2194 3149 2314 3204 ergo
2337 3133 2406 3186 ad
2431 3150 2548 3190 eum
2571 3153 2689 3190 cum
2714 3139 2874 3208 virga,
2893 3149 2942 3194 et
2962 3143 3135 3218 rapuit
3157 3143 3362 3200 hastam
3389 3165 3553 3218 quam

273 3248 433 3288 crum
464 3249 538 3288 ex
570 3234 744 3290 latere
771 3233 973 3290 Christi
1001 3235 1192 3304 fluens,
1219 3239 1319 3295 hoc
1342 3247 1447 3307 est,
1475 3256 1583 3296 non
1609 3257 1874 3312 aquarum

281 3324 503 3379 sitiebat
551 3323 722 3379 David
771 3325 1120 3393 elementum,
1165 3329 1260 3385 sed
1291 3331 1606 3401 sanguinem
1634 3331 1870 3388 Christi:

281 3413 426 3469 unde
447 3429 560 3469 non
585 3413 721 3470 bibit
752 3415 987 3472 oblatam
1018 3434 1232 3490 aquam,
1270 3420 1370 3476 sed
1390 3422 1615 3476 Domino
1635 3421 1788 3488 fudit,
1811 3423 1878 3478 si-

283 3505 558 3576 gniﬁcans
596 3506 752 3562 sitire
790 3523 851 3564 se
888 3507 1089 3566 Christi
1137 3512 1490 3579 sacrificium,
1528 3529 1636 3568 non
1671 3523 1876 3570 natura:

291 3595 578 3664 fluentum,
609 3598 739 3654 illud
779 3601 1105 3657 sacrificium
1138 3602 1192 3657 in
1222 3618 1328 3674 quo
1351 3616 1434 3660 est
1471 3605 1718 3662 remissio
1745 3621 1875 3677 pec-

292 3698 572 3755 catorum;
603 3689 756 3745 illum
780 3690 931 3746 sitire
949 3691 1153 3748 fontem
1173 3703 1462 3762 internum,
1493 3696 1585 3766 qui
1609 3712 1714 3752 non
1737 3697 1878 3768 peri-

293 3779 427 3835 culis
455 3780 727 3850 qureritur
754 3781 979 3847 alienis,
1027 3783 1123 3838 sed
1163 3785 1405 3854 pericula
1448 3786 1621 3842 aliena
1649 3788 1875 3843 deleret.

291 3866 449 3924 Juxta
478 3870 840 3942 tropologiam
864 3887 994 3928 vero
1029 3873 1376 3944 cogitandum
1403 3890 1746 3945 summopere
1773 3885 1877 3944 est,

301 3967 355 4010 ut
381 3961 472 4029 qui
505 3974 568 4013 sc
598 3958 784 4015 illicita
825 3961 1072 4016 meminit
1094 3963 1460 4029 commisisse,
1499 3979 1531 4018 a
1556 3965 1880 4034 quibusdam

295 4051 457 4105 etiam
486 4051 663 4106 licitis
707 4051 920 4107 studeat
967 4053 1242 4108 abstinere
1266 4094 1282 4118 ,
1329 4063 1594 4123 quatenus
1637 4067 1736 4123 per
1780 4055 1883 4110 hoc

295 4140 562 4195 conditori
598 4155 698 4194 suo
721 4139 1055 4207 satisfaciat,
1082 4150 1144 4196 ut
1172 4142 1262 4213 qui
1290 4141 1563 4198 commisit
1586 4143 1878 4213 prohibita,

300 4232 616 4302 sibimetipsi
664 4232 941 4287 abscidam
977 4233 1169 4289 debeat
1196 4235 1360 4289 etiam
1398 4249 1654 4290 concessa
1685 4253 1699 4291 :
1732 4248 1792 4291 ut
1823 4252 1883 4292 se

299 4323 661 4392 reprehendat
697 4322 752 4376 in
779 4322 1044 4388 minimis,
1073 4338 1235 4393 quem
1267 4324 1513 4380 meminit
1543 4326 1598 4380 in
1632 4327 1882 4382 maximis

299 4413 611 4482 deliquisse.
664 4411 781 4468 Lex
829 4421 975 4467 certe
1025 4414 1235 4470 Veteris
1277 4414 1610 4472 Testamenti
1646 4417 1878 4475 alienam

1977 3223 2182 3279 tenebat
2201 3240 2382 3291 manu,
2395 3235 2443 3280 et
2461 3227 2716 3296 interfecit
2730 3246 2850 3285 eum
2863 3232 3016 3288 hasta
3038 3251 3155 3302 sua,
3171 3246 3276 3294 etc.
3292 3241 3444 3306 Quod
3458 3257 3556 3298 au-

1977 3322 2085 3368 tem
2104 3314 2374 3406 scriptum
2397 3325 2480 3372 est
2513 3317 2567 3371 in
2589 3318 2793 3390 Regum
2819 3323 2884 3377 de
2907 3323 3108 3380 Banaia
3134 3327 3221 3399 (II
3239 3328 3368 3402 Reg.
3393 3333 3552 3406 mn)

1945 3445 1952 3452 .
1975 3405 2118 3474 quod
2147 3407 2413 3475 percussit
2439 3407 2572 3463 duos
2597 3408 2781 3467 leones
2807 3411 2962 3470 Moab
2983 3455 2999 3481 ,
3029 3425 3084 3470 et
3109 3417 3166 3472 in
3193 3405 3556 3493 Paralipome-

1973 3508 2084 3549 non
2125 3495 2260 3551 duos
2283 3495 2414 3550 ariel
2464 3495 2621 3552 Moab
2659 3501 2920 3567 nominat,
2951 3505 3165 3560 unicam
3200 3508 3556 3578 signiﬁcatio-

1976 3599 2100 3639 nem
2129 3585 2308 3641 habet.
2336 3586 2452 3642 Yiri
2477 3601 2606 3659 ergo
2627 3588 2912 3646 fortissimi
2941 3593 3029 3650 isti
3060 3594 3278 3654 fuerunt
3309 3601 3363 3656 in
3386 3619 3554 3674 regno

1977 3675 2135 3730 Moab
2178 3693 2192 3729 :
2238 3676 2381 3733 unde
2426 3686 2482 3732 et
2533 3678 2666 3735 ariel
2720 3679 2876 3736 Moab
2916 3681 3103 3740 leones
3157 3701 3556 3760 nuncupantur.

1975 3766 2125 3822 Ariel
2148 3767 2292 3822 enim
2319 3768 2703 3839 interpretatur
2728 3771 2812 3828 leo
2836 3774 2930 3828 Dei
2955 3793 2967 3828 :
2998 3790 3134 3845 quos
3152 3777 3402 3845 Banaias,
3425 3780 3557 3837 dum

1975 3866 2301 3927 provocatus
2332 3868 2477 3914 esset
2501 3861 2570 3916 ab
2597 3861 2720 3924 illis,
2755 3875 3038 3932 superatos
3067 3868 3362 3926 interfecit.
3399 3873 3554 3940 Quod

1981 3956 2162 4004 autem
2207 3949 2407 4004 dicitur
2445 3950 2515 4010 de
2545 3951 2749 4006 Banaia
2775 3971 2790 4010 :
2823 3955 2892 4008 Et
2923 3956 3031 4027 ipse
3059 3959 3322 4016 descendit
3351 3972 3401 4017 et
3435 3981 3560 4034 per—

1980 4039 2140 4093 cussit
2171 4038 2370 4094 leonem
2391 4040 2446 4094 in
2474 4040 2642 4094 media
2677 4043 2900 4098 cisterna
2928 4047 2984 4100 in
3024 4048 3204 4104 diebus
3227 4052 3358 4107 nivis
3379 4066 3400 4106 :
3427 4069 3562 4125 quo-

1981 4131 2142 4185 modo
2167 4131 2236 4186 sit
2261 4129 2482 4196 factum,
2511 4129 2774 4201 Josephus
2800 4143 2988 4189 narrat
3012 4141 3290 4206 apertius:
3317 4142 3446 4212 quia
3476 4145 3558 4199 vi-

1981 4219 2177 4275 delicet
2213 4220 2445 4274 cisterna
2473 4220 2632 4275 fuerit
2661 4223 2890 4278 nimium
2926 4225 3211 4295 profunda,
3239 4244 3379 4298 qute,
3423 4241 3558 4287 tem-

1979 4325 2111 4380 pore
2138 4309 2366 4373 hiemis,
2396 4324 2519 4363 cum
2545 4319 2727 4364 essent
2763 4313 2944 4366 omnia
2987 4314 3201 4370 nivibus
3229 4317 3407 4386 plena,
3441 4319 3559 4389 ipsa

1981 4414 2194 4468 quoque
2215 4399 2381 4455 nimio
2407 4399 2610 4454 nivium
2632 4410 2853 4470 aggestu
2877 4402 3041 4457 fuerit
3063 4415 3360 4476 comquata.
3387 4408 3558 4477 Quam

301 4477 522 4558 uxorem
573 4503 959 4572 concupiscere
992 4505 1274 4574 prohibet,
1317 4521 1349 4560 ιι
1389 4522 1518 4578 rege
1561 4523 1688 4562 vero
1719 4507 1881 4562 fortia
1911 4477 1962 4536 D
1988 4505 2110 4544 cum
2132 4490 2214 4546 leo
2241 4493 2624 4560 superveniens
2657 4494 2879 4563 periculi
2905 4498 3120 4554 nescius
3143 4499 3440 4568 incidisset,
3467 4503 3566 4557 ibi-

292 4595 468 4664 jubai
509 4594 782 4648 militibus
809 4594 892 4648 vel
931 4595 1226 4650 desiderari
1273 4611 1472 4666 aquam
1512 4613 1619 4652 non
1655 4596 1882 4667 pmnali-

301 4694 382 4737 ter
407 4693 579 4738 vetat.
629 4683 695 4736 Et
721 4684 900 4738 cuncti
948 4685 1196 4741 novimus
1248 4687 1393 4755 quod
1431 4687 1882 4756 concupiscentiae

300 4788 562 4827 mucrone
600 4773 910 4838 transfixus,
941 4774 1174 4830 alienam
1200 4775 1483 4847 conjugem
1517 4785 1572 4830 et
1601 4776 1881 4845 appetivit,

297 4875 350 4918 et
383 4864 609 4917 abstulit
632 4882 647 4916 :
674 4865 829 4933 cujus
853 4864 1064 4934 culpam
1091 4865 1251 4936 digna
1274 4866 1496 4921 verbera
1525 4876 1651 4921 sunt
1677 4876 1884 4930 secuta,

298 4965 352 5009 et
385 4955 590 5008 malum
619 4953 761 5022 quod
789 4956 1116 5023 perpetravit
1154 4971 1249 5025 per
1287 4957 1614 5027 poenitentiae
1647 4956 1883 5012 lamenta

296 5045 543 5099 correxit
581 5044 668 5114 (ΙΙ
702 5043 828 5115 Reg.
876 5045 975 5116 ιι).
1024 5045 1126 5113 Qui
1155 5062 1275 5102 cum
1299 5048 1460 5119 longe
1501 5055 1622 5118 post
1647 5049 1883 5104 hostium

295 5148 512 5188 cuneos
531 5135 766 5197 sederet,
789 5149 989 5203 aquam
1018 5134 1204 5190 bibere
1228 5150 1294 5190 ex
1323 5151 1509 5190 eorum
1539 5136 1773 5191 cisterna
1794 5137 1886 5192 de-

297 5223 510 5278 siderio
532 5223 700 5277 voluit
733 5238 748 5276 :
779 5223 932 5292 cujus
953 5223 1110 5280 electi
1141 5225 1337 5280 milites
1364 5225 1505 5280 inter
1523 5235 1774 5283 catervas
1791 5228 1885 5283 ad—

299 5313 640 5370 versantium
669 5314 876 5370 medias
896 5324 1260 5385 erumpentes,
1283 5331 1476 5385 aquam
1496 5333 1658 5387 quam
1679 5319 1888 5376 deside-

297 5413 525 5459 raverat
563 5404 715 5459 illaesi
757 5405 1079 5461 dettderunt.
1119 5406 1224 5464 Sed
1268 5409 1352 5464 vir
1391 5408 1612 5480 flagellis
1645 5413 1890 5469 eruditus

296 5497 662 5566 semetipsum
706 5497 951 5565 protinus
981 5514 1103 5554 cum
1141 5500 1381 5568 periculo
1421 5503 1647 5557 militum
1690 5517 1888 5572 aquam

298 5585 649 5641 desiderasse
683 5587 1044 5654 reprehendit,
1066 5604 1294 5660 eamque
1320 5591 1548 5646 Domino
1571 5591 1802 5646 fundens
1822 5591 1887 5645 li-

298 5674 481 5741 barit,
518 5673 660 5728 sicut
691 5674 799 5729 illic
826 5677 1086 5746 scriptum
1115 5688 1200 5734 est
1225 5699 1238 5734 ε
1268 5679 1466 5735 Libavit
1507 5697 1620 5736 eam
1661 5679 1885 5736 Domino

640 5763 912 5824 Psrnon.
958 5765 1124 5827 CIX.

1989 4579 2218 4650 demque
2247 4581 2536 4637 conclusus
2566 4584 2753 4654 grandi
2791 4585 2971 4656 rugitu
2994 4586 3270 4655 clamaret,
3302 4607 3559 4648 accurre-

1985 4671 2118 4725 bant
2142 4671 2388 4727 homines
2411 4673 2590 4729 videre
2617 4674 2746 4744 quid
2771 4684 2932 4730 esset.
2967 4677 3036 4732 Et
3062 4679 3187 4732 dum
3211 4695 3334 4734 cum
3355 4682 3474 4736 aliis
3493 4683 3562 4738 ad

1987 4764 2095 4817 tale
2117 4766 2478 4834 spectaculum
2504 4768 2712 4822 veniret
2731 4776 2786 4824 et
2811 4769 3054 4834 Banaias,
3085 4772 3284 4828 desiliit
3305 4775 3359 4827 in
3379 4775 3564 4830 cister-

1986 4865 2140 4913 nam,
2172 4852 2470 4920 statimque
2496 4868 2804 4922 aggressum
2834 4858 3025 4913 mediis
3059 4859 3272 4915 nivibus
3300 4863 3569 4930 percussit

1988 4949 2043 4994 et
2073 4939 2339 4995 interfecit
2368 4941 2595 4997 leonem.
2644 4943 2745 4998 Nix
2775 4946 2956 5018 itaque
2993 4948 3287 5019 ﬁguraliter
3313 4968 3456 5008 nunc
3483 4954 3566 5009 in-

1985 5031 2249 5086 nocentia:
2273 5041 2436 5086 iustus
2465 5042 2520 5086 et
2544 5035 2750 5103 gratim,
2783 5053 2923 5092 nunc
2953 5039 3126 5093 hiems
3155 5049 3209 5094 et
3242 5039 3411 5112 frigus
3434 5045 3564 5098 cha-

1988 5126 2166 5180 ritatis
2191 5125 2415 5196 intelligi
2455 5135 2650 5197 potest.
2678 5128 2830 5196 Quod
2858 5141 3034 5186 autem
3071 5132 3159 5189 hic
3185 5133 3433 5205 legimus,
3462 5153 3564 5194 nec

1986 5233 2095 5273 non
2137 5226 2192 5272 et
2225 5219 2281 5272 in
2319 5217 2626 5288 Regnorum
2669 5219 2844 5287 libris,
2879 5221 3135 5278 Banaiam
3175 5226 3461 5294 quemdam
3496 5226 3564 5281 de

1986 5311 2217 5367 fortibus
2225 5310 2389 5366 Israel
2401 5312 2741 5368 descendisse
2761 5314 2814 5368 in
2837 5315 3150 5382 cisternam,
3162 5325 3215 5372 et
3230 5317 3563 5386 percussisse

1989 5407 2199 5461 leonem
2237 5406 2290 5460 in
2328 5414 2569 5476 tempore
2597 5407 2752 5472 nivis,
2783 5409 3154 5468 indifferenter
3186 5421 3316 5481 puto
3345 5413 3399 5466 in
3429 5411 3562 5471 locis

1989 5498 2120 5567 ipsis
2148 5498 2377 5570 positam
2412 5498 2589 5552 nivem
2607 5537 2622 5562 ,
2655 5499 2781 5567 quia
2819 5509 2874 5554 et
2897 5499 3094 5556 Christi
3121 5500 3294 5570 gratia
3315 5539 3330 5563 ,
3358 5514 3476 5568 quze
3505 5500 3560 5554 in

1990 5593 2092 5650 hoc
2119 5573 2317 5646 mundo
2349 5589 2699 5658 resplenduit,
2730 5598 2786 5645 et
2813 5589 2981 5659 frigus
3001 5589 3280 5644 charitatis
3309 5588 3424 5653 Dei,
3454 5603 3564 5656 quo

1991 5680 2312 5736 infrixcrunt
2341 5679 2603 5746 homines,
2632 5679 2772 5733 nivis
2798 5679 3013 5734 nomine
3035 5685 3258 5746 possunt
3283 5676 3562 5749 Scriptura

3020 5769 3084 5830 11
