3902 6146
1203 320 1553 381 ΟΟΠΜΕΝΤ.
1592 320 1662 378 ΙΝ
1698 318 2243 379 ΡΑΒΑΠΡΟΜΕΝΔ.
2271 347 2341 360 -
2374 318 2506 376 LIB.
2544 318 2585 374 l.

3426 324 3531 401 δεδι

274 440 693 504 Occidentales!»
718 442 831 493 ete.
852 434 1151 504 Descriptis
1169 433 1533 504 principibus.
1561 432 1655 502 qul
1682 440 1860 490 trans-
1888 433 1944 492 Α
1967 429 2379 491 inveniebantur
2405 431 2659 489 delectari
2694 433 2749 489 in
2773 434 2936 503 rebus
2964 436 3247 507 mundanis
3272 451 3338 493 ac
3361 452 3531 507 ποατ

273 535 532 606 fugerint
557 528 625 584 de
654 526 802 597 tribu
825 523 942 582 Gud
962 523 1032 580 ad
1056 522 1249 589 David,
1274 538 1399 581 mox
1424 523 1659 594 scriptor
1680 522 1865 591 histo-

270 625 375 679 ric
410 616 694 688 attinuit
710 657 727 682 ,
769 615 995 676 dicens:
1036 612 1369 670 Novissimus
1397 620 1603 679 centum
1642 620 1864 682 pareret

271 710 550 773 militibus,
577 716 627 763 et
646 706 911 761 maximus
927 702 1090 761 mille.
1117 701 1269 771 Quod
1286 703 1361 775 (ni
1391 701 1569 774 fallor)
1597 708 1774 772 potest
1794 701 1864 771 ad

272 798 598 872 mysta'ium
622 794 948 853 transferri:
987 794 1115 865 quia
1156 795 1408 865 princeps
1441 793 1713 849 exercitus
1753 793 1861 848 Do-

276 891 428 956 mini,
456 888 566 953 hoc
599 894 717 953 est,
763 886 954 944 doctor
976 883 1203 954 quilibet
1226 883 1559 951 catholicus,
1602 882 1695 953 qui
1736 882 1863 939 licet

275 978 606 1037 missimus
627 975 735 1031 diei
762 980 945 1045 posset
970 983 1192 1044 propter
1212 970 1614 1028 observantiam
1642 970 1862 1029 humili-

274 1069 424 1134 tatis,
437 1076 624 1125 tamen
651 1072 870 1121 centum
897 1062 1288 1132 militibus,qui
1314 1062 1369 1117 in
1393 1061 1588 1135 castris
1610 1060 1862 1123 Ecclesiae

273 1157 505 1230 supplici
553 1153 840 1217 devotione
885 1152 1084 1211 Christi
1127 1150 1377 1207 militiam
1422 1157 1619 1222 agunt,
1667 1150 1862 1211 merito

271 1247 583 1320 praefertur,
609 1243 737 1315 quia
759 1242 1074 1313 perfectioni
1093 1241 1354 1297 virtutum
1375 1242 1576 1299 studet.
1598 1240 1668 1295 Et
1693 1240 1864 1295 maxi-

274 1357 390 1396 mus
417 1337 586 1394 mille.
616 1335 884 1391 Maximus
901 1334 994 1389 ille
1010 1332 1117 1389 dici
1130 1339 1330 1403 potest,
1355 1332 1447 1403 qui
1469 1332 1708 1389 scientiae
1724 1346 1864 1402 prac-

270 1428 410 1484 sidio
433 1425 607 1481 fultus
640 1424 882 1495 laborem
922 1421 1010 1493 pie
1052 1429 1269 1479 exercet
1305 1420 1703 1492 praedicationis
1736 1435 1860 1477 cum

269 1517 428 1574 bonis
449 1512 741 1585 exemplis,
767 1527 891 1569 cum
935 1511 991 1567 id
1036 1511 1179 1581 quod
1205 1510 1384 1571 verbis
1411 1509 1571 1575 docet
1586 1511 1863 1585 operando

270 1604 594 1668 conﬁrmat,
632 1612 795 1677 atque
838 1599 908 1656 ob
946 1599 1054 1656 hoc
1093 1609 1293 1656 aeterna
1334 1601 1695 1666 beatitudine,
1742 1616 1862 1672 qua:

269 1693 581 1752 millenario
598 1706 825 1767 numero
843 1690 1176 1767 designatur,
1199 1691 1391 1765 dignus
1411 1692 1711 1762 apparebit.
1735 1691 1862 1757 Haec

1964 519 2170 576 laribus
2194 521 2496 588 desideriis,
2525 529 2582 576 et
2603 522 2856 593 nohbant
2882 524 2953 579 ad
2978 539 3159 580 arcem
3193 526 3450 583 virtutum
3479 534 3535 591 et

1943 608 2241 685 sapientia:
2294 609 2511 669 culmen
2556 612 2849 668 ascendere
2869 652 2885 678 ,
2930 628 3114 669 coram
3152 614 3536 688 prcedicatione

1962 698 2239 770 Evangelii
2283 697 2555 771 ingemat,
2595 701 2721 775 quia
2758 701 3010 771 resistere
3049 702 3315 774 Majestati
3342 704 3536 767 divinae

1964 787 2111 844 nullo
2154 788 2312 845 modo
2346 796 2655 861 potuerunt.
2702 790 2855 847 Unde
2898 792 3166 863 Propheta
3199 809 3269 849 ex
3300 809 3535 864 persona

1963 879 2131 949 ipsius
2144 876 2302 935 Salva
2309 882 2441 949 toris
2451 882 2517 936 ad
2531 881 2903 959 Dominumait
2914 886 2935 936 :‘
2947 883 3285 939 Inimicorum
3298 902 3534 959 meorum

1960 970 2152 1027 dedisti
2162 971 2291 1025 mihi
2310 970 2545 1038 dorsum,
2564 981 2616 1043 et
2638 958 2865 1029 odiéntes
2887 990 2967 1028 me
2990 975 3345 1045 disperdidisti
3359 958 3532 1049 (Psal.

1961 1059 2117 1133 xvn).
2136 1062 2206 1117 Et
2230 1061 2494 1118 Jeremias
2513 1080 2526 1118 :
2554 1063 2655 1128 Qui
2673 1064 2867 1129 turbat,
2885 1066 3077 1135 inquit,
3095 1084 3258 1134 mare,
3275 1077 3321 1122 et
3346 1077 3537 1129 sonant

1960 1151 2151 1221 ﬂuctus
2163 1151 2310 1222 ejus;
2325 1150 2579 1207 Dominus
2589 1153 2906 1207 exercituum
2919 1171 3103 1209 nomen
3118 1155 3196 1209 illi
3210 1155 3342 1227 (Jer.
3358 1157 3531 1229 xxxx).

2042 1240 2305 1298 Venerunt
2327 1252 2502 1298 autem
2518 1252 2571 1311 et
2591 1242 2655 1298 de
2672 1241 2955 1314 Benjamin
2978 1254 3029 1303 et
3053 1246 3117 1300 de
3134 1244 3281 1300 Juda
3302 1247 3371 1301 ad
3395 1264 3535 1317 pra:-

1961 1330 2154 1386 sidiam
2182 1333 2237 1386 in
2266 1348 2368 1403 quo
2391 1331 2720 1405 eratqDavid.
2756 1332 3108 1406 Egressusque
3139 1344 3216 1390 est
3254 1335 3423 1391 David
3454 1337 3540 1391 ob-

1961 1423 2101 1477 viam
2118 1423 2213 1489 eis,
2240 1432 2289 1477 et
2309 1424 2425 1478 ait:
2455 1420 2515 1477 Si
2537 1423 2752 1495 paciﬁce
2774 1424 2983 1500 venistis
3012 1426 3081 1481 ad
3108 1443 3205 1492 me,
3232 1437 3288 1481 ut
3311 1427 3539 1483 auxilie-

1962 1512 2092 1569 mini
2116 1512 2264 1577 mihi,
2287 1528 2377 1567 cor
2394 1528 2562 1567 meum
2575 1512 2839 1583 jungatur
2858 1513 3017 1570 vobis.
3038 1513 3105 1571 Si
3126 1524 3298 1577 autem
3320 1517 3541 1572 insidia,—

1960 1602 2092 1657 mini
2116 1603 2243 1656 mihi
2266 1619 2361 1672 pro
2398 1604 2712 1659 adversariis
2742 1605 2872 1660 meis
2904 1605 3059 1678 (cum
3087 1623 3179 1679 ego
3211 1608 3539 1680 iniquitatem

1960 1691 2017 1747 in
2042 1692 2282 1747 manibus
2309 1708 2413 1746 non
2433 1692 2696 1765 habeam),
2721 1694 2891 1757 videat
2919 1693 3063 1750 Deus
3090 1705 3301 1767 patrum
3335 1707 3540 1753 nostro-

269 1782 416 1839 enim
450 1780 676 1853 angelus
721 1779 779 1849 in
821 1779 1029 1837 visione
1062 1777 1298 1835 Danielis
1326 1779 1393 1834 ad
1430 1778 1755 1851 Prophetam
1780 1781 1862 1838 lo-
1885 1775 1935 1835 B
1963 1798 2079 1839 rum
2120 1791 2170 1836 et
2192 1782 2417 1852 judicet.
2464 1781 2696 1853 Spiritus
2738 1800 2855 1839 vero
2897 1787 3112 1840 Domini
3150 1786 3322 1842 induit
3359 1787 3541 1842 Abisai

267 1890 466 1948 quens,
494 1875 575 1933 ita
603 1854 1190 1951 distinguerevidetur,
1216 1871 1359 1928 inter
1375 1869 1479 1926 alia
1506 1872 1724 1929 dicens:
1755 1873 1859 1941 Qui

264 1969 414 2023 docti
439 1966 651 2044 fuerint,
664 1965 935 2037 fulgebunt
962 1966 1113 2037 quasi
1141 1964 1389 2039 splendor
1414 1964 1775 2039 ﬁrmamenti;
1809 1972 1859 2039 et

264 2059 356 2130 qui
378 2058 454 2113 ad
464 2055 1004 2135 justitiamerudiunt
1028 2055 1251 2135 multos,
1282 2054 1437 2128 quasi
1470 2055 1633 2129 stella:
1665 2056 1721 2109 in
1743 2071 1861 2124 per-

263 2158 448 2217 petuas
477 2146 799 2225 wtemitates
820 2143 981 2224 (Dan.
1006 2144 1094 2225 vix).
1125 2144 1297 2212 Quam
1322 2146 1647 2202 sententiam
1670 2146 1860 2202 beatus

265 2238 635 2313 Hieronymus
654 2224 716 2292 in
745 2224 1238 2315 tractatu‘Danielis
1267 2234 1343 2291 ita
1377 2236 1611 2309 exponit,
1642 2234 1855 2290 dicens:

269 2348 286 2380 ι
326 2325 883 2399 ﬂagistrihabebunt
914 2323 1522 2390 similitudinemcmli;
1562 2333 1619 2381 et
1641 2323 1730 2395 qui
1763 2322 1862 2377 ali-

264 2432 401 2488 quos
422 2416 702 2495 erudiunt,
727 2415 1004 2495 stellarum
1030 2413 1221 2485 {uigori
1245 2406 1717 2495 comparabuntur.
1743 2412 1860 2495 Non

263 2507 409 2569 enim
439 2488 809 2565 suﬂicit'scire
838 2503 1189 2576 sapientiam,
1225 2490 1415 2561 nisi‘et
1439 2503 1572 2560 alios
1600 2488 1856 2570 erudias;

266 2596 547 2668 tacitoque
592 2610 844 2653 sermone
890 2595 1150 2677 doctrinae
1194 2595 1359 2663 alium
1396 2580 1505 2661 non
1548 2582 1858 2681 (adiuuans,

266 2684 580 2741 mercedem
627 2687 832 2742 otiosus
868 2674 1107 2758 recipere
1145 2703 1252 2759 non
1294 2696 1467 2759 potes.
1540 2672 1763 2754 sQuem
1806 2672 1863 2743 et

268 2773 461 2831 deinde
505 2774 682 2830 locum
702 2776 1009 2834 .Theodotio
1051 2779 1128 2833 ita
1172 2779 1474 2849 expressit:
1513 2796 1533 2830 ι
1570 2777 1639 2833 Et
1665 2766 1862 2851 intelli-

266 2874 454 2934 gentes
476 2864 790 2939 (fulgebunt,
819 2860 971 2937 quasi
1000 2854 1252 2938 splendor
1273 2860 1629 2935 ﬁrmamenti;
1661 2876 1736 2935 et,
1769 2856 1862 2927 de-

1957 1872 2244 1944 principem
2267 1873 2403 1929 inter
2424 1875 2660 1943 triginta,
2689 1883 2739 1928 et
2775 1876 2890 1929 ait:
2928 1875 3027 1930 Tui
3052 1893 3253 1951 sumus,
3276 1894 3306 1931 o
3330 1877 3538 1959 David',

1959 1972 2010 2018 et
2033 1973 2225 2032 tecum,
2242 1964 2327 2033 ﬁli
2350 1962 2464 2021 Isai
2483 1982 2505 2031 ,'
2536 1982 2662 2035 pax,
2701 1983 2808 2037 pax
2827 1966 2952 2033 tibi,
2989 1977 3037 2024 et
3067 1984 3175 2039 pax
3206 1967 3540 2039 adjutoribus

1959 2055 2086 2108 tuis.
2120 2053 2190 2110 Te
2229 2056 2367 2109 enim
2403 2055 2622 2125 adjuvat
2647 2055 2791 2115 Deus
2830 2065 2971 2111 tuus.
3012 2055 3253 2129 Suscepit
3291 2075 3412 2130 ergo
3451 2075 3540 2113 eos

1958 2142 2156 2213 David,
2186 2153 2233 2203 et
2256 2146 2517 2201 constituit
2541 2146 2799 2217 principes
2833 2156 3040 2202 turmae.
3076 2146 3213 2214 Quid
3240 2164 3339 2219 per
3371 2148 3537 2204 adve-

1959 2234 2172 2303 nientes
2198 2236 2400 2295 milites
2437 2237 2504 2295 de
2532 2237 2674 2293 tribu
2701 2236 2845 2295 Juda
2869 2220 3040 2311 atque
3072 2240 3138 2296 de
3173 2241 3314 2297 tribu
3342 2241 3538 2314 Benja-

1959 2326 2073 2385 min
2105 2327 2174 2382 ad
2197 2327 2390 2393 David,
2413 2343 2549 2398 quos
2573 2329 2706 2400 ipse,
2729 2320 2833 2386 ﬁde
2853 2345 3042 2387 eorum
3067 2331 3362 2402 explorata,
3385 2318 3538 2403 prin-

1959 2418 2109 2493 cipes
2137 2419 2413 2474 constituit
2438 2435 2599 2497 super
2627 2428 2856 2487 turmas,
2894 2421 2998 2478 nisi
3041 2422 3290 2479 doctores
3327 2422 3537 2481 Iudaeo-

1961 2522 2083 2563 rum
2112 2515 2274 2578 atque
2297 2508 2535 2578 gentium
2558 2508 2955 2580 designantur?
2990 2510 3066 2566 De
3093 2512 3288 2582 quibus
3317 2511 3535 2581 Paulus,

1959 2598 2053 2669 qui
2091 2612 2158 2653 ea
2186 2596 2329 2653 tribu
2367 2595 2646 2667 Beniamin
2683 2590 2904 2656 exortus
2933 2607 3050 2669 est,
3080 2600 3135 2656 in
3175 2602 3410 2673 Epistola
3440 2618 3537 2658 sua

1932 2697 2209 2767 testatur,
2238 2689 2461 2746 dicens:
2503 2688 2693 2749 Petrus
2721 2702 2769 2757 et
2796 2691 3029 2773 Iacobus
3071 2702 3224 2766 atque
3268 2692 3535 2777 Joannes,

1930 2779 2048 2859 Iqui
2074 2777 2382 2833 videbantur
2406 2777 2658 2853 columna:
2691 2795 2833 2846 esse,
2864 2779 3076 2834 dextras
3118 2781 3247 2834 mihi
3283 2782 3538 2836 dederunt

1959 2877 2009 2922 et
2036 2865 2298 2941 Barnabas
2325 2869 2626 2934 societatis;
2663 2876 2721 2922 ut
2751 2885 2844 2923 nos
2869 2868 2923 2922 in
2941 2880 3135 2940 gentes,
3160 2868 3262 2942 ipsi
3288 2880 3461 2924 autem
3483 2872 3539 2926 in

267 2957 425 3013 victis
453 2957 725 3027 plurimis,
752 2958 906 3027 quasi
936 2958 991 3014 in
1019 2948 1282 3027 mternum
1317 2969 1373 3019 et
1411 2959 1570 3021 ultra.
1590 2980 1629 3023 ,ο
1675 2952 1861 3015 Solent
1948 2957 2408 3030 ,circumcisionem
2439 2956 2775 3023 verbumDei
2795 2959 3109 3013 seminarent
3132 2956 3328 3031 (Colat.
3361 2959 3442 3032 ιι).
3471 2952 3536 3029 lli

266 3047 512 3103 nonnulli
544 3062 789 3119 quaerere
820 3057 1001 3103 utrum
1047 3038 1239 3106 doctus
1277 3059 1497 3107 sanctus
1529 3059 1585 3106 et
1630 3040 1857 3121 simplex
1897 3032 1937 3123 ι’
1961 3034 2090 3121 ergo
2115 3048 2181 3105 ad
2201 3047 2611 3119 Redemptorem
2636 3042 2880 3102 nostrum
2902 3050 3177 3123 venientes
3197 3050 3262 3106 de
3282 3050 3405 3104 fidei
3427 3067 3539 3106 sum

268 3148 492 3219 sanctus
519 3118 765 3194 eamdem
795 3126 1101 3199 mercedem
1137 3141 1394 3215 habeant,
1423 3152 1476 3196 et
1509 3156 1673 3196 unam
1713 3118 1770 3198 et
1802 3140 1857 3197 in
1884 3118 1930 3179 ο
1960 3118 2161 3221 virtute
2208 3135 2278 3191 ab
2322 3118 2563 3193 omnium
2606 3136 2871 3192 mutorum
2906 3119 3226 3209 cognitione
3252 3134 3253 3137 “
3275 3140 3539 3221 explorati

269 3214 584 3284 cmlestibus
606 3228 940 3287 mansionem
963 3229 1143 3301 (Joan.
1172 3212 1347 3300 xvnt).
1373 3228 1526 3286 Unde
1545 3246 1689 3287 nunc
1706 3228 1859 3301 juxta
1961 3212 2107 3283 sunt.
2135 3227 2285 3284 Unde
2311 3236 2397 3284 est
2436 3227 2594 3293 illud,
2620 3228 2773 3298 (quod
2802 3226 3058 3298 Dominus
3087 3230 3377 3301 discipulos
3411 3212 3538 3299 suos

271 3316 703 3373 Theodotionem
733 3317 863 3373 dicit
903 3319 1048 3389 quod
1091 3319 1236 3375 docti
1283 3317 1688 3376 similitudinem
1734 3312 1860 3376 ntuli

271 3406 540 3472 habeant,
569 3415 627 3462 et
654 3402 859 3477 absque
905 3407 1147 3464 doctrina
1194 3406 1298 3463 viri
1342 3408 1618 3483 stellarum
1664 3408 1862 3481 fulguri

274 3508 703 3571 comparantur;
745 3507 1062 3570 tantumque
1087 3500 1160 3555 sit
1194 3499 1334 3555 inter
1358 3501 1627 3557 eruditam
1658 3502 1861 3558 sancti-

275 3596 438 3643 tatem
463 3597 523 3644 et
548 3590 798 3645 sanctam
825 3590 1201 3658 rusticitatem,
1244 3599 1505 3662 quantum
1544 3591 1742 3648 cmlum
1777 3590 1862 3650 di-

278 3688 379 3735 stat
396 3692 456 3735 et
476 3680 673 3736 stellae.
696 3678 834 3737 Hinc
850 3696 1072 3753 (quoque
1100 3681 1296 3738 Paulus
1321 3683 1595 3755 apostolus
1616 3684 1680 3740 ad
1701 3684 1864 3741 disci-

275 3770 456 3841 pulum
494 3771 762 3837 scribens,
808 3771 917 3826 ait:
961 3772 1065 3839 Qui
1108 3771 1234 3827 bene
1273 3784 1504 3844 pra’sunt
1544 3774 1860 3846 presbyteri,

276 3860 472 3930 duplici
496 3861 700 3914 honore
728 3860 872 3939 digni
899 3855 1187 3940 habentur,
1226 3862 1454 3917 maxime
1490 3865 1580 3935 qui
1623 3862 1864 3917 laborant

274 3954 328 4007 in
348 3954 506 4008 verbo
530 3963 579 4006 et
602 3952 841 4033 doctrina
865 3952 918 4026 (1
946 3952 1082 4009 Tim.
1114 3952 1190 4027 v).
1226 3951 1365 4010 Hinc
1406 3952 1864 4033 ad.Thessaloni-

278 4059 474 4099 censes
503 4083 520 4109 ,
549 4030 717 4099 dicit:
752 4041 1015 4114 Rogamus
1035 4052 1208 4099 autem
1231 4040 1352 4111 vos,
1385 4044 1592 4123 fratres,
1621 4053 1677 4099 ut
1712 4030 1865 4119 nabe-

280 4136 391 4191 ritis
415 4135 560 4200 illos,
582 4134 763 4206 pacem
789 4134 976 4191 habere
998 4152 1115 4190 cum
1141 4137 1215 4191 eis
1239 4135 1293 4211 (Ι
1316 4132 1495 4192 Thess.
1521 4136 1597 4207 v).
1621 4134 1720 4190 Isti
1741 4143 1864 4205 sunt

282 4225 499 4298 (inquit)
517 4225 607 4294 qui
624 4224 942 4289 transierunt
956 4220 1245 4280 Iordanem
1261 4242 1433 4281 mense
1447 4226 1637 4297 primo,
1652 4223 1863 4301 quando

282 4314 541 4368 inundare
560 4313 821 4367 consuevit
848 4329 1006 4383 super
1027 4314 1168 4385 ripas
1194 4332 1337 4370 suas.
1377 4314 1518 4382 Quid
1544 4306 1643 4386 per
1668 4310 1864 4368 Jorda-

286 4418 404 4458 nem
450 4398 712 4469 ﬂuvium,
745 4403 799 4457 in
830 4416 936 4472 quo
971 4402 1231 4459 Dominus
1257 4404 1562 4474 baptizatus
1601 4410 1714 4467 est,
1761 4401 1866 4457 nisi

286 4506 420 4564 aqua
450 4493 800 4564 baptismatis
826 4493 1176 4569 designatur?
1209 4482 1564 4550 Transierunt
1600 4508 1729 4564 ergo
1766 4492 1865 4548 do-

286 4595 463 4640 ctores
494 4584 669 4639 sancti
700 4583 992 4639 Iordanem
1019 4584 1206 4641 mense
1238 4586 1434 4657 primo,
1463 4585 1677 4654 quando
1711 4584 1868 4639 inun-

287 4673 417 4726 dare
455 4672 741 4727 consuevit
780 4671 928 4743 ripas
959 4688 1104 4739 suas,
1134 4674 1263 4744 quia
1300 4680 1590 4744 apparente
1620 4672 1676 4727 in
1703 4684 1868 4728 carne

284 4760 425 4816 Filio
462 4759 593 4827 Dei,
632 4770 689 4815 et
715 4775 913 4815 annum
940 4760 1091 4816 illum
1119 4762 1475 4828 consecravit,
1512 4776 1672 4831 quem
1698 4756 1869 4816 lsaias

280 4851 551 4922 propheta
579 4851 830 4921 praedixit
867 4852 1248 4922 acceptabilem
1295 4866 1418 4908 esse
1460 4850 1693 4906 Domino
1718 4848 1864 4923 (Isa.

284 4959 377 4998 ιιι
393 4942 438 5013 ),
455 4942 639 4997 statim
661 4950 722 4997 ut
740 4941 993 5013 baptismi
1015 4950 1408 4997 sacramentum
1428 4954 1525 4995 suo
1549 4940 1875 5012 baptismate

286 5033 665 5100 consecravit,
697 5032 1065 5104 copiosissime
1110 5033 1275 5104 ipsius
1311 5030 1635 5088 sacramenti
1679 5045 1875 5086 munus

284 5124 636 5197 pradicando
670 5135 833 5196 atque
876 5127 1198 5197 baptizando
1236 5128 1292 5182 in
1323 5134 1434 5182 toto
1462 5124 1594 5182 orbe
1618 5124 1876 5181 dilatave-

285 5226 461 5284 runt;
500 5226 554 5272 et
596 5233 784 5274 omnes
828 5217 1146 5290 fugaverunt
1179 5219 1269 5289 qui
1304 5219 1656 5274 morabantur
1684 5216 1737 5271 in
1764 5215 1877 5271 val-

280 5310 439 5365 libus
466 5308 532 5364 ad
574 5306 899 5367 Orientalem
938 5309 1148 5381 plagam
1183 5317 1237 5365 et
1273 5307 1699 5369 Occidentalem;
1747 5304 1875 5375 quia

285 5415 487 5455 omnes
516 5401 604 5471 qui
630 5416 697 5455 ex
724 5398 922 5455 Iudaeis
942 5441 956 5465 ,
995 5416 1130 5471 quos
1163 5399 1452 5456 Orientalis
1476 5398 1630 5469 plaga
1657 5404 1877 5467 pmpter

286 5498 477 5546 ortum
499 5488 684 5562 legalis
709 5490 945 5547 scientiae
967 5491 1225 5563 designat,
1258 5490 1341 5545 vel
1373 5507 1436 5546 ex
1466 5488 1716 5561 gentibus
1739 5501 1876 5557 quas

284 5582 603 5638 Occidentis
630 5582 788 5638 clima
815 5594 1035 5655 propter
1070 5599 1321 5639 occasum
1355 5582 1618 5639 naturalis
1644 5581 1877 5650 pruden-

288 5673 386 5729 tiae
408 5672 686 5747 exprimit,
709 5688 870 5745 quam
900 5673 997 5740 illi,
1030 5673 1168 5730 idola
1207 5674 1428 5731 colendo
1447 5714 1461 5738 ,
1489 5671 1871 5743 prodiderunt,

1893 4456 1945 4516 Β

1933 3396 1939 3405 .
1958 3319 2017 3378 in
2040 3319 2332 3392 Evangelio
2356 3320 2696 3392 interrogans
2716 3336 2877 3391 quem
2899 3337 3022 3377 eum
3046 3322 3290 3379 homines
3311 3338 3432 3380 esse
3461 3320 3542 3391 di-

1963 3421 2152 3481 cerent
2172 3453 2188 3479 ,
2238 3428 2362 3468 cum
2391 3413 2634 3488 diversas
2667 3406 2948 3483 opiniones
2973 3406 3251 3470 hominum
3279 3416 3343 3470 de
3385 3432 3443 3471 se
3470 3417 3538 3470 ab

1963 3507 2044 3563 eis
2076 3506 2337 3573 audisset,
2367 3494 2661 3578 novissime
2691 3496 2877 3585 eorum
2908 3504 3067 3561 ﬁdem
3108 3504 3423 3586 requisivit,
3457 3504 3540 3563 di-

1948 3612 2093 3669 cens
2114 3614 2137 3655 ε,
2174 3594 2273 3651 Vos
2301 3605 2475 3651 autem
2502 3613 2652 3668 quem
2677 3612 2758 3650 me
2784 3612 2893 3650 esse
2924 3594 3099 3649 dicitis
3122 3592 3147 3648 7
3178 3594 3459 3669 Respondit
3490 3597 3541 3651 ei

1962 3686 2147 3745 Abisai
2195 3695 2412 3753 noster,
2446 3683 2638 3742 Petrus
2662 3685 2910 3743 videlicet
2935 3685 3227 3757 apostolus,
3269 3702 3409 3740 unus
3443 3701 3541 3756 pro

1965 3766 2235 3841 omnibus,
2270 3766 2486 3832 dicens?
2512 3772 2589 3829 Tu
2614 3792 2668 3831 es
2695 3773 2933 3830 Christus
2958 3773 3131 3829 Filius
3162 3772 3258 3827 Dei
3284 3770 3403 3853 vivi.
3442 3762 3541 3828 Cui

1966 3867 2227 3938 respondit
2251 3865 2439 3923 Iesus:
2458 3863 2655 3920 Beatus
2677 3882 2748 3929 es,
2780 3856 2965 3920 Simon
2988 3862 3244 3934 Barjona,
3269 3864 3394 3935 quia
3417 3880 3541 3917 cara

1965 3964 2013 4008 et
2037 3953 2250 4023 sanguis
2279 3969 2383 4007 non
2413 3952 2652 4006 reuelauit
2682 3951 2808 4016 tibi,
2837 3952 2927 4006 sed
2956 3951 3117 4006 Pater
3140 3968 3318 4019 meus,
3348 3952 3439 4024 qui
3464 3962 3541 4006 est

1964 4044 2019 4099 in
2042 4041 2199 4109 ctelis.
2227 4040 2293 4096 Et
2320 4058 2412 4113 ego
2434 4041 2549 4097 dico
2584 4042 2677 4095 tibi
2715 4040 2838 4113 quia
2878 4051 2935 4094 tu
2978 4057 3031 4096 es
3069 4038 3277 4109 Petrus,
3306 4052 3354 4098 et
3387 4057 3543 4114 super

1965 4132 2099 4186 hanc
2127 4140 2330 4202 petram
2351 4111 2623 4199 tediﬁcabo
2646 4111 2935 4186 Ecclesium
2962 4148 3170 4196 meam;
3203 4143 3253 4186 et
3273 4111 3542 4211 parturiu-

1967 4223 2067 4294 {eri
2090 4220 2194 4277 non
2218 4221 2572 4293 prazvalebuut
2602 4220 2847 4277 adversus
2876 4239 3011 4276 eam.
3043 4221 3111 4276 Et
3142 4221 3235 4276 tibi
3262 4220 3396 4295 dabo
3425 4221 3539 4276 cla-

1967 4329 2051 4369 ves
2076 4306 2223 4385 regni
2244 4310 2490 4366 caelorum
2510 4328 2532 4377 ;
2565 4320 2613 4365 et
2636 4309 2979 4384 quodcunque
3005 4309 3216 4365 solveris
3255 4327 3410 4382 super
3433 4321 3541 4365 ter-

1970 4420 2103 4470 ram,
2134 4404 2232 4458 erit
2260 4402 2489 4458 solutum
2515 4411 2563 4456 et
2586 4402 2641 4456 in
2666 4400 2841 4468 ctelis;
2865 4411 2911 4456 et
2931 4401 3273 4474 quodcunque
3301 4401 3540 4474 ligaveris

1969 4511 2125 4566 super
2156 4502 2384 4559 terram,
2429 4491 2527 4549 erit
2564 4491 2780 4562 ligatum
2807 4490 2856 4546 et
2895 4488 2947 4546 in
2983 4489 3122 4546 caelis
3162 4489 3374 4563 (Matth.
3405 4478 3538 4564 XVI).

1971 4582 2086 4640 Hoc
2103 4599 2232 4655 ergo
2255 4584 2414 4639 modo
2433 4597 2531 4653 pro
2550 4579 2672 4637 lidei
2694 4596 2804 4637 sua:
2826 4578 2984 4636 laude
3006 4596 3108 4636 non
3131 4580 3302 4636 solum
3324 4568 3536 4653 Petrus,

1971 4664 2065 4734 sed
2091 4658 2148 4733 et
2170 4675 2260 4730 alii
2284 4670 2529 4745 apostoli,
2560 4670 2788 4729 necnon
2815 4682 2868 4728 et
2886 4672 3065 4727 caeteri
3095 4672 3342 4728 doctores
3371 4672 3541 4749 sancti

1972 4763 2297 4823 remunerati
2326 4771 2471 4829 sunt,
2510 4763 2633 4833 quia
2659 4748 2956 4833 principes,
3000 4760 3293 4817 secundum
3327 4772 3543 4817 senten-

1971 4854 2103 4909 tiam
2130 4852 2233 4906 viri
2256 4850 2447 4917 David,
2477 4866 2639 4921 super
2656 4865 2870 4905 omnem
2897 4859 3099 4905 terram
3122 4852 3189 4906 ab
3216 4850 3330 4922 ipso
3350 4850 3545 4906 consti-

1976 4942 2075 4998 tuti
2113 4946 2435 5013 potcstatem
2464 4941 2663 4995 habent
2689 4934 2888 5011 ligandi
2929 4948 3091 5010 atque
3118 4938 3354 4995 solvendi
3384 4948 3545 5009 prout

1977 5049 2140 5090 causa
2176 5032 2402 5103 iustitiae
2441 5032 2523 5087 eis
2560 5031 2863 5088 dictaverit.
2906 5030 3042 5088 Huic
3082 5048 3295 5104 quoque
3334 5033 3459 5088 alibi
3488 5030 3541 5088 in

1975 5121 2263 5195 Evangelio
2290 5121 2403 5190 ipsa
2434 5120 2667 5185 Veritas,
2705 5122 2959 5177 ordinans
2979 5121 3359 5191 prmdicatores
3383 5136 3508 5176 suos
3525 5161 3541 5186 ,

1976 5217 2052 5272 ait
2095 5216 2237 5273 illis:
2276 5217 2441 5271 Amen
2483 5217 2599 5272 dico
2629 5218 2802 5273 vobis:
2846 5198 3544 5291 Qumcunqudalligaveritis

1975 5324 2132 5379 super
2166 5317 2379 5373 terram,
2410 5316 2561 5362 erunt
2589 5307 2751 5378 ligata
2784 5315 2831 5362 et
2862 5309 2916 5361 in
2945 5309 3071 5363 cazlo
3093 5350 3109 5375 ,
3147 5318 3197 5363 et
3226 5322 3544 5380 quwcunquc

1976 5397 2231 5453 solveritis
2256 5413 2411 5467 super
2434 5407 2646 5464 terram,
2664 5408 2815 5453 erunt
2842 5399 3012 5454 soluta
3032 5410 3078 5454 et
3102 5401 3156 5454 in
3183 5400 3309 5454 crrlo
3326 5396 3539 5471 (Matth.

1977 5489 2154 5561 xvm).
2201 5486 2339 5544 Hinc
2378 5497 2433 5544 et
2458 5499 2581 5560 post
2605 5494 3051 5548 resurrectionem
3083 5507 3343 5562 apparens
3370 5470 3540 5563 insul-

1977 5576 2123 5632 ﬂavit
2151 5579 2204 5632 in
2238 5592 2364 5645 eos,
2407 5586 2461 5635 et
2506 5579 2672 5635 dixit:
2709 5580 2931 5652 Accipite
2971 5580 3223 5652 Spiritum
3263 5586 3541 5632 sanctum:

1978 5685 2196 5739 quorum
2238 5669 2536 5722 remiseritis
2562 5681 2794 5737 peccata,
2827 5669 3157 5724 remittuntur
3182 5668 3298 5734 eis;
3336 5675 3383 5721 et
3416 5680 3547 5741 quo-
