3912 6160
332 317 454 385 3'35

1007 313 1067 368 Β.
1109 306 1364 366 RABANI
1401 305 1620 362 MAURI
1660 303 1984 361 ARCHIEP.
2025 299 2336 360 MOGUNT.
2377 295 2665 356 OPERUM
2705 296 2886 355 PARS
2922 296 2963 352 l.

3516 302 3635 358 336

342 446 462 485 rum
480 410 1029 491 retinueritis,retema
1051 429 1171 475 sunt
1196 417 1376 492 (Joan.
1408 415 1522 488 xx).
1555 415 1751 471 Beatus
1771 415 1936 486 igitur
1965 419 2010 478 Α
2039 413 2144 466 tria
2168 410 2357 477 millia,
2379 409 2706 481 septingenti.
2738 406 2913 464 Sadoc
2948 407 3106 464 etiam
3142 425 3272 480 puer
3305 413 3528 482 egregiae
3549 414 3642 467 in—

348 521 440 590 qui
480 521 678 575 donum
708 513 851 585 quod
877 512 1049 584 gratia
1089 510 1185 564 Dei
1209 507 1452 577 suscepit
1491 521 1590 579 per
1613 504 1933 560 humilitatis

345 612 649 667 custodi-am
678 605 905 662 iilmsum
929 617 1098 672 usque
1123 601 1190 656 ad
1231 600 1393 654 ﬁnem
1436 599 1559 652 vitae
1602 596 1934 662 servaverit,

347 711 410 758 ut
464 713 728 771 supernus
774 692 1204 766 paterfamilias,
1263 689 1556 745 secundum
1608 687 1933 758 promissum

349 806 507 848 suum
523 789 772 845 veniens.
804 794 858 840 et
891 785 966 838 ita
994 782 1280 838 facientem
1307 778 1606 850 reperiens,
1634 792 1796 847 super
1819 792 1938 833 om-

346 884 436 938 nia
467 883 605 936 bona
632 877 924 932 constituat
953 873 1100 928 illum
1131 871 1348 943 (Matth.
1381 868 1553 941 xxxv).

421 969 646 1036 Quando
675 983 795 1037 ergo
825 980 1056 1019 reversus
1079 972 1152 1016 est
1178 962 1232 1016 in
1260 959 1463 1031 Siceleg
1481 1001 1496 1023 ,
1542 957 1937 1027 transfugerunt

347 1061 416 1114 ad
446 1075 564 1114 eum
602 1058 666 1110 de
704 1056 951 1110 Manasse
979 1052 1162 1105 Ednas
1191 1060 1236 1104 et
1265 1049 1538 1103 Josabaad
1577 1058 1624 1101 et
1647 1045 1854 1101 Jetlihel
1890 1054 1938 1100 et

348 1148 578 1206 Michael
607 1159 651 1202 et
689 1143 926 1201 Josabad
952 1153 999 1196 et
1026 1141 1152 1195 Eliu
1181 1151 1226 1195 et
1259 1139 1491 1204 Salathi,
1518 1139 1775 1209 principes
1800 1135 1941 1189 utili-

349 1255 461 1297 tum
487 1242 542 1294 in
573 1238 836 1292 Manasse.
870 1234 942 1288 Ili
973 1233 1308 1304 prwbuerunt
1348 1230 1608 1285 auxilium
1653 1228 1822 1282 David
1843 1228 1944 1280 ad—

349 1348 527 1386 versus
557 1326 906 1390 latrunculos,
927 1334 982 1380 et
1006 1324 1238 1392 reliqua.
1271 1321 1365 1376 Isti
1403 1334 1554 1391 ergo,
1595 1319 1686 1389 qui
1728 1319 1794 1372 de
1833 1317 1944 1370 Ma-

353 1409 513 1477 nasse
535 1427 799 1474 venerunt
839 1417 908 1472 ad
945 1415 1110 1470 David
1129 1455 1143 1478 ,
1165 1428 1234 1469 eo
1272 1421 1514 1481 tempore
1545 1417 1827 1480 ccepcrunt
1854 1422 1944 1462 ve-

348 1515 493 1578 nire,
527 1526 633 1581 quo
675 1508 840 1563 David
875 1523 997 1563 cum
1026 1504 1353 1560 Philistbiim
1394 1503 1653 1557 adversus
1693 1499 1820 1554 Saul
1853 1499 1944 1553 de-

345 1609 526 1666 crevit
569 1619 795 1677 pergere
826 1605 880 1658 in
923 1601 1189 1673 praelium,
1240 1607 1299 1653 ut
1344 1596 1570 1651 historia
1610 1595 1947 1648 demonstrat

344 1702 408 1773 '(I
433 1701 557 1770 Reg.
585 1696 758 1769 xxix).
781 1696 889 1750 Sed
911 1694 1035 1764 quia
1063 1709 1091 1746 a
1119 1689 1448 1745 Philisthaeis
1474 1687 1754 1749 remissus,
1781 1686 1832 1738 in
1860 1682 1944 1738 Si-

2039 505 2198 571 dolis,
2251 514 2299 559 et
2345 505 2532 558 domus
2575 504 2742 574 patris
2787 503 2931 574 ejus,
2982 502 3239 572 principes
3278 504 3462 573 viginti
3501 505 3639 560 duo.

2037 595 2444 652 lstumJoiada
2500 595 2800 666 principem
2857 595 2926 648 de
2967 594 3157 662 stirpe.
3183 592 3364 649 Aaron
3419 593 3642 652 Hebraei

2038 683 2264 745 tradunt
2310 688 2478 744 fuisse
2523 688 2757 743 Phinees
2805 687 2974 742 ﬁlium
3022 687 3301 753 Eleazari,
3354 690 3424 744 ad
3477 689 3641 758 cuius

2039 780 2499 851 comparationem
2544 794 2679 849 puer
2722 786 2979 844 vocatur,
3025 779 3154 848 quia
3198 787 3358 835 aetate
3400 793 3468 835 ac
3511 795 3643 836 me-

2037 873 2150 928 rito
2195 871 2390 927 fuerat.
2425 870 2577 938 Quod
2616 885 2747 926 vero
2789 870 2942 940 dicit,
2975 870 3248 940 principes
3286 886 3409 925 cum
3437 872 3520 926 eis
3543 887 3646 928 ve-

2041 963 2211 1029 nisse,
2241 962 2550 1032 signiﬁcant
2572 962 2914 1016 sacerdotum
2937 976 3246 1025 numerum,
3277 962 3368 1032 qui
3392 963 3446 1016 in
3475 965 3648 1018 domo

2030 1055 2211 1124 patris
2241 1053 2436 1119 Sadoc,
2457 1054 2568 1108 hoc
2597 1061 2682 1107 est
2703 1093 2718 1115 ,
2762 1053 2814 1105 in
2843 1052 3004 1106 domo
3047 1052 3175 1106 Levi
3214 1054 3521 1123 antiquitus
3549 1070 3642 1109 se-

2043 1145 2280 1200 cundum
2306 1143 2440 1214 legis
2467 1152 2738 1214 praecepta
2765 1141 2998 1195 ordinati
3036 1150 3180 1205 sunt,
3206 1142 3462 1198 adfuisse.

2114 1235 2193 1289 De
2217 1235 2345 1304 ﬁliis
2369 1250 2575 1306 quoque
2598 1233 2851 1287 Issachar
2867 1232 2967 1285 viri
3003 1233 3196 1286 eruditi
3217 1274 3232 1298 ,
3267 1235 3354 1304 qui
3387 1247 3645 1290 noveram

2042 1326 2252 1397 singula
2273 1337 2509 1396 tempora
2538 1325 2607 1379 ad
2627 1323 3034 1395 praecipiendum
3066 1326 3204 1395 quod
3233 1327 3408 1394 facere
3434 1329 3645 1382 deberet

2044 1415 2234 1480 Israel,
2263 1416 2523 1486 principes
2559 1415 2789 1469 ducenti.
2827 1413 3019 1468 Omnes
3042 1426 3215 1468 autem
3237 1415 3448 1486 reliqua:
3475 1419 3648 1472 tribus

2044 1524 2224 1562 eorum
2245 1506 2521 1560 consilium
2550 1506 2915 1576 sequebantur.
2943 1507 3200 1562 Doctores
3228 1506 3362 1578 legis
3390 1508 3444 1562 in
3467 1509 3650 1564 tribus

2039 1597 2295 1652 lssachar
2323 1596 2491 1652 fuisse
2519 1596 2761 1660 tradunt,
2789 1597 2879 1665 qui
2907 1606 3063 1650 erant
3083 1597 3188 1650 viri
3207 1597 3428 1663 eruditi,
3456 1608 3515 1654 et
3541 1617 3645 1653 no-

2049 1695 2241 1743 verant
2291 1687 2505 1758 singula
2555 1695 2803 1758 tempora
2857 1686 3102 1757 legaliter
3155 1687 3486 1744 discernere.
3539 1690 3646 1760 ipsi

354 1793 505 1864 celeg
529 1805 777 1846 reversus
807 1796 910 1852 est,
935 1794 991 1841 et
1016 1784 1220 1839 invenit
1250 1795 1448 1838 uxores
1480 1795 1609 1834 suas
1641 1779 1706 1833 ab
1729 1776 1944 1832 Amale—
1975 1773 2019 1830 Β
2047 1779 2192 1834 enim
2219 1786 2374 1833 erant
2395 1778 2529 1849 legis
2555 1779 2833 1845 doctores,
2869 1777 2970 1848 ipsi
2997 1786 3400 1848 computatores
3438 1789 3651 1852 tempo-

355 1886 480 1940 citis
515 1882 757 1952 captivas
803 1879 1092 1942 abductas,
1145 1877 1441 1944 urbemque
1481 1885 1794 1927 succcnsam
1820 1909 1834 1934 ,
1885 1876 1945 1923 ut

355 1976 496 2031 liber
541 1975 748 2046 Regum
796 1978 984 2026 narrat
1030 1968 1090 2040 (ι
1123 1967 1246 2039 Reg.
1287 1965 1464 2039 xxx),
1509 1973 1636 2018 tunc
1663 1961 1944 2018 venientes

354 2067 702 2138 praebuerunt
725 2061 984 2116 auxilium
1005 2058 1172 2113 David
1192 2057 1454 2111 adversus
1477 2050 1829 2116 latrunculos,
1852 2050 1946 2121 qui

356 2156 648 2231 depraedati
677 2164 802 2211 sunt
829 2169 1026 2209 uxores
1051 2150 1199 2221 ejus,
1232 2158 1288 2205 et
1318 2162 1505 2206 eorum
1541 2146 1631 2218 qui
1671 2161 1794 2200 cum
1829 2143 1946 2214 ipso

346 2258 544 2312 erant,
584 2255 639 2301 et
681 2245 818 2300 ﬁlios
856 2251 912 2298 et
951 2242 1107 2295 tilias.
1161 2237 1384 2311 Mystice
1426 2243 1606 2291 autem
1642 2235 1698 2289 hi
1741 2241 1944 2304 septem

351 2339 647 2409 principes,
677 2335 767 2406 qui
803 2340 1066 2388 venerunt
1100 2331 1165 2386 de
1202 2328 1477 2392 Manasse,
1506 2325 1814 2396 signiﬁcant
1838 2324 1946 2395 pri-

357 2445 477 2484 mos
498 2429 748 2484 doctores
775 2424 1031 2479 Ecclesia:
1052 2422 1117 2476 de
1142 2419 1347 2483 Judaaa,
1371 2419 1486 2488 qui,
1503 2415 1799 2487 septiformi
1829 2415 1950 2486 Spi-

356 2519 500 2574 ritus
539 2516 712 2572 sancti
760 2514 934 2586 gratia
977 2510 1264 2576 illustrati,
1299 2508 1556 2563 auxilium
1603 2507 1950 2578 praebuerunt

358 2607 530 2664 David
563 2615 750 2659 nostro
775 2604 1034 2658 adversus
1065 2598 1418 2665 latrunculos,
1441 2600 1544 2653 hoc
1563 2604 1668 2662 est,
1692 2595 1948 2651 adversus

360 2699 636 2763 ilebr1eos,
684 2695 1000 2759 luereticos,
1046 2692 1162 2748 sive
1190 2691 1354 2747 etiam
1397 2688 1662 2760 malignos
1692 2686 1947 2756 spiritus,

361 2793 452 2863 qui
476 2806 689 2862 semper
713 2788 930 2845 student
950 2799 1301 2857 quoscunque
1327 2789 1554 2854 possunt
1584 2795 1682 2852 per
1704 2778 1950 2833 fraudem

361 2893 586 2952 capere,
623 2888 784 2948 atque
827 2877 879 2930 in
922 2875 1290 2946 captivitatem
1339 2871 1544 2927 erroris
1586 2884 1651 2924 ac
1693 2867 1950 2923 vitiorum

363 2973 600 3028 tradere.
651 2971 724 3025 De
771 2969 1012 3040 ipsorum
1056 2967 1223 3022 etiam
1266 2964 1563 3020 electorum
1594 2976 1822 3018 numero
1851 2960 1953 3014 fuit

350 3063 454 3118 ille
481 3061 573 3133 qui
604 3061 670 3115 ad
702 3059 994 3129 discipulos
1017 3057 1262 3112 scribens
1291 3055 1400 3109 ait:
1441 3053 1538 3108 Dei
1572 3069 1755 3109 sumus
1787 3051 1952 3122 adju-

2049 1886 2170 1925 rum
2199 1879 2252 1925 et
2274 1870 2520 1942 magistri
2558 1869 2798 1936 fuerunt,
2825 1869 2892 1925 ad
2913 1869 3254 1924 limitandum
3286 1869 3648 1927 festivitatum

2048 1977 2342 2034 congruam
2371 1961 2812 2028 celebrationem,
2849 1969 3180 2032 caeterasque
3215 1961 3351 2032 legis
3375 1978 3647 2020 ceremo-

2049 2054 2167 2108 nias
2188 2052 2576 2109 observandas.
2591 2052 2722 2108 Inde
2741 2052 2946 2107 dictum
2968 2053 3126 2107 estin
3147 2053 3647 2122 benedictionibus,

2048 2144 2244 2214 quibus
2268 2143 2435 2199 Iacob
2459 2141 2700 2214 singulos
2730 2141 2870 2198 ﬁlios
2907 2143 3223 2198 benedixit:
3257 2143 3510 2200 lssachar
3533 2149 3649 2202 αεὶ·

2051 2253 2149 2290 nus
2170 2235 2322 2305 fortis
2346 2234 2604 2289 accubans
2624 2234 2760 2288 inter
2783 2233 3054 2300 terminos,
3079 2235 3206 2289 vidit
3240 2237 3467 2306 requiem
3503 2241 3648 2310 quod

2049 2337 2179 2382 esset
2205 2315 2363 2393 bona,
2376 2335 2424 2380 et
2450 2335 2591 2380 terra
2611 2325 2749 2396 quod
2773 2327 2990 2396 optima,
3005 2335 3053 2380 et
3073 2329 3343 2398 supposuit
3363 2329 3648 2384 humerum

2049 2433 2203 2472 suum
2233 2416 2303 2470 ad
2330 2416 2684 2487 portandum,
2731 2415 3004 2487 factusque
3047 2425 3120 2472 est
3165 2417 3376 2472 tributis
3416 2419 3653 2475 serviens

2053 2505 2205 2579 (Gen.
2236 2504 2405 2578 XLIX).
2444 2505 2670 2578 Mystice
2698 2515 2879 2562 autem
2918 2506 3200 2575 lssachar,
3247 2510 3339 2581 qui
3380 2511 3655 2582 interpre-

2053 2607 2200 2654 tatur
2233 2614 2460 2664 merces,
2503 2597 2737 2654 rel’ertur
2783 2599 2850 2653 ad
2885 2599 3140 2669 populum
3179 2603 3414 2672 gentium
3435 2643 3451 2667 ,
3483 2618 3652 2673 quem

2051 2689 2313 2746 Dominus
2333 2691 2612 2762 sanguinis
2642 2692 2725 2747 sui
2750 2692 2925 2761 pretio
2949 2701 3032 2747 est
3060 2702 3353 2750 mercatus.
3386 2693 3488 2750 Hic
3511 2694 3658 2750 issa-

2051 2783 2185 2838 char
2214 2783 2400 2840 asinus
2441 2782 2598 2839 fortis
2623 2783 2912 2849 scribitur,
2940 2784 3066 2854 quia
3094 2784 3244 2854 prius
3265 2786 3504 2856 gentium
3546 2802 3652 2856 po-

2050 2874 2210 2944 pulus
2231 2875 2381 2945 quasi
2409 2875 2626 2930 brutum
2652 2883 2708 2928 et
2735 2873 3071 2928 luxuriosum
3112 2874 3310 2928 animal
3345 2885 3488 2940 erat,
3522 2877 3650 2930 nul-

2052 2964 2213 3035 laque
2245 2965 2458 3020 ratione
2484 2964 2805 3020 subsistens.
2833 2963 2990 3018 Nunc
3012 2978 3143 3019 vere
3166 2963 3322 3020 fortis
3351 2975 3434 3021 est
3457 2965 3659 3022 Salva-

2057 3055 2160 3111 tori
2189 3063 2374 3110 nostro
2402 3055 2599 3110 mentis
2619 3054 2832 3110 occulta
2853 3054 3130 3126 subigens,
3159 3069 3244 3119 ac,
3269 3055 3658 3127 Redemptoris

350 3127 521 3206 tores.
551 3151 648 3205 Dei
671 3127 996 3220 agricultura
1017 3146 1159 3201 estis.
1187 3145 1283 3200 Dei
1304 3144 1587 3214 adiﬁcatio
1606 3144 1729 3198 estis
1751 3141 1804 3214 (Ι
1827 3142 1952 3198 Cur.
1982 3127 2027 3188 C
2059 3147 2298 3202 dominio
2322 3147 2458 3202 colla
2483 3145 2816 3215 subiiciendo
2837 3185 2851 3210 ,
2873 3144 3063 3218 jugum
3098 3145 3394 3217 disciplinae
3415 3163 3658 3220 evange.

358 3242 472 3313 III).
513 3241 620 3295 Deo
637 3250 815 3294 autem
835 3239 1043 3310 gratias
1066 3278 1081 3303 ,
1111 3237 1201 3308 qui
1238 3251 1442 3305 semper
1464 3232 1755 3304 triumphat
1783 3248 1875 3287 nos
1898 3233 1956 3287 in

364 3329 573 3388 Christo
611 3330 772 3394 Iesu,
816 3340 864 3384 et
907 3327 1116 3382 odorem
1148 3327 1346 3382 notitia:
1389 3341 1501 3380 sua:
1537 3323 1847 3392 manifestat
1865 3339 1958 3393 per

363 3441 462 3478 nos
490 3424 544 3478 in
573 3423 715 3476 omni
741 3421 857 3475 loco
887 3419 985 3492 (11
1018 3419 1142 3474 Cor.
1166 3434 1213 3474 vn
1234 3420 1274 3490 ).
1293 3416 1408 3474 Sed
1433 3425 1489 3473 et
1514 3417 1668 3483 illud,
1695 3415 1843 3486 quod
1871 3428 1956 3470 se-

366 3517 588 3586 quitur:
628 3514 765 3580 Quia
795 3528 888 3584 per
915 3511 1150 3582 singulos
1175 3511 1286 3566 dies
1309 3508 1577 3564 veniebant
1599 3509 1668 3561 ad
1699 3507 1864 3562 David
1886 3506 1956 3561 ad

367 3606 737 3661 auxiliandum
777 3605 865 3668 ei,
909 3618 1072 3681 usque
1109 3602 1233 3656 dum
1271 3601 1418 3670 ﬁeret
1442 3599 1658 3671 grandis
1687 3615 1955 3664 numerus,

368 3697 522 3768 quasi
549 3694 805 3750 exercitus
829 3693 942 3748 Dei.
973 3691 1121 3747 Licet
1150 3691 1360 3746 Hebrmi
1382 3691 1584 3755 dicant,
1607 3687 1761 3760 juxta
1787 3689 1958 3744 histo-

373 3789 531 3853 riam,
565 3795 773 3841 tantum
805 3799 1090 3840 numerum
1119 3781 1428 3838 excrevisse
1465 3780 1675 3835 illorum
1697 3819 1713 3845 ,
1747 3780 1839 3850 qui
1867 3795 1960 3835 ve-

365 3887 565 3934 nerunt
580 3877 763 3932 ‘David
796 3877 849 3932 in
873 3875 1156 3940 auxilium,
1189 3874 1360 3929 donec
1399 3873 1553 3926 ﬁeret
1581 3870 1671 3927 ille
1700 3885 1958 3928 numerus

364 3962 701 4024 armatorum
725 3967 817 4036 qui
839 3979 1091 4038 egressus
1112 3971 1280 4019 estex
1307 3960 1562 4034 Egypto,
1589 3961 1691 4018 hoc
1711 3969 1815 4027 est,
1837 3977 1958 4017 sex-

368 4066 650 4114 centorum
678 4053 941 4119 millium,
981 4068 1117 4123 quos
1164 4051 1375 4121 Moyses
1399 4066 1508 4120 per
1525 4050 1778 4106 Rubrum
1808 4064 1959 4107 mare

370 4146 557 4202 eduxit
575 4146 635 4200 in
668 4147 943 4200 desertum
973 4143 1168 4216 (Exod.
1197 4141 1347 4213 xlv);
1386 4149 1566 4198 tamen
1594 4142 1772 4197 a'ltiori
1799 4142 1960 4198 intel-

369 4238 513 4294 lectu
555 4236 825 4309 signiﬁcat
870 4233 1109 4306 quotidie
1149 4235 1200 4290 in
1233 4233 1532 4290 exercitum
1574 4233 1743 4288 David
1786 4233 1954 4289 nostri

370 4327 610 4383 ﬁdelium
640 4341 925 4382 numerum
969 4340 1250 4392 crescere,
1287 4325 1459 4380 donec
1500 4323 1792 4378 electorum
1823 4323 1954 4390 Dei,

369 4421 464 4492 qui
511 4420 579 4476 ad
617 4427 878 4475 aeternam
916 4418 1082 4473 vitam
1125 4415 1495 4486 praedestinati
1540 4424 1700 4480 sunt,
1745 4429 1956 4470 summa

371 4508 737 4579 compleatur:
775 4505 914 4572 Quia
934 4522 1064 4575 quos
1092 4504 1348 4575 pra’scivit
1369 4543 1384 4568 ,
1415 4504 1508 4557 has
1545 4512 1590 4556 et
1616 4503 1957 4572 prwdestina—

367 4601 481 4664 vit;
521 4607 568 4652 et
607 4613 736 4668 quos
779 4594 1201 4666 pra’destinavit,
1243 4592 1335 4646 hos
1380 4601 1427 4646 et
1472 4594 1710 4656 vocavit;
1747 4602 1796 4646 et
1829 4609 1958 4663 quos

361 4690 603 4752 vocavit,
641 4684 760 4739 illos
795 4683 1211 4753 etjustiﬁcavit;
1247 4699 1377 4754 quos
1413 4693 1586 4738 autem
1606 4683 1915 4753 justiﬁcavit
1940 4725 1956 4750 ,

356 4779 489 4832 .illos
513 4787 560 4832 et
586 4774 896 4848 glori/icavit
918 4772 1097 4848 (Rom.
1137 4773 1276 4845 vin).
1305 4773 1476 4829 Porro
1500 4774 1643 4845 quod
1671 4774 1918 4844 sequitur
1943 4794 1956 4828 :

443 4871 551 4925 Iste
573 4886 778 4942 quoque
803 4879 880 4922 est
927 4884 1175 4922 numerus
1214 4869 1509 4940 principum
1547 4869 1835 4934 exercitus,
1869 4869 1959 4940 qui

358 4970 618 5014 .venerunt
648 4959 716 5013 ad
753 4957 1086 5024 David,.cum
1109 4969 1238 5012 esset
1264 4959 1318 5012 in
1355 4957 1583 5025 Hebron,
1619 4969 1672 5012 ut
1699 4959 1956 5029 transfer-

375 5062 486 5105 rent
511 5069 726 5121 regnum
750 5049 883 5106 Saul
906 5051 973 5104 ad
993 5068 1134 5118 eum,
1139 5051 1303 5121 juxta
1334 5051 1540 5106 verbum
1565 5050 1807 5116 Domini,
1832 5051 1957 5108 huic

363 5143 636 5214 .mysterio
682 5143 1067 5198 convenienter
1108 5153 1356 5212 aptatur,
1395 5143 1521 5212 quia
1562 5143 1672 5198 hoc
1706 5143 1956 5198 doctores

375 5235 574 5300 sancti,
606 5236 710 5290 hoc
738 5243 850 5301 est,
879 5235 1064 5290 ﬁdeles
1099 5235 1364 5304 discipuii,
1402 5233 1633 5288 maxime
1661 5243 1953 5304 appetunt,

367 5336 594 5397 totoque
642 5328 760 5380 nisu
795 5327 1106 5391 decertant,
1157 5335 1216 5379 ut
1269 5326 1459 5396 prisca:
1495 5324 1625 5396 legis
1668 5325 1956 5381 historicus

372 5418 552 5474 cultus
591 5418 643 5472 in
687 5418 983 5488 spiritalem
1026 5417 1304 5488 Evangelii
1350 5417 1712 5472 transferatur
1755 5417 1954 5472 intelli-

374 5511 635 5581 gentiam,
661 5517 825 5579 utque
847 5517 1030 5566 vetera
1047 5516 1352 5574 transeant,
1373 5515 1428 5562 et
1451 5508 1631 5564 omnia
1655 5509 1785 5562 liant
1819 5523 1954 5564 nova

376 5602 464 5670 (ll
491 5600 614 5659 Cor.
659 5601 732 5674 ιζ).

449 5695 642 5749 .loiada
666 5713 868 5769 quoque
891 5699 1128 5768 princeps
1157 5695 1220 5750 de
1249 5697 1406 5767 stirpe
1437 5696 1607 5750 Aaron
1626 5737 1640 5762 ,
1678 5704 1725 5749 et
1755 5712 1870 5748 cunt
1899 5712 1958 5749 eo

2059 3237 2176 3293 lica:
2197 3236 2420 3308 perfert.
2453 3237 2554 3292 Hic
2593 3237 2864 3292 accubans
2903 3237 3045 3291 inter
3081 3237 3376 3304 terminos;
3417 3254 3659 3310 namque

2059 3328 2327 3384 accubare
2351 3337 2436 3383 est
2461 3327 2775 3399 praastolato
2800 3327 2987 3382 mundi
3031 3325 3138 3382 ﬁne
3177 3328 3541 3398 requiescere,
3570 3330 3660 3385 ni-

2059 3422 2243 3493 hilque
2273 3421 2339 3476 de
2367 3421 2454 3476 his
2474 3436 2594 3491 qua).
2618 3435 2764 3476 nunc
2790 3429 3082 3476 versantur
3105 3420 3161 3475 in
3186 3419 3365 3476 medio
3384 3437 3654 3492 quaerere,

2059 3513 2155 3570 sed
2198 3513 2388 3568 ultima
2427 3512 2754 3568 desiderare.
2788 3511 2857 3566 Et
2889 3513 3075 3568 asinus
3120 3512 3278 3569 fortis
3326 3515 3568 3584 requiem
3598 3528 3659 3572 et

2059 3615 2260 3662 terram
2287 3607 2546 3677 optimam
2573 3606 2729 3671 vidit,
2758 3621 2879 3661 cum
2908 3606 3135 3678 simplex
3155 3609 3428 3680 gentilitas
3447 3610 3657 3668 idcirco

2051 3712 2118 3752 se
2147 3697 2215 3752 ad
2246 3697 2413 3752 robur
2433 3697 2560 3752 boni
2586 3697 2768 3768 operis
2793 3696 2975 3767 erigit,
3009 3697 3136 3768 quia
3173 3699 3243 3754 ad
3282 3708 3500 3754 aeterna:
3529 3702 3658 3756 vitae

2051 3789 2293 3860 patriam
2314 3789 2508 3844 tendit.
2547 3787 2696 3844 Unde
2731 3789 2898 3844 etiam
2932 3789 3156 3861 apponit
3178 3791 3462 3848 humerum
3492 3809 3657 3848 suum

2059 3879 2128 3936 ad
2146 3879 2503 3950 portandum,
2526 3879 2655 3950 quia
2673 3877 2802 3934 dum
2825 3880 2890 3936 ad
2907 3881 3237 3951 promissam
3264 3884 3504 3953 requiem
3532 3900 3660 3956 per-

2057 3971 2245 4026 venire
2271 3969 2566 4037 desiderat,
2591 3979 2785 4026 cuncta
2827 3971 3204 4028 mandatorum
3235 3989 3400 4029 onera
3421 3973 3658 4032 libenter

2053 4069 2258 4134 portat.
2290 4059 2446 4118 Unde
2474 4069 2532 4117 et
2550 4060 2728 4117 factus
2749 4070 2832 4117 est
2863 4063 3078 4118 tributis
3106 4063 3381 4131 serviens,
3413 4065 3517 4120 hoc
3544 4079 3656 4130 est,

2059 4153 2173 4223 regi
2203 4161 2260 4208 et
2291 4153 2508 4210 Christo
2544 4168 2642 4209 suo
2681 4153 2804 4209 ﬁdei
2835 4152 2976 4209 bona
3018 4169 3352 4227 operumque
3386 4157 3657 4212 honorum

2059 4259 2283 4303 munera
2307 4245 2572 4313 oﬁ'erens;
2607 4247 2721 4303 sive
2750 4246 2968 4303 tributis
2995 4248 3184 4315 servit,
3214 4264 3338 4305 cum
3363 4251 3514 4306 verbi
3547 4253 3658 4306 ηιξ-

2057 4336 2343 4392 nisteriutu
2369 4337 2577 4393 devotis
2603 4338 2942 4393 auditoribus
2961 4339 3200 4405 exhibet,
3225 4340 3421 4410 quibus
3440 4341 3660 4398 debitor

2059 4435 2146 4483 est
2171 4427 2436 4484 talentum
2463 4429 2677 4485 Domini
2699 4429 2767 4485 ad
2794 4428 3259 4499 multiplicandum
3299 4432 3351 4486 in
3381 4432 3655 4488 bonorum

2057 4534 2282 4589 operum
2313 4528 2604 4592 augmento
2627 4519 2865 4575 tradere.
2899 4517 3053 4575 Unde
3072 4519 3271 4576 Paulus
3299 4522 3365 4576 de
3389 4523 3658 4592 praedica-

2059 4609 2207 4663 tione
2249 4623 2348 4663 sua
2397 4609 2514 4663 ait:
2559 4606 2893 4680 Sapientibus
2941 4619 2991 4664 et
3035 4609 3400 4681 insipientibus
3448 4613 3658 4668 debitor

2058 4715 2176 4754 sum
2211 4698 2383 4770 (Rom.
2418 4699 2478 4766 ι).
2521 4699 2587 4754 Ει
2626 4698 2796 4754 alibi:
2837 4698 2980 4754 Nam
3003 4699 3048 4754 si
3070 4700 3514 4772 evangelisavero,
3548 4720 3656 4758 non

2060 4800 2135 4845 est
2164 4789 2292 4843 mihi
2331 4787 2536 4860 gloria,
2571 4790 2849 4844 necessitas
2879 4791 3016 4844 enim
3061 4790 3192 4844 mihi
3230 4790 3503 4846 incumbit.
3561 4793 3656 4849 Vw

2059 4882 2197 4937 enim
2225 4880 2354 4934 mihi
2380 4889 2478 4944 est,
2508 4878 2554 4933 si
2585 4896 2689 4933 non
2715 4879 3152 4950 euangelizavero.
3203 4879 3266 4935 Si
3309 4883 3446 4936 enim
3478 4883 3654 4938 volens

2056 4959 2161 5028 hoc.
2182 4991 2301 5044 ago,
2330 4973 2614 5027 mercedem
2655 4973 2839 5028 habeo.
2887 4971 2947 5028 Si
2991 4983 3166 5028 autem
3197 4974 3414 5042 invitus,
3443 4977 3656 5048 dispen-

2056 5065 2191 5120 satio
2209 5064 2342 5118 mihi
2371 5063 2570 5118 credita
2595 5074 2692 5118 est.
2724 5062 2854 5129 Qua:
2893 5074 2968 5119 est
3005 5081 3127 5134 ergo
3153 5083 3348 5121 merces
3388 5069 3546 5122 mea?
3585 5067 3654 5124 Ut

2057 5153 2403 5225 Evangelium
2429 5155 2726 5223 prtedicans
2768 5156 2880 5210 sine
2922 5166 3135 5226 sumptu
3172 5173 3363 5227 ponam
3407 5157 3654 5230 Evange-

2057 5242 2205 5307 lium,
2238 5252 2293 5296 ut
2321 5259 2425 5296 non
2447 5243 2640 5298 abutar
2662 5254 2915 5313 potestate
2940 5262 3054 5299 mea
3081 5246 3134 5300 in
3165 5244 3469 5317 Evangelia.
3506 5248 3652 5304 Nam

2057 5348 2176 5385 cum
2201 5331 2328 5386 liber
2347 5349 2513 5386 essent
2541 5350 2606 5387 ea:
2635 5334 2890 5398 omnibus,
2925 5336 3156 5390 omnium
3184 5353 3264 5390 me
3290 5353 3492 5391 servum
3523 5338 3650 5408 feci,

2073 5436 2129 5479 ut
2146 5425 2319 5494 plures
2342 5423 2729 5493 lucrifacerem.
2751 5423 2816 5479 Et
2833 5423 3007 5494 [actus
3033 5439 3146 5479 sum
3169 5423 3512 5480 cumludwis
3528 5435 3651 5478 tan-

2071 5534 2227 5584 quam
2240 5515 2464 5573 Judwus
2478 5527 2550 5581 ,ut
2569 5515 2784 5572 lutla'os
2801 5516 3056 5571 lucrarer.
3075 5515 3169 5570 His
3181 5517 3379 5585 quisub
3397 5518 3504 5588 lege
3520 5527 3647 5572 sunt

2059 5605 2210 5672 quasi
2239 5603 2331 5656 sub
2360 5602 2468 5672 lege
2506 5618 2668 5655 essent
2698 5602 2849 5672 (cum
2881 5602 2988 5672 ipse
3015 5619 3117 5655 non
3157 5619 3318 5656 essem
3353 5605 3447 5657 sub
3479 5604 3647 5675 lege),

2063 5706 2116 5750 ut
2144 5712 2231 5749 eos
2261 5696 2348 5764 qui
2391 5695 2484 5747 sub
2519 5693 2627 5763 lege
2663 5705 2810 5749 erant
2836 5693 3216 5764 lucrifacerem.
3265 5693 3364 5750 llis
3408 5698 3498 5768 qui
3537 5699 3651 5754 sine
