3902 6146
270 251 380 305 537

1188 250 1538 308 ϐΟΜ-ΜΕΝΤ.
1578 253 1644 308 IN
1684 254 2229 317 PARALIPOMENA.
2271 294 2341 305 ——
2375 264 2500 320 ΗΒ.
2540 264 2580 321 ι.

3419 278 3520 332 5ἶ8

273 371 411 440 lege,
431 378 683 438 tanquam
709 368 821 421 sine
849 367 957 438 lege
981 383 1142 458 essent
1169 373 1307 438 (cum
1331 372 1444 425 sine
1479 371 1588 442 lege
1620 370 1714 425 Dei
1749 389 1852 427 non
1881 375 1926 433 Α
1955 376 2233 443 prophetis
2273 387 2434 448 atque
2464 381 2806 452 cvangelistis
2849 384 3102 456 disponit,
3131 389 3359 458 qualiter
3387 393 3518 451 ﬁdes

273 476 454 523 essem,
482 459 574 512 sed
602 459 661 512 in
683 457 795 528 lege
811 473 975 512 essem
999 457 1238 529 Christi),
1275 471 1330 514 ut
1371 461 1731 532 lucrifacerem
1765 480 1851 518 eos

271 553 364 620 qui
385 551 498 606 sine
523 548 635 618 lege
661 558 833 604 erant.
873 547 1070 604 Factus
1097 567 1212 604 sunt
1242 552 1461 620 inﬁmis
1491 554 1762 622 inﬁmus,
1796 566 1851 610 ut

275 643 508 710 iﬁrntos
537 640 923 710 lncrifacerem.
951 639 1200 695 Omnibus
1223 645 1398 697 omnia
1428 645 1598 714 factus
1627 663 1764 712 sum,
1795 658 1851 702 ut

275 746 448 784 omnes
484 730 710 799 facerem
761 729 953 785 salvos.
1006 729 1195 785 Omnia
1244 744 1418 788 autem
1462 735 1600 803 facio
1643 750 1852 808 propter

276 818 639 890 Esaugelium,
660 829 716 872 ut
729 821 985 890 particeps
1013 821 1128 891 ejus
1151 823 1410 895 σηπίαι-(Ι
1437 821 1562 880 Cor.
1589 828 1685 898 nt).
1711 828 1850 885 Ecce

274 911 358 964 hic
377 909 678 979 spiritualis
719 909 1020 980 negotiator
1047 910 1246 965 tributa
1273 927 1334 968 se
1359 913 1568 970 solvere
1594 930 1698 970 non
1722 917 1812 971 uni
1830 958 1847 984 ,

270 999 360 1054 sed
381 999 629 1068 pluribus
652 1000 1017 1062 demonstrat,
1052 1001 1177 1070 quia
1205 999 1406 1056 Judaeis
1435 1010 1491 1056 et
1517 1005 1766 1074 gentibus
1794 1017 1849 1062 et

271 1090 524 1143 Ecclesiae
572 1089 773 1143 Christi
819 1089 1043 1145 verbum
1094 1089 1217 1146 ﬁdei
1261 1093 1604 1160 praedicando
1623 1135 1638 1157 ,
1668 1091 1848 1152 'bonis

266 1179 529 1248 exemplis
549 1179 626 1232 ita
652 1194 711 1234 se
734 1179 985 1234 omnibus
1008 1181 1241 1249 aptavit,
1270 1183 1412 1251 quod
1441 1184 1692 1239 omnibus
1732 1185 1846 1254 pla-

264 1280 436 1335 ceret,
470 1270 726 1325 omuibus
754 1270 1057 1340 proﬁceret,
1082 1287 1146 1327 ac
1183 1271 1441 1343 cujusque
1483 1275 1698 1331 diaconi
1725 1292 1847 1346 per-

264 1378 426 1416 sonas
473 1362 543 1416 ad
583 1361 946 1416 obedientiam
994 1361 1096 1416 sibi
1141 1364 1388 1418 certatim
1435 1365 1846 1435 impendendam

265 1453 602 1507 conciliaret.
626 1451 776 1506 Unde
796 1451 1068 1522 sequitur:

332 1547 530 1599 Omnes
561 1553 736 1598 autem
761 1544 972 1615 reliqua:
999 1543 1162 1598 tribus
1193 1544 1411 1599 consilia
1452 1562 1631 1600 eorum
1665 1563 1844 1619 seque-

263 1637 476 1688 bantur.
507 1634 646 1700 Quia
667 1633 872 1702 justum
906 1641 1073 1689 estut
1099 1635 1299 1690 sanctis
1320 1634 1630 1692 doctoribus
1657 1637 1842 1694 ﬁdeles

1956 463 2342 524 incarnationis
2364 485 2474 524 suae
2498 487 2529 524 a
2556 471 2750 541 priore
2772 474 2967 544 pupula
2996 491 3091 543 per
3119 479 3276 532 verba
3309 479 3440 550 legis
3467 492 3523 537 ct

1953 557 2354 624 prophetarum,
2381 561 2809 617 ministrantibus
2833 565 2964 633 ipsis
2992 565 3266 638 Evangelii
3289 571 3492 627 doctori
3508 603 3522 613 -

1953 645 2076 708 bus,
2107 648 2172 701 ad
2201 648 2436 718 gentium
2461 652 2685 705 salutem
2717 661 3124 710 transmutetur.
3147 657 3258 713 Hoc
3277 669 3359 714 est
3375 663 3518 716 enim

1952 735 2020 790 de
2048 737 2183 792 colle
2207 738 2613 807 Cariathiarim,
2639 760 2758 813 quae
2791 753 2871 800 est
2914 747 3132 812 invidia,
3159 758 3213 804 et
3255 752 3519 823 interpre-

1953 832 2098 881 tatur
2125 830 2305 883 civitas
2335 831 2610 897 silvarum,
2651 835 2716 888 ad
2745 851 2803 889 se
2837 852 3017 892 arcam
3057 840 3149 893 Dei
3183 843 3512 898 transferre:

1951 916 2018 971 de
2052 918 2342 973 eminentia
2393 921 2639 978 videlicet
2684 923 3083 995 Scripturarum
3130 931 3268 997 apud
3306 930 3516 986 Judzeos

1950 1008 2352 1075 collocatarum,
2386 1014 2477 1068 ubi
2507 1015 2693 1069 umbra
2720 1032 3004 1074 numerosa
3035 1019 3321 1090 ﬁgurarum
3346 1025 3512 1077 abun-

1951 1098 2063 1162 dat,
2107 1099 2171 1151 ad
2222 1101 2549 1156 intellectum
2593 1104 2809 1171 gentilis
2857 1109 3077 1176 populi,
3127 1112 3218 1164 ubi
3273 1111 3510 1167 Ecclesia

1949 1184 2148 1241 Christi
2183 1189 2456 1256 fundatur,
2496 1191 2654 1248 ﬁdem
2686 1195 2895 1250 Domini
2940 1200 3250 1268 perducere.
3283 1203 3346 1257 Et
3377 1206 3514 1259 bene

1947 1277 2207 1345 scriptum
2246 1288 2350 1343 cst,
2391 1281 2559 1335 David
2596 1283 2814 1350 dixisse,
2845 1287 2985 1354 quod
3025 1304 3131 1342 non
3168 1293 3512 1360 requisierint

1947 1382 2066 1421 eam
2117 1369 2169 1422 in
2216 1370 2405 1425 diebus
2449 1371 2614 1438 Saul,
2659 1375 2784 1444 quia
2832 1387 3181 1446 permanente
3219 1379 3513 1453 Synagogaz

1945 1467 2088 1513 statu
2103 1462 2431 1529 temporibus
2445 1463 2657 1520 Veteris
2672 1466 2997 1523 Testamenti
3007 1473 3192 1540 ,quasi
3213 1488 3316 1526 non
3335 1475 3512 1542 requi—

1945 1548 2152 1602 sierunt
2177 1565 2357 1604 arcam
2386 1551 2618 1620 Domini,
2643 1556 2769 1626 quia
2792 1558 3123 1626 spiritualem
3151 1576 3390 1628 sensum,
3422 1567 3516 1632 qui

1947 1638 2146 1694 latebat
2189 1641 2242 1696 in
2277 1641 2476 1708 littera,
2504 1643 2592 1699 illa
2626 1647 2823 1716 populo
2848 1649 2912 1702 ad
2945 1659 3187 1717 apertum
3210 1654 3523 1720 producere-

261 1726 464 1793 quique
491 1725 713 1780 obedire
744 1724 798 1778 in
833 1723 1120 1794 Evangelio
1155 1722 1351 1778 Christi
1382 1740 1489 1780 non
1517 1725 1836 1781 detrectent.
1868 1716 1915 1776 Β
1944 1743 2050 1782 non
2069 1731 2259 1799 potuit,
2287 1731 2426 1786 sicut
2449 1735 2549 1788 sub
2573 1736 2744 1806 gratia
2774 1735 2907 1791 Novi
2928 1716 3510 1799 Testamenti'manil'c‘

262 1815 398 1869 lliuc
437 1829 674 1882 quoque,
704 1814 1037 1869 enumeratis
1062 1813 1148 1868 his
1185 1814 1276 1882 qui
1314 1814 1381 1868 de
1423 1815 1646 1886 singulis
1673 1817 1842 1892 tribu-

259 1904 360 1957 bus
385 1919 512 1972 qnm
534 1904 602 1956 ad
625 1904 793 1958 David
824 1911 1104 1968 venerant,
1132 1903 1472 1976 subiungitur
1495 1919 1510 1960 :

325 1993 529 2047 Omnes
564 1995 654 2048 isti
692 1994 790 2047 viri
829 1993 1132 2057 bellatores,
1162 2003 1212 2048 et
1239 1995 1465 2064 expediti
1490 1997 1560 2048 ad
1599 2013 1837 2068 pugnan-

256 2090 402 2154 dum,
426 2090 587 2144 corde
608 2089 836 2158 perfecto
861 2099 1104 2145 venerunt
1127 2092 1184 2145 in
1213 2090 1446 2156 Hebron,
1477 2102 1533 2147 ut
1557 2097 1836 2150 constitue-

255 2189 365 2230 rent
393 2195 570 2248 regem
598 2178 765 2233 David
792 2196 948 2250 super
968 2182 1262 2235 universum
1293 2181 1481 2239 Israel.
1523 2184 1626 2239 Sed
1648 2197 1696 2241 et
1725 2205 1862 2252 om-,

256 2284 339 2320 nes
369 2267 564 2336 reliqui
607 2283 673 2321 ea:
717 2267 886 2322 Israel
917 2285 1022 2323 uno
1059 2270 1213 2325 corde
1250 2282 1399 2325 erant
1419 2313 1432 2337 ,
1472 2284 1528 2327 ut
1573 2292 1664 2329 rex
1691 2278 1836 2345 ﬁeret

254 2357 445 2410 Dat-id.
479 2357 618 2423 Quia
643 2357 871 2429 apostoli
896 2367 952 2414 et
979 2361 1258 2431 apostolici
1295 2364 1394 2418 viri
1441 2365 1508 2418 ad
1547 2365 1712 2421 David
1743 2385 1837 2425 no-

251 2459 426 2504 strum
447 2449 810 2517 conveniunt,
853 2452 1174 2522 specialique
1202 2452 1453 2524 coniugio
1481 2457 1557 2511 illi
1585 2460 1835 2528 copulan-

254 2550 341 2595 tur
363 2582 380 2606 ,
427 2556 624 2596 omnes
656 2541 868 2612 reliqui,
897 2551 1006 2598 tam
1037 2560 1102 2600 ex
1132 2543 1331 2600 Judaais
1378 2546 1620 2614 scilicet,
1671 2565 1836 2620 quam

251 2636 414 2689 etiam
465 2651 534 2690 ex
580 2635 765 2704 gentili
806 2636 1031 2706 populo,
1073 2653 1186 2692 uno
1235 2639 1398 2694 corde
1439 2641 1667 2712 parique
1709 2655 1836 2700 voto

251 2735 461 2796 optant,
491 2743 557 2782 ac
583 2743 683 2797 pro
702 2728 909 2783 viribus
936 2737 1164 2795 certant,
1198 2739 1259 2786 ιιι
1292 2747 1388 2787 rex
1413 2733 1508 2787 ﬁat
1548 2733 1713 2790 David
1731 2776 1748 2796 ,
1775 2745 1838 2792 ut

251 2819 349 2888 ipsi
382 2818 638 2874 videlicet
660 2833 882 2887 regnum
906 2819 1107 2876 Christi
1135 2820 1286 2888 ﬁant,
1317 2822 1514 2892 quibus
1536 2824 1652 2895 ipsa
1682 2823 1836 2882 Veri-

252 2919 332 2965 tas
353 2911 469 2964 ait:
503 2909 741 2980 Regnum
768 2910 865 2964 Dei
892 2909 1032 2964 intra
1057 2927 1146 2966 vos
1169 2921 1243 2965 est
1271 2911 1422 2984 (Luc.
1453 2913 1612 2984 xvu).

319 3000 666 3071 Fueruntque
693 3001 766 3054 ibi
792 3001 932 3071 apud
951 3001 1121 3056 David
1141 3002 1306 3058 tribus
1331 3003 1534 3070 diebus,
1565 3005 1832 3061 comeden-

249 3105 320 3148 tes
355 3103 404 3147 et
445 3093 675 3147 bibentes
715 3109 832 3163 quis
867 3103 1294 3163 prceparaverunt
1321 3096 1397 3149 eis
1424 3096 1615 3165 fratres
1642 3099 1724 3152 sui
1763 3115 1830 3154 ea;

250 3182 500 3236 Issachar
536 3191 586 3234 et
629 3180 867 3236 Zabulon
908 3191 956 3237 et
990 3182 1347 3254 Nephthalim,
1373 3192 1478 3240 etc.
1508 3185 1644 3254 Quia
1681 3189 1827 3244 omni

251 3283 492 3342 tempore
517 3280 718 3327 sanctae
742 3272 1024 3328 Trinitatis
1049 3272 1209 3328 ﬁdem
1247 3282 1494 3330 tenentes
1528 3286 1748 3332 manent
1773 3277 1826 3333 in

252 3365 537 3420 devotione
563 3363 775 3428 eadem,
803 3373 866 3419 ut
884 3380 948 3420 ea
976 3380 1097 3435 qua:
1116 3365 1278 3436 primi
1303 3366 1573 3433 doctores,
1598 3369 1701 3426 hoc
1721 3379 1823 3436 est,

251 3455 496 3525 apostoli,
526 3470 594 3508 ex
625 3454 823 3510 divinis
848 3454 1188 3527 dogmatibus
1222 3456 1327 3512 illis
1345 3458 1826 3527 praebuerunt,ali-

251 3555 422 3601 menta
446 3547 747 3618 gaudentes
761 3547 1047 3617 accipiant,
1058 3556 1114 3604 et
1133 3548 1202 3604 de
1219 3549 1376 3605 bonis
1390 3551 1656 3621 perceptis
1678 3551 1826 3607 [mta-

252 3641 424 3695 bundo
445 3641 692 3695 omnium
705 3639 943 3712 largitori
957 3641 1338 3711 perpetualiter
1346 3642 1548 3714 gratias
1563 3642 1820 3699 referant.

839 3751 1068 3808 CAPUT
1105 3752 1238 3807 XI“.

249 3821 322 3875 De
365 3839 427 3876 eo
475 3821 618 3892 quod
660 3820 824 3875 David
877 3822 1312 3892 iniiticonsilium
1358 3839 1476 3878 cum
1525 3825 1746 3880 tribunis
1770 3835 1821 3880 et

311 3904 460 3964 centu
470 3891 706 3964 rio‘nibus
729 3899 776 3943 et
800 3891 1049 3964 universis
1069 3893 1406 3964 principibus,
1431 3903 1486 3947 ut
1509 3905 1821 3964 congregata

312 3960 648 4014 multitudine
699 3961 1024 4014 sacerdotum
1069 3959 1115 4014 et
1164 3959 1490 4027 Levitarum,
1519 3959 1818 4018 reducerent

311 4047 492 4082 arcam
518 4030 728 4082 Domini
754 4031 822 4082 ad
841 4047 895 4084 se
914 4030 977 4083 de
998 4030 1151 4083 domo
1171 4031 1461 4085 Abinadalf.
1482 4031 1560 4086 De
1585 4032 1696 4087 Oza
1720 4033 1820 4088 Le-

312 4102 438 4162 vita,
455 4101 544 4169 qui
559 4099 792 4152 minabat
805 4100 1113 4168 plaustrum,
1129 4109 1177 4152 et
1191 4100 1402 4153 tendens
1416 4117 1627 4155 manum
1641 4121 1816 4168 suam,

310 4179 366 4221 ut
389 4179 708 4223 sustentaret
734 4185 932 4233 arcam,
963 4185 1025 4222 ne
1070 4170 1204 4237 forte
1252 4179 1438 4228 rueret.
1469 4171 1530 4224 ob
1554 4174 1816 4226 temerita-

309 4251 410 4292 tem
455 4249 627 4292 tactus
655 4254 927 4306 percussus
958 4247 1031 4290 est
1063 4255 1095 4290 a
1121 4237 1364 4292 Domino.
1392 4239 1508 4293 IIoc
1544 4239 1713 4295 David
1742 4244 1817 4295 vi-

308 4312 434 4363 dens
468 4307 749 4377 obstupuit,
785 4318 832 4361 et
872 4308 1053 4362 avertit
1079 4323 1258 4361 arcam
1290 4308 1345 4362 in
1380 4309 1588 4363 domum
1617 4309 1817 4366 Obede-

305 4383 426 4433 dom
454 4377 679 4441 Gethari,
711 4377 797 4430 ubi
815 4378 1004 4432 mansit
1033 4377 1199 4430 tribus
1227 4379 1505 4433 mensibus.

309 4475 350 4540 (Ι
379 4475 512 4527 Pan.
545 4470 692 4542 ιιιι.)
717 4469 843 4523 Iniit
869 4478 1046 4524 autem
1079 4470 1355 4524 comitium
1381 4470 1553 4526 David
1576 4488 1691 4526 cum
1716 4473 1816 4526 tri-

240 4565 387 4617 bunis
408 4572 462 4616 et
483 4559 874 4615 centurionibus
917 4569 963 4613 et
1009 4558 1263 4614 universis
1301 4559 1639 4629 principibus,
1665 4571 1713 4614 et
1740 4561 1819 4614 ait

238 4658 306 4709 ad
329 4671 535 4710 omnem
571 4663 757 4708 emtum
777 4653 946 4707 Israel
970 4667 987 4704 :
1019 4652 1080 4708 Si
1101 4651 1266 4723 placet
1287 4652 1426 4706 vobis
1455 4663 1502 4705 et
1531 4669 1564 4705 a
1588 4651 1812 4706 Domino

237 4759 411 4801 nostro
442 4746 554 4800 Deo
601 4745 863 4816 egreditur
901 4761 1090 4810 sermo,
1119 4759 1270 4815 quem
1312 4743 1517 4813 loquor,
1541 4745 1813 4797 mittamus

233 4839 304 4892 ad
325 4838 516 4905 fratres
541 4845 749 4889 nostros
769 4833 993 4904 reliquos
1012 4832 1066 4886 in
1086 4833 1350 4886 universus
1371 4832 1601 4900 regiones
1615 4830 1805 4896 Israel,

230 4935 278 4980 et
313 4927 384 4978 ad
407 4923 704 4978 sacerdotes
730 4931 777 4975 et
799 4920 1024 4988 Levitas,
1053 4921 1143 4991 qui
1166 4919 1399 4973 habitant
1418 4919 1472 4971 in
1495 4919 1806 4974 suburbanis

228 5019 463 5082 urbium,
492 5026 548 5070 ut
579 5023 952 5085 congregentur
987 5013 1056 5066 ad
1085 5029 1199 5076 nos,
1223 5021 1271 5065 et
1295 5011 1604 5064 reducamus
1627 5027 1806 5064 arcam

229 5110 330 5163 Dei
363 5109 528 5162 nostri
557 5107 627 5160 ad
653 5122 777 5170 nos;
810 5121 912 5159 non
937 5104 1074 5157 enim
1097 5103 1452 5174 requisivimus
1475 5119 1592 5157 eam
1619 5103 1675 5156 in
1695 5102 1806 5156 die-

223 5205 327 5255 bus
356 5199 509 5255 Saul.
532 5197 598 5250 Et
625 5196 883 5266 respondit
906 5195 1144 5249 universa
1166 5192 1444 5248 multitudo
1463 5202 1519 5246 ut
1541 5193 1614 5246 ita
1635 5193 1801 5260 fieret.

227 5291 519 5345 Placuerat
557 5289 697 5342 enim
725 5303 894 5341 sermo
935 5286 1074 5339 omni
1119 5282 1327 5354 populo.
1352 5282 1490 5348 Quid
1523 5290 1630 5346 est,
1660 5281 1806 5350 quod

223 5381 400 5437 David
435 5379 722 5435 consilium
753 5376 872 5430 iniit
900 5389 1024 5429 cum
1069 5373 1296 5427 tribunis
1321 5379 1378 5426 et
1403 5370 1806 5425 centurionibus

219 5481 278 5528 et
301 5469 577 5524 universis
598 5466 928 5537 principibus
956 5463 1141 5526 lsrael,
1173 5470 1252 5529 ut,
1274 5469 1594 5533 congregata
1622 5461 1806 5516 multi-

217 5564 439 5627 tudine,
465 5576 649 5616 arum
687 5559 784 5613 Dei
827 5556 1144 5613 transferret
1171 5556 1238 5610 de
1265 5555 1401 5610 colle
1421 5553 1802 5609 Cariathiarim

221 5662 297 5718 ad
326 5677 405 5727 se,
439 5657 545 5713 nisi
571 5658 712 5729 (ptod
747 5656 1070 5724 Redemptor
1107 5659 1288 5707 noster
1313 5665 1435 5705 cum
1471 5647 1723 5718 apostolis
1748 5655 1802 5702 et

1939 1825 2141 1872 statum
2169 1828 2254 1874 est
2278 1823 2620 1878 credentibus
2645 1825 2699 1879 in
2730 1825 3021 1882 Christum.
3055 1829 3207 1887 Unde
3239 1835 3518 1904 apostolus

1939 1905 2142 1962 Paulus
2168 1909 2221 1962 in
2250 1909 2487 1978 Epistula
2529 1927 2626 1966 sua
2669 1913 2960 1985 gloriatur:
2989 1917 3285 1974 Secundum
3311 1925 3509 1978 revela-

1939 2005 2131 2050 ttonem
2153 1998 2254 2052 sibi
2278 2008 2454 2053 notum
2481 2016 2598 2056 esse
2619 2016 2998 2060 sacramentum
3024 2008 3076 2060 in
3103 2014 3345 2080 mysterio
3367 2014 3515 2069 Chri-

1937 2087 2198 2157 sti,-quod
2224 2087 2345 2142 aliis
2382 2093 2798 2159 generationibus
2845 2111 2949 2148 non
2991 2107 3066 2152 est
3111 2103 3346 2169 agnitum
3384 2104 3511 2170 [iliis

1937 2179 2226 2245 hominum,
2254 2183 2390 2236 sicut
2419 2199 2556 2237 nunc
2597 2186 2877 2239 revelatum
2902 2197 2974 2241 est
3009 2192 3204 2244 sanctis
3231 2194 3344 2262 ejus
3378 2211 3508 2264 apo.-

1935 2272 2085 2327 stolis
2105 2283 2154 2327 et
2192 2275 2454 2344 prophetis
2482 2276 2538 2329 in
2563 2273 2786 2346 Spiritu,
2811 2294 2920 2332 esse
2942 2290 3114 2348 gentes
3139 2282 3431 2338 coha’redes
3459 2295 3507 2340 et

1937 2363 2333 2433 concorporales
2391 2373 2439 2418 et
2484 2365 2760 2435 participes
2789 2369 3145 2436 promissionis
3190 2371 3246 2424 in
3297 2370 3506 2427 Christo

1933 2451 2065 2506 Iesu
2101 2469 2193 2522 per
2237 2452 2596 2525 Evangelium,
2631 2464 2687 2509 ut
2714 2455 2997 2510 innotescat
3027 2460 3402 2530 principatibus
3455 2473 3504 2516 et

1933 2543 2276 2612 potestatibus
2319 2545 2376 2597 in
2417 2542 2704 2598 caelestibus
2731 2561 2826 2613 per
2855 2544 3143 2601 Ecclesium
3170 2549 3504 2618 multiformis

1934 2633 2194 2701 sapientia
2243 2632 2341 2687 Dei
2384 2634 2671 2688 secundum
2719 2637 3117 2706 pra’finitionem
3168 2640 3504 2706 sa‘culorum,

1932 2737 2090 2791 quam
2111 2721 2231 2790 fecit
2244 2723 2299 2802 in
2318 2721 2526 2778 Christo
2544 2723 2673 2778 Iesu
2713 2725 2936 2781 Domino
2959 2738 3134 2781 nostro
3156 2729 3370 2800 (Ephes.
3395 2731 3500 2802 ιιι).

2007 2811 2123 2878 Quo
2147 2798 2379 2884 placente
2409 2816 2646 2870 omnibus
2687 2817 2927 2883 consilio,
2972 2798 3294 2890 congregavit
3336 2798 3512 2876 David

1934 2916 2177 2958 cunctum
2200 2905 2373 2960 Israel
2398 2924 2430 2960 a
2457 2906 2615 2962 Si/tor
2638 2907 2878 2980 Egypti,
2906 2925 3067 2980 usque
3092 2911 3217 2965 dum
3243 2913 3506 2982 ingredia-

1937 2995 2010 3048 ris
2037 2995 2249 3062 Emath,
2277 3007 2332 3051 ut
2362 2998 2641 3054 adduceret
2679 3017 2856 3054 arcam
2886 2999 2984 3054 Dei
3012 3001 3076 3054 de
3104 2999 3504 3056 Cariathiarim,.

1935 3087 2096 3143 Sibor
2125 3087 2346 3160 Egypti
2385 3090 2579 3146 ﬂuvius
2627 3101 2705 3146 est
2749 3089 2831 3162 (ιιι
2876 3089 3074 3162 ferunt)
3116 3091 3407 3155 derivatus,
3437 3094 3504 3148 de

1932 3195 2038 3249 quo
2062 3180 2114 3234 in
2136 3179 2368 3236 Jercmia
2389 3182 2464 3236 ita
2486 3182 2744 3252 scriptum
2765 3190 2877 3238 cst:
2905 3181 3046 3248 Quid
3069 3183 3162 3235 tibi
3187 3191 3259 3236 est
3280 3183 3348 3235 ad
3367 3184 3506 3237 viain

1929 3271 2170 3342 Afgypti,
2197 3282 2252 3325 ut
2279 3272 2422 3327 bibas
2463 3290 2627 3344 aquas
2658 3272 2814 3329 Siltor
2840 3271 2974 3344 (Ier.
2998 3271 3103 3343 tl)?
3140 3271 3246 3326 Pro
3285 3289 3391 3342 quo
3422 3272 3504 3326 in-

1931 3371 2194 3434 terpretes
2228 3382 2421 3436 aquam
2461 3367 2725 3420 turbidam
2778 3366 3120 3436 interpretati
3160 3373 3287 3421 sunt
3315 3406 3330 3430 ,
3371 3367 3499 3436 quia

1930 3454 2115 3520 Sibor,
2148 3455 2562 3512 Firmamentum
2589 3475 2776 3513 novum
2800 3457 2883 3513 vel
2918 3458 3206 3523 turbidum,
3237 3459 3503 3528 interpre-

1929 3555 2076 3600 tatur
2101 3547 2302 3620 (Amos.
2328 3548 2426 3618 γι).
2454 3548 2644 3603 Ematb
2671 3550 2866 3620 quippe
2894 3550 3084 3604 civitas
3108 3559 3194 3604 est
3229 3550 3498 3614 Damasci,

1925 3654 2086 3709 quam
2110 3639 2436 3711 expugnavit
2464 3656 2555 3696 rex
2602 3639 2977 3712 Assyriorum;
3019 3656 3140 3710 quae
3164 3651 3219 3695 et
3247 3643 3297 3694 in
3334 3642 3498 3695 Amos

1925 3732 2252 3788 Ematbraba
2297 3732 2569 3798 scribitur,
2597 3734 2740 3802 quod
2782 3735 3060 3788 nobiscum
3105 3741 3264 3788 sonat
3305 3733 3496 3786 Emam

1923 3840 2189 3893 magnum.
2207 3823 2330 3878 llaec
2343 3830 2397 3879 et
2417 3839 2556 3877 nunc
2569 3823 2864 3893 Epiphania
2881 3831 3237 3892 nuncupatur.
3255 3825 3495 3893 Denique

1923 3929 2016 3984 per
2033 3915 2146 3968 haec
2161 3916 2266 3970 duo
2281 3914 2558 3979 vocabula,
2580 3914 2684 3969 hoc
2703 3923 2806 3978 est,
2834 3913 2997 3969 Sibor
3023 3924 3076 3969 et
3091 3915 3304 3980 Ematb,
3323 3925 3498 3971 totanr

1924 4015 2125 4060 terram
2155 4004 2586 4075 repromissionis
2609 4004 3032 4074 comprehendit,
3061 4020 3127 4059 ex
3145 4021 3250 4074 qua
3281 4007 3494 4061 univer-

1920 4115 2014 4155 sus
2041 4097 2202 4154 lsrael
2217 4104 2572 4168 congregatus
2591 4105 2675 4151 est
2695 4097 2763 4150 ad
2778 4096 2961 4151 David.
2978 4095 3081 4150 Per
3097 4095 3258 4152 Sibor
3273 4098 3487 4166 quippe,

1919 4191 2022 4246 hoc
2042 4198 2124 4246 est
2151 4192 2325 4244 rivum
2352 4189 2465 4244 sive
2481 4195 2773 4242 torrentem
2787 4185 3026 4258 Egypti,
3041 4187 3344 4242 Australcm
3367 4204 3430 4256 pa
3440 4205 3491 4241 r-

1919 4293 2028 4340 tem
2050 4291 2232 4347 ιρι-ηε,
2263 4289 2318 4336 et
2340 4296 2436 4351 per
2465 4279 2676 4341 Emath,
2703 4277 3186 4348 Septentrionalcm
3217 4279 3480 4347 designat.

1841 4394 1896 4453 Β
1991 4373 2061 4428 Et
2087 4371 2314 4427 ascendit
2345 4370 2515 4425 David
2537 4378 2586 4424 et
2628 4385 2802 4424 omnes
2850 4369 2946 4422 viri
2981 4366 3150 4422 Israel
3191 4368 3259 4420 ad
3304 4366 3489 4422 collem

1921 4462 2318 4526 Cariathiarim,
2341 4476 2458 4531 quae
2481 4469 2559 4514 est
2585 4459 2640 4513 in
2662 4458 2830 4523 Iuda,
2857 4466 2911 4511 ut
2932 4458 3144 4526 afferret
3167 4458 3287 4511 inde
3307 4474 3488 4512 arcam

1917 4553 2131 4607 Domini
2166 4551 2260 4605 Dei
2297 4549 2520 4604 sedentis
2564 4564 2718 4619 super
2758 4548 3042 4612 cherubim,
3070 4547 3157 4600 ubi
3192 4548 3486 4601 invocatum

1914 4653 1990 4698 est
2018 4659 2204 4707 nomen
2233 4641 2367 4711 ejus.
2392 4638 2858 4711 Imposueruntque
2885 4653 3064 4692 arcam
3109 4638 3165 4690 in
3191 4638 3488 4707 plaustrum

1915 4752 2100 4790 novum
2123 4734 2187 4788 de
2213 4734 2372 4787 domo
2396 4731 2711 4786 Aminadab.
2743 4729 2855 4784 (λιιι
2877 4738 3053 4783 autem
3081 4739 3128 4783 et
3156 4730 3346 4798 fratres
3368 4729 3484 4799 ejus

1914 4827 2184 4881 minabant
2209 4824 2521 4894 plaustrum.
2547 4821 2714 4874 Porro
2744 4820 2916 4874 David
2939 4829 2990 4874 et
3013 4821 3284 4875 universus
3311 4819 3482 4875 lsrael

1908 4916 2156 4971 ludebant
2207 4932 2383 4968 coram
2435 4913 2678 4977 Domino,
2721 4914 2862 4966 omni
2908 4915 3116 4979 virtute,
3161 4914 3216 4967 in
3259 4914 3476 4969 canticis

1907 5019 1956 5062 et
1999 5007 2215 5062 citharis
2259 5015 2307 5059 et
2352 5003 2611 5074 psalteriis
2653 5013 2700 5058 et
2749 5004 3004 5073 tympanis
3046 5014 3094 5058 et
3139 5005 3387 5074 cymbalis
3428 5015 3480 5062 ct

1907 5099 2067 5152 tubis.
2098 5096 2373 5160 Ascendit,
2412 5095 2605 5164 inquit,
2642 5095 2809 5149 David
2847 5102 2904 5149 et
2937 5111 3126 5150 omnes
3173 5097 3272 5150 viri
3313 5097 3482 5156 lsrael

1908 5190 1977 5243 ad
2004 5188 2194 5244 collem
2219 5186 2622 5251 Cariathiarim,
2652 5201 2772 5255 qua:
2797 5193 2881 5240 est
2908 5187 2961 5239 in
2987 5184 3145 5253 luda,
3176 5197 3235 5243 ιιι
3260 5190 3482 5246 aﬁ‘erret

1908 5280 2030 5335 inde
2078 5294 2260 5334 arcam
2305 5278 2538 5333 Domini.
2579 5277 2735 5332 Viros
2772 5277 2937 5332 lsrael
2977 5278 3066 5334 hic
3113 5296 3224 5336 non
3269 5282 3482 5337 arstimo

1908 5371 2239 5440 Scriptorem
2268 5386 2458 5425 omnes
2482 5369 2767 5434 masculos,
2797 5371 2886 5440 qui
2918 5371 2986 5424 ad
3010 5371 3216 5425 virilem
3258 5379 3473 5426 aetatem

1905 5468 2280 5532 pervenerant,
2311 5459 2405 5514 sed
2451 5458 2732 5514 electiores
2771 5474 3016 5529 quosque
3065 5475 3131 5514 ac
3181 5461 3488 5514 nobiliores.

1904 5552 2128 5620 intelligi
2157 5550 2311 5606 velle.
2350 5547 2614 5602 Numerus
2643 5555 2820 5601 autem
2853 5549 3114 5611 virorum,
3135 5548 3225 5615 qui
3267 5545 3342 5599 ad
3363 5547 3474 5601 hoc

1904 5641 2210 5713 congregati
2235 5636 2609 5704 sunt,videtur
2629 5636 2680 5690 in
2704 5637 2842 5692 libro
2872 5636 3078 5706 Regum
3121 5635 3465 5704 comprehen-
