3912 6160
399 255 506 312 339

1042 250 1106 308 B.
1145 249 1400 307 RABANI
1435 249 1654 309 MAURI
1689 251 2007 309 ARCHIEP.
2048 248 2356 309 MOGUNT.
2396 248 2681 312 OPERUM
2717 255 2896 314 PARS
2932 256 2975 313 I.

3530 265 3646 324 540

399 384 528 433 sus,
578 366 671 425 ubi
717 364 981 435 scriptum
1019 373 1147 418 est:
1193 361 1531 433 Congregavit
1570 373 1744 419 autem
1794 361 1962 419 David
1988 362 2040 425 Α
2065 361 2183 432 ejus
2217 364 2424 420 semine
2455 364 2729 421 lecundari
2758 383 2862 423 non
2888 368 3082 424 merita
3124 379 3401 442 perpetua
3441 380 3646 434 sterili-

401 472 577 511 omnes
592 455 777 509 electos
789 470 854 508 ea:
867 450 1035 507 Israel
1050 452 1268 522 triginta
1282 450 1474 519 millia,
1489 460 1594 508 etc.
1606 451 1706 526 ’(II
1717 452 1844 524 Reg.
1860 450 1964 523 vr.)

396 542 779 598 Cariathiarim
801 555 947 611 ergo,
976 555 1095 610 qua:
1121 539 1475 596 Cariatharbe
1499 542 1627 598 alibi
1649 541 1866 607 dicitur,
1896 540 1969 597 cl-

368 628 537 694 ‘vitas
584 637 837 702 saltuum,
866 651 973 690 una
1014 644 1099 691 est
1142 636 1208 691 de
1248 636 1470 691 urbibus
1517 634 1963 701 Gabaonitarum,

396 728 674 797 pertinens
727 726 794 781 ad
826 725 1022 780 tribum
1054 723 1213 792 Iuda,
1250 726 1501 782 euntibus
1523 726 1592 780 ab
1618 724 1771 781 Helia
1811 724 1967 779 Dios-

395 817 556 888 polim
584 817 637 870 in
660 815 911 870 milliario
933 829 1094 870 nono.
1124 816 1201 870 De
1231 815 1333 870 hac
1363 813 1464 869 fuit
1490 813 1652 872 Urias
1676 812 1963 885 propheta,

395 925 552 978 quem
583 907 851 963 interfecit
865 905 1105 962 Joachim
1129 906 1182 960 in
1207 903 1525 971 Jerusalem,
1542 906 1682 961 sicut
1701 903 1963 961 Jeremias

394 999 585 1055 scribit
611 998 744 1072 (Jer.
772 998 943 1070 xxvi).
973 997 1082 1053 Sed
1106 1006 1162 1052 et
1187 996 1329 1051 ﬁlius
1369 995 1532 1052 Sobal
1580 994 1962 1053 Cariathiarim

391 1088 786 1159 appellabatur,
813 1088 956 1143 sicut
984 1087 1040 1142 in
1071 1087 1323 1158 przeseuti
1350 1086 1493 1143 libro
1507 1087 1757 1158 superius
1780 1092 1962 1142 estcir-

390 1193 510 1234 sum
539 1185 640 1233 est.

460 1290 594 1346 Cum
611 1299 785 1345 autem
807 1291 1149 1361 pervenissent
1176 1289 1245 1344 ad
1270 1287 1460 1345 Areum
1491 1285 1717 1356 Gnidon,
1743 1288 1958 1344 tetendit

392 1382 505 1439 Oza
530 1399 742 1437 manum
768 1399 940 1449 suam,
972 1392 1027 1436 ut
1054 1391 1367 1437 sustentaret
1394 1397 1593 1435 arcam.
1622 1378 1730 1434 Bos
1771 1379 1958 1450 quippe

387 1472 660 1527 lasciviens
696 1471 973 1543 paululum
1007 1471 1346 1527 inclinaverat
1396 1486 1533 1526 eam.
1556 1468 1737 1524 Iratus
1781 1468 1958 1540 itaque

388 1562 644 1618 Dominus
667 1570 848 1616 contra
873 1559 1060 1628 Ozam,
1085 1569 1132 1616 et
1155 1560 1407 1632 percussit
1429 1576 1567 1624 eum,
1596 1575 1654 1613 eo
1683 1556 1822 1631 quod
1844 1557 1958 1612 teti-

384 1651 543 1722 gisset
566 1666 769 1715 arcam,
792 1658 839 1703 et
867 1657 1105 1704 mortuus
1133 1657 1208 1703 est
1249 1665 1426 1703 coram
1468 1647 1713 1702 Domino.
1728 1645 1956 1720 ;Contri-

384 1747 650 1810 statusque
671 1746 745 1799 est
768 1737 959 1804 David,
985 1754 1044 1792 eo
1063 1737 1202 1808 quod
1230 1738 1483 1792 divisisset
1505 1736 1759 1792 Dominus
1790 1734 1955 1792 Ozam

384 1830 683 1900 vocavitque
735 1826 904 1883 locum
948 1827 1097 1882 illum
1138 1828 1326 1884 divisio
1374 1827 1508 1895 Oza,
1538 1845 1701 1901 usque
1724 1830 1779 1883 in
1817 1845 1953 1900 pra:-

381 1927 576 1973 sentem
625 1917 784 1973 diem.
816 1917 1119 1974 Notandum
1170 1928 1370 1986 autem,
1398 1920 1542 1990 quod
1580 1919 1633 1974 in
1672 1918 1810 1976 libro
1851 1920 1956 1976 Rc-

382 2022 509 2077 gum
552 2005 637 2081 (II
667 2004 791 2078 Reg.
829 2009 928 2078 vi),
967 2007 1057 2063 ubi
1098 2007 1253 2063 istius
1296 2007 1401 2063 loci
1430 2009 1631 2064 mentio
1661 2007 1803 2063 facta
1846 2015 1952 2072 est,

382 2112 487 2152 non
523 2113 647 2151 area
700 2096 924 2163 Chidon,
955 2096 1051 2152 sed
1090 2094 1214 2152 area
1262 2095 1420 2152 Naon
1472 2097 1801 2153 nominatur.
1836 2083 1953 2152 'Pro

381 2182 541 2241 Naon
562 2188 705 2242 enim
743 2185 937 2258 Aquila
966 2187 1355 2259 interpretatur
1379 2205 1557 2243 aream
1579 2198 1949 2260 praeparatam.

381 2275 589 2332 Chidon
628 2287 806 2333 autem
838 2278 1220 2348 interpretatur
1245 2278 1474 2350 clypeus.
1508 2278 1764 2334 Traditur
1804 2279 1948 2334 enim

378 2362 467 2420 ille
492 2366 642 2422 locus
670 2382 791 2422 esse
816 2368 908 2422 ubi
935 2367 1097 2423 Josue
1139 2370 1317 2424 stabat
1362 2370 1577 2439 quando
1616 2369 1817 2425 dictum
1866 2376 1951 2425 est

376 2456 428 2512 ei
453 2475 466 2510 :
497 2454 634 2511 Leva
657 2456 888 2527 clypeum
917 2466 1099 2510 contra
1129 2454 1306 2511 urbem
1338 2456 1434 2510 Alii
1465 2455 1603 2529 (los.
1630 2457 1768 2530 vm).
1794 2456 1948 2524 Quod

376 2553 558 2601 autem
588 2546 847 2616 scriptum
873 2551 957 2600 est
981 2545 1046 2599 de
1075 2542 1208 2611 Oza,
1231 2546 1373 2614 quod
1399 2545 1669 2616 percussit
1695 2560 1818 2600 eum
1845 2546 1950 2601 Do-

374 2637 575 2703 minus,
614 2651 680 2692 eo
734 2636 876 2708 quod
914 2635 1179 2707 tetigisset
1223 2650 1442 2699 arcam,
1493 2637 1949 2705 contristatusque

373 2732 445 2789 sit
467 2730 634 2787 David
663 2731 806 2803 quod
830 2731 1101 2787 divisisset
1123 2730 1545 2797 Ozam,tradunt
1573 2730 1782 2786 Πρωτεῖ
1804 2730 1949 2802 quod

372 2808 673 2878 Aminadab
725 2822 981 2878 sacerdos
1020 2823 1247 2896 jusserit
1296 2820 1506 2878 duobus
1556 2821 1681 2878 ﬁliis
1724 2821 1835 2878 Oza
1892 2829 1947 2877 et

370 2915 511 2970 Anio
540 2923 600 2969 ut
622 2922 905 2985 portarent
930 2930 1113 2971 arcam
1141 2914 1354 2972 Domini
1381 2917 1623 2973 humeris
1649 2917 1761 2974 suis
1789 2915 1945 2986 juxta

368 3002 505 3074 legis
528 3010 872 3093 praeceptum.
897 3002 1002 3058 Sed
1023 3004 1147 3093 quia
1170 3020 1271 3060 nec
1298 3005 1401 3075 ipsi
1425 3019 1545 3060 eam
1568 3012 1940 3076 portaverunt,
1968 3031 2014 3093 ρ

369 3108 544 3162 neque
579 3091 892 3149 Cariathitis
947 3095 1013 3148 ad
1058 3090 1375 3165 portandum
1422 3096 1706 3162 dederunt,
1741 3097 1939 3153 idcirco

369 3183 481 3237 02a
510 3191 681 3237 morte
696 3183 955 3240 multatus
977 3184 1067 3241 sit.
1085 3183 1208 3240 Fuit
1225 3185 1367 3240 enim
1391 3193 1670 3256 peccatum
1687 3186 1742 3240 in
1766 3193 1940 3240 trans-

369 3260 647 3349 gressione
687 3274 948 3339 mandati,
982 3275 1076 3329 sed
1108 3273 1219 3344 jam
1259 3287 1418 3344 paena
1457 3276 1664 3345 peccati
1696 3276 1749 3330 in
1777 3276 1940 3331 susti-

368 3364 756 3441 nendo’arcam
783 3364 1041 3435 plaustris
1088 3365 1414 3435 impositam.
1448 3364 1599 3421 Unde
1648 3380 1940 3437 percussus

368 3463 473 3509 est.
503 3452 707 3508 Divisio
751 3454 894 3508 enim
940 3453 1050 3510 02a
1094 3453 1328 3508 traditur
1377 3468 1496 3509 esse
1543 3453 1595 3508 in
1645 3454 1766 3520 hoc,
1795 3453 1937 3524 quod

367 3546 596 3601 aruisset
622 3545 902 3601 brachium
930 3543 1046 3614 ejus
1064 3552 1118 3600 et
1148 3545 1426 3611 humerus,
1451 3544 1542 3600 ubi
1573 3560 1700 3600 arca
1725 3545 1937 3599 Domini

365 3636 628 3707 portanda
692 3635 909 3701 fuerat,
964 3645 1016 3691 et
1073 3634 1215 3691 illius
1275 3636 1375 3691 loci
1432 3635 1626 3691 divisio
1690 3637 1937 3705 quaedam

367 3724 508 3781 facta
557 3733 661 3793 est,
692 3726 796 3781 hoe
839 3732 944 3793 est,
976 3725 1251 3781 distinctio
1293 3725 1610 3783 obcdientiae
1653 3735 1709 3783 et
1752 3727 1937 3784 inobe-

365 3814 598 3869 dicatis).

437 3904 504 3958 Et
531 3905 704 3959 timuit
729 3904 1012 3959 Dominum
1057 3913 1181 3959 tunc
1228 3904 1491 3976 temporis,
1537 3904 1753 3963 dicens:
1785 3905 1933 3971 Quo-

368 3994 521 4047 modo
543 4009 752 4065 possum
775 3995 844 4048 ad
887 4010 968 4050 me
992 3994 1318 4049 introducere
1357 4011 1536 4049 arcam
1580 3994 1794 4049 Domini
1819 3994 1844 4048 7
1865 3994 1935 4048 Et

367 4085 430 4139 ob
477 4085 612 4138 hanc
659 4101 874 4139 causam
903 4101 1005 4139 non
1027 4101 1141 4140 eam
1186 4083 1405 4140 adduxit
1439 4084 1509 4139 ad
1530 4100 1603 4147 se,
1634 4084 1731 4137 hoc
1754 4092 1852 4149 est,
1879 4085 1935 4138 in

362 4178 623 4231 civitatem
671 4175 843 4231 David
858 4192 885 4243 ;‘
920 4177 1011 4231 sed
1055 4177 1239 4231 avertit
1281 4176 1337 4231 in
1382 4176 1593 4230 domum
1637 4174 1931 4231 Obededom

363 4267 580 4322 (let/imi.
606 4267 803 4322 Mansit
827 4284 919 4339 ego
955 4284 1081 4322 arca
1104 4267 1203 4323 Dei
1245 4268 1299 4322 in
1333 4267 1488 4322 domo
1519 4266 1812 4321 Obededom
1838 4264 1935 4318 tri-

2065 446 2192 500 tatis
2237 460 2428 516 prunas
2469 447 2588 503 luit.
2640 448 2909 506 Sacerdos
2945 467 3160 523 quoque
3202 455 3298 524 qui
3343 472 3527 514 arcam
3554 463 3647 516 in—

2064 539 2401 594 considerata
2431 542 2735 597 temeritate
2761 543 2958 613 tetigit,
2990 559 3154 602 ausus
3184 549 3268 603 sui
3296 558 3504 608 reatum
3528 554 3645 610 im-

2064 634 2275 682 matura
2301 638 2476 684 morte
2487 631 2752 702 purgavit.
2769 633 2873 689 Ubi
2896 634 3095 691 intueri
3122 652 3347 695 necesse
3364 650 3450 697 est
3465 657 3647 713 quan-

2060 723 2178 772 tum
2192 716 2485 789 delinquat,
2514 720 2606 790 qui
2628 720 2694 775 ad
2721 734 2915 792 corpus
2942 723 3155 781 Domini
3174 740 3302 784 reus
3318 734 3639 799 accesserit,

2060 806 2111 863 si
2133 807 2359 863 devotus
2385 807 2473 864 illa
2494 810 2747 866 sacerdos
2774 821 2948 868 morte
2972 814 3287 883 mulctatur,
3315 820 3408 888 qui
3438 812 3632 877 arcam

2061 894 2230 962 illam,
2247 897 2511 953 Dominici
2535 899 2787 955 videlicet
2806 902 3052 973 corpOris
3069 903 3297 976 ﬁguram
3320 907 3367 980 (l
3387 907 3509 964 Cor.
3546 911 3636 984 xi)

2059 986 2259 1042 minori
2284 1002 2448 1058 quam
2475 988 2663 1046 debuit
2698 995 3047 1051 veneratione
3088 998 3375 1070 corripuit.
3410 1003 3641 1067 Verum.

2052 1074 2208 1146 juxta
2244 1078 2556 1150 allegoriam
2603 1081 2774 1139 David
2817 1082 3127 1153 Christum,
3170 1102 3296 1145 arca
3331 1090 3639 1148 Eeclesiam

2059 1166 2346 1239 signiﬁcat.
2379 1167 2638 1236 Quaesivit
2658 1178 2837 1227 autem
2861 1172 3032 1229 David
3052 1187 3238 1231 arcam
3268 1177 3324 1232 in
3351 1179 3631 1236 civitatem

2057 1271 2211 1323 suam
2244 1257 2543 1326 adducere;
2575 1262 2691 1328 sed,
2719 1276 2885 1317 causa
2918 1262 3309 1322 interveniente
3327 1271 3630 1336 contraria,

2057 1347 2126 1403 ad
2147 1356 2357 1418 tempus
2380 1363 2503 1405 eam
2538 1350 2668 1406 alibi
2693 1352 2935 1418 divertit,
2957 1367 3024 1409 ac
3060 1354 3143 1411 sic
3184 1356 3458 1428 deinceps,
3483 1361 3638 1429 quod

2058 1438 2283 1494 multum
2306 1439 2671 1497 delcctaverat
2690 1442 2944 1513 explevit,
2957 1444 3083 1514 quia
3111 1445 3370 1503 Dominus
3395 1448 3449 1503 in
3462 1464 3638 1507 carne

2058 1544 2322 1601 apparens
2337 1530 2685 1603 Evangelium
2708 1533 2833 1591 ﬁliis
2850 1534 3035 1604 Israel,
3053 1551 3166 1593 suae
3174 1538 3435 1597 videlicet
3456 1544 3632 1613 genti,

2062 1620 2392 1693 praedicavit.
2426 1624 2533 1680 Sed
2555 1627 2765 1681 eiecitas
2806 1643 2872 1682 ea:
2913 1637 3063 1699 parte
3106 1632 3322 1703 contigit
3350 1633 3409 1688 in
3432 1632 3631 1703 Israel,

2056 1714 2221 1771 donec
2246 1717 2513 1789 plenitudo
2539 1722 2768 1791 gentium
2797 1723 3048 1792 intraret,
3073 1736 3124 1781 et
3153 1728 3230 1783 sic
3258 1730 3427 1784 omnis
3453 1729 3633 1785 Israel

2052 1806 2226 1871 salvus
2239 1808 2385 1877 fieret
2403 1808 2579 1882 (Rom.
2597 1812 2696 1882 rt).
2713 1811 2892 1869 Sed‘ut
2911 1815 3027 1872 hac
3039 1817 3626 1889 enucleatiuspateant,

2050 1911 2149 1967 per
2167 1898 2373 1973 singula
2405 1900 2698 1957 videamus.
2723 1901 3081 1975 Congregavit
3098 1918 3226 1978 ergo
3246 1906 3416 1962 David
3435 1920 3632 1964 omnes

2050 1988 2252 2045 electos
2278 2005 2345 2046 ex
2390 1991 2577 2056 Israel,
2600 2001 2660 2048 ut
2687 1994 2743 2048 in
2787 1994 2924 2052 libro
2964 1995 3172 2069 Regum
3228 1999 3489 2069 scriptum
3517 2011 3629 2067 est,

2051 2079 2272 2149 triginta
2300 2080 2467 2135 millia
2491 2080 2581 2153 (II
2607 2079 2739 2154 Reg.
2764 2083 2866 2156 v1),
2894 2086 3021 2155 quia
3044 2086 3303 2144 Dominus
3324 2088 3630 2146 Ecclesium

2048 2169 2376 2240 primitivam
2407 2186 2475 2226 ex
2497 2170 2663 2227 Israel
2704 2173 2962 2240 instituit,
2987 2190 3095 2233 non
3147 2177 3366 2248 quidem
3405 2195 3629 2236 omnem

2047 2263 2253 2331 Israel,
2303 2265 2399 2320 sed
2446 2264 2648 2321 electos
2697 2278 2942 2339 quosque
2983 2264 3082 2325 sibi
3122 2268 3455 2328 consocians.
3501 2272 3630 2328 Non

2047 2353 2185 2408 enim
2224 2369 2422 2419 omnes,
2449 2354 2540 2425 qui
2590 2370 2657 2409 ea:
2710 2355 2898 2421 Israel,
2928 2358 2985 2412 Ili
3034 2368 3156 2413 sunt
3198 2358 3490 2426 .Israelitte,
3534 2363 3627 2416 sed

2046 2443 2147 2513 ﬁlii
2197 2444 2560 2514 promissionis
2607 2445 2927 2516 deputantur
2967 2448 3025 2504 in
3061 2448 3259 2505 se‘mine
3294 2449 3469 2524 (Rom.
3521 2452 3627 2522 Ix).

2048 2533 2150 2602 Qui
2190 2535 2407 2606 triginta
2454 2536 2623 2591 millia
2678 2536 2844 2594 fuisse
2883 2538 3212 2609 refcruntur,
3253 2542 3309 2598 id
3339 2552 3446 2609 est,
3474 2542 3626 2608 ﬁdei,

2046 2625 2227 2694 operis
2250 2633 2306 2680 et
2332 2626 2446 2696 spei
2470 2627 2726 2684 ﬁrmitate
2749 2627 2994 2698 perfecti.
3032 2630 3159 2686 Tria
3192 2632 3336 2687 enim
3367 2646 3469 2704 per
3493 2647 3627 2687 con-

2045 2715 2337 2771 fessionem
2368 2725 2571 2774 sanctze
2601 2719 2885 2775 Trinitatis
2909 2721 2975 2776 ad
2999 2720 3160 2777 ﬁdem
3185 2723 3495 2794 pertinent:
3525 2724 3623 2780 de-

2045 2821 2163 2861 cem
2193 2810 2413 2877 propter
2431 2807 2755 2880 Decalogum
2777 2810 2912 2882 legis
2928 2812 2994 2866 ad
3019 2826 3217 2883 opera;
3245 2813 3393 2869 mille
3402 2824 3625 2885 propter

2044 2897 2128 2952 sui
2155 2898 2545 2968 perfectionem
2573 2900 2641 2954 ad
2665 2915 2815 2970 spem
2843 2902 2966 2958 vitae
2988 2911 3223 2970 aeternae,
3238 2919 3345 2976 qua
3369 2906 3625 2976 superius

2045 2989 2246 3060 aliquid
2267 3005 2374 3046 non
2399 2999 2503 3056 est,
2518 2991 2657 3046 sicut
2684 3007 2943 3050 numerus
2974 2994 3275 3050 millenario
3294 2992 3470 3064 major
3509 2995 3626 3051 nul-

2045 3082 2130 3138 lus
2153 3092 2256 3138 est.
2281 3083 2397 3139 Etsi
2417 3084 2562 3139 enim
2601 3084 2806 3151 decem,
2836 3085 2882 3140 si
2930 3086 3172 3158 triginta,
3197 3087 3247 3143 si
3266 3087 3433 3142 etiam
3473 3087 3624 3143 mille

2044 3171 2211 3227 millia
2234 3168 2457 3238 dixeris,
2487 3188 2593 3229 non
2621 3172 2797 3243 ipsum
2826 3174 2970 3230 mille
2995 3177 3324 3233 numerando
3349 3184 3625 3234 transcen-

2043 3260 2147 3327 dis,
2172 3262 2266 3317 sed
2287 3261 2372 3317 vel
2408 3276 2508 3333 per
2536 3276 2597 3319 se
2627 3263 2713 3318 vel
2736 3279 2835 3334 per
2871 3265 3109 3322 minores
3135 3282 3389 3324 numeros
3420 3269 3623 3339 saepius

2042 3352 2289 3409 ducendo
2311 3353 2655 3424 multiplices.
2677 3355 2801 3410 Tria
2827 3370 2958 3428 ergo
2979 3371 3079 3427 per
3088 3358 3273 3416 decem
3294 3358 3618 3430 multiplica,

2041 3459 2110 3499 ne
2131 3444 2265 3500 ﬁdes
2297 3444 2417 3500 sine
2450 3446 2706 3516 operibus
2741 3454 2955 3502 mortua
2980 3448 3066 3503 sit.
3095 3448 3229 3503 Item
3273 3449 3496 3520 triginta
3520 3465 3620 3521 per

2041 3536 2188 3591 mille
2216 3536 2531 3608 multiplica,
2555 3547 2615 3593 ut
2635 3539 2786 3608 ﬁdes,
2816 3546 2934 3612 quia
2962 3558 3055 3613 per
3073 3542 3403 3597 dilectionem
3425 3559 3615 3613 opera-

2040 3636 2127 3682 tur
2146 3629 2345 3701 (Galat.
2368 3631 2446 3702 v),
2476 3645 2584 3686 non
2612 3632 2759 3698 alibi,
2790 3646 2954 3704 quam
3001 3635 3057 3690 in
3101 3635 3257 3690 oculis
3297 3635 3614 3691 retributio-

2040 3735 2162 3775 nem
2186 3729 2385 3791 speret.
2417 3721 2586 3777 Electi
2611 3737 2742 3792 ergo
2760 3738 2829 3778 ex
2849 3723 3021 3778 Israel-
3038 3722 3262 3795 populos
3305 3733 3454 3779 recte
3497 3740 3614 3780 cre-

2046 3808 2248 3878 dentes,
2283 3818 2594 3882 operantes,
2628 3824 2909 3884 sperantes
2959 3816 3263 3884 insinuant;
3296 3816 3396 3872 viri
3432 3825 3610 3872 autem

2037 3898 2196 3968 Juda,
2226 3904 2323 3973 qui
2352 3910 2659 3959 erantcum
2710 3903 2899 3972 David,
2926 3906 3068 3975 ipsos
3117 3906 3387 3976 apostolos
3426 3914 3484 3962 et
3520 3908 3613 3964 do-

2038 4003 2238 4060 ctores,
2268 3994 2360 4062 qui
2388 3990 2544 4049 lateri
2570 3990 2770 4049 Christi
2825 3996 2995 4079 quasi
3009 3994 3326 4052 familiarius
3371 3996 3613 4052 adhaere-

2036 4082 2186 4147 bant,
2213 4082 2473 4138 indicant.
2499 4082 2618 4149 Quo
2654 4090 2884 4154 utroque
2918 4086 3147 4155 stipatus
3189 4085 3463 4142 exercitus
3500 4086 3609 4142 Do—

2038 4174 2170 4228 mini
2200 4188 2385 4228 aream
2409 4173 2700 4240 adducere,
2727 4175 2781 4231 id
2809 4183 2909 4239 est,
2944 4175 3083 4231 Eccl:
3102 4176 3236 4231 siam
3276 4175 3526 4243 dilatare,
3554 4183 3611 4232 et

2038 4264 2093 4320 in
2147 4278 2336 4318 eorum
2376 4263 2469 4333 qui
2520 4268 2629 4319 non
2674 4263 3017 4321 crediderunt
3070 4265 3323 4322 cordibus
3367 4265 3610 4323 inserere

362 4357 457 4410 bus
485 4356 766 4412 mensibus.
795 4356 869 4411 Et
915 4354 1173 4411 benedixit
1227 4352 1483 4410 Dominus
1523 4355 1702 4409 domui
1723 4355 1860 4425 ejus,
1885 4361 1932 4407 et
1959 4369 2013 4430 Β
2038 4357 2253 4428 gaudet.
2276 4355 2573 4424 imponitur
2594 4364 2776 4412 autem
2802 4371 2930 4413 arca
2949 4356 3190 4428 plaustro
3211 4371 3372 4421 novo,
3397 4365 3460 4411 ut
3474 4356 3609 4413 Novi

361 4448 599 4501 omnibus
664 4462 780 4518 qme
829 4447 1067 4501 habebat.
1111 4430 1237 4502 Ideo
1295 4450 1438 4501 enim
1498 4446 1699 4501 avertit
1760 4444 1931 4503 David

361 4553 543 4593 arcam
571 4537 788 4592 Domini
818 4537 873 4590 in
897 4536 1114 4591 domum
1144 4534 1451 4591 Obededom
1474 4526 1704 4600 (lethaei,
1731 4535 1857 4605 quia
1876 4538 1932 4591 et

360 4630 475 4697 ipse
510 4626 695 4681 Levita
742 4633 879 4688 erat,
912 4625 1039 4695 quia
1087 4626 1372 4695 ignorabat
1420 4625 1595 4679 adhuc
1643 4625 1714 4679 ob
1766 4641 1928 4696 quam

360 4722 579 4774 causam
602 4716 898 4787 indignatio
922 4712 1016 4770 Dei
1058 4714 1296 4770 venisset
1322 4715 1373 4769 in
1419 4714 1606 4770 Ozam.
1637 4714 1929 4785 Postquam

359 4818 489 4864 vero
536 4808 785 4878 cognovit
810 4820 1026 4862 causam
1061 4820 1160 4876 pro
1200 4821 1303 4877 qua
1329 4805 1439 4862 Oza
1486 4818 1774 4877 percussus
1820 4815 1927 4875 est,

354 4897 515 4967 jussit
535 4911 652 4951 eam
682 4896 1014 4965 comportari
1043 4897 1097 4951 in
1133 4898 1375 4953 humeris
1424 4897 1755 4963 Levitarum,
1789 4896 1930 4955 sicut

360 4986 413 5039 in
442 4982 789 5055 sequentibus
815 4982 1239 5040 demonstratur.
1262 4987 1429 5056 Igitur
1455 4988 1508 5041 in
1540 4988 1763 5043 historia
1784 4990 1928 5045 beati

358 5072 504 5143 regis
529 5084 584 5128 et
610 5075 887 5145 propheta:
906 5076 1093 5140 David,
1121 5091 1227 5146 qua
1268 5092 1450 5132 arcam
1480 5079 1768 5135 adduxisse
1805 5095 1933 5134 nar-

359 5177 532 5229 ratur,
574 5167 848 5223 humilitas
896 5168 1218 5237 approbata,
1265 5169 1517 5240 superbia
1548 5171 1823 5237 damnata,
1873 5181 1930 5228 et

358 5259 634 5330 temeritas
667 5259 939 5315 vindicata
970 5268 1321 5327 monstratur,
1359 5262 1483 5332 quia
1510 5271 1566 5317 et
1592 5263 1708 5332 ipse
1733 5264 1925 5330 David,

356 5353 452 5422 qui
495 5362 679 5405 coram
724 5349 951 5406 Domino
989 5350 1264 5406 humiliter
1303 5353 1502 5407 saltare
1548 5368 1655 5408 non
1708 5352 1926 5411 erubuit

354 5441 445 5517 (11
473 5443 598 5515 Reg.
639 5442 750 5513 vr),
794 5457 915 5498 mox
966 5444 1374 5514 promissionem
1406 5444 1526 5500 Filii
1575 5445 1669 5501 Dei
1709 5461 1774 5501 ex
1826 5464 1927 5503 sua

355 5536 524 5604 stirpe
567 5533 824 5590 nascituri
852 5534 1125 5603 suscipere
1158 5536 1455 5605 promeruit
1501 5536 1588 5607 (II
1634 5537 1761 5610 Reg.
1802 5540 1921 5606 vn),

355 5636 409 5680 et
446 5628 659 5700 conjux,
682 5643 801 5701 qum
828 5629 1069 5684 eamdem
1103 5627 1244 5684 illius
1269 5628 1625 5685 humilitatem
1653 5632 1921 5705 despexit,

2033 4448 2365 4503 Testamenti
2382 4448 2556 4519 gratia
2581 4450 2856 4507 renovatis
2872 4450 2932 4506 in
2945 4450 3211 4520 baptismo
3230 4449 3501 4506 mentibus
3519 4450 3602 4506 in.

2031 4538 2311 4606 fundatur,
2332 4541 2623 4611 vinumque
2649 4550 2848 4598 novum
2870 4543 3023 4599 novis
3039 4543 3248 4599 utribus
3273 4558 3606 4599 conservan-

2030 4633 2159 4687 dum
2186 4634 2473 4689 mandetur
2499 4631 2716 4707 (Matth.
2743 4634 2842 4707 1x).
2873 4635 3006 4691 Erat
3041 4636 3259 4705 quidem
3294 4635 3447 4706 prius
3473 4650 3603 4692 arca

2030 4722 2088 4777 in
2116 4723 2276 4779 domo
2317 4722 2640 4789 Aminadab,
2665 4724 2757 4793 qui
2783 4733 2899 4780 erat
2926 4725 2980 4779 in
2999 4723 3205 4791 Gabaa,
3235 4725 3359 4795 quia
3386 4726 3606 4791 eadem,

2030 4827 2150 4882 quae
2173 4827 2316 4867 nunc
2335 4812 2675 4882 praedicatur,
2712 4813 2967 4870 Ecclesiae
3000 4812 3158 4881 ﬁdes,
3178 4824 3233 4871 et
3256 4823 3384 4869 ante
3424 4815 3605 4870 incar-

2030 4908 2265 4964 nationis
2285 4907 2577 4964 Dominicae
2598 4915 2808 4979 tempus
2829 4907 3054 4965 ﬂorebat
3078 4908 3131 4963 in
3156 4908 3242 4964 his
3258 4908 3351 4978 qui
3372 4909 3605 4978 patriar-

2029 4999 2253 5053 charum
2308 4998 2802 5068 prophetarumque
2852 5008 2978 5054 sunt
3021 4999 3357 5054 devotionem
3406 4996 3602 5052 secuti.

2027 5088 2330 5145 Aminadab
2350 5091 2517 5156 enim,
2540 5091 2633 5160 qui
2658 5092 3044 5168 interpretatur
3083 5089 3247 5144 Pater
3271 5105 3415 5143 nisus
3444 5105 3604 5160 spon-

2029 5193 2237 5247 laneus,
2279 5182 2366 5236 vel
2408 5180 2681 5238 Abraham
2715 5190 2924 5253 patrem
2966 5181 3108 5245 ﬁdei,
3134 5182 3218 5238 vel
3256 5181 3492 5251 Moysem
3526 5178 3603 5235 le—

2030 5272 2340 5342 gislaturem
2376 5272 2666 5343 signiﬁcat.
2689 5273 2792 5341 Qui
2827 5282 3054 5344 uterque
3080 5274 3136 5328 in
3158 5273 3342 5330 Gabaa
3365 5272 3601 5328 custodit

2031 5376 2236 5427 aream,
2283 5362 2408 5432 quia
2454 5362 2669 5418 sublimi
2714 5363 2932 5420 virtutis
2976 5364 3223 5436 exemplo
3263 5362 3601 5420 credentium

2029 5459 2248 5521 pectora
2286 5452 2477 5507 munit.
2508 5452 2661 5508 Unde
2688 5460 2744 5509 et
2772 5452 2955 5510 Gabaa
2996 5455 3144 5510 collis
3193 5456 3598 5524 interpretatur,

2029 5541 2120 5612 qui
2166 5550 2251 5596 est
2293 5540 2446 5605 locus
2492 5541 2544 5595 in
2592 5543 2811 5598 civitate
2838 5543 3240 5600 Cariathiarim.
3270 5543 3425 5599 Elata
3469 5557 3603 5614 ergo

2031 5630 2175 5685 foras
2196 5644 2322 5684 arca
2351 5629 2569 5686 ludebat
2602 5631 2792 5699 David,
2814 5641 2869 5688 et
2888 5633 3068 5690 omnis
3094 5632 3258 5691 Israel
3286 5647 3472 5689 coram
3498 5637 3600 5693 Do-
