3902 6146
371 232 476 286 5)ιῦ

1011 225 1070 278 Β.
1113 222 1371 277 RABANI
1409 219 1630 277 MAURI
1669 213 1995 272 ARClllEI’.
2040 208 2346 268 lliOGU‘NT.
2389 207 2674 266 OPERUM
2713 207 2893 264 PARS
2931 207 2973 262 1.

3507 213 3620 267 54ιῶ

371 345 749 402 discretionem
768 339 901 409 justi
916 330 1103 407 judicii
1127 352 1158 390 a
1182 350 1238 390 se
1273 333 1564 403 expellens,
1595 332 1650 387 in
1674 339 1940 387 tartarum
1966 331 2020 386 Α
2045 321 2298 392 Pacuui!
2319 329 2490 375 σαεινα
2520 317 2953 375 ΡΙιὲΙὶεεΙιίηοναηι
2985 320 3048 374 de
3079 319 3296 376 Calidori
3328 339 3488 394 usque
3517 321 3626 377 (ἔας

373 435 677 491 damnando
705 429 960 485 detrudit.

441 525 562 579 Alia
585 523 738 576 etiam
768 521 868 573 vice
879 515 1472 570 Philisthiimirruerunt
1487 521 1533 566 et
1550 511 1731 581 diﬂ'usi
1751 520 1871 564 sunt
1887 510 1942 563 in

373 609 912 677 valle.Consuluitque
933 622 1139 658 rursum
1169 603 1334 658 David
1367 602 1668 666 Dominum,
1683 611 1728 655 et
1747 601 1877 654 dixit
1893 603 1941 656 ei

371 705 512 758 Deus
539 717 555 754 :
583 701 703 754 Non
720 698 962 752 ascendes
990 706 1104 766 post
1129 711 1234 749 eos.
1263 693 1461 748 Recede
1482 694 1545 747 ab
1578 695 1672 758 eis,
1696 703 1743 746 et
1774 694 1944 747 venies

373 802 554 862 contra
576 789 695 842 illos
730 804 794 842 ex
829 787 1045 841 adverso
1067 785 1326 856 pirorum.
1351 783 1581 854 Cumque
1604 783 1834 836 audieris
1854 799 1942 836 so-

373 865 538 934 nitum
563 878 850 948 gradientis
873 876 927 930 in
953 876 1222 930 cacumine
1246 876 1498 946 pirorum,
1515 884 1638 928 tunc
1660 873 1939 944 egredieris

372 969 442 1023 ad
485 967 707 1022 bellum:
734 983 967 1036 egressus
1001 974 1075 1019 est
1106 965 1242 1019 enim
1267 963 1407 1017 Deus
1427 973 1547 1016 ante
1573 971 1644 1028 te,
1675 972 1730 1015 ut
1757 979 1939 1032 percu-

371 1059 467 1112 tiat
509 1066 684 1112 castra
723 1055 1182 1120 Philisthinorum,
1213 1063 1319 1110 ete.
1347 1052 1485 1120 Quid
1509 1061 1594 1109 est
1617 1068 1768 1124 ergo,
1796 1053 1937 1122 quod

369 1149 629 1204 Dominus
681 1147 748 1202 ad
793 1145 1054 1216 judicium
1097 1145 1358 1199 adventus
1407 1143 1488 1198 sui
1523 1151 1714 1198 contra
1753 1143 1939 1199 hostes

368 1255 501 1295 suos
524 1239 616 1292 dat
644 1239 854 1306 signum
889 1235 1186 1306 gradientis
1239 1235 1293 1290 in
1347 1235 1626 1289 cacumine
1673 1233 1934 1304 pirorum,

368 1331 470 1385 nisi
493 1330 634 1399 quod
655 1328 938 1383 invisibilis
960 1327 1119 1392 Deus,
1142 1326 1232 1394 qui
1261 1323 1538 1394 majestate
1566 1340 1663 1380 sua
1685 1324 1936 1380 omnibus

368 1422 704 1492 praeeminet,
739 1435 836 1490 per
861 1418 1092 1474 visibilia
1113 1417 1544 1486 operapotentiar.
1569 1430 1680 1472 sua:
1701 1415 1936 1471 ostendit

369 1509 823 1580 magnitudinem?
849 1507 1008 1562 Juxta
1059 1506 1204 1562 illam
1252 1505 1406 1561 Pauli
1455 1505 1797 1572 sententiam,
1827 1519 1936 1575 qua

369 1604 445 1656 ait
479 1620 491 1656 :
529 1599 820 1655 Invisibilia
839 1600 974 1653 enim
1013 1599 1176 1668 ipsius
1203 1615 1235 1651 a
1256 1604 1498 1651 creatura
1536 1595 1720 1650 mundi
1757 1612 1850 1666 per
1871 1612 1934 1650 ea

2043 427 2182 464 aera.
2214 409 2369 465 Fecit
2397 425 2527 480 ergo
2571 409 2737 465 David
2784 419 2988 475 noster,
3025 412 3166 466 sicut
3191 425 3522 483 pneceperat
3571 418 3626 472 ei

2040 500 2184 555 Deus
2211 500 2392 565 Pater,
2419 508 2476 554 et
2501 501 2770 570 percussit
2797 510 2976 557 castra
3002 502 3471 570 Philistbiuorum,
3495 522 3622 564 cum

2041 591 2395 661 malignorum
2419 591 2705 660 spirituum
2733 592 2985 647 contrivit
3009 593 3286 664 impetum,
3319 597 3433 650 sive
3455 598 3623 653 etiam

2039 681 2222 736 mundi
2263 681 2556 752 prostravit
2591 689 2954 752 potentatum,
2974 684 3200 754 eripiens
3241 703 3334 740 nos
3377 688 3443 742 de
3469 699 3623 760 pote-

2037 779 2171 824 state
2199 770 2549 836 tenebrarum,
2574 780 2622 826 et
2651 771 2969 841 transferens
3011 775 3068 827 in
3112 791 3326 844 regnum
3352 776 3452 845 ﬁlii
3493 779 3624 832 cha-

2038 859 2208 914 ritatis
2244 874 2354 914 sua:
2402 857 2540 931 (Col.
2579 860 2648 929 ι).
2692 860 2759 915 Ει
2802 862 2939 917 bene
2977 877 3074 932 per
3114 862 3353 918 locorum
3397 868 3620 922 nomina

2037 953 2288 1022 potentia:
2331 967 2441 1007 suae
2468 953 2702 1009 ostendit
2726 955 2881 1009 nobis
2906 953 3068 1010 facta.
3111 956 3190 1012 De
3236 954 3463 1012 Gabaon
3487 973 3624 1029 ergo

2036 1055 2210 1112 usque
2241 1041 2442 1097 Gazera
2472 1041 2741 1112 percussit
2778 1053 2960 1100 castra
3006 1044 3476 1102 Philisthinorum.
3505 1047 3617 1102 Ga-

2038 1136 2175 1187 baon
2217 1133 2604 1201 interpretatur
2645 1133 2792 1188 collis
2821 1134 2906 1189 vel
2937 1134 3254 1201 sublimitas,
3281 1134 3489 1193 Gazera
3521 1153 3619 1191 au-

2037 1229 2145 1276 tem
2173 1223 2307 1292 scpis
2338 1221 2453 1290 ejus
2480 1221 2567 1276 vel
2594 1222 2800 1277 divisio.
2833 1222 3108 1279 Percussit
3134 1239 3264 1294 ergo
3293 1223 3405 1280 Rex
3433 1235 3619 1281 noster

2037 1312 2284 1369 inimicos
2307 1328 2452 1378 suos,
2483 1313 2576 1384 qui
2607 1313 2660 1368 in
2693 1314 2956 1384 superbia:
2985 1314 3121 1370 colle
3143 1315 3523 1385 persistebant,
3563 1328 3619 1372 et

2035 1403 2289 1459 contrivit
2316 1418 2494 1474 sepem
2535 1403 2746 1458 duritiae
2774 1418 2982 1471 eorum,
3005 1403 3295 1475 divisitque
3331 1415 3494 1476 atque
3518 1407 3613 1462 de-

2028 1489 2162 1559 jecit
2203 1492 2657 1562 conspirationem
2701 1492 3012 1562 pertinaciae
3046 1493 3319 1564 ipsorum,
3349 1504 3620 1566 quatenus

2035 1584 2148 1654 ipse
2177 1585 2322 1640 solus
2346 1585 2714 1642 dominaretur
2738 1586 2794 1641 in
2825 1593 2934 1640 toto
2981 1586 3111 1642 orbe
3142 1594 3432 1641 terrarum.
3465 1585 3620 1643 Unde

369 1708 485 1763 qua:
519 1691 662 1760 facta
707 1698 826 1743 sunt
871 1687 1128 1742 intellecta
1173 1686 1586 1757 conspiciuntur,
1621 1686 1934 1756 sempiterna
1960 1690 2012 1750 B
2034 1677 2318 1763 Sequitur:

369 1798 570 1854 quoque
599 1781 759 1837 virtus
787 1779 901 1849 ejus
930 1789 978 1834 et
1005 1779 1248 1834 diuinitas
1290 1777 1472 1850 (Rom.
1501 1777 1565 1850 ι).
1596 1776 1818 1849 Mystiee
1841 1791 1938 1832 au-

371 1885 477 1929 tem
503 1874 724 1930 instruit
741 1873 925 1928 ﬁdeles
942 1887 1067 1928 suos
1085 1872 1368 1938 Dominus,
1389 1879 1450 1927 ut
1468 1872 1527 1931 in
1550 1871 1800 1927 omnibus
1820 1871 1942 1942 ejus

368 1965 732 2036 npitulationis
757 1971 1003 2034 qumrant
1035 1963 1311 2026 auxilium,
1336 1970 1392 2018 et
1418 1969 1546 2017 tunc
1569 1959 1831 2031 prolicere
1877 1976 1938 2017 se

369 2071 528 2126 posse
573 2053 850 2110 conﬁdant
895 2052 950 2108 in
993 2051 1245 2108 conﬂictu
1269 2052 1642 2117 certaminum,
1673 2058 1935 2120 quantum

371 2149 657 2203 adventum
679 2147 780 2202 sibi
824 2146 1058 2202 sentient
1099 2147 1289 2201 adesse
1337 2146 1595 2201 divinum.
1643 2145 1935 2201 Cacumina

368 2252 496 2308 ergo
521 2238 761 2308 pirorum
795 2243 1022 2306 possunt
1066 2249 1160 2305 per
1189 2233 1634 2305 significationem
1662 2233 1936 2290 celsitudi-

372 2344 495 2383 nem
549 2326 894 2398 perfectionis
938 2327 1242 2396 exprimere
1296 2335 1622 2382 sanctorum.
1660 2325 1764 2380 Dat
1807 2339 1935 2395 ergo

369 2421 580 2490 signum
623 2418 881 2474 Dominus
942 2417 1254 2472 doctoribus
1305 2417 1372 2471 ad
1434 2415 1830 2486 praedicandum
1881 2415 1934 2469 in

371 2511 632 2566 mundum
669 2509 910 2572 directis,
965 2517 1023 2561 ut
1049 2508 1223 2563 sciant
1257 2507 1471 2577 quando
1493 2516 1549 2562 et
1573 2507 1664 2561 ubi
1692 2514 1938 2576 oporteat

369 2600 770 2670 praedicationis
790 2612 1044 2655 exercere
1073 2597 1329 2664 cilicium,
1354 2599 1457 2653 hoc
1499 2606 1584 2652 est
1613 2606 1674 2653 ut
1695 2597 1821 2652 illuc
1848 2612 1933 2653 se-

370 2702 606 2763 quantur
627 2692 926 2749 devotionis
955 2707 1065 2748 sua:
1083 2690 1402 2756 ministerio,
1424 2705 1531 2759 quo
1554 2689 1788 2759 Spiritus
1812 2704 1935 2745 san-

367 2795 507 2852 ctus,
523 2785 616 2855 qui
636 2783 849 2840 mundis
873 2782 1164 2838 electorum
1185 2780 1436 2837 cordibus
1446 2787 1661 2849 praeest,
1681 2779 1934 2835 instinctu

368 2891 466 2933 suo
491 2875 751 2931 direxerit
793 2873 1150 2930 admonendo.
1183 2872 1334 2929 Unde
1370 2871 1565 2943 legitur
1614 2871 1667 2924 in
1711 2869 1936 2924 Actibus

366 2968 768 3040 Apostolorum,
797 2966 939 3036 quod
963 2963 1166 3019 Paulus
1204 2973 1252 3019 et
1284 2963 1426 3020 Silas
1456 2960 1674 3033 apostoli
1715 2959 1934 3026 Christi,

368 3067 696 3129 transeuntes
735 3054 1024 3127 Phrygiam
1067 3063 1115 3110 et
1163 3052 1388 3108 Galatia:
1438 3053 1737 3122 regionem,
1778 3051 1934 3104 eetati
1961 3040 2005 3101 C

367 3161 486 3206 sunt
514 3169 546 3205 a
571 3151 773 3221 Spiritu
809 3157 991 3204 sancto
1016 3147 1158 3219 loqui
1189 3146 1396 3200 verbum
1425 3145 1521 3200 Dei
1545 3145 1601 3198 in
1627 3143 1770 3197 Asia.
1802 3141 1936 3197 Cum

367 3242 620 3296 uenissent
647 3248 820 3293 autem
857 3237 1108 3307 Mysiam,
1153 3235 1418 3291 tentabant
1457 3235 1531 3290 ire
1567 3235 1623 3288 in
1666 3234 1934 3304 Bithynia,

369 3342 417 3386 et
462 3347 565 3384 non
598 3329 832 3399 permisit
878 3340 968 3382 eos
1008 3327 1236 3398 Spiritus
1272 3325 1419 3380 Iesu.
1451 3325 1581 3380 Cum
1609 3334 1782 3379 autem
1821 3340 1938 3394 per-

369 3421 680 3477 transissent
707 3417 952 3491 Mysiam,
983 3417 1352 3472 descenderunt
1391 3415 1688 3471 Troiadem.
1719 3413 1785 3469 Et
1808 3415 1935 3468 visio

369 3529 463 3583 per
503 3519 706 3566 noctem
744 3508 918 3564 Paulo
959 3517 1162 3563 ostensa
1197 3516 1293 3562 est.
1334 3505 1427 3560 Vir
1463 3505 1680 3560 Macedo
1721 3503 1937 3576 quidam

370 3611 483 3658 erat
519 3609 665 3656 stans
706 3608 754 3654 et
807 3598 1089 3668 deprecans
1128 3613 1266 3662 eum,
1315 3596 1530 3650 dicens:
1571 3595 1848 3649 Transiens
1881 3595 1936 3649 in

371 3689 737 3746 Macedoniam
761 3686 953 3757 adjuva
980 3702 1092 3741 nos.
1111 3684 1175 3740 Ut
1203 3695 1376 3739 autem
1396 3685 1558 3740 visum
1589 3686 1736 3750 vidit,
1762 3686 1938 3739 statim

367 3780 700 3852 quazsivimus
733 3777 991 3849 proﬁcisci
1017 3778 1072 3831 in
1096 3775 1483 3840 Macedoniam,
1507 3775 1634 3829 certi
1654 3772 1779 3843 facti
1799 3775 1937 3846 quod

369 3877 598 3925 uocasset
625 3884 718 3923 nos
749 3867 890 3922 Deus
935 3866 1286 3937 euangelizare
1311 3866 1384 3920 eis
1409 3865 1544 3938 (Act.
1573 3863 1704 3938 xvr).
1731 3864 1934 3920 Notan-

371 3962 499 4016 dum
528 3967 725 4023 autem,
764 3957 906 4028 quod
945 3956 1037 4012 ubi
1092 3957 1144 4011 in
1197 3963 1381 4010 nostra
1430 3955 1664 4010 editione
1709 3953 1933 4025 legitur:

373 4055 439 4108 In
453 4054 720 4108 cacumine
742 4053 995 4122 pirorum,
1020 4051 1203 4106 dicunt
1223 4052 1274 4106 in
1295 4051 1661 4117 Hebrmo,non
1681 4053 1937 4121 pirorum,

372 4146 465 4199 sed
482 4144 753 4213 ﬂuentium
769 4142 971 4197 haberi.
995 4142 1069 4194 De
1093 4157 1198 4211 quo
1224 4142 1295 4196 ita
1323 4142 1511 4197 sentiri
1533 4150 1737 4213 potest:
1756 4157 1824 4196 ex
1840 4145 1938 4196 ad-

372 4251 532 4290 verso
549 4235 730 4303 itaque
742 4234 1014 4302 ﬂuentium
1030 4233 1210 4286 venire
1226 4233 1397 4303 jubet,
1415 4233 1517 4288 hoc
1528 4242 1630 4299 est,
1643 4249 1707 4287 ea:
1722 4233 1938 4288 adverso

2105 1762 2542 1836 Divulgatumque
2568 1774 2642 1820 est
2672 1782 2858 1820 nomen
2886 1765 3053 1820 Dauid
3078 1767 3132 1820 in
3159 1765 3410 1823 universis
3450 1768 3622 1838 regio-

2036 1853 2210 1920 nibus,
2237 1864 2285 1908 et
2323 1853 2577 1910 Dominus
2621 1854 2762 1909 dedit
2803 1871 3043 1926 pavorem
3090 1855 3203 1925 ejus
3240 1873 3396 1926 super
3439 1873 3620 1912 omnes

2033 1955 2228 2016 gentes,
2269 1953 2375 2000 etc.
2409 1945 2572 2014 Quia,
2602 1945 2741 2000 sicut
2771 1945 3058 2017 Apostolus
3108 1946 3218 2012 ait,
3249 1945 3488 2002 Christus
3533 1948 3620 2016 fa-

2035 2045 2146 2089 ctus
2186 2045 2261 2088 est
2295 2051 2388 2105 pro
2427 2035 2573 2089 nobis
2601 2034 2840 2090 obediens
2884 2032 3036 2088 Patri
3064 2051 3226 2105 usque
3265 2037 3336 2088 ad
3371 2046 3618 2104 mortem,

2033 2135 2248 2180 mortem
2275 2135 2447 2180 autem
2489 2127 2680 2180 crucis.
2713 2125 2935 2196 Propter
2960 2126 3098 2198 quod
3127 2137 3172 2181 et
3199 2127 3336 2181 Deus
3365 2129 3618 2183 exultavit

2032 2214 2204 2282 illum,
2233 2226 2283 2271 et
2331 2216 2471 2271 dedit
2515 2216 2595 2270 illi
2631 2233 2814 2271 nomen
2855 2217 2993 2288 quod
3022 2228 3094 2272 est
3142 2235 3297 2288 super
3339 2235 3490 2273 omne
3524 2237 3622 2274 no-

2033 2323 2174 2372 men,
2199 2317 2252 2361 ut
2275 2307 2329 2361 in
2352 2309 2560 2362 nomine
2577 2305 2704 2361 Jesu
2727 2323 2875 2361 omne
2898 2325 3029 2378 genu
3048 2308 3289 2377 ﬂectatur
3311 2307 3624 2375 caelestium,

2033 2397 2353 2451 terrestrium
2387 2405 2437 2450 et
2480 2395 2836 2465 infernarum,
2864 2407 2909 2450 et
2938 2397 3103 2450 omnis
3144 2395 3323 2466 lingua
3367 2397 3622 2466 conﬁtea-

2033 2493 2121 2539 tur
2171 2487 2292 2557 quia
2323 2485 2580 2540 Dominus
2615 2484 2769 2540 Jesus
2819 2484 3056 2541 Christus
3095 2484 3150 2540 in
3182 2485 3349 2557 gloria
3394 2496 3469 2540 est
3517 2486 3624 2541 Dei

2040 2573 2212 2629 Patris
2262 2573 2481 2647 (Philip.
2512 2575 2594 2645 ιι).
2647 2574 2864 2630 Necnon
2913 2585 2968 2629 et
3015 2575 3142 2629 illud
3191 2575 3336 2645 quod
3381 2574 3613 2645 subjun—

2033 2662 2196 2732 gitur.

2630 2753 2856 2811 CAPUT
2893 2755 3004 2810 XV.

2033 2862 2111 2917 De
2136 2881 2194 2918 eo
2225 2864 2362 2936 quod
2386 2863 2554 2936 David
2576 2865 2840 2918 constituit
2871 2864 3226 2936 cantoresqui
3251 2863 3530 2936 cantabant
3559 2865 3623 2917 in

2105 2934 2315 3004 organis
2347 2934 2698 3004 musicorumg
2717 2949 2893 3004 coram
2940 2951 3064 2987 arca
3104 2934 3338 3004 Domini,
3368 2934 3464 2987 hoc
3515 2942 3619 2995 est,

2107 3002 2348 3127 Reman,
2407 3002 2614 3074 Amph,
2653 3002 2849 3067 Ethan,
2884 3013 2931 3056 et
2978 3013 3190 3058 cwteros
3231 3003 3320 3073 qui
3369 3018 3488 3056 cum
3542 3004 3626 3056 eis

2107 3089 2197 3127 era
2260 3111 2277 3126 .

2105 3089 2277 3127 erant.

2109 3165 2151 3237 (l
2188 3163 2320 3219 Pan.
2363 3163 2481 3234 xv.)
2527 3161 2678 3218 Fecit
2724 3180 2926 3235 quoque
2964 3164 3061 3219 sibi
3103 3164 3284 3218 domos
3322 3163 3377 3217 in
3411 3163 3630 3218 civitate

2037 3254 2238 3318 David,
2283 3262 2332 3307 et
2376 3253 2656 3322 aediﬁcavit
2699 3252 2869 3307 locum
2913 3269 3050 3308 arca:
3082 3252 3180 3309 Dei
3211 3253 3526 3322 tetenditque
3565 3254 3622 3307 ei

2036 3341 2454 3398 tabernaculum.
2479 3341 2701 3412 Mystice
2728 3343 3081 3410 demonstrat,
3113 3343 3240 3414 quia
3280 3344 3335 3396 in
3366 3357 3472 3396 una
3511 3341 3626 3398 Ec-

2037 3433 2202 3490 clesia
2229 3431 2515 3498 catholica,
2543 3431 2596 3486 in
2621 3440 2734 3487 toto
2761 3432 2893 3487 orbe
2917 3441 3182 3486 terrarum
3211 3429 3430 3495 diffusa,
3454 3429 3627 3500 plura

2034 3527 2273 3601 plebium
2313 3525 2532 3583 nomine
2570 3540 2670 3582 suo
2708 3524 2988 3582 constituit
3030 3522 3424 3589 conventicula,
3470 3532 3532 3578 ut
3560 3523 3625 3579 in

2037 3635 2144 3675 una
2172 3619 2333 3674 domo
2361 3618 2590 3673 diversa:
2613 3616 2806 3672 tierent
2828 3616 3153 3672 mansiones.
3183 3612 3335 3670 Unde
3364 3623 3422 3668 et
3447 3613 3625 3668 Joan-

2035 3725 2133 3766 nes
2176 3709 2230 3764 in
2260 3707 2582 3779 Apocalypsi
2615 3723 2713 3763 sua
2743 3707 2812 3762 ad
2857 3715 3063 3776 septem
3108 3705 3298 3761 scribit
3340 3705 3626 3762 Ecclesias

2038 3799 2219 3870 (Apoc.
2245 3796 2307 3869 ι).
2349 3795 2502 3864 Quod
2547 3803 2727 3852 autem
2753 3794 3040 3851 aediﬁcavit
3087 3793 3262 3849 locum
3310 3808 3452 3848 arcis
3487 3793 3623 3860 Dei,

2037 3892 2368 3960 tetenditque
2409 3890 2458 3945 ei
2507 3888 2934 3952 tabernaculum,
2964 3886 3232 3958 signiﬁcat
3258 3887 3402 3957 quod
3431 3885 3488 3940 in
3515 3885 3627 3942 Ec-

2038 3980 2202 4036 clesia
2247 3979 2497 4048 praesenti
2556 3977 2948 4031 lnearnationis
3002 3990 3114 4030 sua:
3159 3973 3628 4030 commendaverit

2038 4070 2376 4140 mysterium,
2415 4075 2471 4122 et
2499 4067 2764 4137 passionis
2792 4080 2904 4121 sua:
2941 4063 3336 4120 observandum
3373 4064 3628 4119 docuerit

2039 4167 2464 4216 sacramentum.

2112 4249 2256 4303 Tunc
2276 4248 2406 4302 dixit
2428 4247 2598 4301 David
2620 4264 2638 4300 :
2664 4245 2913 4303 Illicitum
2937 4255 3085 4301 estut
3108 4263 3140 4300 a
3169 4261 3474 4316 quocunque
3497 4260 3625 4314 por-

373 4327 636 4437 ίάοςοτυῐη
679 4341 916 4437 suorum:
946 4325 1033 4380 “bi
1061 4325 1267 4437 5’03"“?!
1303 4326 1440 4382 idOla
1463 4341 1648 4381 οοΐυῐη
1680 4334 1854 4393 erant:
1884 4327 1936 4381 ίη
1962 4377 2016 4437 D
2041 4351 2175 4396 tetur
2197 4355 2322 4393 arca
2350 4337 2467 4402 Dei,
2497 4338 2600 4391 nisi
2628 4355 2661 4391 a
2688 4336 2897 4402 Levitis,
2933 4353 3062 4407 quos
3086 4336 3235 4406 elegit
3267 4335 3520 4389 Dominus
3545 4336 3626 4389 ad

381 4417 462 4437 _-__3
489 4430 565 4437 μ---
618 4415 780 4437 ,ιλ-ΑΞ,
807 4431 887 4437 γι..-
917 4427 1021 4437 ..ι-..ι
1134 4431 1212 4437 --.Α
1259 4415 1391 4437 Ῐ.Ι..Ι..
1429 4415 1623 4437 ξλιιέ-Α-
1670 4417 1734 4437 Δ--
1750 4417 1933 4437 --,A.'--___
2250 4430 2260 4437 Α
2653 4429 2663 4437 ι
2726 4429 2736 4437 .
2782 4429 2792 4437 .
2967 4430 2977 4437 .
3125 4429 3156 4437 ι.
3178 4430 3188 4437 .
3395 4427 3408 4437 α

373 4416 568 4486 quibus
613 4413 1043 4470 considerabant.
1087 4414 1216 4481 Qua:
1256 4415 1395 4471 idola
1429 4415 1630 4470 idcirco
1663 4417 1937 4485 ﬂuentium

2045 4430 2348 4501 portandum
2370 4445 2507 4494 eam,
2528 4439 2574 4483 et
2596 4429 3067 4483 administrandum
3091 4429 3188 4482 sibi
3210 4445 3368 4498 usque
3388 4427 3441 4481 in
3466 4438 3632 4482 αἰεν-

374 4513 653 4571 vocantur,
690 4505 814 4574 quia
858 4503 982 4557 llctu
1017 4504 1176 4575 digna
1217 4511 1362 4569 sunt,
1409 4511 1464 4558 et
1489 4519 1583 4558 eos
1610 4505 1701 4573 qui
1750 4520 1812 4559 ea
1848 4519 1938 4560 co-

373 4600 492 4653 lunt
540 4597 607 4651 ad
645 4595 827 4650 ﬂetum
872 4595 1212 4649 miseriarum
1264 4595 1584 4662 perducunt.
1634 4595 1935 4652 Fluentium

376 4689 558 4758 itaque
584 4699 773 4740 eorum
809 4682 948 4737 idola
993 4683 1062 4737 ob
1100 4682 1487 4752 blasphemiam
1536 4683 1625 4738 hic
1657 4698 1835 4739 sermo
1863 4685 1940 4740 di-

374 4778 533 4832 vinus
571 4782 728 4830 vocat
773 4772 972 4828 idolum
1019 4771 1194 4837 Moab,
1243 4770 1630 4827 eontaminatio
1672 4770 1843 4827 Moab.
1873 4771 1940 4827 Et

375 4886 493 4924 cum
523 4868 777 4933 audieris,
810 4865 1004 4934 inquit,
1025 4865 1251 4920 sonitum
1273 4863 1558 4934 gradientis
1585 4865 1640 4918 in
1669 4881 1751 4930 ea,
1775 4865 1830 4919 in
1855 4881 1939 4919 ca-

378 4957 582 5010 cumine
605 4956 912 5025 ﬂuentium;
943 4954 1045 5008 hoc
1075 4961 1177 5018 est,
1202 4968 1323 5007 cum
1349 4951 1605 5018 audieris,
1637 4967 1666 5006 a
1704 4961 1940 5021 potesta—

379 5047 520 5102 tibus
553 5045 808 5116 angelicis
851 5059 1178 5116 paganorum
1224 5042 1394 5107 idola,
1439 5043 1492 5095 in
1530 5041 1724 5112 quibus
1767 5044 1942 5097 omnis

379 5138 636 5196 fortitudo
682 5151 893 5202 eorum,
920 5137 1125 5192 conteri
1173 5144 1227 5190 et
1272 5135 1596 5200 conculcari,
1628 5141 1753 5189 tunc
1784 5134 1942 5188 inibis

377 5229 642 5301 praelium,
667 5227 792 5298 quia
822 5235 948 5282 tunc
979 5226 1284 5298 egredietur
1311 5225 1567 5280 Dominus
1597 5233 1721 5278 ante
1747 5223 1938 5278 faciem

380 5331 545 5385 tuam,
570 5325 629 5372 ut
653 5316 916 5386 percutiat
936 5325 1111 5370 castra
1132 5314 1455 5369 Philisthiim
1478 5331 1490 5378 ;
1515 5314 1567 5367 in
1589 5328 1774 5368 eorum
1797 5329 1942 5366 nam-

377 5425 482 5480 que
530 5409 687 5466 idolis
739 5407 995 5463 Dominus
1039 5405 1241 5476 judicia
1286 5405 1432 5471 fecit,
1472 5406 1613 5460 sicut
1656 5415 1711 5460 et
1754 5407 1806 5461 in
1841 5406 1943 5460 diis

387 5503 750 5573 Aigyptiorum
761 5542 773 5556 .

457 5592 602 5647 Fecit
647 5609 766 5663 ergo
813 5591 979 5646 Dauid
1005 5632 1018 5656 ,
1061 5593 1192 5645 sicut
1239 5599 1547 5657 pra'ceperat
1594 5591 1640 5642 ei
1688 5589 1860 5652 Deus,
1897 5602 1944 5644 et

2041 4537 2164 4584 num
2191 4519 2377 4592 (Num.
2404 4517 2497 4590 iv).
2528 4518 2652 4574 llaec
2687 4519 2948 4574 sententia
2979 4518 3310 4572 demonstrat
3339 4517 3481 4586 quod
3511 4515 3628 4572 Re-

2040 4613 2286 4682 demptor
2319 4618 2502 4666 noster
2527 4625 2632 4665 non
2663 4610 2775 4664 vult
2803 4618 2864 4664 ut
2896 4609 3121 4679 quilibet
3161 4607 3364 4678 indigni
3393 4615 3448 4660 et
3475 4607 3635 4660 iner~

2040 4710 2123 4756 tes
2167 4699 2534 4756 ecclesiastico
2566 4697 2742 4754 cilicio
2774 4697 3085 4768 fungantur,
3125 4698 3219 4751 sed
3255 4696 3310 4749 hi
3354 4695 3447 4764 qui
3489 4703 3631 4749 sunt

2043 4790 2239 4845 eruditi
2267 4788 2492 4845 scientia
2527 4796 2582 4843 et
2623 4802 2836 4842 morum
2873 4788 3155 4843 honestate
3193 4783 3522 4854 probabiles,
3560 4796 3631 4840 ut

2046 4879 2147 4948 ipsi
2177 4885 2387 4947 portent
2413 4892 2593 4932 aream
2621 4876 2738 4942 Dei,
2766 4877 2868 4931 boc
2901 4884 2986 4932 est
3018 4885 3256 4931 sanctam
3298 4873 3632 4940 Ecclesium,

2045 4968 2210 5022 verbo
2246 4974 2409 5021 rectae
2453 4965 2597 5031 ﬁdei,
2622 4980 2686 5019 ac
2712 4966 2974 5020 bonorum
3002 4979 3221 5034 operum
3249 4961 3517 5032 exemplo,
3565 4963 3631 5018 in

2046 5055 2283 5109 humeris
2318 5054 2389 5124 pii
2421 5052 2619 5108 laboris
2647 5061 2874 5124 gestent,
2911 5053 3090 5107 ethoc
3116 5049 3272 5104 modo
3309 5049 3632 5105 ministrent

2045 5145 2147 5200 sibi
2176 5158 2344 5214 usque
2374 5145 2428 5198 in
2467 5153 2747 5198 internum.
2777 5142 2928 5199 Unde
2955 5151 3010 5197 et
3052 5141 3248 5197 Paulus
3292 5141 3636 5210 discipulum

2047 5236 2279 5299 instruit,
2313 5235 2531 5289 dicens:
2566 5233 2641 5286 Tu
2679 5250 2794 5288 vero
2835 5233 3011 5303 vigila,
3047 5235 3102 5286 in
3131 5232 3364 5287 omnibus
3409 5231 3630 5298 labora.

2047 5340 2174 5393 opus
2215 5323 2299 5392 [ac
2345 5323 2690 5392 evangelista’,
2734 5324 3079 5376 ministerium
3124 5331 3269 5375 tuum
3313 5321 3488 5389 imple,
3526 5337 3633 5374 so-

2048 5417 2188 5468 brius
2214 5427 2320 5470 esto
2357 5415 2438 5487 (ll
2477 5415 2609 5468 Tim.
2633 5415 2726 5487 ιν).
2777 5415 3008 5470 Sollicite
3031 5431 3155 5472 cura
3184 5415 3400 5484 teipsum
3427 5414 3636 5483 proba-

2049 5505 2196 5557 bilem
2243 5505 2478 5558 exhibere
2515 5504 2620 5558 Deo
2655 5506 2948 5573 cperarium
2995 5501 3433 5573 inconfusibilem,
3481 5513 3636 5557 recte

2050 5604 2353 5647 tractantem
2394 5594 2599 5647 verbum
2639 5594 2868 5647 veritatis
2910 5591 2990 5662 (11
3012 5591 3157 5645 'Tim.
3200 5591 3283 5664 It).
3328 5590 3394 5644 Et
3440 5591 3580 5645 item
3608 5606 3634 5643 :
