3902 6146
289 228 390 298 ΜΞ

1225 243 1580 303 COMMENT.
1618 246 1687 303 IN
1723 245 2283 309 ΡΛΜΙᾸΡΟΜΕΝΑ.
2323 283 2393 295 -
2433 255 2562 314 LIB.
2597 257 2640 313 ι.

3471 259 3576 326 536

289 363 626 432 Conforlare,
659 361 855 432 inquit,
883 361 963 431 [ili
986 364 1075 428 mi,
1107 363 1164 418 in
1188 366 1384 434 gratia,
1405 382 1525 437 qua
1546 375 1623 420 est
1655 365 1710 420 in
1731 364 1887 421 Chri—
1913 367 1967 429 Α
1988 366 2090 432 ﬁlii
2117 365 2271 434 Core,
2300 377 2356 425 et
2379 370 2464 427 his
2506 373 2725 439 similia,
2752 374 2878 445 quia
2927 389 3044 431 non
3082 375 3181 446 ipsi
3231 378 3312 450 (ut
3355 383 3573 451 quidam

287 463 366 508 sto
391 451 555 517 Iesu;
581 461 633 506 et
669 468 788 522 quae
816 452 1014 506 audisti
1039 470 1073 508 a
1103 470 1185 508 me
1218 471 1316 524 per
1344 454 1538 510 multos
1566 464 1740 523 testes,
1770 457 1883 511 lure

289 545 592 598 commenda
638 545 885 614 ﬁdelibus
929 546 1252 614 hominibus,
1294 548 1385 620 qui
1424 549 1601 604 idonei
1637 560 1788 605 erunt
1831 560 1881 605 et

287 638 414 692 alios
441 638 651 692 docere.

354 727 806 800 Congregavitque
843 729 1142 784 universum
1169 729 1342 787 Israel
1377 733 1433 786 in
1473 732 1789 798 Jerusalem,
1819 743 1878 788 ut

287 818 566 886 aﬂerretur
610 834 740 872 arca
786 817 884 872 Dei
917 819 972 872 in
1009 817 1182 873 locum
1210 837 1384 884 suum,
1414 838 1567 892 quem
1607 838 1879 892 praepara-

286 915 417 960 verat
457 907 528 971 ei,
561 924 656 961 nec
683 923 790 960 non
815 917 864 961 et
891 907 1032 976 ﬁlios
1052 907 1233 963 Aaron
1259 920 1308 963 et
1338 909 1563 976 Leuitas,
1593 920 1701 967 etc.
1733 910 1877 967 Con-

281 1006 467 1070 gregat
506 997 680 1053 David
720 999 1032 1053 universum
1065 999 1228 1053 lsrael
1277 999 1330 1053 in
1372 998 1706 1067 Jerusalem,
1747 1017 1874 1057 cum

279 1089 532 1145 Christus
573 1089 776 1145 electos
812 1105 938 1145 suos
981 1098 1038 1144 et
1073 1105 1263 1145 omnes
1301 1091 1392 1160 qui
1439 1092 1506 1146 ad
1535 1102 1739 1148 sortem
1776 1093 1872 1149 Dei

278 1181 554 1251 pertinent
592 1190 752 1236 vocat
780 1180 835 1234 in
869 1180 1168 1236 Ecclesiam
1213 1197 1388 1247 suam,
1421 1191 1480 1237 ut
1510 1183 1581 1238 ibi
1614 1184 1870 1240 incarna-

278 1273 438 1326 tionis
483 1287 601 1327 sua:
650 1281 992 1327 sacramenta
1038 1283 1395 1339 venerentur;
1434 1283 1490 1330 et
1537 1292 1645 1331 non
1694 1279 1868 1334 solum

274 1363 544 1428 subditos,
570 1364 666 1419 sed
691 1364 857 1418 etiam
885 1363 1159 1433 praelatos,
1188 1381 1325 1434 quos
1354 1366 1446 1421 ﬁlii
1477 1366 1656 1422 Aaron
1678 1385 1742 1425 ac
1768 1369 1870 1425 Le-

273 1457 394 1511 vita:
420 1454 794 1527 prmﬁgurant,
825 1456 891 1510 ad
920 1457 1060 1512 hanc
1087 1457 1512 1515 celebrationem
1539 1462 1866 1532 prmcipuam

272 1565 334 1604 ac
381 1549 790 1604 solemnitatem
837 1549 1130 1603 maximam
1177 1559 1452 1622 aggregat,
1491 1553 1619 1622 quia
1666 1554 1740 1608 ibi
1787 1554 1867 1609 di-

271 1657 436 1712 gnum
466 1649 551 1697 est
572 1650 633 1695 ut
659 1654 850 1695 omnes
875 1641 1219 1704 conveniant,
1247 1642 1428 1712 pusilli
1457 1652 1513 1698 et
1547 1645 1751 1715 magni,
1777 1644 1866 1714 ju-

269 1747 436 1787 venes
471 1740 528 1785 et
567 1731 827 1801 virgines,
858 1739 914 1784 et
961 1731 1203 1786 seniores
1231 1747 1355 1786 cum
1391 1731 1700 1800 junioribus
1744 1736 1865 1789 lau-

267 1821 398 1876 dent
425 1836 623 1875 nomen
669 1820 902 1874 Domini.
948 1821 1016 1874 Et
1056 1819 1194 1876 bene
1221 1822 1422 1876 dictum
1452 1832 1533 1878 est
1567 1826 1710 1895 quod
1737 1841 1864 1881 arca

267 1909 558 1965 aﬁ'erretur
583 1911 635 1964 in
665 1910 842 1965 locum
866 1926 1042 1976 suum,
1071 1925 1232 1980 quem
1260 1923 1663 1982 praeparaverat
1683 1916 1734 1970 ei
1763 1915 1864 1972 Da-

264 2002 377 2066 vid,
415 2002 546 2072 quia
576 2016 690 2056 non
713 2001 888 2056 solum
937 2001 1124 2066 David,
1163 2001 1257 2056 sed
1293 2009 1348 2056 et
1373 2017 1562 2058 omnes
1590 2007 1864 2075 prophetae

265 2093 422 2149 dictis
436 2102 494 2148 et
515 2093 676 2148 factis
697 2093 937 2148 futurum
959 2094 1303 2149 vaticinando
1325 2094 1379 2148 in
1401 2095 1643 2151 Ecclesia
1657 2097 1861 2154 Christi

266 2183 632 2241 lncarnationi
669 2185 952 2255 praebuere
983 2183 1184 2250 locum,
1229 2193 1291 2239 ut
1317 2198 1384 2240 eo
1433 2185 1662 2242 celerius
1690 2189 1864 2244 susci-

264 2289 450 2348 perent
490 2277 891 2344 advenientem,
919 2293 1028 2349 quo
1055 2292 1180 2332 eum
1225 2279 1540 2350 praescirent
1580 2288 1707 2336 ante
1741 2296 1862 2339 esse

265 2368 671 2438 prophetatum.
1137 2387 1146 2398 ·
1363 2431 1366 2436 _

330 2456 670 2525 Sanctificati
697 2465 818 2511 sunt
845 2473 968 2528 ergo
995 2459 1312 2524 sacerdotes,
1336 2467 1386 2514 et
1412 2457 1627 2526 Leoitre,
1655 2468 1714 2514 ut
1738 2476 1861 2531 por-

261 2560 426 2627 tarent
458 2567 644 2603 arcam
671 2549 885 2604 Domini
913 2549 1012 2603 Dei
1053 2549 1244 2604 Israel.
1272 2549 1344 2605 Et
1369 2550 1600 2605 tulerunt
1629 2550 1732 2619 ﬁlii
1759 2551 1861 2605 sibi

261 2639 378 2694 Levi
403 2657 589 2694 arcam
615 2639 711 2694 Dei
734 2638 928 2706 Israel,
949 2640 1082 2694 sicut
1108 2649 1425 2711 praeceperat
1455 2639 1682 2711 Moyses,
1698 2641 1858 2710 juxta

259 2732 471 2786 uerbum
503 2732 742 2799 Domini,
783 2733 1016 2788 humeris
1048 2734 1160 2788 suis
1187 2734 1242 2788 in
1281 2735 1508 2789 vectibus
1539 2733 1729 2806 (Num.
1757 2735 1854 2807 tv).

262 2822 638 2878 Sanctiﬁcatio
662 2823 1005 2878 sacerdotum
1028 2830 1084 2878 et
1116 2822 1425 2878 Levitarum
1441 2821 1598 2892 juxta
1618 2824 1859 2894 tropolo-

260 2915 356 2984 gia:
379 2913 628 2985 regulam
659 2914 818 2969 docet
843 2915 1120 2970 ministros
1142 2913 1278 2969 Novi
1299 2914 1634 2970 Testamenti
1664 2930 1857 2985 puram

259 3005 566 3061 doctrinam
587 3013 646 3060 et
675 3005 931 3060 mundam
959 3005 1162 3061 habere
1182 3006 1372 3071 vitam,
1395 3005 1593 3076 quibus
1621 3006 1746 3061 alibi
1771 3005 1851 3060 di-

258 3097 399 3152 citur
425 3116 439 3150 :
467 3095 654 3151 Sancti
678 3105 860 3164 estote,
884 3097 1007 3168 quia
1033 3105 1081 3150 et
1105 3113 1196 3166 ego
1221 3104 1434 3150 sanctus
1457 3113 1574 3151 sum
1598 3096 1854 3152 Dominus

258 3185 398 3240 Deus
427 3197 601 3241 vester
640 3187 828 3258 (Leuit.
851 3187 952 3255 xl).
991 3187 1140 3243 Bene
1175 3201 1305 3258 ergo
1337 3187 1590 3242 convenit
1617 3195 1855 3257 gestato-

259 3276 406 3333 rihus
437 3293 584 3332 arcae
613 3278 825 3333 Domini
850 3285 911 3334 ut
951 3278 1062 3334 sint
1097 3277 1418 3334 sanctiﬁcati
1453 3277 1610 3346 juxta
1643 3293 1852 3347 priece-

259 3376 405 3438 ptum
431 3369 573 3440 legis
599 3368 833 3435 Domini,
868 3370 992 3440 quia
1029 3378 1191 3425 rectm
1221 3369 1344 3424 ﬁdei
1369 3369 1574 3435 verbis,
1601 3378 1656 3425 et
1685 3370 1855 3425 bono-

261 3475 375 3516 rum
400 3476 635 3532 operum
663 3461 924 3532 exemplis
949 3461 1150 3517 debent
1173 3461 1509 3517 auditoribus
1537 3461 1652 3517 suis
1673 3461 1855 3517 lucar-

261 3554 539 3610 nationem
587 3555 970 3610 commendare
1002 3553 1126 3609 Filii
1156 3554 1281 3621 Dei,
1322 3562 1379 3610 et
1405 3553 1852 3623 Redemptiouem

261 3645 474 3701 humani
506 3646 748 3716 generis,
777 3661 842 3702 ac
886 3645 1054 3700 vitam
1099 3654 1388 3710 aeternam,
1420 3652 1582 3715 atque
1611 3643 1852 3698 futurum

260 3737 517 3807 judicium
546 3736 754 3792 Christi
785 3736 1102 3805 praedicare.

324 3828 470 3882 Dixit
500 3842 711 3898 quoque
738 3825 908 3880 David
937 3825 1260 3896 principibus
1297 3822 1599 3879 Levitarum
1632 3831 1689 3877 ut
1728 3839 1853 3878 con-

258 3920 525 3975 stituerent
554 3920 623 3974 de
653 3919 908 3989 fratribus
947 3918 1056 3972 suis
1083 3925 1322 3971 cantores
1345 3917 1401 3970 in
1441 3915 1654 3985 organis
1689 3914 1852 3968 musi-

257 4029 454 4076 corum,
486 4011 660 4066 nablis
683 4010 915 4065 videlicet
941 4020 988 4063 et
1016 4008 1144 4080 lyris
1171 4018 1219 4063 et
1249 4006 1522 4079 cymbalis,
1556 4016 1610 4060 ut
1637 4023 1848 4061 resona-

256 4115 364 4158 rent
406 4107 463 4159 in
509 4104 731 4158 excelsis
774 4105 977 4157 sonitus
1016 4102 1234 4168 laetitia',
1282 4109 1390 4156 etc.
1433 4099 1485 4170 (Ι
1513 4099 1643 4154 Par.
1667 4098 1848 4171 xxm).

255 4193 521 4250 Narratur
545 4211 679 4265 ergo
707 4195 833 4250 alibi
879 4195 930 4248 in
975 4194 1226 4263 praesenti
1270 4193 1519 4260 historia,
1550 4190 1691 4262 quod
1723 4207 1848 4247 cum

256 4287 516 4355 propheta
555 4285 726 4339 David
757 4285 946 4340 devota
981 4292 1138 4339 aetate
1165 4283 1453 4348 senuisset,
1478 4291 1710 4353 quatuor
1736 4281 1852 4336 mil-

257 4377 321 4430 lia
368 4377 637 4446 juvenem
690 4391 758 4430 ex
802 4375 1098 4430 lsraelitieo
1146 4375 1346 4446 populo
1393 4373 1711 4475 delegisset,
1754 4373 1846 4442 qui
1872 4416 1926 4475 D

256 4469 521 4534 Psalmos,
561 4483 702 4537 quos
743 4467 857 4537 ipse
904 4466 1116 4521 Domini
1158 4465 1487 4536 aspiratione
1520 4464 1843 4535 protulerat,

253 4563 494 4633 organis,
514 4561 764 4625 citharis,
795 4558 987 4623 nablis,
1018 4557 1301 4629 cymbalis,
1324 4556 1487 4620 tubis,
1518 4556 1846 4626 propriaque

254 4671 384 4710 voce
421 4656 477 4709 in
519 4669 715 4724 magna
737 4650 1075 4721 jucunditate
1101 4663 1348 4718 superna:
1379 4647 1566 4716 gratia:
1594 4661 1846 4716 persona-

256 4755 396 4800 rent.
439 4745 575 4812 Quae
623 4743 806 4798 suavis
857 4741 1113 4796 adunatio
1161 4741 1334 4825 tribus
1383 4737 1628 4808 partibus
1673 4736 1845 4792 divisa

253 4839 556 4892 constabat.
573 4833 875 4889 Rationalis
895 4833 1199 4904 pertinebat
1218 4832 1284 4885 ad
1308 4832 1596 4885 humanam
1620 4843 1806 4884 vocem
1827 4869 1842 4892 ,

253 4927 587 4982 irrationalis
607 4925 676 4980 ad
699 4925 1052 4980 instrumenta
1077 4923 1310 4988 musica;
1339 4921 1642 4977 communis
1666 4929 1846 4976 autem

251 5019 322 5073 de
359 5018 644 5087 utriusque
688 5015 936 5087 partibus
977 5021 1212 5082 aptatur,
1254 5021 1315 5067 ut
1358 5021 1414 5066 et
1459 5027 1563 5066 vox
1609 5011 1847 5067 hominis

249 5109 420 5164 certis
462 5107 924 5163 modulationibus
953 5107 1221 5170 ederetur,
1266 5113 1322 5160 et
1363 5104 1845 5158 instrumentorum

249 5201 426 5256 melos
455 5216 694 5256 consona
717 5215 775 5254 se
814 5199 1091 5254 vicinitate
1129 5198 1500 5268 conjungeret.
1530 5195 1620 5251 Sic
1662 5195 1846 5251 suavis

247 5294 350 5348 illa
393 5302 450 5348 et
488 5291 731 5361 jucunda
780 5292 984 5347 musica
1037 5290 1332 5346 Ecclesium
1380 5288 1702 5343 catholicam
1749 5287 1842 5343 tali

245 5393 380 5439 actu
411 5383 762 5454 przedicebat,
790 5399 911 5454 qua:
938 5399 1004 5439 ex
1044 5381 1274 5438 diversis
1320 5380 1540 5451 linguis,
1585 5379 1845 5449 varioque

243 5485 523 5532 concentu
571 5475 626 5529 in
673 5491 833 5529 unam
881 5475 1002 5530 ﬁdei
1046 5473 1392 5530 concordiam
1424 5479 1574 5535 erat,
1619 5469 1846 5524 Domino

245 5576 579 5640 praestante,
605 5566 883 5622 coalitura.
916 5566 996 5622 Ex
1022 5581 1130 5636 quo
1165 5573 1390 5620 numero
1425 5562 1593 5617 indita
1624 5562 1852 5641 nomina

247 5659 576 5732 frequenter
608 5659 665 5714 in
710 5659 880 5716 titulis
921 5659 1249 5726 invenimus,
1284 5666 1343 5714 ut
1386 5656 1638 5724 Idithun,
1671 5655 1846 5727 Asaplt

1985 457 2196 530 volunt)
2248 469 2502 518 auctores
2548 463 2700 520 fuere
2754 466 3120 535 psalmorum,
3166 469 3260 522 sed
3315 472 3573 539 quoniam

1981 551 2254 619 przepositi
2301 552 2602 608 artiﬁcibus
2648 554 3124 613 administratores
3156 575 3344 614 earum
3387 576 3573 616 rerum

1981 641 2287 708 probabiles
2327 645 2674 711 exstiterunt,
2704 656 2766 700 ut
2814 647 3076 702 honorem
3105 649 3174 704 de
3203 651 3295 705 tali
3326 667 3570 708 comme-

1981 731 2280 786 moratione
2307 743 2604 800 sumerent,
2631 735 2724 804 qui
2752 734 2929 790 olﬁcio
2963 747 3156 792 sancto
3181 739 3400 796 devotis
3421 758 3566 797 men-

1978 823 2124 878 tibus
2164 825 2493 880 serviebant.
2541 826 2882 896 Maximeque
2908 836 2964 883 et
2999 831 3217 885 nomina
3247 848 3435 888 earum
3482 836 3568 889 in-

1977 913 2222 969 tellectus
2273 930 2453 970 rerum
2490 933 2762 988 congruos
2805 920 3045 976 indicare
3084 933 3403 980 noscuntur.
3450 927 3569 983 Non

1975 1007 2119 1061 enim
2146 1008 2439 1076 supradicti
2463 1011 2566 1064 viri
2593 1013 2644 1064 in
2669 1013 2905 1080 psalmos
2933 1015 3210 1071 faciendos
3232 1018 3386 1073 electi
3415 1030 3566 1087 sunt,

1975 1096 2068 1150 sed
2111 1111 2206 1152 eos
2233 1109 2590 1170 congregatos
2621 1108 2829 1154 tantum
2875 1101 3103 1171 legimus
3135 1105 3203 1158 ad
3238 1109 3566 1175 canendum,

1972 1187 2420 1260 psalmographus
2456 1201 2636 1246 autem
2665 1191 2834 1247 fuisse
2863 1194 3086 1249 historia
3132 1198 3273 1250 nulla
3305 1207 3562 1266 testatur,

1972 1286 2028 1331 et
2053 1287 2540 1347 prmsumptuosum
2569 1288 2654 1334 est
2696 1281 2875 1336 dicere
2901 1284 3044 1352 quod
3074 1285 3217 1339 nulla
3249 1289 3424 1356 possit
3467 1305 3564 1344 au-

1978 1365 2234 1422 ctoritate
2271 1365 2500 1424 ﬁrmari.
2536 1367 2672 1434 Quae
2699 1378 2884 1426 autem
2923 1369 3125 1426 iuerint
3179 1372 3546 1434 instrumenta

1978 1455 2190 1510 musica
2215 1471 2337 1525 quae
2363 1458 2414 1510 in
2440 1460 2692 1526 pne-senti
2725 1459 2847 1515 loco
2875 1459 3150 1530 leguntur,
3184 1478 3250 1517 ex
3281 1464 3547 1533 majorum

1974 1549 2508 1622 dictisproferamus.
2525 1551 2756 1606 Nablum
2772 1559 2855 1606 est
2870 1551 3012 1606 idem
3038 1553 3180 1620 quod
3205 1553 3546 1624 psalterium;

1975 1647 2068 1700 sed
2133 1643 2395 1700 Hebraice
2443 1645 2688 1710 nablum,
2736 1641 2922 1698 Graece
2971 1655 3153 1699 autem
3206 1648 3546 1715 psalterium,

1893 1722 1940 1782 Β
1977 1737 2166 1793 Latine
2195 1747 2374 1792 autem
2400 1736 2773 1792 laudatorium
2806 1737 3029 1791 dicitur.
3057 1737 3132 1792 De
3156 1754 3266 1808 quo
3295 1741 3348 1795 in
3382 1743 3547 1810 quin-

1976 1828 2298 1900 quagesimo
2325 1837 2481 1886 sexto
2498 1841 2552 1884 et
2581 1829 2887 1884 centesimo
2912 1830 3146 1898 septimo
3170 1833 3378 1900 psalmo
3400 1834 3547 1888 scri-

1974 1922 2163 1979 bitur:
2191 1920 2454 1991 Exsurge,
2479 1919 2788 1990 psalterium
2819 1931 2869 1975 et
2901 1923 3142 1986 cithara;
3176 1938 3281 1975 non
3312 1923 3459 1990 quod
3490 1925 3546 1979 in

1965 2004 2185 2060 modum
2209 2005 2454 2070 citharae,
2483 2005 2576 2061 sed
2603 2005 2748 2076 quod
2777 2007 2832 2060 in
2856 2007 3076 2062 modum
3105 2007 3278 2080 clypei
3301 2009 3559 2078 quadrati

1964 2093 2334 2150 conformetur
2357 2111 2480 2151 cum
2507 2096 2697 2152 decem
2719 2097 2960 2162 chordis,
2985 2097 3125 2152 sicut
3147 2098 3407 2168 scriptum
3434 2107 3518 2155 est
3537 2117 3558 2153 :

1963 2186 2034 2241 In
2076 2187 2322 2258 psalterio
2363 2187 2540 2242 decem
2594 2188 2914 2244 chordarum
2953 2189 3178 2259 psallam
3228 2192 3321 2244 tibi
3373 2191 3555 2263 (Psal.

1961 2279 2179 2350 cxun).
2219 2279 2394 2334 Habet
2430 2294 2561 2350 ergo
2603 2280 2923 2349 psalterium
2950 2281 3176 2334 obesum
3205 2288 3450 2336 ventrem
3498 2282 3556 2338 in

1963 2368 2355 2438 superioribus,
2401 2369 2493 2424 ubi
2523 2369 2851 2424 chordarum
2891 2367 2980 2422 illa
3023 2368 3270 2438 religata,
3308 2370 3554 2441 discipli-

1961 2459 2220 2514 uahiliter
2264 2459 2470 2530 plectro
2521 2467 2814 2529 percussa,
2865 2458 3244 2514 suavissimam
3298 2460 3560 2516 dicuntur

1962 2548 2189 2605 reddere
2246 2550 2598 2605 cantilenam.
2646 2547 2784 2604 Huic
2829 2547 3052 2603 cithara:
3087 2549 3287 2618 positio
3335 2549 3557 2605 videtur

1958 2655 2080 2697 esse
2108 2641 2404 2707 contraria,
2433 2639 2560 2695 dum
2589 2639 2733 2710 quod
2762 2640 2865 2695 ista
2896 2640 2951 2694 in
2979 2639 3091 2695 imo
3119 2641 3386 2707 continet,
3418 2641 3552 2696 illud

1958 2747 2222 2788 conversa
2263 2732 2384 2788 vice
2431 2741 2608 2804 gestat
2651 2732 2704 2786 in
2749 2731 2945 2802 capite.
2991 2731 3320 2788 Psalterium
3372 2733 3557 2804 itaque

1959 2840 2082 2880 cum
2113 2825 2301 2879 decem
2331 2824 2552 2878 chordis
2577 2822 2824 2878 Ecclesia
2853 2831 2940 2878 est
2984 2838 3108 2878 cum
3147 2823 3334 2879 decem
3373 2825 3557 2881 verbis

1956 2915 2090 2986 legis
2115 2914 2383 2978 contritis,
2407 2928 2528 2984 quae
2549 2921 2740 2969 contra
2764 2927 2981 2968 omnem
3011 2914 3260 2968 haeresim
3285 2914 3556 2984 quadrata

1957 3021 2056 3078 per
2104 3013 2340 3076 quatuor
2369 3005 2658 3075 Evangelia
2705 3005 3045 3078 intelligitur.
3081 3005 3218 3062 Hinc
3257 3009 3434 3077 posita
3470 3015 3556 3064 est

1961 3098 2196 3163 cithara,
2227 3098 2294 3153 de
2340 3113 2446 3168 qua
2496 3099 2550 3152 in
2596 3097 3018 3168 quadragesimo
3061 3099 3299 3154 secundo
3344 3099 3556 3169 psalmo

1959 3189 2221 3260 scriptum
2249 3195 2334 3242 est
2368 3205 2382 3241 :
2415 3186 2714 3256 Conﬁtebor
2740 3187 2833 3241 tibi
2860 3187 2918 3242 in
2943 3186 3168 3254 cithara,
3211 3189 3372 3254 Deus,
3410 3189 3553 3249 Deus

1958 3298 2123 3346 meus,
2177 3280 2320 3351 quod
2371 3279 2604 3351 proprite
2657 3279 3065 3336 consuetudinis
3108 3289 3193 3336 est
3237 3281 3378 3351 apud
3443 3281 3554 3338 He-

1957 3371 2153 3438 braeos,
2187 3386 2309 3441 quae
2354 3385 2479 3425 cum
2527 3371 2748 3426 chordis
2787 3370 2977 3443 viginti
3011 3379 3244 3442 quatuor
3290 3372 3448 3442 quasi
3495 3372 3550 3427 in

1956 3465 2178 3521 modum
2209 3463 2367 3519 delta:
2393 3463 2590 3519 littera:
2617 3463 2784 3534 (sicut
2821 3463 3136 3535 peritissimi
3175 3463 3415 3534 tradunt)
3447 3465 3553 3520 uti-

1956 3567 2063 3624 que
2089 3553 2454 3623 componitur,
2483 3560 2538 3608 et
2571 3567 2672 3622 per
2697 3552 2894 3625 digitos
2937 3551 3163 3608 Pindari
3207 3552 3375 3607 variis
3405 3552 3555 3608 voci-

1955 3645 2059 3701 bus
2089 3644 2420 3715 tinnulisque
2449 3659 2512 3701 ac
2549 3643 2734 3700 tibidis
2763 3643 2817 3699 in
2861 3644 3108 3700 diversos
3139 3644 3328 3699 modos
3371 3644 3556 3700 conci-

1958 3745 2123 3792 tatur.
2165 3737 2387 3793 Cithara
2419 3744 2625 3803 autem,
2658 3735 2726 3792 de
2765 3751 2873 3806 qua
2917 3751 3099 3792 sermo
3129 3743 3246 3801 est,
3293 3734 3554 3790 Ecclesia:

1954 3827 2312 3899 spiritualiter
2342 3835 2528 3898 typum
2558 3825 2741 3881 habet.
2771 3825 2904 3894 Quae
2941 3840 3064 3880 cum
3093 3824 3284 3896 viginti
3312 3830 3548 3894 quatuor

1954 3917 2230 3973 seniorum
2266 3915 2609 3987 dogmatibus
2639 3916 2835 3969 trinam
2879 3914 3105 3970 formam
3138 3914 3303 3970 habet
3331 3915 3386 3968 in
3429 3930 3548 3970 mo-

1955 4007 2080 4063 dum
2103 4005 2260 4060 delue
2284 4004 2495 4068 litterzc,
2524 4004 2682 4059 ﬁdem
2711 4013 2911 4059 sancta:
2939 4003 3223 4059 Trinitatis
3248 4019 3358 4059 suae
3381 4003 3547 4059 dubio

1953 4096 2240 4168 signiﬁcat,
2270 4104 2326 4151 et
2354 4110 2452 4166 per
2477 4109 2673 4151 manus
2702 4094 2849 4150 Petri
2880 4094 3132 4166 apostoli,
3158 4105 3552 4150 caeterorumve

1953 4189 2320 4260 apostolorum
2361 4203 2426 4244 ac
2473 4189 2758 4244 doctorum
2805 4188 3114 4261 Evangelii,
3146 4189 3237 4258 qui
3275 4188 3549 4259 prmdiea-

1952 4290 2100 4337 tores
2130 4280 2272 4336 illius
2315 4289 2462 4345 sunt,
2495 4279 2548 4333 in
2587 4279 2830 4334 diversos
2860 4279 3048 4335 modos
3083 4279 3296 4334 Veteris
3325 4288 3381 4334 et
3410 4277 3549 4334 Novi

1954 4372 2284 4428 Testamenti
2323 4371 2484 4426 aliter
2528 4370 2580 4424 in
2629 4369 2834 4436 littera,
2867 4371 3026 4426 aliter
3053 4371 3106 4426 in
3150 4383 3313 4426 sensu
3349 4371 3550 4440 ﬁgura-

1951 4463 2075 4520 liter
2116 4464 2441 4520 concitatur.
2473 4463 2614 4534 Lyra
2643 4463 2786 4518 dicta
2814 4470 2898 4519 est
2930 4463 3032 4520 ἀπὸ
3055 4466 3116 4520 τὸ
3143 4463 3321 4535 lyrim,
3354 4463 3406 4518 id
3437 4472 3546 4530 est,

1950 4570 1982 4610 a
2009 4555 2272 4612 varietate
2310 4570 2527 4619 vocum,
2564 4568 2630 4610 eo
2672 4555 2817 4625 quod
2859 4555 3104 4611 diversos
3135 4570 3297 4610 sonos
3323 4554 3543 4610 elliciat.

1949 4645 2078 4702 Huic
2121 4655 2304 4702 autem
2339 4646 2592 4702 similiter
2642 4654 2819 4715 potest
2874 4647 3172 4703 Ecclesiam
3209 4647 3540 4717 signiﬁcare,

1950 4753 2071 4809 quae
2104 4739 2158 4793 in
2200 4737 2513 4794 diversitate
2547 4737 2822 4792 variarum
2849 4738 3221 4794 doctrinarum
3252 4755 3352 4808 per
3379 4739 3545 4794 histo-

1950 4832 2107 4896 riam,
2137 4846 2234 4901 per
2275 4830 2618 4900 allegoriam,
2663 4844 2762 4900 per
2805 4831 3163 4901 tropologiam
3201 4838 3258 4885 et
3288 4846 3387 4900 per
3414 4845 3547 4885 ana-

1953 4939 2124 4996 gogen
2147 4937 2367 4978 suavem
2393 4936 2586 4975 sonum
2611 4920 2888 4991 exprimit,
2917 4921 3012 4976 sed
3041 4929 3220 4975 tamen
3243 4935 3273 4974 a
3297 4921 3550 4992 sympho-

1953 5017 2059 5072 niae
2099 5013 2444 5084 simplicitate
2471 5028 2578 5068 non
2606 5013 2829 5069 recedit.
2862 5011 3120 5084 Cymbala
3152 5019 3334 5089 autem
3364 5021 3546 5069 aceta-

1953 5105 2079 5160 hula
2124 5104 2370 5176 quaedam
2410 5111 2566 5168 sunt,
2615 5118 2738 5172 quae
2767 5117 3024 5172 percussa
3069 5103 3303 5159 invicem
3333 5118 3392 5159 se
3425 5111 3544 5158 tan-

1954 5205 2108 5268 gunt,
2132 5205 2187 5252 et
2213 5194 2417 5250 faciunt
2442 5209 2660 5258 sonum,
2683 5193 2750 5248 de
2774 5193 2971 5264 quibus
2995 5193 3191 5250 dicitur
3215 5194 3268 5248 in
3295 5193 3540 5263 psalmo:

1951 5287 2189 5342 Laudate
2219 5301 2338 5340 eum
2365 5284 2421 5338 in
2457 5283 2708 5354 cymbalis
2738 5283 2863 5337 bene
2889 5283 3201 5339 sonantibus
3230 5281 3405 5354 (Psal.
3426 5280 3539 5354 CL).

1947 5377 2205 5451 Cymbala
2235 5377 2374 5431 bene
2401 5376 2648 5431 sonantia
2695 5375 2839 5429 labia
2885 5383 3070 5428 nostra
3099 5375 3359 5429 debemus
3399 5371 3543 5427 acci-

1945 5485 2094 5543 pere,
2122 5485 2244 5539 qua:
2288 5484 2394 5524 non
2433 5467 2704 5523 immerito
2735 5467 2876 5522 inter
2920 5465 3130 5520 musica
3177 5465 3540 5518 instrumenta

1945 5561 2120 5632 posita
2150 5570 2296 5626 sunt,
2323 5559 2448 5629 quia
2483 5566 2539 5614 et
2583 5557 2878 5613 similitudo
2914 5557 3159 5625 quaedam
3189 5560 3273 5606 est
3308 5551 3536 5622 cymba-

1948 5653 2145 5721 lorum,
2174 5660 2230 5708 ct
2259 5666 2358 5722 per
2385 5665 2451 5706 ea
2477 5663 2641 5704 voces
2665 5649 2916 5702 humanae
2943 5641 3282 5699 harmoniam
3308 5639 3537 5717 reddere
