3902 6146
331 247 435 327 air

982 260 1044 315 Β.
1087 249 1338 314 ΒΑΒΑΝῑ
1379 253 1600 310 ΜΑωιι
1637 248 1924 307 ARCHIEF

2025 245 2315 305 dOGUNT.
2356 244 2639 304 OPERUM
2679 244 2859 300 PARS
2897 243 2939 299 l.

3485 239 3595 295 338

332 379 711 437 suavissimam
740 373 1190 444 comprobantur;
1227 368 1508 423 harmonia
1538 367 1682 422 enim
1721 373 1808 420 est
1835 363 1917 418 di-
1942 364 1995 423 A'
2018 374 2242 415 munera
2286 360 2723 428 priestabantur;
2768 358 2878 412 sed
2907 362 2966 410 ut
3013 355 3078 412 de
3120 354 3366 424 plurimis
3420 368 3596 422 pauca

333 482 613 527 versarum
640 480 821 521 rerum
849 464 901 517 in
929 476 1089 516 unam
1117 458 1552 514 convenientiam
1580 456 1798 511 redacta
1826 469 1913 509 co-

335 564 557 637 palatio.
604 560 735 628 Quae
765 567 816 612 et
863 557 914 609 in
943 569 1075 608 voce
1117 553 1353 607 humana
1398 557 1612 605 constat
1643 546 1910 608 accidere,

338 654 551 726 quando
578 658 633 705 et
679 659 928 717 tempora
961 647 1075 715 ipsa
1121 651 1175 698 et
1215 643 1433 714 syllaba:
1475 642 1541 694 ad
1569 655 1732 694 unam
1762 637 1916 692 vocis

338 740 678 798 concordiam
710 737 1094 806 perducuntur.
1121 733 1374 804 Cymbala
1407 746 1536 802 ergo
1567 741 1752 784 nostra
1789 735 1916 783 sunt

339 832 482 886 labia
521 841 776 898 percussa
809 825 874 878 ad
911 838 1101 878 sonum
1131 823 1282 877 vocis
1324 820 1730 876 distinctissime
1775 827 1916 872 tem-

335 927 542 992 perula,
574 931 692 987 qua:
716 924 846 970 tunc
881 914 1196 969 salutariter
1219 921 1436 977 sonant,
1463 909 1678 980 quando
1707 909 1776 962 ad
1800 907 1918 962 lau-

339 1015 434 1069 des
487 1009 695 1066 Domini
767 1006 1113 1062 devotissime
1179 1008 1605 1058 commoventur.
1658 998 1918 1070 Cymbala

339 1113 552 1170 quoque
601 1097 737 1151 bene
785 1095 999 1148 inventa
1049 1100 1176 1146 sunt
1223 1105 1289 1144 ex
1337 1089 1612 1158 permistis
1663 1085 1914 1150 metallis,

338 1188 672 1260 parvissimm
703 1185 896 1255 phiala:
926 1182 1259 1253 compositae,
1290 1179 1589 1235 ventricula
1631 1193 1727 1232 sua
1760 1177 1814 1230 in
1840 1176 1921 1230 la-

339 1279 543 1332 teribus
577 1279 856 1338 habentes,
901 1287 1020 1342 quae
1065 1271 1357 1326 artillciosa
1402 1269 1773 1324 modulatione
1808 1266 1920 1322 col-

337 1370 438 1424 lisa
460 1411 474 1433 ,
522 1369 892 1424 acutissimum
937 1380 1128 1420 sonum
1174 1361 1484 1420 delectabili
1529 1360 1934 1418 consonatione

343 1460 593 1514 reddunt.
622 1457 776 1513 Unde
801 1457 1044 1525 sequitur
1071 1473 1084 1508 :

419 1547 584 1601 Porro
621 1557 858 1600 cantores
891 1545 1114 1607 Nemea,
1158 1543 1334 1615 Asaph
1378 1553 1425 1598 et
1466 1543 1640 1597 Ethan
1681 1543 1737 1596 in
1780 1557 1922 1612 cym-

343 1638 476 1693 balis
509 1638 665 1692 a’neis
707 1646 1091 1706 concrepantes.
1117 1632 1410 1689 Zacharias
1437 1645 1632 1698 autem,
1669 1643 1718 1688 et
1748 1632 1919 1699 Oziel,

2014 449 2362 520 complectar,
2407 457 2526 503 acta
2570 457 2653 502 est
2682 463 2780 518 per
2819 447 3160 517 operationes
3193 445 3494 503 hominum,
3537 452 3602 498 ut

2015 537 2116 594 luit
2159 552 2288 593 arca
2332 537 2444 592 Noe
2491 534 2642 608 (Gen.
2675 552 2782 602 vn;
2820 535 2858 589 I'
2892 535 3036 590 Patr.
3083 535 3160 605 v),
3185 542 3241 589 et
3267 532 3598 588 sacrificium

2013 627 2245 683 Abrabm
2270 625 2422 698 (Gen.
2446 625 2561 696 xv),
2602 634 2659 679 et
2696 626 2955 680 transitus
2986 625 3152 678 maris
3189 623 3358 678 Rubri
3397 622 3601 694 (Exod.

2015 717 2152 788 xrv).
2183 716 2288 772 Per
2320 716 2630 772 nativitates
2655 731 2870 785 quoque
2895 716 3231 784 geminorum
3259 715 3399 770 Esau
3427 721 3484 768 et
3507 711 3602 767 Ja—

2015 813 2147 877 cob,
2192 811 2284 880 qui
2330 808 2634 864 futurarum
2681 825 2862 863 rerum
2917 816 3258 864 sacramenta
3314 806 3604 876 gestabant

2018 901 2227 975 (Cenes.
2261 901 2410 972 xxv).
2436 900 2540 956 Per
2582 899 2802 971 angelos
2829 899 2969 954 sicut
2999 898 3163 953 locuti
3212 896 3602 951 suntAbralue

2017 1001 2073 1047 ct
2102 992 2223 1057 Lot,
2251 991 2529 1046 Zachariae
2552 1000 2607 1045 et
2635 989 2817 1044 Mariae
2844 988 2997 1060 (Gen.
3023 1004 3151 1042 xvm
3171 1029 3186 1054 ,
3222 1003 3347 1052 xix;
3375 985 3504 1040 Luc.
3531 985 3598 1056 ι).

2016 1083 2121 1138 Per
2144 1083 2396 1141 visiones.
2423 1081 2565 1136 sicut
2590 1079 2742 1136 Isaiae
2765 1088 2821 1135 et
2847 1079 3133 1143 Ezechieli,
3162 1086 3219 1133 et
3245 1077 3456 1132 czeteris
3484 1091 3596 1131 san-

2018 1174 2121 1229 ctis
2144 1172 2282 1243 Usa.
2309 1189 2324 1225 ι
2347 1211 2360 1236 ,
2386 1187 2494 1236 vn;
2524 1169 2716 1224 Ezech.
2747 1185 2788 1226 ι.
2819 1168 2896 1241 x).
2927 1168 3033 1224 Per
3074 1168 3303 1230 somnia,
3333 1165 3474 1220 sicut
3499 1163 3601 1217 Sa-

2017 1264 2194 1320 lomon
2221 1271 2278 1318 et
2309 1261 2495 1316 Daniel
2524 1259 2642 1333 (III
2678 1260 2801 1331 Reg.
2827 1275 2917 1324 lli;
2951 1259 3090 1313 Dan.
3117 1257 3234 1328 vn).
3269 1257 3371 1311 Per
3403 1269 3600 1310 nubem

2017 1363 2075 1410 et
2102 1367 2286 1408 vocem
2321 1351 2389 1406 de
2417 1350 2575 1417 calo,
2605 1350 2747 1405 sicut
2791 1350 2982 1420 Moysi.
3014 1347 3165 1404 Unde
3209 1354 3422 1402 constat
3469 1360 3600 1398 sin-

2022 1454 2164 1502 ctum
2195 1444 2366 1498 David
2394 1458 2500 1498 non
2530 1457 2628 1512 per
2653 1443 2994 1512 operationes
3021 1440 3322 1504 hominum,
3355 1452 3460 1492 non
3502 1451 3601 1506 per

2020 1539 2328 1594 nativitates
2374 1537 2729 1607 geminorum,
2778 1551 2884 1590 non
2930 1548 3027 1603 per
3075 1531 3316 1604 angelos,
3351 1545 3456 1584 non
3501 1543 3603 1596 per

2020 1630 2280 1693 visiones,
2310 1643 2418 1684 non
2455 1642 2552 1696 per
2580 1627 2881 1690 somnium,
2928 1641 3034 1680 non
3063 1641 3160 1696 per
3199 1625 3395 1679 nubem
3423 1630 3481 1678 et
3506 1637 3605 1676 vo-

341 1737 391 1782 et
431 1725 800 1790 Semiramoth,
847 1735 894 1779 et
929 1724 1122 1791 Jahiel,
1156 1735 1204 1778 et
1251 1724 1447 1790 Ani,.et
1481 1723 1654 1787 Eliab,
1691 1732 1739 1777 et
1769 1721 1922 1775 Maa-
1951 1725 1996 1782 Β
2025 1733 2144 1772 cem
2173 1717 2240 1771 de
2269 1717 2428 1780 cmlo,
2460 1730 2562 1770 nec
2588 1731 2685 1786 per
2711 1714 2844 1770 alios
2873 1729 3224 1784 quoscunque
3267 1711 3477 1774 modos,
3507 1711 3603 1764 sed

343 1821 471 1883 sias,
500 1830 547 1872 et
573 1817 829 1881 Banaias,
858 1818 912 1870 in
944 1816 1119 1870 nablis
1141 1833 1336 1870 arcana
1370 1817 1668 1870 cantabant.
1707 1816 1919 1868 Arcana

345 1909 487 1962 dicta
528 1915 653 1962 sunt
679 1907 909 1961 occulta.
941 1906 1074 1961 Cum
1102 1907 1244 1961 enim
1273 1907 1330 1960 iu
1354 1907 1604 1962 manibus
1630 1905 1742 1961 suis
1776 1921 1922 1960 suni-

342 1998 578 2067 psissent
611 2012 832 2065 organa,
872 2010 970 2066 per
1017 1997 1309 2050 adventum
1359 1997 1594 2066 Spiritus
1632 1996 1803 2070 sancti
1843 1993 1924 2048 l'u-

345 2095 464 2140 tura
491 2101 686 2140 arcana
715 2095 937 2140 cantare
967 2093 1026 2139 ut
1065 2085 1118 2139 in
1159 2087 1412 2156 psalterio
1435 2085 1768 2141 Psalmorum
1796 2099 1924 2139 con-

343 2177 572 2231 cinendo
614 2176 822 2230 Domini
851 2183 907 2230 et
951 2175 1249 2232 Salvatoris
1286 2177 1576 2232 adventum
1605 2175 1919 2245 praedicare,

344 2279 506 2334 quem
533 2263 828 2318 divinitatis
852 2278 962 2318 sum
993 2264 1227 2318 mirabili
1265 2271 1480 2318 secreto
1516 2277 1614 2332 pro
1643 2261 1923 2316 hominum

345 2353 518 2408 salute
547 2353 828 2422 disposuit.
860 2351 1028 2420 Hujus
1056 2352 1206 2407 verbi
1236 2352 1440 2408 mentio
1465 2353 1519 2406 in
1548 2350 1704 2407 titulo
1731 2349 1925 2422 psalmi

343 2444 742 2514 quadragesimi
765 2443 940 2512 quinti
966 2443 1146 2513 posita
1168 2451 1272 2498 est.

415 2530 588 2586 Porro
618 2531 944 2586 Mathathias
971 2542 1020 2586 et
1048 2532 1296 2603 Eliphalu
1324 2544 1372 2588 et
1402 2532 1672 2588 Macenias
1701 2541 1751 2588 et
1791 2531 1926 2588 Obe-

344 2623 535 2678 dcdom
566 2632 614 2678 et
648 2621 815 2677 Jehiel
840 2633 888 2677 et
920 2622 1122 2678 Ozasiu
1147 2626 1205 2678 in
1233 2626 1448 2679 citharis
1489 2642 1582 2695 pro
1619 2636 1800 2680 octava
1837 2641 1927 2679 ca-

345 2713 556 2768 nebant.
600 2713 706 2767 Pro
752 2721 942 2767 octava
986 2729 1116 2769 vero
1148 2713 1235 2786 (ut-
1255 2715 1478 2784 quidam
1518 2714 1722 2786 volunt)
1755 2714 1924 2785 signi-

345 2804 473 2858 ﬁcat
501 2803 555 2857 in
599 2802 687 2858 die
708 2803 896 2874 judieii
922 2804 1211 2860 adventum
1244 2806 1478 2870 Domini,
1507 2806 1740 2876 quando,
1774 2805 1926 2862 ﬁnita

345 2894 526 2950 saeculi
556 2895 910 2961 bebdomada,
940 2895 1007 2950 ad
1037 2895 1386 2966 judicandum
1413 2897 1622 2952 venerit
1642 2897 1922 2951 mundum.

347 2983 504 3040 Unde
529 2993 718 3039 sextus
743 2983 1008 3050 Psalmus,
1035 2985 1127 3054 qui
1173 2985 1226 3040 in
1259 2993 1494 3041 tremore
1541 2985 1709 3040 divini
1735 2984 1925 3054 iudicii

2023 1807 2236 1863 caelesti
2261 1807 2590 1878 aspiratione
2621 1803 2790 1859 fuisse
2834 1803 3176 1874 completum.
3214 1801 3365 1856 Sicut
3391 1801 3456 1855 de
3487 1800 3606 1868 ipso

2024 1896 2218 1966 legitur
2253 1895 2306 1950 in
2350 1895 2529 1964 primo
2566 1894 2771 1965 Regum
2799 1893 3108 1948 volumine:
3141 1891 3208 1945 Et
3253 1892 3482 1945 directus
3527 1899 3606 1944 est

2025 1987 2255 2059 Spiritus
2283 1986 2494 2040 Domini
2537 1986 2594 2042 in
2637 1985 2806 2040 Dauid
2836 2003 2868 2039 a
2905 1985 2989 2038 die
3018 1984 3144 2049 illa,
3186 1993 3235 2038 et
3265 1984 3505 2051 deinceps
3551 1980 3604 2052 (Ι

2024 2077 2151 2148 Reg.
2182 2077 2314 2146 xvi).
2347 2077 2466 2146 ipse
2495 2091 2709 2147 quoque
2736 2075 2996 2132 Dominus
3025 2076 3081 2130 in
3109 2074 3398 2145 Evangelio
3427 2074 3561 2129 dicit
3588 2091 3602 2125 :

2026 2167 2094 2224 Si
2121 2168 2288 2223 David
2316 2169 2374 2222 in
2405 2167 2593 2238 spiritu
2630 2177 2778 2222 vocat
2818 2183 2937 2221 eum
2988 2165 3296 2228 Dominum,
3343 2163 3606 2236 quomodo

2025 2258 2199 2313 dicitis
2245 2259 2390 2329 quod
2435 2259 2578 2328 ﬁlius
2605 2269 2680 2313 est
2726 2256 2942 2330 (Matth.
2986 2258 3154 2329 xxu)?
3183 2257 3300 2324 Quo
3336 2258 3480 2312 dicto
3514 2272 3605 2311 re-

2026 2353 2400 2423 cognoscimus
2433 2353 2733 2417 cvidenter,
2769 2368 2871 2422 per
2899 2362 3145 2408 sanctum
3173 2350 3436 2422 Spiritum
3464 2351 3609 2420 psal-

2025 2457 2146 2498 mos
2193 2442 2360 2499 l'uisse
2392 2443 2761 2514 prophetatos.
2811 2441 3104 2498 Sciendum
3151 2451 3234 2498 est
3279 2457 3409 2498 sane
3457 2443 3604 2512 quod

2025 2533 2204 2588 omnis
2228 2532 2512 2602 prephetia
2550 2540 2644 2587 aut
2671 2532 2737 2588 de
2771 2532 3070 2602 praeterito,
3100 2540 3199 2586 aut
3227 2531 3294 2586 de
3324 2530 3608 2601 prmsenti,

2026 2631 2120 2678 aut
2155 2623 2222 2678 de
2265 2621 2449 2678 futuro
2489 2629 2729 2692 tempore
2773 2622 3042 2692 loquatur,
3073 2629 3168 2677 aut
3211 2631 3338 2693 agat
3377 2620 3604 2691 aliquid.

2025 2713 2128 2769 Est
2167 2722 2347 2768 autem
2393 2713 2676 2783 prophetia
2723 2713 3065 2784 magniﬁcum
3097 2713 3260 2769 nimis
3305 2721 3363 2768 et
3405 2711 3605 2767 verilo-

2027 2804 2210 2874 quium
2257 2803 2469 2860 dicendi
2514 2819 2702 2874 genus.
2736 2803 2861 2858 Non
2895 2805 3129 2859 humana
3182 2803 3447 2859 voluntate
3489 2801 3605 2858 col-

2027 2895 2137 2950 lata
2174 2905 2251 2950 est
2294 2894 2578 2966 aliquando
2607 2895 2899 2965 prophetia,
2925 2895 3015 2950 sed
3057 2893 3256 2966 Spiritu
3297 2904 3479 2950 sancto
3519 2895 3609 2948 in-

2026 2988 2211 3057 spirati
2255 2985 2418 3041 locuti
2461 2995 2584 3040 sunt
2617 2988 2788 3041 sancti
2835 2985 2936 3041 Dei
2981 2986 3212 3041 homines
3245 2985 3332 3058 (II
3363 2984 3513 3040 Pctr.
3541 2984 3608 3055 ι).

344 3083 490 3131 totus
525 3083 793 3141 cantatur,
825 3075 920 3129 tali
965 3075 1119 3130 titulo
1146 3083 1493 3144 praenotatur.
1526 3074 1662 3130 Nam
1709 3083 1763 3128 et
1805 3075 1920 3145 ipse
1947 3069 1993 3133 C
2022 3079 2159 3134 Nam
2197 3086 2252 3135 et
2284 3078 2483 3134 Paulus
2519 3079 2796 3149 apostolus
2823 3079 2936 3134 ait:
2970 3077 3082 3145 Qui.
3108 3079 3404 3149 prophetat,
3435 3077 3610 3130 homi-

344 3180 603 3220 numerus
640 3165 898 3235 ogdoadis
924 3165 978 3218 in
1020 3163 1315 3234 Seripturis
1363 3165 1559 3220 divinis
1605 3181 1924 3236 magnarum

346 3271 528 3310 rerum
573 3265 912 3310 sacramenta
947 3256 1223 3312 continere
1273 3256 1626 3326 dignoscitur.
1660 3256 1795 3313 Octo
1843 3265 1924 3312 et»

344 3347 491 3403 enim
539 3347 731 3401 animae
781 3347 1038 3418 ingressae
1084 3357 1214 3404 sunt
1260 3349 1317 3403 in
1365 3364 1548 3404 arcam
1599 3348 1730 3412 Noe,
1779 3365 1922 3418 quae,

347 3437 550 3491 mundo
590 3445 870 3505 pereunte,
915 3437 1135 3493 salvam:
1179 3447 1304 3493 sunt
1343 3436 1495 3510 (Gen.
1525 3439 1643 3509 vn).
1688 3439 1924 3496 Octavus

348 3525 491 3581 illius
529 3525 679 3580 Jesse
705 3525 873 3581 David
904 3526 1022 3591 fuit,
1050 3542 1210 3596 quem
1245 3543 1275 3582 a
1305 3528 1532 3584 Domino
1560 3537 1772 3585 constat
1817 3529 1928 3584 ele-

347 3623 493 3672 ctum
519 3614 572 3687 (Ι
595 3614 720 3686 Reg.
743 3615 878 3687 xvn).
905 3617 1108 3673 Octavo
1145 3619 1306 3674 etiam
1334 3619 1435 3674 die.
1459 3619 1803 3675 circumcisio
1832 3636 1928 3691 pu-

347 3704 593 3759 riﬁcabat
618 3703 872 3761 Hebraeos
916 3705 1066 3778 (Gen.
1095 3708 1250 3779 xvii).
1279 3707 1480 3763 Octavo
1514 3709 1701 3763 itidem
1744 3709 1926 3764 Domi-

347 3794 471 3848 nico
489 3795 574 3850 die
595 3794 853 3851 Dominus
873 3798 1168 3852 resurrexit
1187 3814 1215 3852 a
1240 3799 1465 3853 mortuis
1480 3798 1691 3872 (Matth.
1707 3800 1922 3872 xxviii),

349 3883 406 3938 in
431 3899 538 3954 quo
564 3885 784 3940 humani
829 3888 1043 3958 generis
1073 3903 1196 3957 spes
1223 3889 1289 3944 ab
1322 3890 1607 3959 impiorum
1633 3890 1844 3946 inferno
1871 3891 1926 3946 in

349 3977 607 4033 caelorum
635 3987 716 4034 est
757 3979 962 4034 elevata
996 3981 1290 4053 fastigium.
1319 3981 1426 4038 Iste
1459 3991 1641 4039 autem
1667 4000 1926 4041 numerus

349 4077 452 4133 est,
475 4085 634 4138 quem
661 4070 990 4128 arithmetici
1013 4083 1135 4128 actu
1154 4074 1382 4144 primum
1405 4075 1545 4145 quad
1553 4075 1725 4129 rantal
1749 4077 1928 4146 appel-

350 4161 480 4225 lant,
512 4177 672 4233 quem
704 4164 915 4221 Siolaus
936 4165 1324 4239 Pythagoricus
1349 4170 1686 4227 harmoniam
1716 4187 1940 4242 geome-

355 4253 542 4308 tricam
575 4263 750 4320 vocat,
777 4271 842 4311 eo
867 4258 1009 4327 quod
1035 4274 1223 4317 omnes
1249 4261 1304 4316 in
1334 4262 1451 4333 ipso
1477 4262 1762 4319 videantur
1802 4265 1928 4320 bar-

351 4347 577 4400 monicze
600 4347 888 4403 convenire
917 4349 1173 4406 rationes.

2028 3174 2179 3228 nibus
2237 3172 2470 3242 loquitur
2507 3173 2576 3226 ad
2627 3172 3030 3242 atdiﬁcationem
3075 3182 3128 3227 et
3189 3172 3612 3227 exhortationem

2025 3274 2074 3321 et
2111 3264 2518 3319 consolationem
2567 3264 2615 3335 (1
2649 3264 2770 3320 Cor.
2796 3263 2928 3338 xw).
2982 3265 3049 3320 Et
3095 3264 3256 3335 paulo
3302 3273 3458 3334 post:
3496 3262 3608 3328 Qui

2024 3358 2296 3430 prophetat
2338 3357 2629 3412 Ecclesium
2680 3357 2820 3429 (Dei)
2867 3357 3129 3426 aediﬁcat,
3158 3357 3340 3427 plane,
3383 3356 3606 3426 quando

2026 3465 2115 3506 res
2151 3450 2470 3520 incognitas,
2501 3449 2768 3518 nimisque
2810 3449 3146 3504 necessarias
3172 3463 3282 3518 prae
3309 3447 3610 3504 locutionis

2025 3540 2288 3597 beneﬁcio
2329 3538 2458 3595 facit
2486 3555 2604 3596 esse
2632 3539 2960 3596 notissimas.
2995 3538 3130 3593 Nam
3165 3548 3222 3595 et
3251 3540 3446 3609 quibus
3476 3540 3608 3595 data

2026 3640 2109 3687 est
2169 3632 2307 3688 bene
2371 3632 2700 3704 intelligendi
2763 3631 3026 3697 facultas,
3074 3631 3157 3686 vel
3212 3631 3611 3702 interpretandi

2025 3725 2337 3794 Scripturas
2383 3725 2611 3790 divinas,
2655 3741 2686 3780 a
2739 3740 2962 3781 munere
3017 3724 3313 3796 prophetiae
3365 3738 3472 3778 non
3519 3723 3612 3777 vi-

2026 3815 2223 3870 dentur
2261 3817 2500 3885 excepti,
2537 3817 2676 3872 sicut
2718 3817 3006 3886 Apostolus
3047 3817 3125 3872 ait
3162 3817 3217 3871 in
3261 3815 3499 3885 Epistoia
3537 3815 3614 3872 ad

2025 3901 2334 3958 Cerinthios
2381 3904 2553 3974 prima
2587 3924 2600 3958 :
2631 3903 2859 3976 Spiritus
2905 3905 3169 3978 prophetis
3217 3906 3478 3975 subjectus
3521 3916 3601 3960 est

2027 3991 2080 4066 (Ι
2108 3992 2230 4047 Cor.
2253 3994 2384 4065 xxv).

2103 4082 2267 4137 Porro
2297 4082 2545 4140 Sebenias
2567 4094 2613 4139 et
2643 4084 2897 4156 Iosophat
2923 4095 2972 4140 et
3014 4085 3280 4141 Natanael
3302 4096 3350 4141 et
3378 4085 3608 4141 Δηιαδαὶ

2025 4182 2074 4227 et
2101 4171 2390 4228 Zacharias
2429 4184 2477 4228 et
2517 4173 2750 4229 Banaias
2807 4185 2854 4230 et
2897 4176 3106 4231 Eliezer
3135 4177 3431 4231 sacerdotes
3458 4176 3616 4231 clan-

2023 4262 2210 4332 gebant
2257 4261 2393 4316 tubis
2439 4279 2616 4318 coram
2647 4281 2771 4319 arca
2807 4265 3040 4321 Domini.
3073 4266 3215 4335 Quid
3248 4282 3346 4338 per
3374 4268 3478 4323 hos
3518 4283 3612 4324 se-

2024 4359 2171 4420 ptem
2217 4353 2545 4418 sacerdotes,
2588 4354 2681 4424 qui
2725 4354 2867 4410 tubis
2895 4371 3077 4411 coram
3109 4357 3219 4412 Deo
3261 4357 3611 4429 clangebaut,

422 4433 714 4492 ϐὴοηεηίαε
767 4448 939 4494 autem
1005 4441 1240 4514 ρνίηεερε
1301 4441 1601 4500 Lanarum
1646 4448 1929 4518 prophetia,
1957 4424 2012 4490 υ
2033 4438 2138 4494 nisi
2172 4440 2554 4507 prmdicatores
2578 4443 2753 4498 sancti
2800 4443 3128 4514 septiformis
3172 4424 3411 4516 Spiritus
3430 4424 3614 4505 sancti

351 4536 593 4597 proterat,
619 4538 668 4583 et
705 4529 774 4583 ad
816 4533 1200 4601 prtecinendam
1235 4534 1547 4602 melodiam;
1585 4549 1697 4592 erat
1739 4541 1928 4610 quippe

351 4617 501 4674 valde
535 4621 763 4689 sapiens,
790 4629 894 4674 etc.
931 4620 1234 4678 Cbonenias
1258 4624 1455 4678 dicitur
1481 4628 1775 4696 prophetia:
1799 4644 1930 4697 pra:-

351 4724 472 4764 esse
503 4711 572 4764 ad
613 4711 1007 4780 praecinendam
1055 4713 1372 4780 melodiam,
1405 4717 1529 4785 quia
1577 4717 1693 4787 ipse
1734 4720 1927 4788 spiritu

350 4799 645 4868 prophetia:
664 4799 958 4854 instructus
978 4799 1261 4856 melodiam
1277 4811 1332 4858 et
1353 4805 1511 4859 verba
1533 4808 1844 4864 cantoribus
1860 4810 1926 4864 ad

352 4889 667 4944 memoriam
688 4890 994 4944 revocabat.
1018 4890 1306 4961 Prophetia
1335 4903 1417 4950 est
1439 4897 1697 4966 aspiratio
1722 4899 1922 4969 divina,

353 4991 474 5045 qua:
501 4985 724 5032 eventus
753 4993 935 5034 rerum
961 4991 1055 5034 aut
1081 4996 1178 5051 per
1210 4982 1356 5038 facta
1383 4994 1475 5039 aut
1499 5001 1595 5056 per
1622 4989 1764 5043 dicta
1796 5006 1929 5058 quo-

355 5065 599 5120 rumdam
630 5066 887 5122 immobili
924 5071 1148 5125 veritate
1174 5075 1506 5142 pronuntiat.
1538 5077 1614 5130 De
1638 5093 1744 5146 qua
1790 5078 1930 5136 bene

353 5156 571 5224 quidam
617 5158 751 5215 dixit
787 5177 802 5214 :
847 5179 865 5213 ι
895 5161 1183 5232 Prophetia
1223 5171 1306 5219 est
1333 5167 1514 5221 suavis
1541 5167 1730 5233 dictio,
1759 5169 1929 5224 caele-

354 5247 454 5302 stis
495 5249 752 5306 doctrina:
797 5251 973 5320 l‘avus,
1020 5263 1076 5310 et
1106 5254 1281 5310 dulcia
1326 5256 1492 5310 divini
1529 5256 1726 5327 eloquii
1771 5259 1930 5315 mella

354 5353 701 5408 componens.
725 5360 743 5392 ι
773 5342 924 5398 Unde
953 5355 1008 5398 et
1052 5345 1166 5414 ipse
1195 5345 1365 5400 David
1401 5345 1454 5400 in
1502 5348 1798 5402 centesimo
1839 5364 1928 5404 oc-

355 5436 480 5484 tavo
523 5431 732 5486 decimo
781 5431 992 5489 Psalmo
1034 5435 1209 5491 dicit:
1253 5435 1424 5502 Quam
1465 5436 1641 5489 dulcia
1687 5437 1929 5507 faucibus

357 5527 483 5581 meis
519 5527 724 5600 eloquia
767 5539 892 5596 tua,
941 5528 1181 5597 Domino,
1221 5547 1380 5601 super
1427 5529 1526 5585 mel
1554 5538 1602 5584 et
1634 5529 1810 5598 favum
1850 5533 1931 5587 ori

356 5633 470 5673 meo
495 5619 666 5690 (Psal.
690 5622 908 5696 csvui)!
941 5622 1122 5681 Multis
1147 5634 1326 5680 autem
1357 5624 1530 5682 modis
1554 5623 1741 5696 gratia:
1771 5623 1928 5681 istius

2031 4528 2205 4596 gratia
2236 4528 2424 4599 repleti
2469 4531 2851 4602 designantur?
2879 4534 2979 4602 Qui
3010 4537 3166 4604 quasi
3199 4538 3326 4592 tuba
3374 4548 3613 4607 canunt,

2031 4634 2155 4674 cum
2190 4619 2535 4692 Evangelium
2565 4623 2658 4678 Dei
2689 4625 2743 4678 in
2785 4625 3025 4682 Ecclesia
3057 4626 3260 4683 Christi
3283 4629 3612 4698 praedicant,

2031 4714 2087 4762 et
2139 4716 2537 4763 sacramentum
2580 4710 2966 4768 lncarnationis
3014 4715 3305 4770 Dominiczc
3355 4717 3619 4776 ﬁdelibus

2029 4800 2338 4855 auctoribus
2373 4801 2737 4858 manifestam.
2767 4805 2916 4860 Tuba
2945 4806 3128 4876 itaque
3158 4809 3388 4864 diversis
3418 4809 3618 4882 ﬁguris

2029 4904 2094 4944 ac
2133 4890 2321 4946 formis
2361 4892 2628 4947 ellicitur:
2661 4895 2816 4949 aliter
2848 4897 2994 4952 enim
3020 4908 3104 4953 est
3134 4897 3273 4955 facta
3318 4901 3443 4957 tuba
3475 4918 3616 4959 eon-

2028 4985 2355 5054 gregationis
2419 4986 2628 5056 populi,
2675 4987 2833 5042 aliter
2886 4989 3160 5057 victoriae,
3205 4993 3364 5047 aliter
3413 5009 3614 5064 perse-

2031 5076 2226 5144 quendi
2272 5077 2536 5143 inimicos,
2583 5077 2740 5133 aliter
2790 5079 3150 5138 conclusionis
3193 5085 3505 5152 civitatum,
3552 5098 3619 5145 et

2032 5167 2255 5236 reliqua.
2289 5167 2437 5223 Tuba
2481 5177 2662 5224 autem
2709 5173 3180 5230 consuetudinaria
3228 5177 3369 5246 apud
3418 5193 3618 5235 rerum

2032 5259 2387 5326 peritissimos
2430 5261 2533 5315 hoc
2570 5262 2728 5317 modo
2775 5262 3054 5318 formanda
3097 5279 3218 5320 esse
3253 5267 3620 5334 describitur,

2032 5355 2092 5401 ut
2137 5348 2310 5404 tribus
2348 5349 2542 5404 fistulis
2587 5353 2742 5406 mrcis
2787 5353 2840 5408 in
2881 5355 3057 5424 rapite
3100 5365 3327 5426 angusto
3369 5357 3618 5428 inspire~

2033 5445 2149 5503 tur;
2192 5439 2377 5508 sicque
2412 5455 2508 5510 per
2533 5449 2767 5510 quatuor
2812 5443 3124 5499 vociductus
3153 5459 3340 5509 arcos,
3376 5447 3474 5516 qui
3509 5462 3619 5516 per

2031 5545 2230 5586 aereum
2280 5531 2681 5588 fundamentum
2731 5545 3022 5606 quaternas
3067 5553 3229 5594 voces
3271 5540 3576 5610 producunt
3599 5580 3618 5601 .

2033 5623 2294 5696 mugitum
2339 5625 2564 5682 nimium
2611 5629 3248 5703 velicmcntissimumquc
3308 5631 3622 5704 proferant.
