3902 6146
279 271 382 328 διε)

1221 266 1573 330 COMMENT.
1613 274 1682 329 IN
1717 268 2271 338 PARALIPOMENA.
2311 306 2380 318 --
2418 275 2544 332 LIB.
2585 268 2674 340 εἰ..

3434 281 3542 339 350

280 386 429 455 Quod
474 380 775 456 ﬁguraliter
824 385 1098 457 designat,
1133 385 1479 456 Evangelium
1523 394 1677 442 terna
1720 396 1854 441 con-
1881 388 1933 448 Α
2024 384 2266 439 Primum
2293 384 2489 441 librum
2532 388 3048 443 commentariorum
3089 389 3145 443 in
3179 389 3546 460 Paralipome-

282 478 511 533 iessione
547 478 709 532 trium
745 492 1099 548 personarum
1130 483 1329 531 sanctas
1359 474 1641 531 Trinitatis
1668 475 1721 530 in
1760 489 1856 530 ca-

281 571 389 640 pite
417 574 665 640 angusto,
699 568 753 622 in
792 568 1071 623 nativitate
1095 566 1297 623 Christi
1340 567 1595 623 divinitus
1633 566 1860 637 inspira-

1960 488 2069 529 non
2096 490 2127 529 a
2154 476 2330 546 capite
2374 475 2658 530 voluminis
2701 489 2873 545 usque
2913 475 2982 530 ad
3029 475 3178 530 illum
3224 477 3403 532 locum
3445 478 3537 533 ubi

1962 574 2216 620 narratur
2242 567 2309 622 de
2340 566 2719 621 instrumentis
2745 566 2990 632 musicis,
3021 582 3142 637 qum
3178 568 3348 623 David
3378 569 3541 624 simul

281 670 430 725 tum,
479 672 578 729 per
605 665 860 744 quatuor
913 657 1229 712 vociductus
1279 668 1466 721 aereos,
1508 656 1564 711 id
1608 665 1722 722 est,
1759 668 1860 726 per
1962 673 2059 714 rex
2086 668 2140 744 et
2177 659 2439 729 propheta
2466 660 2533 713 ad
2561 658 2888 712 laudandum
2932 658 3219 713 Dominum
3250 659 3540 727 ordinavit,

282 759 512 822 quatuor
561 743 923 821 evangelistas
971 747 1106 803 tenei
1160 745 1492 801 fundamenti
1540 746 1854 810 stabilitate,

285 842 485 898 scilicet
531 839 656 896 ﬁdei
684 849 740 895 et
777 852 1002 909 operum
1046 839 1102 894 in
1149 846 1262 894 toto
1287 840 1419 894 orbe
1462 853 1649 894 vocem
1692 838 1859 893 nimio

286 933 516 989 clamore
535 931 690 1003 quasi
716 931 770 986 in
793 931 1009 986 modum
1030 931 1173 986 tubae
1195 929 1629 1002 congregationis
1648 928 1862 984 fortiter

287 1025 549 1080 emittere.

1963 748 2332 819 p'erduximus,
2360 749 2449 804 ubi
2484 748 2646 803 ﬁnem
2681 747 2824 802 illius
2851 755 3137 817 ponentes,
3168 757 3385 815 caetera,
3421 765 3544 819 qua:

1966 849 2284 909 sequuntur,
2313 841 2380 895 de
2404 840 2574 910 ipsius
2604 839 2775 895 David
2801 839 2966 910 gestis
2991 847 3047 893 et
3073 840 3545 898 distributionibus

1966 926 2082 999 ejus
2106 930 2351 1003 mysticis
2379 927 2484 986 alio
2506 929 2727 986 exordio
2755 930 3093 986 inchoemus.

321 1159 2857 1188 Μ

1428 1270 1732 1348 LIBER
1806 1268 1977 1347 SEG
1989 1267 2377 1348 UNDUS.

355 1510 534 1586 (Ιοω.)
569 1510 750 1584 Igitur
772 1510 945 1567 David
969 1520 1017 1566 et
1057 1526 1233 1567 omnes
1266 1509 1495 1583 majores
1527 1520 1657 1573 natu
1691 1509 1864 1587 Israel

288 1617 335 1663 et
358 1604 560 1661 tribuni
585 1605 761 1658 ierunt
789 1603 859 1663 ad
884 1601 1265 1675 deportandum
1289 1618 1471 1659 arcam
1508 1602 1718 1673 [aderis
1750 1602 1864 1659 Do-

1970 1518 2060 1569 cat
2081 1506 2225 1580 quod
2254 1516 2310 1564 et
2336 1505 2453 1577 ipse
2487 1502 2659 1561 David
2693 1503 2969 1561 accinctus
3009 1510 3130 1558 erat
3167 1501 3341 1572 ephod
3378 1503 3542 1560 lineo.

1967 1599 2107 1656 Nam
2130 1599 2322 1664 linum,
2346 1597 2492 1669 quod
2520 1597 2586 1653 de
2612 1603 2760 1652 terra
2787 1602 3133 1666 procreatum
3156 1594 3437 1666 multiplici
3465 1595 3544 1652 la-

287 1696 415 1753 mini
438 1695 504 1749 de
532 1694 691 1751 domo
720 1690 1021 1748 Obededom
1047 1690 1167 1747 cum
1189 1690 1375 1747 lwtitia
1396 1709 1608 1765 magna.
1630 1688 1865 1761 Cumque
1893 1721 1943 1781 Β
1966 1691 2100 1747 bore
2130 1692 2198 1746 ad
2225 1688 2515 1747 candorem
2541 1687 2710 1745 vestis
2732 1687 3014 1759 pervenit,
3043 1686 3326 1743 veritatem
3355 1688 3547 1743 huma-

287 1786 574 1856 adjuaisset
600 1782 863 1839 Dominus
892 1781 1121 1849 Levitas,
1144 1782 1232 1857 qui
1257 1780 1535 1853 portabant
1563 1798 1746 1837 arcam
1770 1783 1869 1853 [oz-

286 1877 428 1931 deris
456 1874 696 1939 Domini,
726 1871 1138 1928 immolabantur
1166 1880 1361 1943 septem
1400 1871 1574 1937 tauri,
1604 1881 1652 1928 et
1674 1881 1867 1944 septem

286 1965 499 2019 arietes.
527 1961 699 2017 Porro
719 1956 889 2037 David
908 1971 1019 2043 erat
1041 1961 1255 2016 indutus
1275 1959 1410 2016 stola
1427 1960 1654 2031 byssina,
1678 1971 1727 2016 et
1752 1962 1870 2017 uni-

286 2053 420 2107 versi
438 2049 639 2105 Levita
658 2051 749 2122 qui
778 2050 1055 2120 portabant
1080 2065 1280 2115 arcam,
1305 2056 1643 2121 cantoresque
1663 2057 1711 2104 et
1734 2046 1870 2103 Clio-

287 2142 469 2197 nenias
487 2141 732 2212 princeps
756 2139 1042 2211 prophetia:
1066 2138 1203 2195 inter
1223 2148 1479 2193 cantores.
1498 2137 1668 2192 David
1692 2148 1869 2193 autem

287 2231 503 2285 indutus
530 2240 645 2285 erat
676 2232 835 2285 etiam
870 2229 1036 2300 ephod
1082 2230 1237 2284 lineo.
1278 2216 1660 2301 Universusque
1697 2228 1869 2286 Israel

288 2321 613 2378 deducebant
643 2336 823 2374 arcam
853 2317 1062 2388 [aderis
1095 2317 1308 2372 Domini
1330 2318 1384 2371 in
1404 2317 1579 2386 jubilo
1617 2326 1667 2372 et
1693 2319 1869 2373 sonitu

289 2412 556 2478 δαείω,
602 2422 651 2466 et
692 2411 860 2478 tubis,
887 2420 937 2465 et
966 2410 1236 2480 cymbalis,
1267 2418 1314 2464 et
1344 2408 1513 2463 nablis
1558 2418 1608 2464 et
1653 2409 1869 2465 citharis

289 2514 678 2573 concrepantes.
692 2500 923 2574 Cumque
943 2503 1253 2573 pervenisset
1275 2517 1401 2554 arca
1422 2498 1633 2571 [aderis
1657 2499 1870 2556 Domini

293 2610 452 2664 usque
478 2594 552 2647 ad
578 2595 839 2648 civitatem
864 2592 1057 2659 David,
1090 2589 1286 2646 Michol
1314 2590 1429 2660 ﬁlia
1457 2588 1590 2646 Saul
1607 2631 1625 2659 ,
1667 2583 1871 2663 prospi-

292 2687 428 2740 ciens
473 2701 569 2756 per
606 2684 888 2754 fenestram
913 2722 929 2750 ,
976 2682 1103 2737 vidit
1152 2698 1323 2752 regem
1368 2679 1541 2735 David
1592 2674 1870 2736 saltantem

294 2786 444 2846 atque
482 2773 770 2842 ludentem,
820 2783 870 2829 et
913 2772 1144 2843 despexit
1193 2787 1313 2827 eum
1356 2770 1412 2826 in
1454 2769 1611 2827 corde
1644 2787 1741 2825 suo
1780 2767 1872 2829 (II

297 2863 417 2936 Reg.
440 2856 554 2929 vt).

875 2949 1101 3007 CAPUT
1133 2948 1273 3006 XVI.

1967 1797 2051 1839 nte
2075 1781 2256 1838 carnis
2274 1780 2419 1836 inter
2440 1778 2647 1852 ﬂagella
2669 1778 3052 1849 triumphantis
3074 1777 3327 1834 ostendit.
3345 1779 3545 1835 Verum

1967 1871 2176 1929 cunctis
2199 1869 2624 1936 exsultantibus,
2651 1876 2708 1926 et
2733 1869 2803 1925 ad
2829 1885 2970 1926 arcae
2996 1869 3234 1925 ctelestis
3264 1869 3546 1924 introitum

1966 1961 2197 2033 hymnos
2228 1960 2644 2035 resonantibus,
2670 1959 2782 2015 sola
2813 1958 3009 2014 Michol
3041 1959 3150 2014 ﬁlia
3186 1959 3315 2014 Saul
3362 1973 3547 2015 arcam
3608 1950 3617 1955 ’

1967 2049 2287 2106 ducentibus
2319 2049 2512 2105 abest:
2546 2047 2674 2118 quin
2718 2047 2883 2103 etiam
2917 2062 2947 2103 e
2976 2047 3207 2119 speculis
3240 2048 3407 2103 David
3448 2049 3551 2102 hu-

1966 2141 2228 2196 miliatum
2273 2140 2530 2211 despicit,
2556 2140 2706 2209 quia,
2737 2139 3078 2194 credentibus
3111 2138 3165 2193 in
3208 2140 3392 2194 mundi
3440 2139 3549 2193 ﬁne

1965 2232 2187 2299 Judazis,
2215 2238 2377 2287 erunt
2404 2230 2646 2287 nonnulli
2676 2230 2769 2300 qui
2796 2229 3070 2285 Christum
3106 2237 3312 2285 tantum
3340 2229 3550 2301 profes-

1968 2323 2121 2378 sione
2145 2362 2161 2390 ,
2205 2323 2301 2378 sed
2343 2336 2507 2391 opere
2552 2328 2763 2376 tantum
2797 2331 3093 2390 sequantur
3127 2318 3545 2374 Antichristum.

1969 2412 2174 2485 Quibus
2196 2412 2393 2468 merito
2420 2410 2668 2481 congruit
2694 2410 2839 2482 quod
2856 2409 3043 2464 eadem
3065 2408 3280 2473 Michol,
3309 2425 3448 2480 qua},
3478 2411 3549 2465 ad

1969 2503 2305 2577 ﬁgurandam
2349 2503 2760 2560 instabilitatem
2800 2501 3130 2566 carnalium,
3185 2516 3323 2572 aqua
3372 2490 3541 2557 omnis

1969 2595 2376 2667 interpretatur,
2408 2609 2518 2649 non
2548 2608 2685 2649 uxor
2709 2591 2911 2657 David,
2943 2590 3039 2646 sed
3067 2589 3176 2645 ﬁlia
3198 2588 3328 2645 Saul
3360 2590 3545 2660 appel-

1967 2684 2131 2752 latur,
2157 2686 2284 2756 quia
2306 2684 2524 2742 Christo
2558 2684 2826 2739 ﬁdetenus
2863 2682 3133 2748 serviunt,
3159 2697 3267 2737 non
3296 2681 3440 2737 illius
3467 2698 3551 2737 re-

1969 2791 2074 2847 gno
2103 2776 2397 2833 coronandi
2417 2817 2434 2842 ,
2460 2776 2554 2831 sed
2576 2781 2986 2845 persecutorum
3014 2773 3163 2844 ejus,
3192 2788 3328 2844 quos
3354 2772 3551 2828 imitati

1968 2875 2097 2922 sunt
2118 2908 2134 2933 ,
2177 2869 2522 2923 anathemate
2566 2862 2878 2921 damnandi.
2902 2866 3103 2921 Verum
3140 2865 3293 2935 pravi
3325 2879 3551 2920 succen-

1970 2962 2147 3022 seant,
2172 2955 2534 3011 humilitatem
2562 2954 2818 3011 Ecclesia:
2839 2954 3203 3009 condemnent
3219 2994 3234 3019 ,
3274 2953 3552 3008 nihilomi-

669 3079 790 3117 αηη
824 3060 998 3116 Πανία
1025 3059 1328 3116 adduxisse;
1363 3074 1543 3113 arcam
1570 3055 1787 3115 Domini
1810 3056 1865 3110 ξη
1892 3061 1938 3126 C
1969 3059 2073 3099 nus
2117 3058 2245 3099 arca
2283 3042 2496 3099 Domini
2540 3043 2622 3098 sui
2653 3043 2832 3097 locum
2869 3040 3188 3112 ingreditur,
3228 3041 3445 3112 ponitur
3492 3040 3549 3095 in

296 3061 628 3186 “tibi”?!

358 3125 617 3205 jubifoin
649 3131 1043 3205 tabernaculum
1062 3129 1200 3201 quod
1238 3128 1523 3205 tetenderat
1555 3127 1633 3194 ei,
1665 3125 1862 3205 obtule-

363 3196 489 3257 runt
520 3201 829 3255 holocausta
860 3196 1154 3254 sacerdotes
1194 3209 1242 3254 et
1268 3198 1490 3267 paciﬁca
1534 3213 1711 3267 coram
1758 3196 1864 3267 Do-

360 3273 528 3350 mino,
545 3270 905 3350 benediuitque
929 3269 1097 3324 David
1119 3266 1312 3350 popqu
1327 3266 1606 3349 in’nomine
1621 3266 1861 3350 Domini,

358 3353 408 3396 et
448 3341 629 3395 diuisit
669 3337 921 3394 universis
965 3355 1059 3409 per
1085 3337 1337 3408 singulos,

359 3408 892 3479 mulierem,rtortam_
920 3402 1071 3479 panis
1104 3402 1395 3479 et'part‘em‘
1415 3421 1548 3479 assa:
1573 3402 1747 3459 carnis
1775 3402 1867 3457 bu-

362 3480 496 3535 balae
530 3488 591 3549 et_
612 3478 806 3549 {rixam
842 3474 1239 3549 oleosimilam.
1273 3475 1350 3529 De
1379 3474 1545 3530 lenitis
1578 3488 1867 3549 quoscun-

356 3551 529 3605 stitnit
554 3544 746 3610 David,
774 3556 833 3600 ut
854 3548 1208 3601 ministrarent
1228 3556 1406 3599 coram
1428 3560 1555 3598 arca
1577 3544 1788 3598 Domini
1817 3550 1868 3596 et

354 3621 419 3674 de
452 3618 634 3685 Asaph
662 3625 713 3670 et
740 3616 992 3685 fratribus
1024 3616 1159 3685 ejus.
1186 3615 1265 3685 De
1301 3615 1505 3685 cantico
1544 3614 1684 3685 quod
1718 3628 1864 3685 corn-1

354 3689 528 3759 posuit
555 3680 823 3759 David'_ad
847 3680 1505 3759 laudandumDominum.
1525 3680 1612 3759 _De
1631 3699 1690 3737 eo
1727 3680 1867 3753 quod

358 3752 596 3814 reversus
624 3764 699 3810 est
729 3754 900 3810 David
925 3764 982 3809 ut
1012 3755 1328 3810 benediceret
1358 3752 1537 3807 domui
1559 3769 1690 3808 suae.

330 3860 398 3942 ’(1
424 3871 563 3926 Ρη.
595 3864 735 3938 xvi.)
759 3864 1058 3919 Attulerunt
1084 3881 1207 3935 ergo
1230 3880 1410 3918 arcam
1440 3864 1533 3918 Dei
1549 3903 1564 3926 ,
1589 3871 1638 3917 et
1666 3861 1864 3916 consti-

291 3968 497 4014 tuerunt
520 3972 639 4012 eam
672 3956 726 4010 in
756 3953 925 4010 medio
956 3953 1304 4021 tabernaculi,
1334 3952 1473 4025 quod
1501 3951 1789 4006 tetenderat
1819 3951 1868 4006 ei

288 4050 453 4106 Dauid
465 4068 488 4117 ;
510 4061 563 4104 et
583 4046 881 4102 obtulerunt
907 4045 1213 4100 holocausta
1238 4054 1285 4100 et
1304 4043 1529 4115 paciﬁca
1553 4058 1732 4097 coram
1763 4041 1868 4096 Do-

287 4140 444 4195 mino.
467 4135 707 4208 Curaque
726 4134 1029 4207 complesset
1046 4134 1217 4190 David
1242 4134 1464 4204 oﬁ'erens
1489 4131 1795 4186 holocausta
1815 4140 1866 4186 et

1966 3133 2148 3201 medio
2175 3131 2530 3198 tabernaculi,
2561 3131 3041 3202 quod'tetenderat
3069 3130 3118 3184 ei
3146 3130 3334 3195 David,
3362 3130 3416 3186 id
3437 3137 3550 3196 est,

1965 3221 2102 3279 ﬁdes
2128 3223 2385 3279 Ecclesia:
2417 3222 2783 3292 praedicatur,
2806 3220 3022 3291 proiicit
3041 3261 3056 3285 ,
3088 3219 3344 3275 inseritur
3372 3220 3554 3275 cordi-

1377 3309 1863 3406 fgiﬁgza
1962 3311 2068 3369 bus
2090 3313 2364 3378 omnium,
2393 3327 2528 3383 quos
2558 3311 2821 3367 Dominus
2848 3310 2916 3365 ad
2952 3309 3114 3364 vitam
3148 3310 3553 3381 prmordinave—

1964 3397 2050 3454 rat
2099 3410 2381 3455 aeternam.
2431 3398 2599 3456 Oil‘ert
2651 3398 2819 3453 David
2859 3397 3173 3454 holocausta
3224 3405 3279 3452 et
3322 3396 3549 3466 paciﬁca

1940 3490 2149 3544 .c‘oram
2176 3487 2426 3553 Domino,
2458 3486 2617 3543 ﬁdem
2643 3486 3091 3556 devotionemque
3118 3485 3373 3541 Ecclesia":
3394 3502 3547 3542 com-

1966 3578 2185 3634 mendat
2208 3577 2359 3632 Patri
2386 3576 2657 3644 Christus,
2687 3579 2775 3649 qui
2804 3587 2879 3633 est
2913 3577 2982 3632 ad
3019 3576 3289 3631 dexteram
3319 3575 3434 3641 Dei,
3458 3576 3550 3647 qui

1968 3667 2127 3723 etiam
2155 3665 2453 3739 interpellat
2473 3684 2566 3739 pro
2592 3666 2738 3722 nobis
2768 3665 2941 3739 (Rom.
2969 3665 3126 3735 vm);
3156 3664 3248 3735 qui
3278 3665 3332 3719 in
3365 3679 3549 3720 exem-

1967 3756 2114 3828 plum
2139 3752 2307 3810 David
2334 3755 2519 3810 ﬁdeles
2540 3755 2876 3826 humilesque
2910 3752 3262 3814 benedicens,
3295 3751 3549 3807 salutaris

1970 3846 2213 3919 mysterii
2257 3848 2431 3917 pascit
2460 3846 2754 3912 alimentis,
2784 3846 3027 3917 partiens
3073 3842 3298 3915 singulis
3328 3841 3547 3914 collyri-

1969 3936 2092 4007 dam
2138 3937 2295 4006 panis
2345 3951 2530 4001 unam,
2580 3935 2720 3990 illius
2747 3934 2933 3995 utique
2961 3936 3053 4005 qui
3080 3933 3143 3988 de
3176 3931 3301 3987 caelo
3336 3932 3552 3986 descen-

1967 4029 2067 4095 dit,
2095 4036 2142 4083 et
2168 4028 2258 4082 dat
2277 4028 2438 4083 vitam
2461 4026 2583 4080 huic
2604 4025 2798 4080 mundo
2822 4025 3002 4099 (Joan.
3030 4022 3104 4097 v1)
3124 4040 3138 4089 ;
3161 4032 3216 4079 et
3243 4030 3549 4079 assaturam

1966 4119 2174 4177 bubulae
2204 4119 2386 4182 carnis
2426 4132 2625 4183 unam,
2667 4114 2808 4171 illius
2841 4113 3048 4172 scilicet
3090 4112 3244 4169 vituli
3282 4112 3545 4182 saginati,

285 4229 527 4298 paci/ica,
549 4202 814 4281 benedixit
838 4202 1099 4296 populoin
1126 4202 1333 4279 nomine
1357 4222 1591 4288 Domini,
1619 4231 1668 4275 et
1686 4221 1863 4276 divisit
1964 4202 2056 4282 qui
2084 4225 2180 4281 pro
2209 4216 2524 4298 revertenti:
2540 4207 2607 4262 ad
2634 4214 2843 4298 patrem
2874 4205 2984 4260 filio
3011 4202 3239 4298 iuniore
3272 4213 3549 4298 mactatus

285 4294 539 4373 universis
564 4333 662 4389 per
684 4294 938 4386 singulos,
963 4332 996 4369 a
1018 4315 1129 4369 viro
1152 4330 1312 4384 usque
1339 4313 1407 4366 ad
1439 4311 1727 4374 mulierem,
1754 4321 1864 4366 ιον-
1965 4299 2116 4374 (Luc.
2146 4299 2236 4369 ιν)
2265 4306 2320 4354 et
2352 4299 2474 4368 igne
2495 4295 2771 4351 Passionis
2808 4302 3022 4351 assatus
3062 4302 3165 4360 est,
3190 4294 3375 4351 dicens
3400 4314 3413 4350 :
3437 4294 3551 4350 Ea:-

284 4421 389 4464 tatn
407 4384 589 4481 panis,
626 4417 673 4462 et
700 4384 900 4477 partem
938 4421 1073 4461 assa
1118 4405 1291 4460 carnis
1330 4402 1534 4457 bubulce
1574 4410 1621 4458 et
1663 4401 1861 4472 [rixam

1966 4392 2106 4445 aruit
2145 4389 2278 4444 velut
2303 4398 2433 4443 testa
2461 4388 2626 4443 virtus
2667 4402 2779 4441 mea
2809 4385 2980 4458 (Psal.
3019 4384 3169 4455 XXI);
3214 4395 3270 4441 et
3313 4386 3551 4443 similam

282 4476 420 4554 oleo-
438 4498 674 4555 similam
702 4476 792 4569 (Η
811 4495 940 4567 Reg.
970 4495 1066 4567 vr).
1091 4495 1384 4566 Postquam
1430 4509 1562 4565 ergo
1601 4509 1727 4549 arca
1759 4493 1866 4551 Do.
1966 4480 2160 4536 frixam
2183 4479 2325 4548 oleo,
2352 4495 2571 4535 carnem
2597 4478 2846 4534 videlicet
2872 4494 2901 4533 a
2930 4478 3138 4549 peccati
3164 4476 3285 4533 labe
3308 4479 3552 4535 mundis-

280 4589 414 4643 mini
446 4590 501 4643 in
527 4587 694 4643 domo
716 4585 1022 4641 Obededom
1049 4584 1255 4641 Getbzei
1281 4583 1484 4638 mansit
1504 4583 1680 4638 tribus
1708 4599 1866 4639 meno

1966 4570 2192 4638 simam;
2228 4569 2323 4626 sed
2348 4570 2419 4625 ob
2447 4571 2697 4625 humanae
2735 4569 2929 4625 salutis
2954 4585 3177 4626 causam
3219 4570 3550 4627 uberrimam

278 4680 453 4745 sibus,
477 4676 826 4750 congregatis
853 4674 1148 4745 majoribus
1168 4682 1300 4730 natu
1320 4673 1512 4739 Israel,
1535 4682 1594 4730 et
1621 4673 1868 4729 tribubus
1966 4661 2414 4719 delectationibus
2458 4659 2637 4716 crucis
2685 4660 2977 4730 sartagina:
3004 4667 3225 4714 tortam.
3251 4659 3321 4714 Et
3354 4659 3548 4715 merito

280 4778 449 4840 atqne
470 4768 702 4832 Levitis,
737 4766 828 4836 qui
855 4772 1136 4837 portarent
1158 4780 1341 4820 arcam
1380 4763 1603 4820 hederis
1622 4762 1863 4830 Domini,

276 4861 510 4916 abduxit
537 4873 665 4914 eam
698 4855 868 4912 David
894 4856 951 4911 in
976 4854 1198 4912 domum
1230 4869 1406 4921 suam,
1434 4854 1560 4923 quia
1582 4860 1868 4925 postquam

274 4950 561 5022 plenitudo
600 4949 844 5019 gentium
881 4946 950 5001 ad
1005 4947 1169 5002 ﬁdem
1218 4932 1421 5002 Christi
1481 4944 1869 5001 subintraverit

273 5041 456 5115 (Rom.
483 5038 589 5110 ιι),
609 5037 825 5093 tandem
847 5034 1018 5092 rediet
1044 5050 1171 5091 arca
1190 5034 1285 5090 Dei
1307 5034 1361 5090 in
1382 5028 1654 5090 civitatem
1677 5034 1868 5102 David,

273 5130 379 5185 hoc
405 5137 513 5193 est,
545 5128 603 5182 in
626 5124 907 5181 Iudaicam
937 5122 1168 5195 plebem,
1196 5116 1619 5193 prmdi'cantibus
1644 5121 1869 5177 Henoch

268 5228 324 5274 et
348 5217 501 5283 Elia,
524 5215 703 5286 gratia
731 5214 934 5271 Christi
958 5212 1316 5270 convertitur.
1348 5211 1536 5282 Ibique
1559 5228 1654 5266 rex
1684 5218 1871 5266 noster

265 5310 449 5366 boves
480 5316 537 5363 et
562 5305 766 5362 arietes
795 5304 1105 5370 immolans,
1130 5303 1235 5359 hoc
1262 5310 1381 5369 est,
1410 5317 1507 5359 eos
1548 5302 1642 5372 qui
1688 5316 1870 5356 arcam

266 5400 503 5459 Domini
536 5398 826 5464 trituram,
867 5402 924 5452 et
966 5396 1151 5451 ovium
1199 5392 1316 5463 ejus
1356 5392 1610 5449 ducatum
1642 5401 1868 5465 gerunt,

267 5489 537 5561 martyrii
567 5485 831 5559 sanguine
856 5499 1146 5550 coronans,
1171 5493 1228 5540 et
1260 5484 1375 5555 ipse
1400 5496 1614 5554 quoque
1638 5498 1750 5539 suae
1787 5483 1871 5538 in~

267 5575 628 5635 carnationis
651 5583 709 5630 et
744 5573 1015 5644 passionis
1039 5571 1342 5642 exemplum
1379 5580 1647 5642 quatenus
1673 5568 1873 5631 Judtris

268 5688 384 5729 non
409 5667 726 5733 creditum,
754 5663 933 5736 palam
975 5661 1304 5719 manifestat.
1336 5661 1451 5718 Hoc
1490 5662 1635 5736 enim
1667 5661 1872 5732 signiﬁ-

1967 4769 2075 4809 una
2098 4754 2256 4825 panis
2281 4752 2561 4824 collyrida,
2590 4766 2697 4806 una
2726 4751 2909 4806 carnis
2936 4759 3182 4806 assatura
3217 4749 3395 4815 datur,
3420 4751 3546 4820 quia

1967 4860 2103 4898 unus
2125 4843 2382 4896 Dominus
2401 4881 2416 4909 ,
2440 4859 2547 4895 una
2567 4840 2718 4910 fides,
2749 4857 2913 4894 unum
2940 4839 3195 4910 baptisma
3210 4880 3227 4906 ,
3253 4856 3388 4894 unus
3408 4837 3551 4895 Deus

1966 4945 2015 4991 et
2035 4932 2199 4989 Pater
2218 4933 2451 4989 omnium
2471 4932 2686 5005 (Ephes.
2716 4930 2811 5005 tv).
2836 4931 3009 4988 Aliter
3028 4928 3147 4988 hate
3170 4945 3396 4986 munera
3421 4929 3555 4987 Πάθη

1967 5024 2045 5081 les
2079 5024 2384 5095 accipiunt,
2413 5022 2631 5092 quando
2677 5039 2816 5076 unus
2856 5020 3009 5092 panis
3055 5029 3104 5075 et
3151 5037 3315 5074 unum
3361 5035 3549 5092 corpus

1967 5114 2119 5170 multi
2147 5129 2329 5169 sumus
2353 5112 2409 5167 in
2437 5111 2654 5168 Christo
2679 5109 2733 5184 (I
2754 5110 2877 5166 Cor.
2900 5110 2981 5181 x),
3003 5110 3118 5166 sive
3138 5110 3320 5166 carnis
3348 5110 3548 5182 singuli

1968 5206 2246 5262 lasciviam
2266 5205 2613 5276 castigantes,
2631 5218 2695 5259 ac
2717 5201 2963 5258 servituti
2986 5200 3357 5272 subjicientes,
3372 5199 3549 5256 sancti

1970 5294 2207 5367 Spiritus
2236 5295 2362 5366 igne
2389 5293 2722 5363 decoquunt,
2754 5306 2962 5348 necnon
2991 5299 3047 5347 et
3074 5290 3285 5348 fructus
3318 5303 3545 5360 operum

1969 5384 2236 5444 bonorum
2275 5383 2398 5439 oleo
2440 5381 2826 5438 misericordias
2872 5381 3255 5453 pinguissimos
3308 5391 3555 5447 compas-

1971 5477 2123 5533 sione
2162 5472 2397 5545 proximi
2425 5462 2634 5528 fervere
2666 5468 2889 5526 faciunt.
2917 5469 2990 5525 At
3018 5478 3228 5533 contra,
3262 5466 3369 5521 ﬁlia
3418 5463 3549 5543 Sani

1972 5566 2173 5622 frustra
2199 5563 2505 5619 cubiculum
2532 5560 2674 5631 regis
2696 5562 2956 5632 ingressa,
2989 5559 3164 5614 nullos
3186 5554 3431 5624 concepti
3460 5568 3548 5610 se-

1974 5659 2136 5714 minis
2162 5655 2373 5712 fructus
2396 5654 2508 5720 dat,
2537 5667 2662 5724 quia
2699 5656 2791 5722 qui
2831 5651 3055 5708 verbum
3097 5646 3190 5704 Dei
3210 5658 3342 5702 aure
3389 5652 3553 5704 tenus
