3912 6160
282 251 381 308 551
933 241 994 294 Β.
1038 236 1288 294 RABANI
1327 235 1547 293 ΜΑυηί
1583 194 1904 288 ARCHIEP.
1938 223 2248 285 MOGUNT.
2287 223 2571 282 OPERUM
2608 220 2785 277 PARS
2808 217 2855 275 Ι.
3428 219 3539 272 532

283 364 590 439 percipiunt
615 361 818 428 absque
847 355 973 411 boni
1003 355 1182 425 operis
1208 353 1391 422 prole,
1414 351 1557 408 diem
1583 354 1856 439 perpetuae
1884 345 1933 404 A
1960 341 2184 439 Qualem
2237 355 2324 395 me
2369 337 2614 439 exterius
2637 335 2940 406 despiciens
2967 333 3228 439 exhibeo,
3261 333 3422 439 talem
3452 348 3544 439 me

289 425 481 510 ium-tis
507 425 839 519 exspectant.
873 446 1025 513 Quod
1054 445 1221 499 David
1246 458 1369 498 cum
1409 455 1536 496 arca
1557 437 1773 492 Domini
1808 435 1862 490 in
1963 433 2192 489 interius
2210 430 2448 484 attendo.
2478 427 2617 495 Quid
2643 441 2774 498 ergo
2809 426 2982 480 acturi
3015 433 3160 489 sunt,
3186 440 3322 496 quos
3343 425 3546 480 doctri-

288 541 584 601 Jerusalem
605 537 851 594 saltando
866 536 1165 598 reduceret,
1179 548 1207 586 a
1223 529 1414 586 Micbol
1429 529 1538 584 ﬁlia
1555 526 1684 582 Saul
1698 539 1866 581 uxore

291 649 388 687 sua
416 632 559 686 risus
596 637 699 690 est,
725 625 1078 696 tropologiam
1107 621 1301 676 intueri
1335 620 1494 682 libet,
1522 624 1722 686 quanta
1755 613 1866 667 vir-

292 731 467 777 tutum
503 733 726 773 munera
754 715 922 770 David
964 714 1075 784 ipse
1097 717 1446 781 perceperat,
1489 716 1648 775 atque
1691 705 1750 758 iu
1782 701 1868 756 his

295 811 547 867 omnibus
585 823 747 880 quam
779 805 969 860 fortem
1014 802 1370 857 humilitatem
1401 798 1666 854 servabat.
1697 793 1867 860 Quem

292 904 434 957 enim
473 916 578 954 non
604 897 888 954 extolleret
915 911 1011 950 ora
1034 895 1253 953 leonum
1289 892 1537 963 frangere
1563 930 1578 953 ,
1621 899 1869 942 ursorum

298 993 521 1047 brachia
549 989 813 1058 dissipare
833 1027 850 1051 ,
880 985 1151 1054 despectis
1173 983 1460 1052 pecoribus
1490 978 1750 1032 fratribus
1776 973 1872 1028 eli-

296 1082 368 1152 gi,
399 1079 686 1149 reprobato
712 1090 839 1145 rege
865 1074 933 1126 ad
962 1072 1112 1142 regni
1159 1068 1521 1140 gubernacula
1565 1065 1760 1133 ungui,
1805 1061 1872 1115 tio

296 1173 549 1227 mendum
583 1167 791 1223 cunctis
818 1180 924 1218 uno
953 1163 1131 1233 lapide
1159 1160 1366 1215 Goliam
1391 1168 1657 1221 sternere,
1690 1172 1720 1209 a
1749 1170 1873 1222 rege

297 1263 592 1331 proposita,
621 1257 903 1314 exstinctis
935 1252 1250 1323 Allophylis,
1288 1261 1572 1322 numerosa
1614 1247 1874 1318 praeputia

300 1357 608 1418 reportare,
654 1345 981 1416 promissum
1032 1341 1246 1396 tandem
1296 1355 1520 1410 regnum
1565 1338 1873 1406 percipere,

299 1447 664 1507 etinctumque
688 1435 1048 1490 lsraeliticum
1075 1431 1330 1501 populum
1375 1429 1492 1484 sine
1521 1427 1627 1482 ulla
1665 1434 1878 1482 contra-

300 1530 534 1584 dictione
563 1527 840 1598 possidere
868 1538 894 1566 ιι
923 1542 935 1578 :
969 1533 1024 1580 et
1049 1531 1231 1578 tamen
1254 1537 1376 1577 cum
1396 1534 1579 1574 arcam
1606 1517 1700 1572 Dei
1724 1515 1879 1571 Jeru-

301 1621 467 1674 salem
498 1625 735 1684 revocat,
768 1616 920 1686 quasi
949 1614 1147 1670 oblitus
1179 1611 1461 1683 prtelatum
1504 1625 1564 1664 se
1601 1607 1874 1671 omnibus,

1964 539 2032 578 na
2061 523 2256 586 elevat,
2288 522 2332 576 si
2360 520 2532 576 David
2559 535 2622 574 ex
2647 533 2812 574 carne
2837 533 2934 570 sua
2977 524 3267 571 venturum
3306 515 3545 570 Redem-

1963 623 2172 685 ptorem
2197 621 2452 677 noverat,
2491 609 2711 680 ejusque
2748 608 2942 679 gaudia
2989 606 3360 677 prophetaudo
3407 623 3546 660 nun-

1967 705 2160 768 tiabat,
2192 711 2246 757 et
2269 710 2452 756 tamen
2479 700 2535 754 in
2564 699 2854 767 semetipso
2873 696 3142 752 cervicem
3164 694 3344 749 cordis
3363 695 3549 749 valida

1967 791 2310 847 discretionis
2344 788 2493 845 calce
2527 786 2909 858 deprimebat,
2941 785 3128 841 dicens
3154 803 3167 838 ε
3191 784 3400 855 Eroque
3444 787 3548 839 hu-

1967 882 2109 936 milis
2138 884 2193 936 in
2217 881 2384 935 oculis
2413 879 2541 935 meis
2559 886 2588 942 2

2039 973 2424 1045 Constituitque
2451 971 2620 1028 David
2643 987 2822 1026 coram
2845 988 2969 1025 arca
2990 971 3088 1026 Dei
3114 971 3178 1024 de
3204 970 3396 1025 Levitis
3413 1010 3428 1035 ,
3455 972 3551 1041 qui

1970 1067 2328 1120 ministrarent
2354 1075 2402 1119 et
2432 1064 2834 1119 recordarentur
2860 1079 3076 1132 operum
3106 1062 3218 1131 ejus
3235 1103 3249 1126 ,
3273 1071 3320 1115 et
3349 1060 3548 1131 glori/i-

1952 1167 2150 1212 vcarent
2178 1167 2332 1228 atque
2369 1155 2646 1236 laudarent
2692 1155 3001 1219 Dominum,
3031 1163 3137 1209 etc.
3170 1155 3434 1216 Attende,
3478 1155 3555 1208 le-

1974 1259 2112 1314 ctor,
2140 1251 2385 1306 ordinem
2427 1258 2485 1305 et
2521 1247 2756 1304 oﬂicium
2799 1249 3146 1312 chitarum,
3193 1248 3560 1303 constitueute

1976 1343 2162 1408 David,
2195 1351 2254 1396 ut
2281 1342 2668 1405 ministrarent,
2696 1341 2902 1409 inquit,
2933 1351 2980 1394 et
3005 1341 3406 1394 recordarentur
3433 1357 3560 1409 ope-

1977 1451 2095 1488 rum
2119 1433 2254 1503 ejus,
2283 1441 2332 1487 et
2356 1431 2711 1502 gloriﬁcarent
2744 1441 2898 1501 atque
2935 1430 3215 1485 laudarent
3245 1431 3555 1486 Dominum.

1981 1524 2081 1581 Ubi
2128 1524 2294 1579 totius
2326 1523 2451 1578 vitm
2494 1530 2695 1577 nostra:
2737 1520 3147 1591 dispositionem
3197 1521 3251 1575 in
3293 1521 3564 1592 religione

1981 1613 2289 1671 Christiana
2315 1612 2664 1668 considerare
2683 1611 2908 1681 poteris.
2941 1609 3212 1664 Ministrat
3237 1609 3401 1680 igitur
3423 1609 3563 1675 Deo,

302 1712 566 1766 admistus
593 1709 804 1778 populis
831 1715 957 1760 ante
991 1719 1174 1758 arcam
1206 1702 1399 1767 saltat;
1432 1709 1488 1755 et
1527 1698 1654 1770 quia
1693 1710 1878 1752 coram
1910 1688 1958 1747 Β
1983 1704 2076 1776 qui
2121 1719 2218 1760 εοι·
2245 1703 2502 1758 mundum
2547 1717 2670 1758 cum
2701 1710 2849 1757 casta
2882 1702 3297 1758 conversatioue
3339 1700 3569 1755 exhibet

303 1816 428 1855 area
462 1800 661 1854 saltare
705 1802 787 1868 (ut
831 1796 1094 1861 creditur)
1118 1792 1262 1862 vulgi
1294 1807 1412 1846 mos
1439 1789 1646 1852 fuerat,
1690 1801 1787 1842 rex
1821 1802 1882 1842 se

305 1892 358 1944 in
400 1890 583 1944 divino
626 1886 882 1955 obsequio
921 1901 1018 1954 per
1047 1884 1303 1939 saltatum
1340 1888 1504 1937 rotat.
1534 1879 1675 1934 Ecce
1721 1891 1881 1946 quem

309 1980 565 2034 Dominus
612 1978 822 2032 cunctis
853 1975 1205 2046 singulariter
1248 1971 1519 2043 praetulit,
1562 1984 1622 2025 se
1671 1983 1886 2039 quoque

305 2071 404 2126 sub
449 2069 674 2124 Domino
702 2107 717 2133 ,
765 2076 821 2121 et
849 2065 1180 2136 exazquando
1229 2063 1501 2126 minimis,
1529 2069 1586 2117 et
1617 2060 1884 2130 abjectum

303 2157 608 2214 exhibendo
639 2156 966 2220 contemnit;
994 2170 1100 2209 non
1129 2161 1372 2224 potestas
1405 2151 1556 2222 regni
1590 2151 1658 2206 ad
1683 2164 1885 2206 memo-

307 2251 443 2305 riam
489 2248 787 2312 reducitur,
844 2261 951 2300 non
1006 2243 1372 2313 subjectorum
1418 2241 1590 2297 oculis
1639 2240 1887 2296 saltando

307 2342 566 2396 vilescere
601 2339 821 2403 meruit,
873 2353 978 2392 non
1024 2353 1083 2392 se
1127 2337 1337 2391 honore
1366 2333 1650 2405 pnelatum
1677 2331 1888 2388 caeteris

309 2441 434 2486 ante
461 2429 576 2500 ejus
603 2445 809 2495 arcam,
837 2429 927 2497 qui
954 2429 1214 2482 honorem
1246 2427 1488 2487 dederat,
1526 2422 1884 2494 recognoscit.

307 2525 502 2578 Coram
531 2523 640 2576 Deo
677 2521 788 2591 egit
814 2519 1008 2574 debilia
1034 2518 1120 2572 vel
1140 2525 1402 2581 extrema,
1425 2523 1486 2570 ut
1511 2514 1600 2568 illa
1621 2527 1687 2568 ex
1714 2512 1889 2567 humi-

311 2614 462 2668 litate
485 2612 741 2667 solidaret
760 2626 881 2680 quae
905 2625 1089 2666 coram
1115 2607 1423 2663 hominibus
1448 2614 1689 2678 gesserat
1706 2603 1885 2659 fortia.

311 2702 450 2769 Quid
473 2701 538 2755 de
567 2699 684 2769 ejus
710 2699 870 2755 factis
897 2701 963 2754 ab
985 2698 1106 2753 aliis
1135 2697 1402 2752 sentiatur
1422 2697 1640 2767 ignoro;
1664 2709 1765 2764 ego
1787 2694 1893 2748 Da-

311 2792 400 2845 vid
420 2791 538 2860 plus
560 2791 847 2846 saltantem
873 2798 1062 2862 stupeo
1091 2805 1253 2858 quam
1276 2795 1628 2860 pugnantem.
1651 2784 1892 2856 Pugnan-

312 2884 382 2937 (το
409 2883 605 2953 quippe
631 2881 841 2938 hostem
881 2882 1148 2947 subdidit,
1191 2881 1438 2937 saltando
1477 2887 1658 2934 autem
1707 2892 1891 2933 coram

315 2973 542 3026 Domino
568 2972 919 3043 semetipsum
947 2973 1099 3027 vicit.
1123 2971 1296 3038 Quem
1322 2969 1520 3026 Michol
1542 3010 1558 3036 ,
1591 2968 1697 3023 ﬁlia
1727 2967 1855 3023 Saul
1873 3006 1889 3032 ,

316 3064 492 3118 adhuc
518 3081 585 3120 ex
615 3073 829 3120 tumore
859 3064 993 3136 regii
1016 3064 1230 3135 generis
1258 3063 1466 3130 insana,
1498 3078 1618 3118 cum
1646 3061 1894 3116 humilia-

318 3163 430 3207 tttm
461 3153 784 3223 despiceret,
832 3155 1054 3209 dicens:
1093 3152 1265 3219 Quam
1311 3153 1571 3224 gloriosus
1603 3153 1759 3222 fuerit
1810 3151 1900 3206 ho-

315 3244 399 3297 die
429 3261 518 3298 rex
540 3244 728 3310 Israel,
757 3244 1138 3315 discoopcriens
1161 3261 1216 3298 se
1245 3253 1365 3298 ante
1390 3242 1612 3297 ancillas
1634 3257 1898 3297 servorum

315 3352 566 3401 suorum,
604 3345 650 3390 et
676 3336 940 3402 nudatus,
981 3337 1134 3408 quasi
1165 3336 1393 3391 nudetur
1421 3353 1559 3391 unus
1601 3336 1665 3390 de
1703 3335 1898 3390 scurris

317 3425 371 3496 (1
376 3424 406 3478 Ι
431 3423 559 3496 Reg.
583 3425 691 3498 vt);
715 3427 964 3495 protinus
983 3426 1220 3481 audivit:
1239 3425 1442 3481 Ludam
1459 3435 1579 3480 ante
1593 3424 1897 3492 Dominum,

316 3516 408 3586 qui
432 3515 583 3586 elegit
603 3533 684 3570 me
703 3518 874 3588 potius
899 3534 1058 3590 quam
1083 3527 1287 3588 patrem
1309 3526 1478 3570 tuum.
1494 3515 1574 3572 Ac
1595 3516 1756 3586 paulo
1776 3523 1903 3587 post

317 3605 396 3658 ait
421 3622 434 3657 :
468 3603 671 3659 Ludam
698 3614 746 3660 et
774 3605 924 3660 vilior
951 3606 1078 3675 ﬁam
1103 3604 1220 3676 plus
1247 3621 1405 3676 quam
1426 3605 1597 3675 factus
1617 3621 1754 3670 sum,
1781 3621 1900 3660 ero-

317 3711 416 3764 que
442 3695 653 3750 humilis
674 3697 728 3750 in
761 3696 924 3750 oculis
952 3697 1102 3750 meis.
1125 3693 1205 3751 Ac
1242 3695 1288 3751 si
1329 3703 1514 3766 aperte
1550 3694 1733 3750 dicat:
1766 3693 1905 3749 Vile-

319 3799 472 3842 scere
501 3801 687 3840 coram
723 3786 1035 3841 hominibus
1063 3795 1293 3857 appeto,
1339 3785 1467 3855 quia
1507 3800 1728 3842 servare
1766 3785 1898 3840 mihi

320 3891 507 3931 coram
549 3877 659 3931 Deo
706 3892 928 3948 regnum
980 3893 1079 3949 per
1123 3877 1484 3933 humilitatem
1531 3892 1731 3947 qua‘ro.
1765 3876 1904 3933 Sunt

321 3982 452 4036 ergo
500 3968 742 4022 nonnulli
793 3969 886 4038 qui
930 3971 996 4025 de
1035 3969 1339 4039 semetipsis
1366 3969 1589 4024 humilia
1630 3969 1898 4035 sentiunt;

321 4057 412 4126 qui
445 4059 496 4112 in
528 4059 825 4114 honoribus
861 4060 1022 4130 positi
1062 4059 1201 4114 nihil
1240 4074 1298 4114 se
1329 4074 1449 4114 esse
1479 4059 1584 4115 nisi
1626 4058 1902 4129 pulverem

325 4147 670 4219 favillamque
700 4154 1060 4220 perpendunt,
1090 4152 1183 4206 sed
1215 4159 1394 4206 tamen
1444 4167 1630 4207 coram
1670 4151 1905 4206 homini-

323 4244 425 4298 bus
453 4243 585 4299 viles
609 4257 869 4314 apparere
892 4245 1186 4316 refugiunt,
1217 4257 1272 4300 et
1297 4254 1487 4300 contra
1515 4248 1639 4311 hoc,
1667 4245 1810 4315 quod
1839 4244 1904 4300 de

325 4349 384 4387 se
412 4333 638 4388 interius
663 4334 922 4404 cogitant,
951 4335 1105 4405 quasi
1133 4333 1304 4406 rigida
1349 4334 1588 4390 exterius
1619 4340 1905 4390 venustate

1927 4379 1981 4439 D

1983 1795 2234 1851 Domino.
2287 1792 2631 1849 Recordatur
2675 1807 2898 1864 operum
2946 1791 3094 1847 illius
3134 1791 3227 1861 qui
3270 1790 3571 1845 meditator

1983 1887 2120 1958 legis
2147 1886 2241 1942 Dei
2261 1881 2568 1941 Secundum
2598 1883 2839 1956 regulam
2883 1883 3167 1940 catholica:
3195 1882 3315 1936 ﬁdei
3343 1881 3569 1936 sedulus

1984 1976 2190 2032 existit.
2227 1974 2511 2031 Gloriﬁcat
2552 1983 2714 2044 atque
2745 1973 2930 2029 laudat
2955 1973 3270 2037 Dominum,
3324 1971 3416 2042 qui
3457 1988 3566 2026 non

1985 2064 2158 2121 solum
2186 2079 2435 2120 sermone
2467 2063 2871 2134 praedicationis
2908 2077 2972 2118 ac
3018 2077 3152 2118 voce
3189 2060 3568 2129 juhilationis,

1986 2155 2080 2210 sed
2110 2155 2274 2209 etiam
2305 2155 2570 2209 bonorum
2615 2168 2839 2223 operum
2885 2153 3070 2208 laudat
3111 2150 3324 2207 effectu.
3366 2150 3573 2221 Sicque

1987 2245 2240 2317 impletur
2267 2246 2426 2316 digne
2458 2245 2603 2301 illius
2629 2245 2863 2300 ministri
2899 2243 3134 2300 ofﬁcium
3155 2284 3170 2309 ,
3208 2244 3276 2298 de
3300 2259 3408 2313 quo
3442 2243 3568 2297 Sal-

1987 2347 2146 2394 vator
2172 2354 2226 2393 tn
2267 2336 2557 2409 Evangelio
2583 2337 2699 2392 ait:
2735 2335 2839 2401 Qui
2875 2335 3000 2389 mihi
3029 2336 3327 2402 ministrat,
3362 2351 3445 2389 me
3489 2352 3573 2389 se-

1986 2440 2198 2502 quatur.
2243 2429 2314 2484 Et
2352 2430 2444 2485 ubi
2485 2446 2600 2485 sum
2627 2445 2720 2501 ego
2742 2469 2758 2495 ,
2792 2429 2902 2483 illic
2923 2438 2971 2483 et
3012 2429 3247 2482 minister
3291 2442 3436 2480 meus
3469 2425 3574 2478 erit

1989 2521 2172 2592 (Joan.
2198 2521 2334 2593 xu),
2363 2522 2486 2591 quia
2511 2520 2602 2590 qui
2626 2521 2678 2574 in
2707 2520 2898 2585 corde,
2929 2535 3024 2575 ore
3062 2526 3118 2574 et
3152 2532 3316 2587 opere
3341 2515 3574 2570 Domino

1991 2611 2094 2666 rite
2122 2611 2309 2677 servit,
2336 2619 2554 2666 aeterna:
2584 2608 2936 2665 beatitudinis
2962 2607 3159 2680 gaudia
3185 2621 3307 2662 cum
3336 2605 3428 2660 illo
3449 2620 3573 2676 pos-

1991 2700 2206 2760 sidebit.

2062 2793 2130 2848 In
2156 2792 2248 2848 illo
2283 2793 2369 2848 die
2404 2792 2526 2864 fecit
2565 2791 2737 2847 David
2782 2792 3067 2863 principem
3105 2790 3176 2844 ad
3219 2789 3571 2858 conﬁtendum

1992 2882 2223 2938 Domino
2252 2883 2427 2954 Αθαρή
2468 2893 2515 2937 et
2555 2882 2744 2953 fratres
2787 2870 2936 2953 ejus,
2965 2890 3068 2936 etc.
3109 2880 3249 2948 Quid
3284 2888 3396 2941 est,
3429 2881 3576 2949 quod

1995 2975 2179 3046 Asaph
2208 2975 2376 3030 David
2418 2975 2696 3030 constituit
2741 2974 3037 3045 principem
3085 2973 3153 3028 ad
3205 2969 3574 3027 conﬁtendum

1997 3065 2225 3121 Domino
2244 3106 2260 3131 ,
2282 3065 2385 3121 nisi
2414 3065 2557 3136 quod
2586 3064 2914 3136 Redemptor
2941 3073 3124 3120 noster
3164 3065 3408 3119 ordinem
3453 3077 3578 3117 san-

1995 3167 2207 3215 ctorum
2227 3161 2535 3224 doctorum,
2554 3158 2645 3228 qui
2666 3156 2842 3214 olIicio
2862 3157 3157 3228 apostolico
3179 3157 3577 3225 mancipantur,

1996 3246 2052 3301 in
2079 3247 2316 3302 culmine
2351 3247 2729 3303 ecclesiastica:
2763 3247 3040 3316 dignitatis
3079 3244 3394 3300 constituit?
3423 3244 3580 3311 Quod

1995 3336 2134 3392 bene
2160 3337 2484 3408 praesagium
2520 3335 2754 3390 nominis
2797 3335 2966 3406 ipsius
3004 3343 3307 3389 monstrare
3333 3335 3577 3397 videtur;

1995 3423 2178 3494 Asaph
2206 3425 2351 3480 enim
2377 3441 2693 3496 congregans
2724 3425 3128 3495 interpretatur.
3161 3424 3228 3479 Et
3267 3425 3403 3479 bene
3450 3441 3581 3479 con-

1997 3530 2222 3585 gregans
2247 3514 2470 3581 dicitur,
2498 3515 2593 3586 qui
2621 3530 2871 3571 sermone
2898 3523 3048 3571 recto
3077 3531 3142 3571 ac
3164 3516 3306 3571 bono
3332 3517 3582 3586 exemplo

1998 3604 2198 3660 multos
2235 3603 2302 3659 ad
2347 3604 2508 3659 ﬁdem
2534 3603 2734 3659 Christi
2764 3612 2820 3659 et
2849 3604 2917 3659 ad
2959 3604 3161 3660 cultum
3193 3605 3414 3675 pietatis
3453 3621 3583 3661 con-

1998 3702 2211 3749 vertere
2231 3703 2480 3749 conatur.
2507 3693 2692 3764 Asaph
2717 3709 2847 3766 ergo
2868 3702 2920 3748 et
2943 3693 3143 3756 fratres
3165 3695 3281 3766 ejus
3308 3696 3584 3766 principes

2000 3784 2068 3839 ad
2099 3783 2425 3840 laudandum
2454 3785 2738 3839 Dominum
2781 3785 3203 3850 constituuntur,
3247 3801 3368 3840 cum
3407 3787 3584 3855 sancti

2002 3873 2281 3946 apostolici
2304 3874 2406 3929 viri
2447 3875 2515 3930 ad
2541 3875 2945 3929 convocandum
2973 3885 3136 3944 atque
3168 3876 3584 3930 coadunandum

2001 3981 2284 4020 numerum
2305 3965 2540 4020 ﬁdelium
2566 3965 2619 4019 in
2643 3965 2746 4020 ﬁde
2769 3967 2836 4020 ab
2859 3965 2975 4035 ipso
2997 3965 3223 4021 Domino
3237 3967 3581 4022 ordinantur.

2003 4057 2079 4112 De
2117 4057 2310 4127 quibus
2351 4057 2670 4112 admirando
2710 4057 2995 4112 Psalmista
3026 4058 3094 4112 ad
3133 4059 3419 4125 Dominum
3463 4058 3581 4113 ait:

2005 4147 2178 4203 Nimis
2208 4149 2450 4202 honorati
2470 4156 2589 4202 sunt
2611 4149 2768 4202 amici
2797 4149 2902 4213 tui,
2931 4148 3103 4213 Deus;
3129 4149 3282 4202 nimis
3317 4149 3588 4217 conforta-

2004 4247 2089 4291 tus
2115 4246 2189 4292 est
2230 4237 2554 4307 principatus
2585 4253 2765 4290 eorum
2803 4235 2972 4307 (Psal.
3003 4236 3288 4309 cxxxvtu).
3315 4237 3382 4291 Et
3410 4238 3542 4292 item
3568 4255 3582 4292 :

2006 4327 2320 4392 Constitues,
2341 4326 2535 4396 inquit,
2558 4343 2644 4381 eos
2664 4327 2921 4398 principes
2950 4344 3107 4398 super
3126 4344 3328 4382 omnem
3353 4337 3586 4394 terram;

328 4423 636 4493 palliantur.
670 4425 736 4479 Et
763 4433 891 4479 sunt
920 4425 1184 4490 nonnulli,
1219 4425 1310 4494 qui
1338 4425 1476 4480 viles
1501 4423 1672 4479 videri
1702 4423 1769 4479 ab
1799 4423 1898 4478 ho-
1927 4416 1980 4439 ν
2005 4433 2256 4472 memores
2281 4427 2432 4470 erunt
2460 4417 2684 4470 nominis
2713 4417 2812 4482 tui,
2841 4416 3064 4471 Domine
3085 4457 3099 4483 ,
3127 4417 3180 4470 in
3205 4417 3344 4470 omni
3371 4433 3590 4486 genera-

326 4513 562 4569 minibus
588 4523 876 4585 appetunt,
921 4526 1082 4584 atque
1123 4530 1220 4584 per
1250 4530 1411 4570 omne
1441 4515 1584 4583 quod
1625 4522 1781 4580 sunt,
1811 4513 1903 4569 de-

324 4606 501 4674 jectos
540 4620 598 4660 se
645 4605 950 4660 exhibendo
991 4614 1382 4670 contemnunt,
1412 4605 1509 4660 sed
1553 4614 1733 4660 tamen
1762 4604 1904 4675 apud

329 4712 388 4750 se
420 4697 686 4750 introrsus
715 4696 868 4765 quasi
907 4710 973 4750 ex
1019 4696 1138 4766 ipso
1165 4696 1362 4751 merito
1407 4702 1640 4750 ostensa:
1681 4695 1906 4751 vilitatis

329 4785 720 4846 intumescunt,
767 4792 822 4839 et
875 4792 1022 4839 tanto
1071 4784 1245 4854 magis
1292 4784 1344 4839 in
1384 4785 1547 4840 corde
1587 4784 1712 4840 elati
1757 4793 1904 4850 sunt,

328 4884 533 4943 quanto
563 4875 792 4945 amplius
841 4875 895 4928 in
941 4876 1120 4945 specie
1160 4875 1443 4931 elationem
1478 4884 1749 4946 premunt.
1778 4875 1907 4944 Quae

329 4972 558 5032 utraque
587 4966 747 5019 unius
782 4965 1028 5021 elationis
1055 4966 1194 5021 bella
1221 4982 1416 5037 magna
1459 4966 1630 5021 David
1671 4968 1908 5023 circum-

329 5053 608 5122 spectione
637 5053 1016 5122 deprehendit,
1051 5056 1188 5109 mira
1219 5056 1420 5111 virtute
1449 5058 1742 5125 superavit.
1771 5057 1908 5124 Quia

332 5147 477 5200 enim
508 5145 572 5200 de
595 5146 887 5216 semetipso
916 5146 1063 5201 intus
1090 5147 1313 5201 humilia
1343 5147 1603 5212 sentiens,
1650 5148 1909 5202 honorem

331 5238 575 5294 exterius
602 5253 707 5293 non
735 5239 948 5307 quaerit,
974 5239 1229 5305 insinuat,
1263 5239 1487 5294 dicens:
1522 5238 1726 5292 Ludam
1755 5248 1804 5293 et
1837 5239 1912 5293 vi-

333 5330 436 5382 lior
451 5327 599 5397 ﬁam.
628 5327 696 5381 Et
718 5327 843 5397 quia
866 5342 962 5398 per
989 5327 1112 5392 hoc,
1141 5329 1281 5397 quod
1309 5329 1410 5381 vile
1434 5337 1538 5394 est,
1584 5343 1642 5382 se
1672 5329 1914 5384 exterius

335 5421 568 5490 prtebuii
599 5434 937 5489 nequaquam
967 5419 1190 5474 interius
1217 5420 1594 5482 intumescere,
1627 5417 1868 5490 adjungit
1895 5432 1910 5472 :

340 5511 549 5584 Eroque
590 5511 806 5566 humilis
848 5513 903 5566 in
941 5511 1106 5566 oculis
1145 5513 1291 5566 meis.
1327 5511 1404 5567 Ac
1433 5511 1478 5566 si
1512 5519 1698 5582 aperte
1729 5511 1910 5566 dicat:

2005 4508 2143 4562 tione
2165 4515 2211 4560 et
2235 4505 2476 4577 progenie
2505 4501 2677 4576 (Psal.
2705 4504 2872 4576 xuv).
2905 4505 3034 4562 Post
3061 4506 3194 4572 haec,
3221 4507 3440 4560 modum
3473 4504 3589 4558 lau-

2009 4597 2241 4651 dationis
2275 4611 2436 4665 quem
2468 4595 2636 4650 David
2666 4595 2779 4665 ipse
2819 4597 3121 4665 composuit
3151 4595 3384 4665 scriptor
3409 4596 3587 4650 histo-

2011 4689 2164 4746 toriae
2185 4687 2430 4753 inseruit,
2448 4688 2634 4743 dicens
2658 4705 2671 4741 :
2694 4685 3027 4758 Conﬁtemini
3053 4687 3273 4741 Domino
3287 4695 3336 4741 et
3354 4688 3594 4741 invocato

2015 4797 2202 4836 nomen
2227 4781 2361 4848 eius.
2377 4778 2541 4848 Cujus
2554 4779 2744 4849 psalmi
2771 4779 2959 4834 titulus
2983 4787 3068 4834 est
3087 4797 3100 4832 :
3117 4777 3363 4831 Alleluia.
3381 4776 3451 4831 Et
3477 4791 3591 4831 me-

2009 4871 2134 4936 rito,
2151 4870 2275 4941 quia
2294 4877 2438 4924 totus
2457 4869 2511 4924 in
2528 4868 2777 4924 laudibus
2795 4867 2890 4923 Dei
2910 4867 3228 4938 explicatur.
3246 4865 3360 4920 Hoc
3371 4866 3595 4934 quidem

2008 4962 2160 5018 verbi
2179 4963 2342 5018 decus
2355 4961 2412 5015 in
2434 4960 2641 5030 psalmo
2656 4974 2686 5014 a
2701 4957 2951 5030 praesenti
2967 4959 3174 5029 psalmo
3189 4957 3315 5013 fecit
3338 4957 3552 5012 initium
3575 4975 3592 5011 :

2011 5067 2114 5107 nec
2139 5060 2298 5106 antea
2327 5066 2358 5104 a
2387 5065 2659 5121 quoquam
2690 5050 2864 5120 reperi
2879 5050 3134 5120 positum,
3161 5048 3409 5119 quamvis
3438 5045 3592 5102 multi

2011 5143 2301 5213 scriptores
2329 5140 2528 5196 fuerint
2552 5141 2804 5214 primitus
2828 5140 3198 5197 Hebraeorum.
3225 5140 3377 5195 Scire
3411 5148 3594 5194 autem
3677 5167 3694 5184 ς

2013 5234 2289 5298 debemus,
2321 5231 2548 5287 Alleluia
2583 5232 2762 5288 neutri
2785 5232 3000 5301 generis
3022 5246 3143 5287 esse
3170 5232 3380 5286 ﬁnitum
3401 5272 3417 5295 ,
3450 5231 3596 5300 quod

2012 5334 2067 5380 et
2092 5331 2313 5378 sanctus
2330 5322 2688 5394 Hieronymus
2704 5323 2756 5377 in
2778 5323 3116 5392 expositione
3138 5323 3381 5393 ejusdem
3398 5320 3596 5391 psalmi

2012 5416 2292 5475 evidenter
2316 5417 2580 5489 designat.
2610 5418 2762 5486 Quod
2791 5431 2914 5472 eum
2951 5417 3003 5471 in
3041 5413 3322 5471 Hebraicis
3350 5412 3596 5468 fontibus

2012 5510 2284 5567 credimus
2314 5509 2600 5576 invenisse,
2623 5517 2678 5564 et
2708 5505 2834 5564 ideo
2855 5507 3162 5577 ubicunque
3189 5519 3246 5560 se
3277 5503 3426 5559 locus
3453 5511 3594 5556 attu-

417 5648 443 5676 ι
479 5637 498 5692 ι
532 5635 662 5707 Reg.
700 5650 820 5704 xvt;
855 5632 1021 5704 llieg.
1061 5647 1205 5697 xvtt;
1240 5628 1414 5702 illeg.
1438 5645 1603 5696 svnt;
1641 5630 1833 5696 lllteg.
1876 5641 1937 5692 tt,
1981 5641 2062 5680 Ill.
