  <div class='ocr_page' id='page_1' title='image "/cluster/home/n/w/nwhite01/storage/ocr_20150623/109/hvd.32044054759741/182.png"; bbox 0 0 3902 6146; ppageno 0'>
   <div class='ocr_carea' id='block_1_1' title="bbox 1205 291 2624 352">
    <p class='ocr_par' dir='ltr' id='par_1_1' title="bbox 1205 291 2624 352">
     <span class='ocr_line' id='line_1_1' title="bbox 1205 291 2624 352; baseline 0.002 -3"><span class='ocrx_word' id='word_1_1' title='bbox 1205 291 1559 350; x_wconf 69' lang='grc' dir='ltr'><strong>(ΖΟΜΜΕΝΤ.</strong></span> <span class='ocrx_word' id='word_1_2' title='bbox 1596 294 1664 350; x_wconf 79' lang='lat' dir='ltr'><strong>IN</strong></span> <span class='ocrx_word' id='word_1_3' title='bbox 1704 293 2256 351; x_wconf 76' lang='lat' dir='ltr'><strong>PARALIPOMENA.</strong></span> <span class='ocrx_word' id='word_1_4' title='bbox 2294 325 2366 336; x_wconf 92' lang='lat'><strong>-—</strong></span> <span class='ocrx_word' id='word_1_5' title='bbox 2395 296 2521 352; x_wconf 78' lang='lat' dir='ltr'><strong>LIB.</strong></span> <span class='ocrx_word' id='word_1_6' title='bbox 2558 296 2624 352; x_wconf 82' lang='lat' dir='ltr'><strong>ll.</strong></span> 
     </span>
    </p>
   </div>
   <div class='ocr_carea' id='block_1_2' title="bbox 3435 304 3540 359">
    <p class='ocr_par' dir='ltr' id='par_1_2' title="bbox 3435 304 3540 359">
     <span class='ocr_line' id='line_1_2' title="bbox 3435 304 3540 359; baseline 0.01 -1"><span class='ocrx_word' id='word_1_7' title='bbox 3435 304 3540 359; x_wconf 64' lang='grc'><strong>531</strong></span> 
     </span>
    </p>
   </div>
   <div class='ocr_carea' id='block_1_3' title="bbox 285 403 3542 484">
    <p class='ocr_par' dir='ltr' id='par_1_3' title="bbox 285 403 3542 484">
     <span class='ocr_line' id='line_1_3' title="bbox 285 403 3542 484; baseline 0.001 -15"><span class='ocrx_word' id='word_1_8' title='bbox 285 414 428 477; x_wconf 82' lang='lat' dir='ltr'><strong>ierit,</strong></span> <span class='ocrx_word' id='word_1_9' title='bbox 461 425 492 465; x_wconf 86' lang='lat' dir='ltr'><strong>a</strong></span> <span class='ocrx_word' id='word_1_10' title='bbox 518 405 835 464; x_wconf 78' lang='lat' dir='ltr'><strong>doctissimo</strong></span> <span class='ocrx_word' id='word_1_11' title='bbox 861 405 978 462; x_wconf 87' lang='lat' dir='ltr'><strong>viro</strong></span> <span class='ocrx_word' id='word_1_12' title='bbox 1003 403 1286 476; x_wconf 58' lang='lat' dir='ltr'><strong>praeﬁxam</strong></span> <span class='ocrx_word' id='word_1_13' title='bbox 1311 405 1548 474; x_wconf 81' lang='lat' dir='ltr'><strong>regulam</strong></span> <span class='ocrx_word' id='word_1_14' title='bbox 1573 407 1868 475; x_wconf 86' lang='lat' dir='ltr'><strong>subseque-</strong></span> <span class='ocrx_word' id='word_1_15' title='bbox 1893 408 1947 466; x_wconf 79' lang='grc' dir='ltr'><strong>Α</strong></span> <span class='ocrx_word' id='word_1_16' title='bbox 2041 407 2279 463; x_wconf 84' lang='lat' dir='ltr'><strong>Laudate</strong></span> <span class='ocrx_word' id='word_1_17' title='bbox 2301 425 2485 463; x_wconf 88' lang='lat' dir='ltr'><strong>nomen</strong></span> <span class='ocrx_word' id='word_1_18' title='bbox 2523 415 2762 462; x_wconf 79' lang='lat' dir='ltr'><strong>sanctum</strong></span> <span class='ocrx_word' id='word_1_19' title='bbox 2789 410 2924 479; x_wconf 84' lang='lat' dir='ltr'><strong>ejus.</strong></span> <span class='ocrx_word' id='word_1_20' title='bbox 2956 410 3048 466; x_wconf 88' lang='lat' dir='ltr'><strong>llle</strong></span> <span class='ocrx_word' id='word_1_21' title='bbox 3082 412 3280 484; x_wconf 82' lang='lat' dir='ltr'><strong>quippe</strong></span> <span class='ocrx_word' id='word_1_22' title='bbox 3307 415 3408 469; x_wconf 88' lang='lat' dir='ltr'><strong>rite</strong></span> <span class='ocrx_word' id='word_1_23' title='bbox 3442 433 3542 472; x_wconf 85' lang='lat' dir='ltr'><strong>no-</strong></span> 
     </span>
    </p>
   </div>
   <div class='ocr_carea' id='block_1_4' title="bbox 287 496 1867 567">
    <p class='ocr_par' dir='ltr' id='par_1_4' title="bbox 287 496 1867 567">
     <span class='ocr_line' id='line_1_4' title="bbox 287 496 1867 567; baseline -0.004 -11"><span class='ocrx_word' id='word_1_24' title='bbox 287 517 410 556; x_wconf 84' lang='lat' dir='ltr'><strong>mur</strong></span> <span class='ocrx_word' id='word_1_25' title='bbox 434 519 449 554; x_wconf 91' lang='lat'><strong>:</strong></span> <span class='ocrx_word' id='word_1_26' title='bbox 480 497 739 567; x_wconf 87' lang='lat' dir='ltr'><strong>quoniam</strong></span> <span class='ocrx_word' id='word_1_27' title='bbox 766 505 934 550; x_wconf 84' lang='lat' dir='ltr'><strong>unum</strong></span> <span class='ocrx_word' id='word_1_28' title='bbox 963 504 1126 564; x_wconf 86' lang='lat' dir='ltr'><strong>atque</strong></span> <span class='ocrx_word' id='word_1_29' title='bbox 1147 497 1415 566; x_wconf 82' lang='lat' dir='ltr'><strong>integrum</strong></span> <span class='ocrx_word' id='word_1_30' title='bbox 1449 510 1670 550; x_wconf 84' lang='lat' dir='ltr'><strong>manere</strong></span> <span class='ocrx_word' id='word_1_31' title='bbox 1690 496 1867 560; x_wconf 86' lang='lat' dir='ltr'><strong>debet,</strong></span> 
     </span>
    </p>
   </div>
   <div class='ocr_carea' id='block_1_5' title="bbox 284 587 1868 664">
    <p class='ocr_par' dir='ltr' id='par_1_5' title="bbox 284 587 1868 664">
     <span class='ocr_line' id='line_1_5' title="bbox 284 587 1868 664; baseline -0.006 -15"><span class='ocrx_word' id='word_1_32' title='bbox 284 594 412 664; x_wconf 88' lang='lat' dir='ltr'><strong>quia</strong></span> <span class='ocrx_word' id='word_1_33' title='bbox 476 589 680 645; x_wconf 83' lang='lat' dir='ltr'><strong>nullius</strong></span> <span class='ocrx_word' id='word_1_34' title='bbox 731 587 929 656; x_wconf 79' lang='lat' dir='ltr'><strong>linguae</strong></span> <span class='ocrx_word' id='word_1_35' title='bbox 973 587 1396 657; x_wconf 62' lang='lat' dir='ltr'><strong>praesumptione</strong></span> <span class='ocrx_word' id='word_1_36' title='bbox 1447 595 1716 641; x_wconf 87' lang='lat' dir='ltr'><strong>mutatum</strong></span> <span class='ocrx_word' id='word_1_37' title='bbox 1763 593 1868 640; x_wconf 89' lang='lat' dir='ltr'><strong>est.</strong></span> 
     </span>
    </p>
   </div>
   <div class='ocr_carea' id='block_1_6' title="bbox 283 677 1920 750">
    <p class='ocr_par' dir='ltr' id='par_1_6' title="bbox 283 677 1920 750">
     <span class='ocr_line' id='line_1_6' title="bbox 283 677 1920 750; baseline -0.006 -10"><span class='ocrx_word' id='word_1_38' title='bbox 283 684 514 740; x_wconf 78' lang='lat' dir='ltr'><strong>Alleluia</strong></span> <span class='ocrx_word' id='word_1_39' title='bbox 538 681 686 738; x_wconf 87' lang='lat' dir='ltr'><strong>enim</strong></span> <span class='ocrx_word' id='word_1_40' title='bbox 705 681 848 750; x_wconf 84' lang='lat' dir='ltr'><strong>apud</strong></span> <span class='ocrx_word' id='word_1_41' title='bbox 870 681 1018 749; x_wconf 86' lang='lat' dir='ltr'><strong>ipsos</strong></span> <span class='ocrx_word' id='word_1_42' title='bbox 1039 679 1271 734; x_wconf 89' lang='lat' dir='ltr'><strong>dicitur:</strong></span> <span class='ocrx_word' id='word_1_43' title='bbox 1297 677 1545 732; x_wconf 76' lang='lat' dir='ltr'><strong>Laudare</strong></span> <span class='ocrx_word' id='word_1_44' title='bbox 1566 677 1868 741; x_wconf 80' lang='lat' dir='ltr'><strong>Dominum,</strong></span> <span class='ocrx_word' id='word_1_45' title='bbox 1905 696 1920 712; x_wconf 80' lang='grc' dir='ltr'><strong><em>ο</em></strong></span> 
     </span>
    </p>
   </div>
   <div class='ocr_carea' id='block_1_7' title="bbox 286 765 1875 838">
    <p class='ocr_par' dir='ltr' id='par_1_7' title="bbox 286 765 1875 838">
     <span class='ocr_line' id='line_1_7' title="bbox 286 765 1875 838; baseline -0.006 -8"><span class='ocrx_word' id='word_1_46' title='bbox 286 775 341 830; x_wconf 85' lang='lat' dir='ltr'><strong>id</strong></span> <span class='ocrx_word' id='word_1_47' title='bbox 370 781 459 829; x_wconf 87' lang='lat' dir='ltr'><strong>est</strong></span> <span class='ocrx_word' id='word_1_48' title='bbox 483 770 664 833; x_wconf 87' lang='lat' dir='ltr'><strong>allelu,</strong></span> <span class='ocrx_word' id='word_1_49' title='bbox 689 769 932 832; x_wconf 87' lang='lat' dir='ltr'><strong>laudare,</strong></span> <span class='ocrx_word' id='word_1_50' title='bbox 955 768 1010 823; x_wconf 88' lang='lat' dir='ltr'><strong>ia</strong></span> <span class='ocrx_word' id='word_1_51' title='bbox 1045 768 1245 838; x_wconf 81' lang='lat' dir='ltr'><strong>quippe</strong></span> <span class='ocrx_word' id='word_1_52' title='bbox 1266 767 1590 824; x_wconf 88' lang='lat' dir='ltr'><strong>invisibilem</strong></span> <span class='ocrx_word' id='word_1_53' title='bbox 1608 765 1875 838; x_wconf 87' lang='lat' dir='ltr'><strong>signiﬁcat</strong></span> 
     </span>
    </p>
   </div>
   <div class='ocr_carea' id='block_1_8' title="bbox 287 857 1872 931">
    <p class='ocr_par' dir='ltr' id='par_1_8' title="bbox 287 857 1872 931">
     <span class='ocr_line' id='line_1_8' title="bbox 287 857 1872 931; baseline -0.006 -11"><span class='ocrx_word' id='word_1_54' title='bbox 287 865 575 922; x_wconf 86' lang='lat' dir='ltr'><strong>Dominum</strong></span> <span class='ocrx_word' id='word_1_55' title='bbox 604 879 618 914; x_wconf 93' lang='lat'><strong>:</strong></span> <span class='ocrx_word' id='word_1_56' title='bbox 648 860 796 931; x_wconf 88' lang='lat' dir='ltr'><strong>quod</strong></span> <span class='ocrx_word' id='word_1_57' title='bbox 821 875 987 914; x_wconf 87' lang='lat' dir='ltr'><strong>unum</strong></span> <span class='ocrx_word' id='word_1_58' title='bbox 1009 859 1295 914; x_wconf 90' lang='lat' dir='ltr'><strong>Dominum</strong></span> <span class='ocrx_word' id='word_1_59' title='bbox 1324 874 1389 914; x_wconf 83' lang='lat' dir='ltr'><strong>ex</strong></span> <span class='ocrx_word' id='word_1_60' title='bbox 1420 860 1606 914; x_wconf 86' lang='lat' dir='ltr'><strong>decem</strong></span> <span class='ocrx_word' id='word_1_61' title='bbox 1645 857 1872 912; x_wconf 89' lang='lat' dir='ltr'><strong>nomini-</strong></span> 
     </span>
    </p>
   </div>
   <div class='ocr_carea' id='block_1_9' title="bbox 287 947 1874 1018">
    <p class='ocr_par' dir='ltr' id='par_1_9' title="bbox 287 947 1874 1018">
     <span class='ocr_line' id='line_1_9' title="bbox 287 947 1874 1018; baseline -0.007 -8"><span class='ocrx_word' id='word_1_62' title='bbox 287 956 386 1010; x_wconf 87' lang='lat' dir='ltr'><strong>bus</strong></span> <span class='ocrx_word' id='word_1_63' title='bbox 423 967 550 1009; x_wconf 89' lang='lat' dir='ltr'><strong>esse</strong></span> <span class='ocrx_word' id='word_1_64' title='bbox 588 951 686 1005; x_wconf 89' lang='lat' dir='ltr'><strong>Dei</strong></span> <span class='ocrx_word' id='word_1_65' title='bbox 732 950 787 1005; x_wconf 91' lang='lat' dir='ltr'><strong>in</strong></span> <span class='ocrx_word' id='word_1_66' title='bbox 835 948 1056 1018; x_wconf 90' lang='lat' dir='ltr'><strong>epistola</strong></span> <span class='ocrx_word' id='word_1_67' title='bbox 1099 950 1164 1003; x_wconf 91' lang='lat' dir='ltr'><strong>ad</strong></span> <span class='ocrx_word' id='word_1_68' title='bbox 1203 947 1506 1003; x_wconf 80' lang='lat' dir='ltr'><strong>Marcellam</strong></span> <span class='ocrx_word' id='word_1_69' title='bbox 1547 947 1874 1017; x_wconf 85' lang='lat' dir='ltr'><strong>Hieronymo</strong></span> 
     </span>
    </p>
   </div>
   <div class='ocr_carea' id='block_1_10' title="bbox 288 1038 1870 1111">
    <p class='ocr_par' dir='ltr' id='par_1_10' title="bbox 288 1038 1870 1111">
     <span class='ocr_line' id='line_1_10' title="bbox 288 1038 1870 1111; baseline -0.006 -12"><span class='ocrx_word' id='word_1_70' title='bbox 288 1044 525 1099; x_wconf 84' lang='lat' dir='ltr'><strong>traditur</strong></span> <span class='ocrx_word' id='word_1_71' title='bbox 545 1048 873 1111; x_wconf 81' lang='lat' dir='ltr'><strong>exponente,</strong></span> <span class='ocrx_word' id='word_1_72' title='bbox 904 1039 997 1109; x_wconf 92' lang='lat' dir='ltr'><strong>qui</strong></span> <span class='ocrx_word' id='word_1_73' title='bbox 1041 1039 1176 1092; x_wconf 81' lang='lat' dir='ltr'><strong>dixit</strong></span> <span class='ocrx_word' id='word_1_74' title='bbox 1203 1079 1214 1091; x_wconf 94' lang='lat'><strong>.</strong></span> <span class='ocrx_word' id='word_1_75' title='bbox 1241 1039 1482 1093; x_wconf 85' lang='lat' dir='ltr'><strong>Primum</strong></span> <span class='ocrx_word' id='word_1_76' title='bbox 1524 1038 1619 1092; x_wconf 87' lang='lat' dir='ltr'><strong>Dei</strong></span> <span class='ocrx_word' id='word_1_77' title='bbox 1670 1051 1870 1091; x_wconf 89' lang='lat' dir='ltr'><strong>nomen</strong></span> 
     </span>
    </p>
   </div>
   <div class='ocr_carea' id='block_1_11' title="bbox 285 1129 1876 1201">
    <p class='ocr_par' dir='ltr' id='par_1_11' title="bbox 285 1129 1876 1201">
     <span class='ocr_line' id='line_1_11' title="bbox 285 1129 1876 1201; baseline -0.009 -6"><span class='ocrx_word' id='word_1_78' title='bbox 285 1148 370 1195; x_wconf 84' lang='lat' dir='ltr'><strong>est</strong></span> <span class='ocrx_word' id='word_1_79' title='bbox 394 1137 467 1201; x_wconf 90' lang='lat' dir='ltr'><strong>el,</strong></span> <span class='ocrx_word' id='word_1_80' title='bbox 492 1136 548 1190; x_wconf 88' lang='lat' dir='ltr'><strong>id</strong></span> <span class='ocrx_word' id='word_1_81' title='bbox 559 1143 644 1189; x_wconf 88' lang='lat' dir='ltr'><strong>est</strong></span> <span class='ocrx_word' id='word_1_82' title='bbox 664 1132 836 1188; x_wconf 82' lang='lat' dir='ltr'><strong>fortis.</strong></span> <span class='ocrx_word' id='word_1_83' title='bbox 864 1131 1070 1186; x_wconf 89' lang='lat' dir='ltr'><strong>Deinde</strong></span> <span class='ocrx_word' id='word_1_84' title='bbox 1093 1131 1248 1186; x_wconf 88' lang='lat' dir='ltr'><strong>eloim</strong></span> <span class='ocrx_word' id='word_1_85' title='bbox 1269 1146 1336 1186; x_wconf 81' lang='lat' dir='ltr'><strong>ex</strong></span> <span class='ocrx_word' id='word_1_86' title='bbox 1357 1129 1488 1195; x_wconf 89' lang='lat' dir='ltr'><strong>eloe,</strong></span> <span class='ocrx_word' id='word_1_87' title='bbox 1506 1129 1646 1198; x_wconf 90' lang='lat' dir='ltr'><strong>quod</strong></span> <span class='ocrx_word' id='word_1_88' title='bbox 1666 1139 1876 1182; x_wconf 86' lang='lat' dir='ltr'><strong>utrum-</strong></span> 
     </span>
    </p>
   </div>
   <div class='ocr_carea' id='block_1_12' title="bbox 288 1219 1876 1298">
    <p class='ocr_par' dir='ltr' id='par_1_12' title="bbox 288 1219 1876 1298">
     <span class='ocr_line' id='line_1_12' title="bbox 288 1219 1876 1298; baseline -0.006 -15"><span class='ocrx_word' id='word_1_89' title='bbox 288 1245 393 1298; x_wconf 89' lang='lat' dir='ltr'><strong>que</strong></span> <span class='ocrx_word' id='word_1_90' title='bbox 412 1228 617 1282; x_wconf 89' lang='lat' dir='ltr'><strong>dicitur</strong></span> <span class='ocrx_word' id='word_1_91' title='bbox 643 1219 785 1279; x_wconf 77' lang='lat' dir='ltr'><strong>Deus</strong></span> <span class='ocrx_word' id='word_1_92' title='bbox 811 1241 824 1276; x_wconf 88' lang='lat'><strong>:</strong></span> <span class='ocrx_word' id='word_1_93' title='bbox 858 1222 1000 1277; x_wconf 89' lang='lat' dir='ltr'><strong>unde</strong></span> <span class='ocrx_word' id='word_1_94' title='bbox 1028 1221 1359 1291; x_wconf 78' lang='lat' dir='ltr'><strong>geminatum</strong></span> <span class='ocrx_word' id='word_1_95' title='bbox 1388 1219 1700 1288; x_wconf 80' lang='lat' dir='ltr'><strong>frequenter</strong></span> <span class='ocrx_word' id='word_1_96' title='bbox 1728 1221 1876 1273; x_wconf 85' lang='lat' dir='ltr'><strong>inve-</strong></span> 
     </span>
    </p>
   </div>
   <div class='ocr_carea' id='block_1_13' title="bbox 290 1309 1876 1381">
    <p class='ocr_par' dir='ltr' id='par_1_13' title="bbox 290 1309 1876 1381">
     <span class='ocr_line' id='line_1_13' title="bbox 290 1309 1876 1381; baseline -0.008 -6"><span class='ocrx_word' id='word_1_97' title='bbox 290 1321 495 1381; x_wconf 86' lang='lat' dir='ltr'><strong>nimus,</strong></span> <span class='ocrx_word' id='word_1_98' title='bbox 521 1326 578 1371; x_wconf 89' lang='lat' dir='ltr'><strong>ut</strong></span> <span class='ocrx_word' id='word_1_99' title='bbox 599 1324 710 1370; x_wconf 86' lang='lat' dir='ltr'><strong>est:</strong></span> <span class='ocrx_word' id='word_1_100' title='bbox 733 1313 898 1375; x_wconf 86' lang='lat' dir='ltr'><strong>Deus,</strong></span> <span class='ocrx_word' id='word_1_101' title='bbox 914 1312 1056 1366; x_wconf 86' lang='lat' dir='ltr'><strong>Deus</strong></span> <span class='ocrx_word' id='word_1_102' title='bbox 1075 1328 1242 1376; x_wconf 91' lang='lat' dir='ltr'><strong>meus,</strong></span> <span class='ocrx_word' id='word_1_103' title='bbox 1267 1328 1428 1381; x_wconf 82' lang='lat' dir='ltr'><strong>quare</strong></span> <span class='ocrx_word' id='word_1_104' title='bbox 1456 1327 1536 1363; x_wconf 91' lang='lat' dir='ltr'><strong>me</strong></span> <span class='ocrx_word' id='word_1_105' title='bbox 1555 1309 1876 1378; x_wconf 82' lang='lat' dir='ltr'><strong>dereliquisti</strong></span> 
     </span>
    </p>
   </div>
   <div class='ocr_carea' id='block_1_14' title="bbox 295 1398 1877 1479">
    <p class='ocr_par' dir='ltr' id='par_1_14' title="bbox 295 1398 1877 1479">
     <span class='ocr_line' id='line_1_14' title="bbox 295 1398 1877 1479; baseline -0.008 -17"><span class='ocrx_word' id='word_1_106' title='bbox 295 1407 464 1479; x_wconf 87' lang='lat' dir='ltr'><strong>(Psal.</strong></span> <span class='ocrx_word' id='word_1_107' title='bbox 495 1406 648 1474; x_wconf 74' lang='lat' dir='ltr'><strong>xu)?</strong></span> <span class='ocrx_word' id='word_1_108' title='bbox 671 1404 738 1458; x_wconf 85' lang='lat' dir='ltr'><strong>Et</strong></span> <span class='ocrx_word' id='word_1_109' title='bbox 761 1421 775 1456; x_wconf 89' lang='lat'><strong>:</strong></span> <span class='ocrx_word' id='word_1_110' title='bbox 806 1402 969 1466; x_wconf 87' lang='lat' dir='ltr'><strong>Deus,</strong></span> <span class='ocrx_word' id='word_1_111' title='bbox 994 1401 1130 1454; x_wconf 89' lang='lat' dir='ltr'><strong>Deus</strong></span> <span class='ocrx_word' id='word_1_112' title='bbox 1156 1417 1324 1464; x_wconf 85' lang='lat' dir='ltr'><strong>meus,</strong></span> <span class='ocrx_word' id='word_1_113' title='bbox 1348 1401 1416 1453; x_wconf 90' lang='lat' dir='ltr'><strong>ad</strong></span> <span class='ocrx_word' id='word_1_114' title='bbox 1439 1410 1487 1453; x_wconf 87' lang='lat' dir='ltr'><strong>le</strong></span> <span class='ocrx_word' id='word_1_115' title='bbox 1509 1400 1571 1452; x_wconf 86' lang='lat' dir='ltr'><strong>de</strong></span> <span class='ocrx_word' id='word_1_116' title='bbox 1591 1399 1705 1452; x_wconf 86' lang='lat' dir='ltr'><strong>luce</strong></span> <span class='ocrx_word' id='word_1_117' title='bbox 1722 1398 1877 1468; x_wconf 82' lang='lat' dir='ltr'><strong>vigilo</strong></span> 
     </span>
    </p>
   </div>
   <div class='ocr_carea' id='block_1_15' title="bbox 292 1489 1879 1571">
    <p class='ocr_par' dir='ltr' id='par_1_15' title="bbox 292 1489 1879 1571">
     <span class='ocr_line' id='line_1_15' title="bbox 292 1489 1879 1571; baseline -0.007 -17"><span class='ocrx_word' id='word_1_118' title='bbox 292 1498 469 1571; x_wconf 83' lang='lat' dir='ltr'><strong>(Psal.</strong></span> <span class='ocrx_word' id='word_1_119' title='bbox 503 1496 664 1568; x_wconf 82' lang='lat' dir='ltr'><strong>Lm),</strong></span> <span class='ocrx_word' id='word_1_120' title='bbox 689 1503 744 1549; x_wconf 91' lang='lat' dir='ltr'><strong>et</strong></span> <span class='ocrx_word' id='word_1_121' title='bbox 764 1494 850 1548; x_wconf 82' lang='lat' dir='ltr'><strong>lllS</strong></span> <span class='ocrx_word' id='word_1_122' title='bbox 869 1493 1086 1548; x_wconf 84' lang='lat' dir='ltr'><strong>similia.</strong></span> <span class='ocrx_word' id='word_1_123' title='bbox 1115 1492 1398 1558; x_wconf 85' lang='lat' dir='ltr'><strong>Quartum,</strong></span> <span class='ocrx_word' id='word_1_124' title='bbox 1429 1490 1714 1555; x_wconf 76' lang='lat' dir='ltr'><strong>Sabbaotlz,</strong></span> <span class='ocrx_word' id='word_1_125' title='bbox 1737 1489 1879 1558; x_wconf 87' lang='lat' dir='ltr'><strong>quod</strong></span> 
     </span>
    </p>
   </div>
   <div class='ocr_carea' id='block_1_16' title="bbox 294 1580 1878 1656">
    <p class='ocr_par' dir='ltr' id='par_1_16' title="bbox 294 1580 1878 1656">
     <span class='ocr_line' id='line_1_16' title="bbox 294 1580 1878 1656; baseline -0.007 -10"><span class='ocrx_word' id='word_1_126' title='bbox 294 1601 398 1656; x_wconf 87' lang='lat' dir='ltr'><strong>est,</strong></span> <span class='ocrx_word' id='word_1_127' title='bbox 428 1589 776 1644; x_wconf 68' lang='lat' dir='ltr'><strong>exercituum.</strong></span> <span class='ocrx_word' id='word_1_128' title='bbox 799 1585 1079 1652; x_wconf 84' lang='lat' dir='ltr'><strong>Quintum,</strong></span> <span class='ocrx_word' id='word_1_129' title='bbox 1107 1582 1227 1638; x_wconf 85' lang='lat' dir='ltr'><strong>elon</strong></span> <span class='ocrx_word' id='word_1_130' title='bbox 1246 1623 1262 1648; x_wconf 95' lang='lat'><strong>,</strong></span> <span class='ocrx_word' id='word_1_131' title='bbox 1295 1597 1454 1652; x_wconf 84' lang='lat' dir='ltr'><strong>quem</strong></span> <span class='ocrx_word' id='word_1_132' title='bbox 1483 1597 1583 1636; x_wconf 88' lang='lat' dir='ltr'><strong>nos</strong></span> <span class='ocrx_word' id='word_1_133' title='bbox 1617 1580 1878 1636; x_wconf 74' lang='lat' dir='ltr'><strong>excelsum</strong></span> 
     </span>
    </p>
   </div>
   <div class='ocr_carea' id='block_1_17' title="bbox 291 1671 1876 1744">
    <p class='ocr_par' dir='ltr' id='par_1_17' title="bbox 291 1671 1876 1744">
     <span class='ocr_line' id='line_1_17' title="bbox 291 1671 1876 1744; baseline -0.011 -4"><span class='ocrx_word' id='word_1_134' title='bbox 291 1684 553 1740; x_wconf 81' lang='lat' dir='ltr'><strong>dicimus.</strong></span> <span class='ocrx_word' id='word_1_135' title='bbox 577 1680 823 1742; x_wconf 77' lang='lat' dir='ltr'><strong>Sextum,</strong></span> <span class='ocrx_word' id='word_1_136' title='bbox 849 1675 1164 1740; x_wconf 67' lang='lat' dir='ltr'><strong>Asserheiae,</strong></span> <span class='ocrx_word' id='word_1_137' title='bbox 1198 1673 1341 1744; x_wconf 91' lang='lat' dir='ltr'><strong>quod</strong></span> <span class='ocrx_word' id='word_1_138' title='bbox 1368 1673 1422 1726; x_wconf 91' lang='lat' dir='ltr'><strong>in</strong></span> <span class='ocrx_word' id='word_1_139' title='bbox 1445 1673 1631 1730; x_wconf 80' lang='lat' dir='ltr'><strong>Exodo</strong></span> <span class='ocrx_word' id='word_1_140' title='bbox 1651 1671 1876 1742; x_wconf 77' lang='lat' dir='ltr'><strong>legitur:</strong></span> 
     </span>
    </p>
   </div>
   <div class='ocr_carea' id='block_1_18' title="bbox 1971 498 3546 576">
    <p class='ocr_par' dir='ltr' id='par_1_18' title="bbox 1971 498 3546 576">
     <span class='ocr_line' id='line_1_18' title="bbox 1971 498 3546 576; baseline 0.008 -25"><span class='ocrx_word' id='word_1_141' title='bbox 1971 513 2096 552; x_wconf 86' lang='lat' dir='ltr'><strong>men</strong></span> <span class='ocrx_word' id='word_1_142' title='bbox 2131 499 2343 553; x_wconf 89' lang='lat' dir='ltr'><strong>Domini</strong></span> <span class='ocrx_word' id='word_1_143' title='bbox 2383 498 2591 560; x_wconf 86' lang='lat' dir='ltr'><strong>laudat.</strong></span> <span class='ocrx_word' id='word_1_144' title='bbox 2623 500 2712 568; x_wconf 87' lang='lat' dir='ltr'><strong>qui</strong></span> <span class='ocrx_word' id='word_1_145' title='bbox 2746 515 2933 554; x_wconf 86' lang='lat' dir='ltr'><strong>sanam</strong></span> <span class='ocrx_word' id='word_1_146' title='bbox 2971 502 3130 559; x_wconf 89' lang='lat' dir='ltr'><strong>ﬁdem</strong></span> <span class='ocrx_word' id='word_1_147' title='bbox 3167 513 3314 561; x_wconf 87' lang='lat' dir='ltr'><strong>recte</strong></span> <span class='ocrx_word' id='word_1_148' title='bbox 3350 509 3546 576; x_wconf 66' lang='lat' dir='ltr'><strong>praedi-</strong></span> 
     </span>
    </p>
   </div>
   <div class='ocr_carea' id='block_1_19' title="bbox 1972 587 3546 666">
    <p class='ocr_par' dir='ltr' id='par_1_19' title="bbox 1972 587 3546 666">
     <span class='ocr_line' id='line_1_19' title="bbox 1972 587 3546 666; baseline 0.008 -26"><span class='ocrx_word' id='word_1_149' title='bbox 1972 596 2080 650; x_wconf 91' lang='lat' dir='ltr'><strong>cat,</strong></span> <span class='ocrx_word' id='word_1_150' title='bbox 2107 595 2162 642; x_wconf 90' lang='lat' dir='ltr'><strong>et</strong></span> <span class='ocrx_word' id='word_1_151' title='bbox 2182 587 2320 642; x_wconf 85' lang='lat' dir='ltr'><strong>bene</strong></span> <span class='ocrx_word' id='word_1_152' title='bbox 2344 589 2586 653; x_wconf 84' lang='lat' dir='ltr'><strong>vivendo,</strong></span> <span class='ocrx_word' id='word_1_153' title='bbox 2617 589 2773 645; x_wconf 86' lang='lat' dir='ltr'><strong>bonis</strong></span> <span class='ocrx_word' id='word_1_154' title='bbox 2796 592 3050 660; x_wconf 86' lang='lat' dir='ltr'><strong>operibus</strong></span> <span class='ocrx_word' id='word_1_155' title='bbox 3075 608 3195 648; x_wconf 88' lang='lat' dir='ltr'><strong>eam</strong></span> <span class='ocrx_word' id='word_1_156' title='bbox 3231 595 3352 651; x_wconf 88' lang='lat' dir='ltr'><strong>aliis</strong></span> <span class='ocrx_word' id='word_1_157' title='bbox 3386 597 3546 666; x_wconf 80' lang='lat' dir='ltr'><strong>digne</strong></span> 
     </span>
    </p>
   </div>
   <div class='ocr_carea' id='block_1_20' title="bbox 1971 678 3547 756">
    <p class='ocr_par' dir='ltr' id='par_1_20' title="bbox 1971 678 3547 756">
     <span class='ocr_line' id='line_1_20' title="bbox 1971 678 3547 756; baseline 0.006 -22"><span class='ocrx_word' id='word_1_158' title='bbox 1971 679 2332 734; x_wconf 84' lang='lat' dir='ltr'><strong>commendat.</strong></span> <span class='ocrx_word' id='word_1_159' title='bbox 2361 678 2417 733; x_wconf 92' lang='lat' dir='ltr'><strong>ln</strong></span> <span class='ocrx_word' id='word_1_160' title='bbox 2450 681 2743 735; x_wconf 86' lang='lat' dir='ltr'><strong>centesimo</strong></span> <span class='ocrx_word' id='word_1_161' title='bbox 2775 697 2988 751; x_wconf 90' lang='lat' dir='ltr'><strong>quoque</strong></span> <span class='ocrx_word' id='word_1_162' title='bbox 3019 691 3074 738; x_wconf 90' lang='lat' dir='ltr'><strong>et</strong></span> <span class='ocrx_word' id='word_1_163' title='bbox 3109 693 3304 754; x_wconf 76' lang='lat' dir='ltr'><strong>quarto</strong></span> <span class='ocrx_word' id='word_1_164' title='bbox 3336 689 3547 756; x_wconf 85' lang='lat' dir='ltr'><strong>psalmo</strong></span> 
     </span>
    </p>
   </div>
   <div class='ocr_carea' id='block_1_21' title="bbox 1969 767 3540 849">
    <p class='ocr_par' dir='ltr' id='par_1_21' title="bbox 1969 767 3540 849">
     <span class='ocr_line' id='line_1_21' title="bbox 1969 767 3540 849; baseline 0.006 -28"><span class='ocrx_word' id='word_1_165' title='bbox 1969 767 2045 822; x_wconf 90' lang='lat' dir='ltr'><strong>ita</strong></span> <span class='ocrx_word' id='word_1_166' title='bbox 2085 769 2344 838; x_wconf 86' lang='lat' dir='ltr'><strong>scriptum</strong></span> <span class='ocrx_word' id='word_1_167' title='bbox 2383 777 2506 823; x_wconf 89' lang='lat' dir='ltr'><strong>est:</strong></span> <span class='ocrx_word' id='word_1_168' title='bbox 2538 767 2857 826; x_wconf 86' lang='lat' dir='ltr'><strong>Laudamini</strong></span> <span class='ocrx_word' id='word_1_169' title='bbox 2885 773 2941 827; x_wconf 90' lang='lat' dir='ltr'><strong>in</strong></span> <span class='ocrx_word' id='word_1_170' title='bbox 2971 775 3180 828; x_wconf 82' lang='lat' dir='ltr'><strong>nomine</strong></span> <span class='ocrx_word' id='word_1_171' title='bbox 3213 785 3396 829; x_wconf 83' lang='lat' dir='ltr'><strong>sancto</strong></span> <span class='ocrx_word' id='word_1_172' title='bbox 3425 778 3540 849; x_wconf 90' lang='lat' dir='ltr'><strong>ejus</strong></span> 
     </span>
    </p>
   </div>
   <div class='ocr_carea' id='block_1_22' title="bbox 1973 857 2304 929">
    <p class='ocr_par' dir='ltr' id='par_1_22' title="bbox 1973 857 2304 929">
     <span class='ocr_line' id='line_1_22' title="bbox 1973 857 2304 929; baseline -0.006 -16"><span class='ocrx_word' id='word_1_173' title='bbox 1973 857 2148 929; x_wconf 87' lang='lat' dir='ltr'><strong>(Psal.</strong></span> <span class='ocrx_word' id='word_1_174' title='bbox 2170 857 2304 929; x_wconf 79' lang='lat' dir='ltr'><strong>CIV).</strong></span> 
     </span>
    </p>
   </div>
   <div class='ocr_carea' id='block_1_23' title="bbox 2044 929 3548 1025">
    <p class='ocr_par' dir='ltr' id='par_1_23' title="bbox 2044 929 3548 1025">
     <span class='ocr_line' id='line_1_23' title="bbox 2044 929 3548 1025; baseline 0.007 -23"><span class='ocrx_word' id='word_1_175' title='bbox 2044 948 2274 1004; x_wconf 70' lang='lat' dir='ltr'><strong>Lwtetur</strong></span> <span class='ocrx_word' id='word_1_176' title='bbox 2299 967 2389 1004; x_wconf 91' lang='lat' dir='ltr'><strong>cor</strong></span> <span class='ocrx_word' id='word_1_177' title='bbox 2414 954 2754 1021; x_wconf 73' lang='lat' dir='ltr'><strong>qurerentium</strong></span> <span class='ocrx_word' id='word_1_178' title='bbox 2793 953 3097 1008; x_wconf 86' lang='lat' dir='ltr'><strong>Dominum.</strong></span> <span class='ocrx_word' id='word_1_179' title='bbox 3123 954 3200 1010; x_wconf 85' lang='lat' dir='ltr'><strong>Ne</strong></span> <span class='ocrx_word' id='word_1_180' title='bbox 3234 957 3355 1025; x_wconf 86' lang='lat' dir='ltr'><strong>quis</strong></span> <span class='ocrx_word' id='word_1_181' title='bbox 3393 929 3548 1013; x_wconf 79' lang='lat' dir='ltr'><strong>forsi-</strong></span> 
     </span>
    </p>
   </div>
   <div class='ocr_carea' id='block_1_24' title="bbox 1973 1039 3544 1115">
    <p class='ocr_par' dir='ltr' id='par_1_24' title="bbox 1973 1039 3544 1115">
     <span class='ocr_line' id='line_1_24' title="bbox 1973 1039 3544 1115; baseline 0.006 -22"><span class='ocrx_word' id='word_1_182' title='bbox 1973 1047 2065 1094; x_wconf 86' lang='lat' dir='ltr'><strong>tan</strong></span> <span class='ocrx_word' id='word_1_183' title='bbox 2093 1039 2208 1094; x_wconf 88' lang='lat' dir='ltr'><strong>suis</strong></span> <span class='ocrx_word' id='word_1_184' title='bbox 2239 1040 2442 1094; x_wconf 89' lang='lat' dir='ltr'><strong>viribus</strong></span> <span class='ocrx_word' id='word_1_185' title='bbox 2473 1040 2786 1109; x_wconf 87' lang='lat' dir='ltr'><strong>applicaret,</strong></span> <span class='ocrx_word' id='word_1_186' title='bbox 2817 1056 2938 1095; x_wconf 91' lang='lat' dir='ltr'><strong>cum</strong></span> <span class='ocrx_word' id='word_1_187' title='bbox 2970 1043 3093 1096; x_wconf 90' lang='lat' dir='ltr'><strong>boni</strong></span> <span class='ocrx_word' id='word_1_188' title='bbox 3123 1044 3321 1114; x_wconf 87' lang='lat' dir='ltr'><strong>aliquid</strong></span> <span class='ocrx_word' id='word_1_189' title='bbox 3347 1062 3544 1115; x_wconf 83' lang='lat' dir='ltr'><strong>opera-</strong></span> 
     </span>
    </p>
   </div>
   <div class='ocr_carea' id='block_1_25' title="bbox 1975 1129 3548 1199">
    <p class='ocr_par' dir='ltr' id='par_1_25' title="bbox 1975 1129 3548 1199">
     <span class='ocr_line' id='line_1_25' title="bbox 1975 1129 3548 1199; baseline 0.003 -15"><span class='ocrx_word' id='word_1_190' title='bbox 1975 1139 2084 1193; x_wconf 88' lang='lat' dir='ltr'><strong>tur,</strong></span> <span class='ocrx_word' id='word_1_191' title='bbox 2127 1138 2316 1185; x_wconf 89' lang='lat' dir='ltr'><strong>cautus</strong></span> <span class='ocrx_word' id='word_1_192' title='bbox 2357 1131 2545 1184; x_wconf 91' lang='lat' dir='ltr'><strong>doctor</strong></span> <span class='ocrx_word' id='word_1_193' title='bbox 2588 1129 2803 1199; x_wconf 84' lang='lat' dir='ltr'><strong>fragiles</strong></span> <span class='ocrx_word' id='word_1_194' title='bbox 2851 1138 3062 1195; x_wconf 90' lang='lat' dir='ltr'><strong>monet,</strong></span> <span class='ocrx_word' id='word_1_195' title='bbox 3105 1132 3316 1198; x_wconf 89' lang='lat' dir='ltr'><strong>dicens,</strong></span> <span class='ocrx_word' id='word_1_196' title='bbox 3357 1151 3464 1189; x_wconf 90' lang='lat' dir='ltr'><strong>non</strong></span> <span class='ocrx_word' id='word_1_197' title='bbox 3496 1136 3548 1189; x_wconf 91' lang='lat' dir='ltr'><strong>in</strong></span> 
     </span>
    </p>
   </div>
   <div class='ocr_carea' id='block_1_26' title="bbox 1977 1221 3551 1294">
    <p class='ocr_par' dir='ltr' id='par_1_26' title="bbox 1977 1221 3551 1294">
     <span class='ocr_line' id='line_1_26' title="bbox 1977 1221 3551 1294; baseline 0.001 -16"><span class='ocrx_word' id='word_1_198' title='bbox 1977 1239 2136 1278; x_wconf 87' lang='lat' dir='ltr'><strong>sensu</strong></span> <span class='ocrx_word' id='word_1_199' title='bbox 2175 1223 2417 1292; x_wconf 84' lang='lat' dir='ltr'><strong>prOprio,</strong></span> <span class='ocrx_word' id='word_1_200' title='bbox 2459 1222 2552 1277; x_wconf 88' lang='lat' dir='ltr'><strong>sed</strong></span> <span class='ocrx_word' id='word_1_201' title='bbox 2595 1223 2648 1276; x_wconf 91' lang='lat' dir='ltr'><strong>in</strong></span> <span class='ocrx_word' id='word_1_202' title='bbox 2679 1221 2906 1277; x_wconf 88' lang='lat' dir='ltr'><strong>Domino</strong></span> <span class='ocrx_word' id='word_1_203' title='bbox 2933 1238 3054 1278; x_wconf 71' lang='lat' dir='ltr'><strong>esse</strong></span> <span class='ocrx_word' id='word_1_204' title='bbox 3081 1223 3418 1294; x_wconf 77' lang='lat' dir='ltr'><strong>gloriandum</strong></span> <span class='ocrx_word' id='word_1_205' title='bbox 3439 1267 3452 1288; x_wconf 90' lang='lat'><strong>,</strong></span> <span class='ocrx_word' id='word_1_206' title='bbox 3491 1235 3551 1282; x_wconf 92' lang='lat' dir='ltr'><strong>ut</strong></span> 
     </span>
    </p>
   </div>
   <div class='ocr_carea' id='block_1_27' title="bbox 1969 1313 3552 1385">
    <p class='ocr_par' dir='ltr' id='par_1_27' title="bbox 1969 1313 3552 1385">
     <span class='ocr_line' id='line_1_27' title="bbox 1969 1313 3552 1385; baseline 0.001 -16"><span class='ocrx_word' id='word_1_207' title='bbox 1969 1315 2282 1384; x_wconf 76' lang='lat' dir='ltr'><strong>iactantiam</strong></span> <span class='ocrx_word' id='word_1_208' title='bbox 2322 1313 2515 1370; x_wconf 82' lang='lat' dir='ltr'><strong>falsam</strong></span> <span class='ocrx_word' id='word_1_209' title='bbox 2560 1314 2860 1385; x_wconf 78' lang='lat' dir='ltr'><strong>refugiant,</strong></span> <span class='ocrx_word' id='word_1_210' title='bbox 2891 1330 3012 1370; x_wconf 83' lang='lat' dir='ltr'><strong>cum</strong></span> <span class='ocrx_word' id='word_1_211' title='bbox 3058 1316 3172 1369; x_wconf 64' lang='lat' dir='ltr'><strong>hinc</strong></span> <span class='ocrx_word' id='word_1_212' title='bbox 3211 1332 3239 1369; x_wconf 88' lang='lat' dir='ltr'><strong>a</strong></span> <span class='ocrx_word' id='word_1_213' title='bbox 3275 1317 3552 1371; x_wconf 77' lang='lat' dir='ltr'><strong>divinitate</strong></span> 
     </span>
    </p>
   </div>
   <div class='ocr_carea' id='block_1_28' title="bbox 1977 1404 3550 1474">
    <p class='ocr_par' dir='ltr' id='par_1_28' title="bbox 1977 1404 3550 1474">
     <span class='ocr_line' id='line_1_28' title="bbox 1977 1404 3550 1474; baseline 0.001 -17"><span class='ocrx_word' id='word_1_214' title='bbox 1977 1418 2233 1458; x_wconf 87' lang='lat' dir='ltr'><strong>concessa</strong></span> <span class='ocrx_word' id='word_1_215' title='bbox 2265 1419 2386 1458; x_wconf 90' lang='lat' dir='ltr'><strong>esse</strong></span> <span class='ocrx_word' id='word_1_216' title='bbox 2433 1413 2793 1472; x_wconf 81' lang='lat' dir='ltr'><strong>cognoscant;</strong></span> <span class='ocrx_word' id='word_1_217' title='bbox 2827 1405 2966 1457; x_wconf 85' lang='lat' dir='ltr'><strong>sicut</strong></span> <span class='ocrx_word' id='word_1_218' title='bbox 3004 1412 3058 1458; x_wconf 89' lang='lat' dir='ltr'><strong>ct</strong></span> <span class='ocrx_word' id='word_1_219' title='bbox 3107 1404 3160 1458; x_wconf 93' lang='lat' dir='ltr'><strong>in</strong></span> <span class='ocrx_word' id='word_1_220' title='bbox 3201 1405 3305 1458; x_wconf 90' lang='lat' dir='ltr'><strong>alio</strong></span> <span class='ocrx_word' id='word_1_221' title='bbox 3345 1406 3550 1474; x_wconf 84' lang='lat' dir='ltr'><strong>psalmo</strong></span> 
     </span>
    </p>
   </div>
   <div class='ocr_carea' id='block_1_29' title="bbox 1978 1491 3552 1563">
    <p class='ocr_par' dir='ltr' id='par_1_29' title="bbox 1978 1491 3552 1563">
     <span class='ocr_line' id='line_1_29' title="bbox 1978 1491 3552 1563; baseline -0.001 -17"><span class='ocrx_word' id='word_1_222' title='bbox 1978 1493 2211 1563; x_wconf 83' lang='lat' dir='ltr'><strong>legitur:</strong></span> <span class='ocrx_word' id='word_1_223' title='bbox 2245 1492 2309 1546; x_wconf 89' lang='lat' dir='ltr'><strong>In</strong></span> <span class='ocrx_word' id='word_1_224' title='bbox 2353 1491 2578 1546; x_wconf 88' lang='lat' dir='ltr'><strong>Domino</strong></span> <span class='ocrx_word' id='word_1_225' title='bbox 2635 1491 2939 1544; x_wconf 82' lang='lat' dir='ltr'><strong>laudabitur</strong></span> <span class='ocrx_word' id='word_1_226' title='bbox 2985 1493 3164 1545; x_wconf 85' lang='lat' dir='ltr'><strong>anima</strong></span> <span class='ocrx_word' id='word_1_227' title='bbox 3201 1510 3314 1546; x_wconf 83' lang='lat' dir='ltr'><strong>mea</strong></span> <span class='ocrx_word' id='word_1_228' title='bbox 3370 1492 3552 1562; x_wconf 82' lang='lat' dir='ltr'><strong>(Psal.</strong></span> 
     </span>
    </p>
   </div>
   <div class='ocr_carea' id='block_1_30' title="bbox 1977 1581 3556 1655">
    <p class='ocr_par' dir='ltr' id='par_1_30' title="bbox 1977 1581 3556 1655">
     <span class='ocr_line' id='line_1_30' title="bbox 1977 1581 3556 1655; baseline 0 -19"><span class='ocrx_word' id='word_1_229' title='bbox 1977 1581 2194 1655; x_wconf 78' lang='lat' dir='ltr'><strong>xxxiii).</strong></span> <span class='ocrx_word' id='word_1_230' title='bbox 2236 1581 2352 1636; x_wconf 85' lang='lat' dir='ltr'><strong>Non</strong></span> <span class='ocrx_word' id='word_1_231' title='bbox 2399 1596 2528 1650; x_wconf 83' lang='lat' dir='ltr'><strong>ergo</strong></span> <span class='ocrx_word' id='word_1_232' title='bbox 2570 1590 2753 1645; x_wconf 82' lang='lat' dir='ltr'><strong>vetat,</strong></span> <span class='ocrx_word' id='word_1_233' title='bbox 2793 1589 2852 1634; x_wconf 92' lang='lat' dir='ltr'><strong>ut</strong></span> <span class='ocrx_word' id='word_1_234' title='bbox 2889 1582 3189 1646; x_wconf 87' lang='lat' dir='ltr'><strong>laudemur,</strong></span> <span class='ocrx_word' id='word_1_235' title='bbox 3233 1582 3356 1651; x_wconf 88' lang='lat' dir='ltr'><strong>quia</strong></span> <span class='ocrx_word' id='word_1_236' title='bbox 3399 1581 3556 1637; x_wconf 84' lang='lat' dir='ltr'><strong>bonis</strong></span> 
     </span>
    </p>
   </div>
   <div class='ocr_carea' id='block_1_31' title="bbox 1983 1672 3560 1742">
    <p class='ocr_par' dir='ltr' id='par_1_31' title="bbox 1983 1672 3560 1742">
     <span class='ocr_line' id='line_1_31' title="bbox 1983 1672 3560 1742; baseline -0.003 -12"><span class='ocrx_word' id='word_1_237' title='bbox 1983 1675 2286 1730; x_wconf 85' lang='lat' dir='ltr'><strong>actionibus</strong></span> <span class='ocrx_word' id='word_1_238' title='bbox 2313 1689 2421 1728; x_wconf 90' lang='lat' dir='ltr'><strong>non</strong></span> <span class='ocrx_word' id='word_1_239' title='bbox 2447 1681 2623 1742; x_wconf 87' lang='lat' dir='ltr'><strong>potest</strong></span> <span class='ocrx_word' id='word_1_240' title='bbox 2664 1688 2752 1727; x_wconf 87' lang='lat' dir='ltr'><strong>res</strong></span> <span class='ocrx_word' id='word_1_241' title='bbox 2783 1673 2884 1727; x_wconf 88' lang='lat' dir='ltr'><strong>ista</strong></span> <span class='ocrx_word' id='word_1_242' title='bbox 2930 1673 3212 1742; x_wconf 75' lang='lat' dir='ltr'><strong>denegari;</strong></span> <span class='ocrx_word' id='word_1_243' title='bbox 3246 1672 3341 1728; x_wconf 89' lang='lat' dir='ltr'><strong>sed</strong></span> <span class='ocrx_word' id='word_1_244' title='bbox 3371 1673 3426 1726; x_wconf 91' lang='lat' dir='ltr'><strong>in</strong></span> <span class='ocrx_word' id='word_1_245' title='bbox 3454 1672 3560 1726; x_wconf 91' lang='lat' dir='ltr'><strong>Do-</strong></span> 
     </span>
    </p>
   </div>
   <div class='ocr_carea' id='block_1_32' title="bbox 297 1746 3558 1838">
    <p class='ocr_par' dir='ltr' id='par_1_32' title="bbox 297 1746 3558 1838">
     <span class='ocr_line' id='line_1_32' title="bbox 297 1746 3558 1838; baseline -0 -21"><span class='ocrx_word' id='word_1_246' title='bbox 297 1771 402 1838; x_wconf 64' lang='lat' dir='ltr'><strong>Qau’</strong></span> <span class='ocrx_word' id='word_1_247' title='bbox 443 1777 552 1833; x_wconf 76' lang='lat' dir='ltr'><strong>est,</strong></span> <span class='ocrx_word' id='word_1_248' title='bbox 595 1767 737 1822; x_wconf 78' lang='lat' dir='ltr'><strong>misit</strong></span> <span class='ocrx_word' id='word_1_249' title='bbox 769 1781 849 1818; x_wconf 88' lang='lat' dir='ltr'><strong>me</strong></span> <span class='ocrx_word' id='word_1_250' title='bbox 890 1763 1089 1835; x_wconf 74' lang='lat' dir='ltr'><strong>(Exod.</strong></span> <span class='ocrx_word' id='word_1_251' title='bbox 1135 1760 1243 1833; x_wconf 89' lang='grc' dir='ltr'>ιιι).</span> <span class='ocrx_word' id='word_1_252' title='bbox 1290 1760 1622 1830; x_wconf 88' lang='lat' dir='ltr'><strong>Septimum,</strong></span> <span class='ocrx_word' id='word_1_253' title='bbox 1654 1759 1879 1824; x_wconf 85' lang='lat' dir='ltr'><strong>Adonai,</strong></span> <span class='ocrx_word' id='word_1_254' title='bbox 1910 1746 1958 1806; x_wconf 82' lang='lat' dir='ltr'><strong>B</strong></span> <span class='ocrx_word' id='word_1_255' title='bbox 1988 1767 2135 1822; x_wconf 89' lang='lat' dir='ltr'><strong>mino</strong></span> <span class='ocrx_word' id='word_1_256' title='bbox 2162 1765 2461 1829; x_wconf 86' lang='lat' dir='ltr'><strong>laudemur,</strong></span> <span class='ocrx_word' id='word_1_257' title='bbox 2493 1765 2582 1833; x_wconf 91' lang='lat' dir='ltr'><strong>qui</strong></span> <span class='ocrx_word' id='word_1_258' title='bbox 2612 1772 2837 1834; x_wconf 77' lang='lat' dir='ltr'><strong>przestat</strong></span> <span class='ocrx_word' id='word_1_259' title='bbox 2863 1764 2953 1818; x_wconf 90' lang='lat' dir='ltr'><strong>illa</strong></span> <span class='ocrx_word' id='word_1_260' title='bbox 2984 1780 3103 1834; x_wconf 74' lang='lat' dir='ltr'><strong>quae</strong></span> <span class='ocrx_word' id='word_1_261' title='bbox 3127 1765 3266 1818; x_wconf 91' lang='lat' dir='ltr'><strong>bene</strong></span> <span class='ocrx_word' id='word_1_262' title='bbox 3299 1764 3558 1832; x_wconf 80' lang='lat' dir='ltr'><strong>gerimus.</strong></span> 
     </span>
    </p>
   </div>
   <div class='ocr_carea' id='block_1_33' title="bbox 292 1848 1876 1932">
    <p class='ocr_par' dir='ltr' id='par_1_33' title="bbox 292 1848 1876 1932">
     <span class='ocr_line' id='line_1_33' title="bbox 292 1848 1876 1932; baseline -0.009 -15"><span class='ocrx_word' id='word_1_263' title='bbox 292 1876 457 1932; x_wconf 77' lang='lat' dir='ltr'><strong>quem</strong></span> <span class='ocrx_word' id='word_1_264' title='bbox 502 1874 602 1914; x_wconf 87' lang='lat' dir='ltr'><strong>nos</strong></span> <span class='ocrx_word' id='word_1_265' title='bbox 641 1857 926 1911; x_wconf 86' lang='lat' dir='ltr'><strong>Dominum</strong></span> <span class='ocrx_word' id='word_1_266' title='bbox 973 1852 1296 1922; x_wconf 79' lang='lat' dir='ltr'><strong>generaliter</strong></span> <span class='ocrx_word' id='word_1_267' title='bbox 1330 1850 1681 1921; x_wconf 85' lang='lat' dir='ltr'><strong>appellamus.</strong></span> <span class='ocrx_word' id='word_1_268' title='bbox 1714 1848 1876 1904; x_wconf 89' lang='lat' dir='ltr'><strong>Octa-</strong></span> 
     </span>
    </p>
   </div>
   <div class='ocr_carea' id='block_1_34' title="bbox 296 1936 1880 2018">
    <p class='ocr_par' dir='ltr' id='par_1_34' title="bbox 296 1936 1880 2018">
     <span class='ocr_line' id='line_1_34' title="bbox 296 1936 1880 2018; baseline -0.011 -12"><span class='ocrx_word' id='word_1_269' title='bbox 296 1966 447 2015; x_wconf 85' lang='lat' dir='ltr'><strong>vum,</strong></span> <span class='ocrx_word' id='word_1_270' title='bbox 473 1949 564 2013; x_wconf 86' lang='lat' dir='ltr'><strong>la,</strong></span> <span class='ocrx_word' id='word_1_271' title='bbox 592 1946 737 2018; x_wconf 90' lang='lat' dir='ltr'><strong>quod</strong></span> <span class='ocrx_word' id='word_1_272' title='bbox 767 1946 877 2000; x_wconf 88' lang='lat' dir='ltr'><strong>Deo</strong></span> <span class='ocrx_word' id='word_1_273' title='bbox 899 1953 1107 1999; x_wconf 91' lang='lat' dir='ltr'><strong>tantum</strong></span> <span class='ocrx_word' id='word_1_274' title='bbox 1135 1941 1452 2012; x_wconf 87' lang='lat' dir='ltr'><strong>applicatur,</strong></span> <span class='ocrx_word' id='word_1_275' title='bbox 1482 1947 1539 1994; x_wconf 90' lang='lat' dir='ltr'><strong>et</strong></span> <span class='ocrx_word' id='word_1_276' title='bbox 1572 1939 1627 1992; x_wconf 92' lang='lat' dir='ltr'><strong>in</strong></span> <span class='ocrx_word' id='word_1_277' title='bbox 1653 1936 1880 1992; x_wconf 81' lang='lat' dir='ltr'><strong>Alleluia</strong></span> 
     </span>
    </p>
   </div>
   <div class='ocr_carea' id='block_1_35' title="bbox 297 2029 1880 2108">
    <p class='ocr_par' dir='ltr' id='par_1_35' title="bbox 297 2029 1880 2108">
     <span class='ocr_line' id='line_1_35' title="bbox 297 2029 1880 2108; baseline -0.008 -12"><span class='ocrx_word' id='word_1_278' title='bbox 297 2049 546 2096; x_wconf 69' lang='lat' dir='ltr'><strong>extrema</strong></span> <span class='ocrx_word' id='word_1_279' title='bbox 568 2037 772 2108; x_wconf 85' lang='lat' dir='ltr'><strong>syllaba</strong></span> <span class='ocrx_word' id='word_1_280' title='bbox 793 2041 970 2090; x_wconf 90' lang='lat' dir='ltr'><strong>sonat.</strong></span> <span class='ocrx_word' id='word_1_281' title='bbox 1003 2032 1211 2087; x_wconf 82' lang='lat' dir='ltr'><strong>Nonum</strong></span> <span class='ocrx_word' id='word_1_282' title='bbox 1247 2040 1674 2101; x_wconf 84' lang='lat' dir='ltr'><strong>tetragrammum</strong></span> <span class='ocrx_word' id='word_1_283' title='bbox 1692 2068 1708 2094; x_wconf 94' lang='lat'><strong>,</strong></span> <span class='ocrx_word' id='word_1_284' title='bbox 1735 2029 1880 2098; x_wconf 90' lang='lat' dir='ltr'><strong>quod</strong></span> 
     </span>
    </p>
   </div>
   <div class='ocr_carea' id='block_1_36' title="bbox 298 2116 1884 2194">
    <p class='ocr_par' dir='ltr' id='par_1_36' title="bbox 298 2116 1884 2194">
     <span class='ocr_line' id='line_1_36' title="bbox 298 2116 1884 2194; baseline -0.009 -10"><span class='ocrx_word' id='word_1_285' title='bbox 298 2125 574 2184; x_wconf 75' lang='lat' dir='ltr'><strong>ineffabile</strong></span> <span class='ocrx_word' id='word_1_286' title='bbox 605 2131 966 2194; x_wconf 90' lang='lat' dir='ltr'><strong>nuncupatur.</strong></span> <span class='ocrx_word' id='word_1_287' title='bbox 989 2120 1267 2175; x_wconf 89' lang='lat' dir='ltr'><strong>Decimum</strong></span> <span class='ocrx_word' id='word_1_288' title='bbox 1289 2159 1305 2184; x_wconf 96' lang='lat'><strong>,</strong></span> <span class='ocrx_word' id='word_1_289' title='bbox 1333 2119 1518 2172; x_wconf 84' lang='lat' dir='ltr'><strong>Adona</strong></span> <span class='ocrx_word' id='word_1_290' title='bbox 1536 2157 1553 2182; x_wconf 94' lang='lat'><strong>,</strong></span> <span class='ocrx_word' id='word_1_291' title='bbox 1598 2116 1654 2170; x_wconf 89' lang='lat' dir='ltr'><strong>id</strong></span> <span class='ocrx_word' id='word_1_292' title='bbox 1675 2123 1762 2172; x_wconf 89' lang='lat' dir='ltr'><strong>est</strong></span> <span class='ocrx_word' id='word_1_293' title='bbox 1798 2133 1884 2170; x_wconf 86' lang='lat' dir='ltr'><strong>ro-</strong></span> 
     </span>
    </p>
   </div>
   <div class='ocr_carea' id='block_1_37' title="bbox 299 2205 1882 2284">
    <p class='ocr_par' dir='ltr' id='par_1_37' title="bbox 299 2205 1882 2284">
     <span class='ocr_line' id='line_1_37' title="bbox 299 2205 1882 2284; baseline -0.008 -11"><span class='ocrx_word' id='word_1_294' title='bbox 299 2220 510 2273; x_wconf 79' lang='lat' dir='ltr'><strong>bustum</strong></span> <span class='ocrx_word' id='word_1_295' title='bbox 536 2226 584 2270; x_wconf 89' lang='lat' dir='ltr'><strong>et</strong></span> <span class='ocrx_word' id='word_1_296' title='bbox 611 2215 942 2284; x_wconf 71' lang='lat' dir='ltr'><strong>sufﬁcientem</strong></span> <span class='ocrx_word' id='word_1_297' title='bbox 969 2210 1037 2265; x_wconf 89' lang='lat' dir='ltr'><strong>ad</strong></span> <span class='ocrx_word' id='word_1_298' title='bbox 1067 2210 1243 2264; x_wconf 83' lang='lat' dir='ltr'><strong>omnia</strong></span> <span class='ocrx_word' id='word_1_299' title='bbox 1262 2207 1754 2280; x_wconf 81' lang='lat' dir='ltr'><strong>perpetranda,etc.</strong></span> <span class='ocrx_word' id='word_1_300' title='bbox 1777 2205 1882 2261; x_wconf 84' lang='lat' dir='ltr'><strong>No-</strong></span> 
     </span>
    </p>
   </div>
   <div class='ocr_carea' id='block_1_38' title="bbox 301 2299 1880 2379">
    <p class='ocr_par' dir='ltr' id='par_1_38' title="bbox 301 2299 1880 2379">
     <span class='ocr_line' id='line_1_38' title="bbox 301 2299 1880 2379; baseline -0.006 -18"><span class='ocrx_word' id='word_1_301' title='bbox 301 2324 401 2364; x_wconf 84' lang='lat' dir='ltr'><strong>vus</strong></span> <span class='ocrx_word' id='word_1_302' title='bbox 428 2308 592 2379; x_wconf 80' lang='lat' dir='ltr'><strong>plane</strong></span> <span class='ocrx_word' id='word_1_303' title='bbox 617 2305 823 2368; x_wconf 90' lang='lat' dir='ltr'><strong>titulus,</strong></span> <span class='ocrx_word' id='word_1_304' title='bbox 847 2310 902 2358; x_wconf 90' lang='lat' dir='ltr'><strong>et</strong></span> <span class='ocrx_word' id='word_1_305' title='bbox 919 2301 1048 2362; x_wconf 80' lang='lat' dir='ltr'><strong>dicti</strong></span> <span class='ocrx_word' id='word_1_306' title='bbox 1069 2301 1238 2372; x_wconf 87' lang='lat' dir='ltr'><strong>ipsius</strong></span> <span class='ocrx_word' id='word_1_307' title='bbox 1258 2299 1880 2367; x_wconf 86' lang='lat' dir='ltr'><strong>brevitatecon—spicuus.</strong></span> 
     </span>
    </p>
   </div>
   <div class='ocr_carea' id='block_1_39' title="bbox 305 2387 1885 2455">
    <p class='ocr_par' dir='ltr' id='par_1_39' title="bbox 305 2387 1885 2455">
     <span class='ocr_line' id='line_1_39' title="bbox 305 2387 1885 2455; baseline -0.008 -2"><span class='ocrx_word' id='word_1_308' title='bbox 305 2397 418 2452; x_wconf 78' lang='lat' dir='ltr'><strong>llos</strong></span> <span class='ocrx_word' id='word_1_309' title='bbox 470 2394 720 2450; x_wconf 88' lang='lat' dir='ltr'><strong>ecclesiis</strong></span> <span class='ocrx_word' id='word_1_310' title='bbox 759 2393 1030 2455; x_wconf 82' lang='lat' dir='ltr'><strong>votivum,</strong></span> <span class='ocrx_word' id='word_1_311' title='bbox 1083 2390 1185 2444; x_wconf 85' lang='lat' dir='ltr'><strong>hoc</strong></span> <span class='ocrx_word' id='word_1_312' title='bbox 1238 2390 1444 2446; x_wconf 86' lang='lat' dir='ltr'><strong>sanctis</strong></span> <span class='ocrx_word' id='word_1_313' title='bbox 1498 2387 1885 2442; x_wconf 82' lang='lat' dir='ltr'><strong>festivitatibus</strong></span> 
     </span>
    </p>
   </div>
   <div class='ocr_carea' id='block_1_40' title="bbox 308 2480 1888 2552">
    <p class='ocr_par' dir='ltr' id='par_1_40' title="bbox 308 2480 1888 2552">
     <span class='ocr_line' id='line_1_40' title="bbox 308 2480 1888 2552; baseline -0.007 -8"><span class='ocrx_word' id='word_1_314' title='bbox 308 2491 566 2544; x_wconf 78' lang='lat' dir='ltr'><strong>decenter</strong></span> <span class='ocrx_word' id='word_1_315' title='bbox 607 2486 1036 2542; x_wconf 84' lang='lat' dir='ltr'><strong>accommodum.</strong></span> <span class='ocrx_word' id='word_1_316' title='bbox 1083 2482 1220 2538; x_wconf 82' lang='lat' dir='ltr'><strong>Hinc</strong></span> <span class='ocrx_word' id='word_1_317' title='bbox 1266 2491 1493 2538; x_wconf 88' lang='lat' dir='ltr'><strong>ornatur</strong></span> <span class='ocrx_word' id='word_1_318' title='bbox 1533 2480 1712 2552; x_wconf 90' lang='lat' dir='ltr'><strong>lingua</strong></span> <span class='ocrx_word' id='word_1_319' title='bbox 1758 2494 1888 2534; x_wconf 82' lang='lat' dir='ltr'><strong>can-</strong></span> 
     </span>
    </p>
   </div>
   <div class='ocr_carea' id='block_1_41' title="bbox 307 2569 1890 2640">
    <p class='ocr_par' dir='ltr' id='par_1_41' title="bbox 307 2569 1890 2640">
     <span class='ocr_line' id='line_1_41' title="bbox 307 2569 1890 2640; baseline -0.007 -7"><span class='ocrx_word' id='word_1_320' title='bbox 307 2589 512 2634; x_wconf 82' lang='lat' dir='ltr'><strong>torum.</strong></span> <span class='ocrx_word' id='word_1_321' title='bbox 544 2575 692 2631; x_wconf 83' lang='lat' dir='ltr'><strong>Istud</strong></span> <span class='ocrx_word' id='word_1_322' title='bbox 723 2574 844 2629; x_wconf 90' lang='lat' dir='ltr'><strong>aula</strong></span> <span class='ocrx_word' id='word_1_323' title='bbox 874 2573 1082 2628; x_wconf 88' lang='lat' dir='ltr'><strong>Domini</strong></span> <span class='ocrx_word' id='word_1_324' title='bbox 1112 2573 1233 2626; x_wconf 76' lang='lat' dir='ltr'><strong>beta</strong></span> <span class='ocrx_word' id='word_1_325' title='bbox 1265 2571 1580 2640; x_wconf 87' lang='lat' dir='ltr'><strong>respondet;</strong></span> <span class='ocrx_word' id='word_1_326' title='bbox 1607 2578 1664 2624; x_wconf 88' lang='lat' dir='ltr'><strong>et</strong></span> <span class='ocrx_word' id='word_1_327' title='bbox 1682 2577 1794 2624; x_wconf 89' lang='lat' dir='ltr'><strong>tam</strong></span> <span class='ocrx_word' id='word_1_328' title='bbox 1809 2569 1890 2622; x_wconf 88' lang='lat' dir='ltr'><strong>in-</strong></span> 
     </span>
    </p>
   </div>
   <div class='ocr_carea' id='block_1_42' title="bbox 308 2659 1883 2731">
    <p class='ocr_par' dir='ltr' id='par_1_42' title="bbox 308 2659 1883 2731">
     <span class='ocr_line' id='line_1_42' title="bbox 308 2659 1883 2731; baseline -0.009 -7"><span class='ocrx_word' id='word_1_329' title='bbox 308 2667 555 2726; x_wconf 83' lang='lat' dir='ltr'><strong>satiabile</strong></span> <span class='ocrx_word' id='word_1_330' title='bbox 576 2666 775 2719; x_wconf 88' lang='lat' dir='ltr'><strong>bonum</strong></span> <span class='ocrx_word' id='word_1_331' title='bbox 801 2662 967 2731; x_wconf 88' lang='lat' dir='ltr'><strong>tropis</strong></span> <span class='ocrx_word' id='word_1_332' title='bbox 987 2677 1200 2731; x_wconf 87' lang='lat' dir='ltr'><strong>semper</strong></span> <span class='ocrx_word' id='word_1_333' title='bbox 1221 2659 1558 2714; x_wconf 83' lang='lat' dir='ltr'><strong>variantibus</strong></span> <span class='ocrx_word' id='word_1_334' title='bbox 1575 2659 1883 2713; x_wconf 84' lang='lat' dir='ltr'><strong>innovatur.</strong></span> 
     </span>
    </p>
   </div>
   <div class='ocr_carea' id='block_1_43' title="bbox 379 2749 1887 2825">
    <p class='ocr_par' dir='ltr' id='par_1_43' title="bbox 379 2749 1887 2825">
     <span class='ocr_line' id='line_1_43' title="bbox 379 2749 1887 2825; baseline -0.008 -13"><span class='ocrx_word' id='word_1_335' title='bbox 379 2754 718 2825; x_wconf 66' lang='grc' dir='ltr'><strong>(ζωιριεωὶιή</strong></span> <span class='ocrx_word' id='word_1_336' title='bbox 740 2793 756 2817; x_wconf 92' lang='grc'><strong><em>,</em></strong></span> <span class='ocrx_word' id='word_1_337' title='bbox 796 2751 1004 2821; x_wconf 88' lang='lat' dir='ltr'><strong>inquit,</strong></span> <span class='ocrx_word' id='word_1_338' title='bbox 1053 2751 1310 2815; x_wconf 86' lang='lat' dir='ltr'><strong>Domino,</strong></span> <span class='ocrx_word' id='word_1_339' title='bbox 1349 2758 1396 2803; x_wconf 88' lang='lat' dir='ltr'><strong>et</strong></span> <span class='ocrx_word' id='word_1_340' title='bbox 1433 2749 1669 2802; x_wconf 77' lang='lat' dir='ltr'><strong>invocata</strong></span> <span class='ocrx_word' id='word_1_341' title='bbox 1697 2763 1887 2800; x_wconf 87' lang='lat' dir='ltr'><strong>nomen</strong></span> 
     </span>
    </p>
   </div>
   <div class='ocr_carea' id='block_1_44' title="bbox 308 2834 1888 2924">
    <p class='ocr_par' dir='ltr' id='par_1_44' title="bbox 308 2834 1888 2924">
     <span class='ocr_line' id='line_1_44' title="bbox 308 2834 1888 2924; baseline -0.011 -18"><span class='ocrx_word' id='word_1_342' title='bbox 308 2849 464 2924; x_wconf 79' lang='lat' dir='ltr'><strong>ejus:</strong></span> <span class='ocrx_word' id='word_1_343' title='bbox 494 2854 650 2904; x_wconf 70' lang='lat' dir='ltr'><strong>notas</strong></span> <span class='ocrx_word' id='word_1_344' title='bbox 677 2842 836 2918; x_wconf 71' lang='lat' dir='ltr'><strong>facile</strong></span> <span class='ocrx_word' id='word_1_345' title='bbox 861 2842 916 2902; x_wconf 75' lang='lat' dir='ltr'><strong>in</strong></span> <span class='ocrx_word' id='word_1_346' title='bbox 955 2837 1159 2917; x_wconf 70' lang='lat' dir='ltr'><strong>populi;</strong></span> <span class='ocrx_word' id='word_1_347' title='bbox 1197 2838 1588 2892; x_wconf 79' lang='lat' dir='ltr'><strong>adinventiones</strong></span> <span class='ocrx_word' id='word_1_348' title='bbox 1633 2835 1798 2889; x_wconf 87' lang='lat' dir='ltr'><strong>illius.</strong></span> <span class='ocrx_word' id='word_1_349' title='bbox 1832 2834 1888 2888; x_wconf 90' lang='lat' dir='ltr'><strong>In</strong></span> 
     </span>
    </p>
   </div>
   <div class='ocr_carea' id='block_1_45' title="bbox 311 2926 1886 3007">
    <p class='ocr_par' dir='ltr' id='par_1_45' title="bbox 311 2926 1886 3007">
     <span class='ocr_line' id='line_1_45' title="bbox 311 2926 1886 3007; baseline -0.012 -9"><span class='ocrx_word' id='word_1_350' title='bbox 311 2944 413 2998; x_wconf 83' lang='lat' dir='ltr'><strong>hoc</strong></span> <span class='ocrx_word' id='word_1_351' title='bbox 448 2956 612 2995; x_wconf 84' lang='lat' dir='ltr'><strong>versu</strong></span> <span class='ocrx_word' id='word_1_352' title='bbox 659 2939 831 2993; x_wconf 88' lang='lat' dir='ltr'><strong>tribus</strong></span> <span class='ocrx_word' id='word_1_353' title='bbox 873 2943 1086 2993; x_wconf 88' lang='lat' dir='ltr'><strong>constat</strong></span> <span class='ocrx_word' id='word_1_354' title='bbox 1129 2935 1373 3007; x_wconf 81' lang='lat' dir='ltr'><strong>partibus</strong></span> <span class='ocrx_word' id='word_1_355' title='bbox 1418 2926 1552 2983; x_wconf 90' lang='lat' dir='ltr'><strong>ordo</strong></span> <span class='ocrx_word' id='word_1_356' title='bbox 1600 2927 1886 2981; x_wconf 90' lang='lat' dir='ltr'><strong>dictorum.</strong></span> 
     </span>
    </p>
   </div>
   <div class='ocr_carea' id='block_1_46' title="bbox 313 3019 1885 3098">
    <p class='ocr_par' dir='ltr' id='par_1_46' title="bbox 313 3019 1885 3098">
     <span class='ocr_line' id='line_1_46' title="bbox 313 3019 1885 3098; baseline -0.011 -10"><span class='ocrx_word' id='word_1_357' title='bbox 313 3033 494 3088; x_wconf 85' lang='lat' dir='ltr'><strong>Primo</strong></span> <span class='ocrx_word' id='word_1_358' title='bbox 516 3031 682 3088; x_wconf 86' lang='lat' dir='ltr'><strong>dicit:</strong></span> <span class='ocrx_word' id='word_1_359' title='bbox 707 3027 1039 3098; x_wconf 65' lang='lat' dir='ltr'><strong>Conﬁtemini</strong></span> <span class='ocrx_word' id='word_1_360' title='bbox 1055 3027 1301 3088; x_wconf 85' lang='lat' dir='ltr'><strong>Domino,</strong></span> <span class='ocrx_word' id='word_1_361' title='bbox 1328 3025 1382 3080; x_wconf 94' lang='lat' dir='ltr'><strong>id</strong></span> <span class='ocrx_word' id='word_1_362' title='bbox 1404 3027 1488 3081; x_wconf 88' lang='lat' dir='ltr'><strong>est</strong></span> <span class='ocrx_word' id='word_1_363' title='bbox 1501 3019 1718 3079; x_wconf 84' lang='lat' dir='ltr'><strong>laudate</strong></span> <span class='ocrx_word' id='word_1_364' title='bbox 1741 3034 1885 3084; x_wconf 91' lang='lat' dir='ltr'><strong>eum,</strong></span> 
     </span>
    </p>
   </div>
   <div class='ocr_carea' id='block_1_47' title="bbox 315 3111 1892 3196">
    <p class='ocr_par' dir='ltr' id='par_1_47' title="bbox 315 3111 1892 3196">
     <span class='ocr_line' id='line_1_47' title="bbox 315 3111 1892 3196; baseline -0.007 -16"><span class='ocrx_word' id='word_1_365' title='bbox 315 3135 368 3180; x_wconf 90' lang='lat' dir='ltr'><strong>et</strong></span> <span class='ocrx_word' id='word_1_366' title='bbox 393 3123 551 3181; x_wconf 89' lang='lat' dir='ltr'><strong>bouis</strong></span> <span class='ocrx_word' id='word_1_367' title='bbox 577 3119 1045 3196; x_wconf 78' lang='lat' dir='ltr'><strong>actibus&#39;gratiam</strong></span> <span class='ocrx_word' id='word_1_368' title='bbox 1072 3119 1230 3176; x_wconf 88' lang='lat' dir='ltr'><strong>vobis</strong></span> <span class='ocrx_word' id='word_1_369' title='bbox 1267 3117 1566 3172; x_wconf 84' lang='lat' dir='ltr'><strong>divinitatis</strong></span> <span class='ocrx_word' id='word_1_370' title='bbox 1591 3111 1892 3185; x_wconf 78' lang='lat' dir='ltr'><strong>acquirite:</strong></span> 
     </span>
    </p>
   </div>
   <div class='ocr_carea' id='block_1_48' title="bbox 316 3205 1898 3287">
    <p class='ocr_par' dir='ltr' id='par_1_48' title="bbox 316 3205 1898 3287">
     <span class='ocr_line' id='line_1_48' title="bbox 316 3205 1898 3287; baseline -0.008 -16"><span class='ocrx_word' id='word_1_371' title='bbox 316 3217 455 3287; x_wconf 89' lang='lat' dir='ltr'><strong>quod</strong></span> <span class='ocrx_word' id='word_1_372' title='bbox 486 3214 670 3284; x_wconf 83' lang='lat' dir='ltr'><strong>ipsum</strong></span> <span class='ocrx_word' id='word_1_373' title='bbox 705 3221 792 3268; x_wconf 82' lang='lat' dir='ltr'><strong>est</strong></span> <span class='ocrx_word' id='word_1_374' title='bbox 811 3209 1036 3265; x_wconf 85' lang='lat' dir='ltr'><strong>laudare</strong></span> <span class='ocrx_word' id='word_1_375' title='bbox 1061 3209 1376 3272; x_wconf 88' lang='lat' dir='ltr'><strong>Dominum,</strong></span> <span class='ocrx_word' id='word_1_376' title='bbox 1403 3215 1458 3263; x_wconf 89' lang='lat' dir='ltr'><strong>et</strong></span> <span class='ocrx_word' id='word_1_377' title='bbox 1493 3220 1590 3264; x_wconf 87' lang='lat' dir='ltr'><strong>ore</strong></span> <span class='ocrx_word' id='word_1_378' title='bbox 1626 3205 1702 3262; x_wconf 90' lang='lat' dir='ltr'><strong>illi</strong></span> <span class='ocrx_word' id='word_1_379' title='bbox 1727 3206 1898 3262; x_wconf 85' lang='lat' dir='ltr'><strong>hono-</strong></span> 
     </span>
    </p>
   </div>
   <div class='ocr_carea' id='block_1_49' title="bbox 320 3293 1899 3369">
    <p class='ocr_par' dir='ltr' id='par_1_49' title="bbox 320 3293 1899 3369">
     <span class='ocr_line' id='line_1_49' title="bbox 320 3293 1899 3369; baseline -0.008 -8"><span class='ocrx_word' id='word_1_380' title='bbox 320 3320 428 3360; x_wconf 87' lang='lat' dir='ltr'><strong>rem</strong></span> <span class='ocrx_word' id='word_1_381' title='bbox 453 3301 673 3358; x_wconf 84' lang='lat' dir='ltr'><strong>deferre</strong></span> <span class='ocrx_word' id='word_1_382' title='bbox 691 3341 706 3364; x_wconf 88' lang='lat'><strong>,</strong></span> <span class='ocrx_word' id='word_1_383' title='bbox 743 3309 802 3355; x_wconf 91' lang='lat' dir='ltr'><strong>et</strong></span> <span class='ocrx_word' id='word_1_384' title='bbox 823 3298 1078 3369; x_wconf 86' lang='lat' dir='ltr'><strong>operibus</strong></span> <span class='ocrx_word' id='word_1_385' title='bbox 1106 3295 1224 3367; x_wconf 84' lang='lat' dir='ltr'><strong>ejus</strong></span> <span class='ocrx_word' id='word_1_386' title='bbox 1244 3295 1517 3366; x_wconf 85' lang='lat' dir='ltr'><strong>jussiones</strong></span> <span class='ocrx_word' id='word_1_387' title='bbox 1543 3293 1774 3351; x_wconf 79' lang='lat' dir='ltr'><strong>efﬁcere.</strong></span> <span class='ocrx_word' id='word_1_388' title='bbox 1805 3293 1899 3349; x_wconf 85' lang='lat' dir='ltr'><strong>Illa</strong></span> 
     </span>
    </p>
   </div>
   <div class='ocr_carea' id='block_1_50' title="bbox 321 3387 1901 3461">
    <p class='ocr_par' dir='ltr' id='par_1_50' title="bbox 321 3387 1901 3461">
     <span class='ocr_line' id='line_1_50' title="bbox 321 3387 1901 3461; baseline -0.006 -12"><span class='ocrx_word' id='word_1_389' title='bbox 321 3395 460 3450; x_wconf 89' lang='lat' dir='ltr'><strong>enim</strong></span> <span class='ocrx_word' id='word_1_390' title='bbox 488 3391 766 3448; x_wconf 79' lang='lat' dir='ltr'><strong>confessio</strong></span> <span class='ocrx_word' id='word_1_391' title='bbox 794 3391 883 3446; x_wconf 90' lang='lat' dir='ltr'><strong>hic</strong></span> <span class='ocrx_word' id='word_1_392' title='bbox 908 3389 1253 3461; x_wconf 87' lang='lat' dir='ltr'><strong>intelligenda</strong></span> <span class='ocrx_word' id='word_1_393' title='bbox 1269 3397 1374 3453; x_wconf 83' lang='lat' dir='ltr'><strong>est,</strong></span> <span class='ocrx_word' id='word_1_394' title='bbox 1396 3403 1514 3457; x_wconf 67' lang='lat' dir='ltr'><strong>quae</strong></span> <span class='ocrx_word' id='word_1_395' title='bbox 1530 3387 1741 3442; x_wconf 87' lang='lat' dir='ltr'><strong>Domini</strong></span> <span class='ocrx_word' id='word_1_396' title='bbox 1762 3399 1901 3456; x_wconf 68' lang='lat' dir='ltr'><strong>pra:-</strong></span> 
     </span>
    </p>
   </div>
   <div class='ocr_carea' id='block_1_51' title="bbox 323 3478 1900 3550">
    <p class='ocr_par' dir='ltr' id='par_1_51' title="bbox 323 3478 1900 3550">
     <span class='ocr_line' id='line_1_51' title="bbox 323 3478 1900 3550; baseline -0.005 -10"><span class='ocrx_word' id='word_1_397' title='bbox 323 3487 473 3540; x_wconf 86' lang='lat' dir='ltr'><strong>conia</strong></span> <span class='ocrx_word' id='word_1_398' title='bbox 501 3483 786 3539; x_wconf 74' lang='lat' dir='ltr'><strong>celebrem</strong></span> <span class='ocrx_word' id='word_1_399' title='bbox 805 3497 920 3538; x_wconf 87' lang='lat' dir='ltr'><strong>non</strong></span> <span class='ocrx_word' id='word_1_400' title='bbox 949 3481 1167 3546; x_wconf 89' lang='lat' dir='ltr'><strong>desinit,</strong></span> <span class='ocrx_word' id='word_1_401' title='bbox 1199 3481 1413 3550; x_wconf 87' lang='lat' dir='ltr'><strong>quando</strong></span> <span class='ocrx_word' id='word_1_402' title='bbox 1435 3488 1492 3534; x_wconf 91' lang='lat' dir='ltr'><strong>et</strong></span> <span class='ocrx_word' id='word_1_403' title='bbox 1513 3478 1900 3549; x_wconf 80' lang='lat' dir='ltr'><strong>subsequentia</strong></span> 
     </span>
    </p>
   </div>
   <div class='ocr_carea' id='block_1_52' title="bbox 325 3567 1900 3641">
    <p class='ocr_par' dir='ltr' id='par_1_52' title="bbox 325 3567 1900 3641">
     <span class='ocr_line' id='line_1_52' title="bbox 325 3567 1900 3641; baseline -0.006 -11"><span class='ocrx_word' id='word_1_404' title='bbox 325 3575 422 3632; x_wconf 82' lang='lat' dir='ltr'><strong>tale</strong></span> <span class='ocrx_word' id='word_1_405' title='bbox 442 3584 634 3630; x_wconf 84' lang='lat' dir='ltr'><strong>votum</strong></span> <span class='ocrx_word' id='word_1_406' title='bbox 656 3572 1031 3641; x_wconf 88' lang='lat' dir='ltr'><strong>actionemque</strong></span> <span class='ocrx_word' id='word_1_407' title='bbox 1051 3571 1351 3627; x_wconf 88' lang='lat' dir='ltr'><strong>declarant.</strong></span> <span class='ocrx_word' id='word_1_408' title='bbox 1383 3569 1586 3625; x_wconf 88' lang='lat' dir='ltr'><strong>Deinde</strong></span> <span class='ocrx_word' id='word_1_409' title='bbox 1611 3567 1900 3634; x_wconf 77' lang='lat' dir='ltr'><strong>Dominum</strong></span> 
     </span>
    </p>
   </div>
   <div class='ocr_carea' id='block_1_53' title="bbox 328 3656 1904 3730">
    <p class='ocr_par' dir='ltr' id='par_1_53' title="bbox 328 3656 1904 3730">
     <span class='ocr_line' id='line_1_53' title="bbox 328 3656 1904 3730; baseline -0.006 -11"><span class='ocrx_word' id='word_1_410' title='bbox 328 3672 635 3720; x_wconf 86' lang='lat' dir='ltr'><strong>commonet</strong></span> <span class='ocrx_word' id='word_1_411' title='bbox 661 3661 928 3725; x_wconf 86' lang='lat' dir='ltr'><strong>invocari,</strong></span> <span class='ocrx_word' id='word_1_412' title='bbox 951 3667 1010 3714; x_wconf 92' lang='lat' dir='ltr'><strong>ut</strong></span> <span class='ocrx_word' id='word_1_413' title='bbox 1030 3659 1180 3730; x_wconf 86' lang='lat' dir='ltr'><strong>prius</strong></span> <span class='ocrx_word' id='word_1_414' title='bbox 1208 3657 1523 3728; x_wconf 87' lang='lat' dir='ltr'><strong>mysterium</strong></span> <span class='ocrx_word' id='word_1_415' title='bbox 1549 3656 1904 3714; x_wconf 61' lang='lat' dir='ltr'><strong>sanctissima:</strong></span> 
     </span>
    </p>
   </div>
   <div class='ocr_carea' id='block_1_54' title="bbox 329 3745 1904 3823">
    <p class='ocr_par' dir='ltr' id='par_1_54' title="bbox 329 3745 1904 3823">
     <span class='ocr_line' id='line_1_54' title="bbox 329 3745 1904 3823; baseline -0.007 -15"><span class='ocrx_word' id='word_1_416' title='bbox 329 3755 492 3808; x_wconf 83' lang='lat' dir='ltr'><strong>laudis</strong></span> <span class='ocrx_word' id='word_1_417' title='bbox 515 3760 675 3823; x_wconf 80' lang='lat' dir='ltr'><strong>grate</strong></span> <span class='ocrx_word' id='word_1_418' title='bbox 687 3750 958 3821; x_wconf 86' lang='lat' dir='ltr'><strong>possimus</strong></span> <span class='ocrx_word' id='word_1_419' title='bbox 973 3748 1180 3802; x_wconf 90' lang='lat' dir='ltr'><strong>audire.</strong></span> <span class='ocrx_word' id='word_1_420' title='bbox 1196 3747 1636 3802; x_wconf 63' lang='lat' dir='ltr'><strong>Praemittendum</strong></span> <span class='ocrx_word' id='word_1_421' title='bbox 1654 3753 1739 3802; x_wconf 83' lang='lat' dir='ltr'><strong>est</strong></span> <span class='ocrx_word' id='word_1_422' title='bbox 1758 3745 1904 3802; x_wconf 88' lang='lat' dir='ltr'><strong>enim</strong></span> 
     </span>
    </p>
   </div>
   <div class='ocr_carea' id='block_1_55' title="bbox 329 3834 1906 3912">
    <p class='ocr_par' dir='ltr' id='par_1_55' title="bbox 329 3834 1906 3912">
     <span class='ocr_line' id='line_1_55' title="bbox 329 3834 1906 3912; baseline -0.008 -11"><span class='ocrx_word' id='word_1_423' title='bbox 329 3846 444 3900; x_wconf 83' lang='lat' dir='ltr'><strong>boui</strong></span> <span class='ocrx_word' id='word_1_424' title='bbox 476 3842 712 3912; x_wconf 86' lang='lat' dir='ltr'><strong>aliquid,</strong></span> <span class='ocrx_word' id='word_1_425' title='bbox 741 3851 799 3895; x_wconf 91' lang='lat' dir='ltr'><strong>ut</strong></span> <span class='ocrx_word' id='word_1_426' title='bbox 813 3841 983 3911; x_wconf 66' lang='lat' dir='ltr'><strong>iudex</strong></span> <span class='ocrx_word' id='word_1_427' title='bbox 1005 3855 1106 3894; x_wconf 91' lang='lat' dir='ltr'><strong>nos</strong></span> <span class='ocrx_word' id='word_1_428' title='bbox 1138 3838 1380 3908; x_wconf 82' lang='lat' dir='ltr'><strong>placatus</strong></span> <span class='ocrx_word' id='word_1_429' title='bbox 1418 3835 1692 3892; x_wconf 74' lang='lat' dir='ltr'><strong>exaudiat.</strong></span> <span class='ocrx_word' id='word_1_430' title='bbox 1722 3834 1906 3890; x_wconf 90' lang='lat' dir='ltr'><strong>Tertio</strong></span> 
     </span>
    </p>
   </div>
   <div class='ocr_carea' id='block_1_56' title="bbox 327 3924 1904 4001">
    <p class='ocr_par' dir='ltr' id='par_1_56' title="bbox 327 3924 1904 4001">
     <span class='ocr_line' id='line_1_56' title="bbox 327 3924 1904 4001; baseline -0.004 -14"><span class='ocrx_word' id='word_1_431' title='bbox 327 3935 488 3989; x_wconf 91' lang='lat' dir='ltr'><strong>dicit:</strong></span> <span class='ocrx_word' id='word_1_432' title='bbox 525 3933 702 3987; x_wconf 82' lang='lat' dir='ltr'><strong>Notas</strong></span> <span class='ocrx_word' id='word_1_433' title='bbox 749 3931 905 4001; x_wconf 78' lang='lat' dir='ltr'><strong>facite</strong></span> <span class='ocrx_word' id='word_1_434' title='bbox 963 3931 1018 3984; x_wconf 87' lang='lat' dir='ltr'><strong>in</strong></span> <span class='ocrx_word' id='word_1_435' title='bbox 1055 3927 1262 4000; x_wconf 81' lang='lat' dir='ltr'><strong>populis</strong></span> <span class='ocrx_word' id='word_1_436' title='bbox 1308 3927 1698 3991; x_wconf 78' lang='lat' dir='ltr'><strong>adiuventiones</strong></span> <span class='ocrx_word' id='word_1_437' title='bbox 1739 3924 1904 3980; x_wconf 85' lang='lat' dir='ltr'><strong>illius.</strong></span> 
     </span>
    </p>
   </div>
   <div class='ocr_carea' id='block_1_57' title="bbox 329 4015 1900 4092">
    <p class='ocr_par' dir='ltr' id='par_1_57' title="bbox 329 4015 1900 4092">
     <span class='ocr_line' id='line_1_57' title="bbox 329 4015 1900 4092; baseline -0.006 -14"><span class='ocrx_word' id='word_1_438' title='bbox 329 4025 475 4092; x_wconf 82' lang='lat' dir='ltr'><strong>Quod</strong></span> <span class='ocrx_word' id='word_1_439' title='bbox 517 4024 660 4078; x_wconf 88' lang='lat' dir='ltr'><strong>bene</strong></span> <span class='ocrx_word' id='word_1_440' title='bbox 695 4028 876 4091; x_wconf 84' lang='lat' dir='ltr'><strong>potest</strong></span> <span class='ocrx_word' id='word_1_441' title='bbox 923 4019 1173 4089; x_wconf 80' lang='lat' dir='ltr'><strong>gloriosis</strong></span> <span class='ocrx_word' id='word_1_442' title='bbox 1205 4016 1552 4088; x_wconf 82' lang='lat' dir='ltr'><strong>evangelistis</strong></span> <span class='ocrx_word' id='word_1_443' title='bbox 1587 4023 1644 4070; x_wconf 89' lang='lat' dir='ltr'><strong>et</strong></span> <span class='ocrx_word' id='word_1_444' title='bbox 1676 4015 1900 4070; x_wconf 89' lang='lat' dir='ltr'><strong>sanctis-</strong></span> 
     </span>
    </p>
   </div>
   <div class='ocr_carea' id='block_1_58' title="bbox 327 4103 1908 4182">
    <p class='ocr_par' dir='ltr' id='par_1_58' title="bbox 327 4103 1908 4182">
     <span class='ocr_line' id='line_1_58' title="bbox 327 4103 1908 4182; baseline -0.008 -14"><span class='ocrx_word' id='word_1_445' title='bbox 327 4114 478 4168; x_wconf 84' lang='lat' dir='ltr'><strong>simis</strong></span> <span class='ocrx_word' id='word_1_446' title='bbox 510 4109 776 4182; x_wconf 84' lang='lat' dir='ltr'><strong>apostolis</strong></span> <span class='ocrx_word' id='word_1_447' title='bbox 807 4118 862 4162; x_wconf 89' lang='lat' dir='ltr'><strong>et</strong></span> <span class='ocrx_word' id='word_1_448' title='bbox 888 4121 1031 4162; x_wconf 90' lang='lat' dir='ltr'><strong>nunc</strong></span> <span class='ocrx_word' id='word_1_449' title='bbox 1059 4105 1262 4160; x_wconf 88' lang='lat' dir='ltr'><strong>sanctis</strong></span> <span class='ocrx_word' id='word_1_450' title='bbox 1303 4103 1673 4159; x_wconf 86' lang='lat' dir='ltr'><strong>sacerdotibus</strong></span> <span class='ocrx_word' id='word_1_451' title='bbox 1708 4117 1908 4158; x_wconf 87' lang='lat' dir='ltr'><strong>conve-</strong></span> 
     </span>
    </p>
   </div>
   <div class='ocr_carea' id='block_1_59' title="bbox 334 4196 1912 4272">
    <p class='ocr_par' dir='ltr' id='par_1_59' title="bbox 334 4196 1912 4272">
     <span class='ocr_line' id='line_1_59' title="bbox 334 4196 1912 4272; baseline -0.003 -15"><span class='ocrx_word' id='word_1_452' title='bbox 334 4206 466 4270; x_wconf 87' lang='lat' dir='ltr'><strong>nire,</strong></span> <span class='ocrx_word' id='word_1_453' title='bbox 496 4203 591 4272; x_wconf 91' lang='lat' dir='ltr'><strong>qui</strong></span> <span class='ocrx_word' id='word_1_454' title='bbox 623 4217 722 4270; x_wconf 87' lang='lat' dir='ltr'><strong>per</strong></span> <span class='ocrx_word' id='word_1_455' title='bbox 749 4207 933 4272; x_wconf 74' lang='lat' dir='ltr'><strong>gentes.</strong></span> <span class='ocrx_word' id='word_1_456' title='bbox 960 4197 1216 4254; x_wconf 87' lang='lat' dir='ltr'><strong>universa</strong></span> <span class='ocrx_word' id='word_1_457' title='bbox 1248 4196 1518 4268; x_wconf 79' lang='lat' dir='ltr'><strong>magnalia</strong></span> <span class='ocrx_word' id='word_1_458' title='bbox 1551 4196 1668 4266; x_wconf 88' lang='lat' dir='ltr'><strong>ejus</strong></span> <span class='ocrx_word' id='word_1_459' title='bbox 1703 4212 1912 4252; x_wconf 86' lang='lat' dir='ltr'><strong>annun—</strong></span> 
     </span>
    </p>
   </div>
   <div class='ocr_carea' id='block_1_60' title="bbox 333 4299 817 4352">
    <p class='ocr_par' dir='ltr' id='par_1_60' title="bbox 333 4299 817 4352">
     <span class='ocr_line' id='line_1_60' title="bbox 333 4299 817 4352; baseline -0.006 -2"><span class='ocrx_word' id='word_1_460' title='bbox 333 4299 468 4352; x_wconf 85' lang='lat' dir='ltr'><strong>tiare</strong></span> <span class='ocrx_word' id='word_1_461' title='bbox 495 4303 817 4351; x_wconf 82' lang='lat' dir='ltr'><strong>noscuntur.</strong></span> 
     </span>
    </p>
   </div>
   <div class='ocr_carea' id='block_1_61' title="bbox 399 4382 1908 4453">
    <p class='ocr_par' dir='ltr' id='par_1_61' title="bbox 399 4382 1908 4453">
     <span class='ocr_line' id='line_1_61' title="bbox 399 4382 1908 4453; baseline -0.003 -13"><span class='ocrx_word' id='word_1_462' title='bbox 399 4387 586 4440; x_wconf 79' lang='lat' dir='ltr'><strong>Canite</strong></span> <span class='ocrx_word' id='word_1_463' title='bbox 606 4396 653 4439; x_wconf 88' lang='lat' dir='ltr'><strong>et</strong></span> <span class='ocrx_word' id='word_1_464' title='bbox 675 4384 882 4453; x_wconf 73' lang='lat' dir='ltr'><strong>psallite</strong></span> <span class='ocrx_word' id='word_1_465' title='bbox 902 4384 970 4450; x_wconf 90' lang='lat' dir='ltr'><strong>ei,</strong></span> <span class='ocrx_word' id='word_1_466' title='bbox 993 4394 1040 4438; x_wconf 92' lang='lat' dir='ltr'><strong>et</strong></span> <span class='ocrx_word' id='word_1_467' title='bbox 1063 4393 1274 4440; x_wconf 82' lang='lat' dir='ltr'><strong>narrate</strong></span> <span class='ocrx_word' id='word_1_468' title='bbox 1293 4384 1468 4439; x_wconf 86' lang='lat' dir='ltr'><strong>omnia</strong></span> <span class='ocrx_word' id='word_1_469' title='bbox 1486 4383 1754 4440; x_wconf 79' lang='lat' dir='ltr'><strong>mirabilia</strong></span> <span class='ocrx_word' id='word_1_470' title='bbox 1774 4382 1908 4452; x_wconf 86' lang='lat' dir='ltr'><strong>ejus.</strong></span> 
     </span>
    </p>
   </div>
   <div class='ocr_carea' id='block_1_62' title="bbox 331 4473 1905 4549">
    <p class='ocr_par' dir='ltr' id='par_1_62' title="bbox 331 4473 1905 4549">
     <span class='ocr_line' id='line_1_62' title="bbox 331 4473 1905 4549; baseline -0.004 -15"><span class='ocrx_word' id='word_1_471' title='bbox 331 4480 570 4549; x_wconf 71' lang='lat' dir='ltr'><strong>Exponit</strong></span> <span class='ocrx_word' id='word_1_472' title='bbox 614 4477 760 4546; x_wconf 89' lang='lat' dir='ltr'><strong>quod</strong></span> <span class='ocrx_word' id='word_1_473' title='bbox 799 4478 1046 4546; x_wconf 87' lang='lat' dir='ltr'><strong>superius</strong></span> <span class='ocrx_word' id='word_1_474' title='bbox 1085 4477 1257 4532; x_wconf 78' lang='lat' dir='ltr'><strong>dixit:</strong></span> <span class='ocrx_word' id='word_1_475' title='bbox 1285 4473 1616 4545; x_wconf 78' lang='lat' dir='ltr'><strong>Conﬁtemini</strong></span> <span class='ocrx_word' id='word_1_476' title='bbox 1658 4475 1905 4531; x_wconf 83' lang='lat' dir='ltr'><strong>Domino.</strong></span> 
     </span>
    </p>
   </div>
   <div class='ocr_carea' id='block_1_63' title="bbox 333 4563 1908 4637">
    <p class='ocr_par' dir='ltr' id='par_1_63' title="bbox 333 4563 1908 4637">
     <span class='ocr_line' id='line_1_63' title="bbox 333 4563 1908 4637; baseline -0.002 -16"><span class='ocrx_word' id='word_1_477' title='bbox 333 4567 556 4622; x_wconf 79' lang='lat' dir='ltr'><strong>Cuntate</strong></span> <span class='ocrx_word' id='word_1_478' title='bbox 581 4567 730 4621; x_wconf 87' lang='lat' dir='ltr'><strong>enim</strong></span> <span class='ocrx_word' id='word_1_479' title='bbox 759 4567 826 4620; x_wconf 88' lang='lat' dir='ltr'><strong>ad</strong></span> <span class='ocrx_word' id='word_1_480' title='bbox 865 4567 1090 4637; x_wconf 84' lang='lat' dir='ltr'><strong>hymnos</strong></span> <span class='ocrx_word' id='word_1_481' title='bbox 1119 4567 1352 4636; x_wconf 90' lang='lat' dir='ltr'><strong>pertinet</strong></span> <span class='ocrx_word' id='word_1_482' title='bbox 1392 4563 1700 4621; x_wconf 77' lang='lat' dir='ltr'><strong>offerendos</strong></span> <span class='ocrx_word' id='word_1_483' title='bbox 1728 4583 1741 4618; x_wconf 91' lang='lat'><strong>:</strong></span> <span class='ocrx_word' id='word_1_484' title='bbox 1769 4564 1908 4634; x_wconf 83' lang='lat' dir='ltr'><strong>psal-</strong></span> 
     </span>
    </p>
   </div>
   <div class='ocr_carea' id='block_1_64' title="bbox 332 4655 1911 4726">
    <p class='ocr_par' dir='ltr' id='par_1_64' title="bbox 332 4655 1911 4726">
     <span class='ocr_line' id='line_1_64' title="bbox 332 4655 1911 4726; baseline 0.001 -18"><span class='ocrx_word' id='word_1_485' title='bbox 332 4657 427 4711; x_wconf 79' lang='lat' dir='ltr'><strong>lite</strong></span> <span class='ocrx_word' id='word_1_486' title='bbox 448 4657 516 4710; x_wconf 89' lang='lat' dir='ltr'><strong>ad</strong></span> <span class='ocrx_word' id='word_1_487' title='bbox 544 4656 664 4726; x_wconf 81' lang='lat' dir='ltr'><strong>pias</strong></span> <span class='ocrx_word' id='word_1_488' title='bbox 698 4671 894 4724; x_wconf 85' lang='lat' dir='ltr'><strong>operas</strong></span> <span class='ocrx_word' id='word_1_489' title='bbox 930 4656 1312 4725; x_wconf 81' lang='lat' dir='ltr'><strong>explanandas.</strong></span> <span class='ocrx_word' id='word_1_490' title='bbox 1345 4655 1414 4712; x_wconf 85' lang='lat' dir='ltr'><strong>Et</strong></span> <span class='ocrx_word' id='word_1_491' title='bbox 1451 4664 1581 4712; x_wconf 89' lang='lat' dir='ltr'><strong>tunc</strong></span> <span class='ocrx_word' id='word_1_492' title='bbox 1617 4655 1754 4711; x_wconf 83' lang='lat' dir='ltr'><strong>dixit</strong></span> <span class='ocrx_word' id='word_1_493' title='bbox 1782 4669 1911 4710; x_wconf 87' lang='lat' dir='ltr'><strong>uar-</strong></span> 
     </span>
    </p>
   </div>
   <div class='ocr_carea' id='block_1_65' title="bbox 337 4744 1910 4814">
    <p class='ocr_par' dir='ltr' id='par_1_65' title="bbox 337 4744 1910 4814">
     <span class='ocr_line' id='line_1_65' title="bbox 337 4744 1910 4814; baseline -0.001 -14"><span class='ocrx_word' id='word_1_494' title='bbox 337 4749 508 4800; x_wconf 85' lang='lat' dir='ltr'><strong>randa</strong></span> <span class='ocrx_word' id='word_1_495' title='bbox 534 4746 827 4810; x_wconf 86' lang='lat' dir='ltr'><strong>mirabilia,</strong></span> <span class='ocrx_word' id='word_1_496' title='bbox 862 4746 1076 4814; x_wconf 89' lang='lat' dir='ltr'><strong>quando</strong></span> <span class='ocrx_word' id='word_1_497' title='bbox 1099 4745 1305 4800; x_wconf 90' lang='lat' dir='ltr'><strong>fuerint</strong></span> <span class='ocrx_word' id='word_1_498' title='bbox 1333 4745 1439 4801; x_wconf 90' lang='lat' dir='ltr'><strong>duo</strong></span> <span class='ocrx_word' id='word_1_499' title='bbox 1481 4745 1586 4800; x_wconf 91' lang='lat' dir='ltr'><strong>ista</strong></span> <span class='ocrx_word' id='word_1_500' title='bbox 1613 4744 1910 4814; x_wconf 67' lang='lat' dir='ltr'><strong>praemissa.</strong></span> 
     </span>
    </p>
   </div>
   <div class='ocr_carea' id='block_1_66' title="bbox 335 4833 1916 4906">
    <p class='ocr_par' dir='ltr' id='par_1_66' title="bbox 335 4833 1916 4906">
     <span class='ocr_line' id='line_1_66' title="bbox 335 4833 1916 4906; baseline -0.002 -15"><span class='ocrx_word' id='word_1_501' title='bbox 335 4837 534 4892; x_wconf 84' lang='lat' dir='ltr'><strong>Omnia</strong></span> <span class='ocrx_word' id='word_1_502' title='bbox 567 4837 714 4890; x_wconf 90' lang='lat' dir='ltr'><strong>enim</strong></span> <span class='ocrx_word' id='word_1_503' title='bbox 754 4835 1024 4906; x_wconf 85' lang='lat' dir='ltr'><strong>signiﬁcat</strong></span> <span class='ocrx_word' id='word_1_504' title='bbox 1051 4836 1190 4900; x_wconf 88' lang='lat' dir='ltr'><strong>ista,</strong></span> <span class='ocrx_word' id='word_1_505' title='bbox 1219 4850 1341 4904; x_wconf 64' lang='lat' dir='ltr'><strong>quae</strong></span> <span class='ocrx_word' id='word_1_506' title='bbox 1382 4835 1624 4890; x_wconf 88' lang='lat' dir='ltr'><strong>dicturus</strong></span> <span class='ocrx_word' id='word_1_507' title='bbox 1661 4843 1766 4888; x_wconf 92' lang='lat' dir='ltr'><strong>est.</strong></span> <span class='ocrx_word' id='word_1_508' title='bbox 1796 4833 1916 4890; x_wconf 83' lang='lat' dir='ltr'><strong>Non</strong></span> 
     </span>
    </p>
   </div>
   <div class='ocr_carea' id='block_1_67' title="bbox 330 4923 1917 4992">
    <p class='ocr_par' dir='ltr' id='par_1_67' title="bbox 330 4923 1917 4992">
     <span class='ocr_line' id='line_1_67' title="bbox 330 4923 1917 4992; baseline -0.003 -11"><span class='ocrx_word' id='word_1_509' title='bbox 330 4928 488 4982; x_wconf 83' lang='lat' dir='ltr'><strong>enim</strong></span> <span class='ocrx_word' id='word_1_510' title='bbox 516 4928 878 4981; x_wconf 87' lang='lat' dir='ltr'><strong>humanarum</strong></span> <span class='ocrx_word' id='word_1_511' title='bbox 910 4925 1104 4980; x_wconf 89' lang='lat' dir='ltr'><strong>virium</strong></span> <span class='ocrx_word' id='word_1_512' title='bbox 1130 4925 1312 4980; x_wconf 89' lang='lat' dir='ltr'><strong>omnia</strong></span> <span class='ocrx_word' id='word_1_513' title='bbox 1349 4938 1572 4979; x_wconf 84' lang='lat' dir='ltr'><strong>narrare</strong></span> <span class='ocrx_word' id='word_1_514' title='bbox 1598 4938 1719 4992; x_wconf 79' lang='lat' dir='ltr'><strong>qua:</strong></span> <span class='ocrx_word' id='word_1_515' title='bbox 1744 4923 1917 4978; x_wconf 88' lang='lat' dir='ltr'><strong>virtus</strong></span> 
     </span>
    </p>
   </div>
   <div class='ocr_carea' id='block_1_68' title="bbox 332 5014 1922 5088">
    <p class='ocr_par' dir='ltr' id='par_1_68' title="bbox 332 5014 1922 5088">
     <span class='ocr_line' id='line_1_68' title="bbox 332 5014 1922 5088; baseline -0.003 -16"><span class='ocrx_word' id='word_1_516' title='bbox 332 5018 658 5077; x_wconf 84' lang='lat' dir='ltr'><strong>Divinitatis</strong></span> <span class='ocrx_word' id='word_1_517' title='bbox 685 5026 968 5088; x_wconf 84' lang='lat' dir='ltr'><strong>operatur;</strong></span> <span class='ocrx_word' id='word_1_518' title='bbox 999 5017 1140 5072; x_wconf 89' lang='lat' dir='ltr'><strong>sicut</strong></span> <span class='ocrx_word' id='word_1_519' title='bbox 1168 5017 1221 5070; x_wconf 91' lang='lat' dir='ltr'><strong>in</strong></span> <span class='ocrx_word' id='word_1_520' title='bbox 1249 5017 1546 5072; x_wconf 80' lang='lat' dir='ltr'><strong>centesimo</strong></span> <span class='ocrx_word' id='word_1_521' title='bbox 1567 5017 1755 5085; x_wconf 87' lang='lat' dir='ltr'><strong>quinto</strong></span> <span class='ocrx_word' id='word_1_522' title='bbox 1782 5014 1922 5084; x_wconf 88' lang='lat' dir='ltr'><strong>psal-</strong></span> 
     </span>
    </p>
   </div>
   <div class='ocr_carea' id='block_1_69' title="bbox 331 5106 1918 5180">
    <p class='ocr_par' dir='ltr' id='par_1_69' title="bbox 331 5106 1918 5180">
     <span class='ocr_line' id='line_1_69' title="bbox 331 5106 1918 5180; baseline -0.006 -12"><span class='ocrx_word' id='word_1_523' title='bbox 331 5127 435 5168; x_wconf 83' lang='lat' dir='ltr'><strong>mo</strong></span> <span class='ocrx_word' id='word_1_524' title='bbox 475 5111 741 5180; x_wconf 83' lang='lat' dir='ltr'><strong>scriptum</strong></span> <span class='ocrx_word' id='word_1_525' title='bbox 787 5118 874 5164; x_wconf 88' lang='lat' dir='ltr'><strong>est</strong></span> <span class='ocrx_word' id='word_1_526' title='bbox 907 5128 920 5163; x_wconf 90' lang='lat'><strong>:</strong></span> <span class='ocrx_word' id='word_1_527' title='bbox 947 5109 1076 5174; x_wconf 85' lang='lat' dir='ltr'><strong>Quis</strong></span> <span class='ocrx_word' id='word_1_528' title='bbox 1107 5109 1346 5180; x_wconf 83' lang='lat' dir='ltr'><strong>loquetur</strong></span> <span class='ocrx_word' id='word_1_529' title='bbox 1375 5109 1632 5178; x_wconf 82' lang='lat' dir='ltr'><strong>potentias</strong></span> <span class='ocrx_word' id='word_1_530' title='bbox 1669 5106 1882 5162; x_wconf 83' lang='lat' dir='ltr'><strong>Domini</strong></span> <span class='ocrx_word' id='word_1_531' title='bbox 1902 5145 1918 5170; x_wconf 95' lang='lat'><strong>,</strong></span> 
     </span>
    </p>
   </div>
   <div class='ocr_carea' id='block_1_70' title="bbox 329 5194 1926 5269">
    <p class='ocr_par' dir='ltr' id='par_1_70' title="bbox 329 5194 1926 5269">
     <span class='ocr_line' id='line_1_70' title="bbox 329 5194 1926 5269; baseline -0.004 -12"><span class='ocrx_word' id='word_1_532' title='bbox 329 5203 561 5257; x_wconf 68' lang='lat' dir='ltr'><strong>auditas</strong></span> <span class='ocrx_word' id='word_1_533' title='bbox 584 5199 741 5269; x_wconf 79' lang='lat' dir='ltr'><strong>faciet</strong></span> <span class='ocrx_word' id='word_1_534' title='bbox 759 5214 936 5252; x_wconf 85' lang='lat' dir='ltr'><strong>omnes</strong></span> <span class='ocrx_word' id='word_1_535' title='bbox 955 5198 1135 5252; x_wconf 85' lang='lat' dir='ltr'><strong>laudes</strong></span> <span class='ocrx_word' id='word_1_536' title='bbox 1156 5198 1272 5268; x_wconf 89' lang='lat' dir='ltr'><strong>ejus</strong></span> <span class='ocrx_word' id='word_1_537' title='bbox 1297 5195 1472 5266; x_wconf 87' lang='lat' dir='ltr'><strong>(Psal.</strong></span> <span class='ocrx_word' id='word_1_538' title='bbox 1497 5194 1619 5267; x_wconf 86' lang='lat' dir='ltr'><strong>cv)?</strong></span> <span class='ocrx_word' id='word_1_539' title='bbox 1644 5195 1752 5250; x_wconf 86' lang='lat' dir='ltr'><strong>Sed</strong></span> <span class='ocrx_word' id='word_1_540' title='bbox 1782 5195 1926 5250; x_wconf 87' lang='lat' dir='ltr'><strong>istud</strong></span> 
     </span>
    </p>
   </div>
   <div class='ocr_carea' id='block_1_71' title="bbox 327 5284 1925 5358">
    <p class='ocr_par' dir='ltr' id='par_1_71' title="bbox 327 5284 1925 5358">
     <span class='ocr_line' id='line_1_71' title="bbox 327 5284 1925 5358; baseline -0.008 -9"><span class='ocrx_word' id='word_1_541' title='bbox 327 5291 572 5349; x_wconf 78' lang='lat' dir='ltr'><strong>schema</strong></span> <span class='ocrx_word' id='word_1_542' title='bbox 614 5289 814 5344; x_wconf 89' lang='lat' dir='ltr'><strong>dicitur</strong></span> <span class='ocrx_word' id='word_1_543' title='bbox 841 5303 909 5343; x_wconf 79' lang='lat' dir='ltr'><strong>ex</strong></span> <span class='ocrx_word' id='word_1_544' title='bbox 937 5297 1088 5358; x_wconf 87' lang='lat' dir='ltr'><strong>parte</strong></span> <span class='ocrx_word' id='word_1_545' title='bbox 1117 5297 1326 5342; x_wconf 90' lang='lat' dir='ltr'><strong>totum:</strong></span> <span class='ocrx_word' id='word_1_546' title='bbox 1357 5287 1501 5356; x_wconf 88' lang='lat' dir='ltr'><strong>quod</strong></span> <span class='ocrx_word' id='word_1_547' title='bbox 1539 5287 1595 5340; x_wconf 93' lang='lat' dir='ltr'><strong>in</strong></span> <span class='ocrx_word' id='word_1_548' title='bbox 1627 5284 1925 5354; x_wconf 89' lang='lat' dir='ltr'><strong>Scripturis</strong></span> 
     </span>
    </p>
   </div>
   <div class='ocr_carea' id='block_1_72' title="bbox 328 5373 1924 5452">
    <p class='ocr_par' dir='ltr' id='par_1_72' title="bbox 328 5373 1924 5452">
     <span class='ocr_line' id='line_1_72' title="bbox 328 5373 1924 5452; baseline -0.008 -12"><span class='ocrx_word' id='word_1_549' title='bbox 328 5386 666 5452; x_wconf 78' lang='lat' dir='ltr'><strong>frequenter</strong></span> <span class='ocrx_word' id='word_1_550' title='bbox 690 5378 948 5434; x_wconf 85' lang='lat' dir='ltr'><strong>invenies.</strong></span> <span class='ocrx_word' id='word_1_551' title='bbox 971 5377 1082 5432; x_wconf 86' lang='lat' dir='ltr'><strong>Nec</strong></span> <span class='ocrx_word' id='word_1_552' title='bbox 1107 5378 1263 5432; x_wconf 91' lang='lat' dir='ltr'><strong>aliter</strong></span> <span class='ocrx_word' id='word_1_553' title='bbox 1282 5387 1430 5433; x_wconf 86' lang='lat' dir='ltr'><strong>recte</strong></span> <span class='ocrx_word' id='word_1_554' title='bbox 1453 5382 1628 5447; x_wconf 89' lang='lat' dir='ltr'><strong>potest</strong></span> <span class='ocrx_word' id='word_1_555' title='bbox 1650 5373 1924 5446; x_wconf 72' lang='lat' dir='ltr'><strong>EVangelii</strong></span> 
     </span>
    </p>
   </div>
   <div class='ocr_carea' id='block_1_73' title="bbox 329 5460 1927 5539">
    <p class='ocr_par' dir='ltr' id='par_1_73' title="bbox 329 5460 1927 5539">
     <span class='ocr_line' id='line_1_73' title="bbox 329 5460 1927 5539; baseline -0.011 -6"><span class='ocrx_word' id='word_1_556' title='bbox 329 5472 500 5533; x_wconf 69' lang='lat' dir='ltr'><strong>istud</strong></span> <span class='ocrx_word' id='word_1_557' title='bbox 545 5472 750 5526; x_wconf 85' lang='lat' dir='ltr'><strong>dictum</strong></span> <span class='ocrx_word' id='word_1_558' title='bbox 776 5467 1039 5539; x_wconf 85' lang='lat' dir='ltr'><strong>intelligi:</strong></span> <span class='ocrx_word' id='word_1_559' title='bbox 1077 5460 1299 5521; x_wconf 80' lang='lat' dir='ltr'><strong>Verbum</strong></span> <span class='ocrx_word' id='word_1_560' title='bbox 1342 5483 1466 5520; x_wconf 87' lang='lat' dir='ltr'><strong>caro</strong></span> <span class='ocrx_word' id='word_1_561' title='bbox 1497 5466 1692 5534; x_wconf 77' lang='lat' dir='ltr'><strong>factum</strong></span> <span class='ocrx_word' id='word_1_562' title='bbox 1729 5474 1835 5528; x_wconf 85' lang='lat' dir='ltr'><strong>est,</strong></span> <span class='ocrx_word' id='word_1_563' title='bbox 1878 5472 1927 5517; x_wconf 90' lang='lat' dir='ltr'><strong>et</strong></span> 
     </span>
    </p>
   </div>
   <div class='ocr_carea' id='block_1_74' title="bbox 329 5553 1928 5630">
    <p class='ocr_par' dir='ltr' id='par_1_74' title="bbox 329 5553 1928 5630">
     <span class='ocr_line' id='line_1_74' title="bbox 329 5553 1928 5630; baseline -0.008 -11"><span class='ocrx_word' id='word_1_564' title='bbox 329 5561 607 5619; x_wconf 68' lang='lat' dir='ltr'><strong>habitauit</strong></span> <span class='ocrx_word' id='word_1_565' title='bbox 629 5561 686 5613; x_wconf 83' lang='lat' dir='ltr'><strong>in</strong></span> <span class='ocrx_word' id='word_1_566' title='bbox 702 5558 849 5613; x_wconf 84' lang='lat' dir='ltr'><strong>nobis</strong></span> <span class='ocrx_word' id='word_1_567' title='bbox 869 5558 1048 5628; x_wconf 81' lang='lat' dir='ltr'><strong>(Joan.</strong></span> <span class='ocrx_word' id='word_1_568' title='bbox 1065 5558 1102 5630; x_wconf 94' lang='grc' dir='ltr'>ι)</span> <span class='ocrx_word' id='word_1_569' title='bbox 1119 5575 1133 5622; x_wconf 90' lang='lat'><strong>;</strong></span> <span class='ocrx_word' id='word_1_570' title='bbox 1154 5557 1307 5626; x_wconf 89' lang='lat' dir='ltr'><strong>quasi</strong></span> <span class='ocrx_word' id='word_1_571' title='bbox 1329 5573 1433 5612; x_wconf 92' lang='lat' dir='ltr'><strong>non</strong></span> <span class='ocrx_word' id='word_1_572' title='bbox 1448 5565 1501 5611; x_wconf 91' lang='lat' dir='ltr'><strong>et</strong></span> <span class='ocrx_word' id='word_1_573' title='bbox 1513 5556 1746 5611; x_wconf 89' lang='lat' dir='ltr'><strong>animam</strong></span> <span class='ocrx_word' id='word_1_574' title='bbox 1769 5553 1928 5610; x_wconf 93' lang='lat' dir='ltr'><strong>simul</strong></span> 
     </span>
    </p>
   </div>
   <div class='ocr_carea' id='block_1_75' title="bbox 325 5647 1925 5722">
    <p class='ocr_par' dir='ltr' id='par_1_75' title="bbox 325 5647 1925 5722">
     <span class='ocr_line' id='line_1_75' title="bbox 325 5647 1925 5722; baseline -0.008 -13"><span class='ocrx_word' id='word_1_575' title='bbox 325 5651 744 5722; x_wconf 73' lang='lat' dir='ltr'><strong>assumpserit,</strong></span> <span class='ocrx_word' id='word_1_576' title='bbox 774 5663 931 5719; x_wconf 86' lang='lat' dir='ltr'><strong>quam</strong></span> <span class='ocrx_word' id='word_1_577' title='bbox 961 5648 1264 5718; x_wconf 85' lang='lat' dir='ltr'><strong>specialiter</strong></span> <span class='ocrx_word' id='word_1_578' title='bbox 1291 5647 1522 5704; x_wconf 88' lang='lat' dir='ltr'><strong>liberare</strong></span> <span class='ocrx_word' id='word_1_579' title='bbox 1549 5647 1796 5716; x_wconf 80' lang='lat' dir='ltr'><strong>dignatus</strong></span> <span class='ocrx_word' id='word_1_580' title='bbox 1821 5652 1925 5700; x_wconf 87' lang='lat' dir='ltr'><strong>est.</strong></span> 
     </span>
    </p>
   </div>
   <div class='ocr_carea' id='block_1_76' title="bbox 1980 1854 3561 1920">
    <p class='ocr_par' dir='ltr' id='par_1_76' title="bbox 1980 1854 3561 1920">
     <span class='ocr_line' id='line_1_76' title="bbox 1980 1854 3561 1920; baseline -0.003 -8"><span class='ocrx_word' id='word_1_581' title='bbox 1980 1858 2046 1913; x_wconf 91' lang='lat' dir='ltr'><strong>Et</strong></span> <span class='ocrx_word' id='word_1_582' title='bbox 2074 1866 2136 1913; x_wconf 89' lang='lat' dir='ltr'><strong>ut</strong></span> <span class='ocrx_word' id='word_1_583' title='bbox 2159 1857 2585 1913; x_wconf 87' lang='lat' dir='ltr'><strong>consolationem</strong></span> <span class='ocrx_word' id='word_1_584' title='bbox 2612 1857 2677 1912; x_wconf 88' lang='lat' dir='ltr'><strong>de</strong></span> <span class='ocrx_word' id='word_1_585' title='bbox 2709 1856 2800 1910; x_wconf 89' lang='lat' dir='ltr'><strong>tali</strong></span> <span class='ocrx_word' id='word_1_586' title='bbox 2826 1863 3189 1920; x_wconf 88' lang='lat' dir='ltr'><strong>resumerent,</strong></span> <span class='ocrx_word' id='word_1_587' title='bbox 3214 1854 3438 1920; x_wconf 63' lang='lat' dir='ltr'><strong>laetetur,</strong></span> <span class='ocrx_word' id='word_1_588' title='bbox 3463 1855 3561 1919; x_wconf 87' lang='lat' dir='ltr'><strong>ait,</strong></span> 
     </span>
    </p>
   </div>
   <div class='ocr_carea' id='block_1_77' title="bbox 1981 1942 3560 2018">
    <p class='ocr_par' dir='ltr' id='par_1_77' title="bbox 1981 1942 3560 2018">
     <span class='ocr_line' id='line_1_77' title="bbox 1981 1942 3560 2018; baseline -0.004 -15"><span class='ocrx_word' id='word_1_589' title='bbox 1981 1965 2073 2003; x_wconf 82' lang='lat' dir='ltr'><strong>cor</strong></span> <span class='ocrx_word' id='word_1_590' title='bbox 2110 1947 2456 2018; x_wconf 70' lang='lat' dir='ltr'><strong>qumrentium</strong></span> <span class='ocrx_word' id='word_1_591' title='bbox 2496 1945 2798 1999; x_wconf 88' lang='lat' dir='ltr'><strong>Dominum.</strong></span> <span class='ocrx_word' id='word_1_592' title='bbox 2844 1944 3063 1999; x_wconf 88' lang='lat' dir='ltr'><strong>Scilicet</strong></span> <span class='ocrx_word' id='word_1_593' title='bbox 3092 1943 3214 1998; x_wconf 86' lang='lat' dir='ltr'><strong>inde</strong></span> <span class='ocrx_word' id='word_1_594' title='bbox 3255 1942 3482 2008; x_wconf 62' lang='lat' dir='ltr'><strong>laetetur,</strong></span> <span class='ocrx_word' id='word_1_595' title='bbox 3513 1942 3560 1997; x_wconf 87' lang='lat' dir='ltr'><strong>si</strong></span> 
     </span>
    </p>
   </div>
   <div class='ocr_carea' id='block_1_78' title="bbox 1979 2032 3562 2109">
    <p class='ocr_par' dir='ltr' id='par_1_78' title="bbox 1979 2032 3562 2109">
     <span class='ocr_line' id='line_1_78' title="bbox 1979 2032 3562 2109; baseline -0.004 -17"><span class='ocrx_word' id='word_1_596' title='bbox 1979 2038 2301 2109; x_wconf 65' lang='lat' dir='ltr'><strong>praedicetur</strong></span> <span class='ocrx_word' id='word_1_597' title='bbox 2328 2036 2380 2090; x_wconf 92' lang='lat' dir='ltr'><strong>in</strong></span> <span class='ocrx_word' id='word_1_598' title='bbox 2406 2035 2663 2098; x_wconf 90' lang='lat' dir='ltr'><strong>Domino;</strong></span> <span class='ocrx_word' id='word_1_599' title='bbox 2695 2050 2799 2088; x_wconf 92' lang='lat' dir='ltr'><strong>non</strong></span> <span class='ocrx_word' id='word_1_600' title='bbox 2833 2041 3040 2097; x_wconf 87' lang='lat' dir='ltr'><strong>autem,</strong></span> <span class='ocrx_word' id='word_1_601' title='bbox 3076 2032 3121 2087; x_wconf 92' lang='lat' dir='ltr'><strong>si</strong></span> <span class='ocrx_word' id='word_1_602' title='bbox 3157 2032 3223 2088; x_wconf 93' lang='lat' dir='ltr'><strong>de</strong></span> <span class='ocrx_word' id='word_1_603' title='bbox 3264 2046 3364 2086; x_wconf 90' lang='lat' dir='ltr'><strong>suo</strong></span> <span class='ocrx_word' id='word_1_604' title='bbox 3403 2044 3562 2102; x_wconf 90' lang='lat' dir='ltr'><strong>posse</strong></span> 
     </span>
    </p>
   </div>
   <div class='ocr_carea' id='block_1_79' title="bbox 1982 2121 3563 2196">
    <p class='ocr_par' dir='ltr' id='par_1_79' title="bbox 1982 2121 3563 2196">
     <span class='ocr_line' id='line_1_79' title="bbox 1982 2121 3563 2196; baseline -0.006 -14"><span class='ocrx_word' id='word_1_605' title='bbox 1982 2129 2260 2192; x_wconf 86' lang='lat' dir='ltr'><strong>laudatur;</strong></span> <span class='ocrx_word' id='word_1_606' title='bbox 2309 2126 2639 2196; x_wconf 80' lang='lat' dir='ltr'><strong>praecipuum</strong></span> <span class='ocrx_word' id='word_1_607' title='bbox 2686 2124 2841 2179; x_wconf 90' lang='lat' dir='ltr'><strong>nobis</strong></span> <span class='ocrx_word' id='word_1_608' title='bbox 2881 2132 2936 2178; x_wconf 91' lang='lat' dir='ltr'><strong>et</strong></span> <span class='ocrx_word' id='word_1_609' title='bbox 2976 2123 3268 2193; x_wconf 89' lang='lat' dir='ltr'><strong>gloriosum</strong></span> <span class='ocrx_word' id='word_1_610' title='bbox 3297 2121 3563 2190; x_wconf 89' lang='lat' dir='ltr'><strong>siquidem</strong></span> 
     </span>
    </p>
   </div>
   <div class='ocr_carea' id='block_1_80' title="bbox 1984 2208 3566 2286">
    <p class='ocr_par' dir='ltr' id='par_1_80' title="bbox 1984 2208 3566 2286">
     <span class='ocr_line' id='line_1_80' title="bbox 1984 2208 3566 2286; baseline -0.006 -12"><span class='ocrx_word' id='word_1_611' title='bbox 1984 2233 2106 2275; x_wconf 89' lang='lat' dir='ltr'><strong>esse</strong></span> <span class='ocrx_word' id='word_1_612' title='bbox 2132 2219 2312 2284; x_wconf 84' lang='lat' dir='ltr'><strong>debet,</strong></span> <span class='ocrx_word' id='word_1_613' title='bbox 2343 2208 2560 2286; x_wconf 88' lang='lat' dir='ltr'><strong>quando</strong></span> <span class='ocrx_word' id='word_1_614' title='bbox 2589 2230 2786 2270; x_wconf 90' lang='lat' dir='ltr'><strong>nomen</strong></span> <span class='ocrx_word' id='word_1_615' title='bbox 2815 2213 2932 2283; x_wconf 86' lang='lat' dir='ltr'><strong>ejus</strong></span> <span class='ocrx_word' id='word_1_616' title='bbox 2959 2213 3256 2278; x_wconf 82' lang='lat' dir='ltr'><strong>extollitur,</strong></span> <span class='ocrx_word' id='word_1_617' title='bbox 3287 2211 3378 2282; x_wconf 90' lang='lat' dir='ltr'><strong>qui</strong></span> <span class='ocrx_word' id='word_1_618' title='bbox 3408 2210 3566 2265; x_wconf 90' lang='lat' dir='ltr'><strong>nobis</strong></span> 
     </span>
    </p>
   </div>
   <div class='ocr_carea' id='block_1_81' title="bbox 1981 2299 3564 2376">
    <p class='ocr_par' dir='ltr' id='par_1_81' title="bbox 1981 2299 3564 2376">
     <span class='ocr_line' id='line_1_81' title="bbox 1981 2299 3564 2376; baseline -0.008 -12"><span class='ocrx_word' id='word_1_619' title='bbox 1981 2307 2244 2364; x_wconf 81' lang='lat' dir='ltr'><strong>beneﬁcia</strong></span> <span class='ocrx_word' id='word_1_620' title='bbox 2276 2305 2557 2376; x_wconf 86' lang='lat' dir='ltr'><strong>profutura</strong></span> <span class='ocrx_word' id='word_1_621' title='bbox 2583 2303 2833 2374; x_wconf 87' lang='lat' dir='ltr'><strong>largitur.</strong></span> <span class='ocrx_word' id='word_1_622' title='bbox 2865 2302 3018 2360; x_wconf 86' lang='lat' dir='ltr'><strong>Unde</strong></span> <span class='ocrx_word' id='word_1_623' title='bbox 3065 2302 3244 2357; x_wconf 69' lang='lat' dir='ltr'><strong>nimim</strong></span> <span class='ocrx_word' id='word_1_624' title='bbox 3284 2299 3564 2370; x_wconf 90' lang='lat' dir='ltr'><strong>impuden-</strong></span> 
     </span>
    </p>
   </div>
   <div class='ocr_carea' id='block_1_82' title="bbox 1986 2391 3573 2465">
    <p class='ocr_par' dir='ltr' id='par_1_82' title="bbox 1986 2391 3573 2465">
     <span class='ocr_line' id='line_1_82' title="bbox 1986 2391 3573 2465; baseline -0.008 -12"><span class='ocrx_word' id='word_1_625' title='bbox 1986 2398 2076 2454; x_wconf 73' lang='lat' dir='ltr'><strong>tia:</strong></span> <span class='ocrx_word' id='word_1_626' title='bbox 2104 2397 2226 2462; x_wconf 85' lang='lat' dir='ltr'><strong>fuit,</strong></span> <span class='ocrx_word' id='word_1_627' title='bbox 2251 2393 2451 2465; x_wconf 88' lang='lat' dir='ltr'><strong>aliquid</strong></span> <span class='ocrx_word' id='word_1_628' title='bbox 2475 2393 2741 2462; x_wconf 89' lang='lat' dir='ltr'><strong>quosdam</strong></span> <span class='ocrx_word' id='word_1_629' title='bbox 2776 2393 3035 2448; x_wconf 88' lang='lat' dir='ltr'><strong>adversus</strong></span> <span class='ocrx_word' id='word_1_630' title='bbox 3063 2393 3167 2448; x_wconf 89' lang='lat' dir='ltr'><strong>hoc</strong></span> <span class='ocrx_word' id='word_1_631' title='bbox 3199 2391 3379 2446; x_wconf 86' lang='lat' dir='ltr'><strong>dicere</strong></span> <span class='ocrx_word' id='word_1_632' title='bbox 3396 2429 3412 2454; x_wconf 90' lang='lat'><strong>,</strong></span> <span class='ocrx_word' id='word_1_633' title='bbox 3440 2402 3573 2442; x_wconf 87' lang='lat' dir='ltr'><strong>cou-</strong></span> 
     </span>
    </p>
   </div>
   <div class='ocr_carea' id='block_1_83' title="bbox 1989 2479 3562 2557">
    <p class='ocr_par' dir='ltr' id='par_1_83' title="bbox 1989 2479 3562 2557">
     <span class='ocr_line' id='line_1_83' title="bbox 1989 2479 3562 2557; baseline -0.008 -14"><span class='ocrx_word' id='word_1_634' title='bbox 1989 2497 2072 2543; x_wconf 92' lang='lat' dir='ltr'><strong>tra</strong></span> <span class='ocrx_word' id='word_1_635' title='bbox 2119 2502 2255 2557; x_wconf 91' lang='lat' dir='ltr'><strong>quos</strong></span> <span class='ocrx_word' id='word_1_636' title='bbox 2304 2494 2411 2541; x_wconf 88' lang='lat' dir='ltr'><strong>tam</strong></span> <span class='ocrx_word' id='word_1_637' title='bbox 2445 2485 2638 2541; x_wconf 90' lang='lat' dir='ltr'><strong>crebra</strong></span> <span class='ocrx_word' id='word_1_638' title='bbox 2683 2482 3014 2550; x_wconf 74' lang='lat' dir='ltr'><strong>tesdmonia,</strong></span> <span class='ocrx_word' id='word_1_639' title='bbox 3044 2482 3140 2539; x_wconf 86' lang='lat' dir='ltr'><strong>sed</strong></span> <span class='ocrx_word' id='word_1_640' title='bbox 3167 2495 3305 2552; x_wconf 84' lang='lat' dir='ltr'><strong>pene</strong></span> <span class='ocrx_word' id='word_1_641' title='bbox 3331 2479 3562 2535; x_wconf 79' lang='lat' dir='ltr'><strong>lex-tota</strong></span> 
     </span>
    </p>
   </div>
   <div class='ocr_carea' id='block_1_84' title="bbox 1987 2579 2328 2650">
    <p class='ocr_par' dir='ltr' id='par_1_84' title="bbox 1987 2579 2328 2650">
     <span class='ocr_line' id='line_1_84' title="bbox 1987 2579 2328 2650; baseline -0.006 -16"><span class='ocrx_word' id='word_1_642' title='bbox 1987 2579 2198 2650; x_wconf 90' lang='lat' dir='ltr'><strong>prolata</strong></span> <span class='ocrx_word' id='word_1_643' title='bbox 2223 2585 2328 2634; x_wconf 90' lang='lat' dir='ltr'><strong>est.</strong></span> 
     </span>
    </p>
   </div>
   <div class='ocr_carea' id='block_1_85' title="bbox 2063 2679 3569 2755">
    <p class='ocr_par' dir='ltr' id='par_1_85' title="bbox 2063 2679 3569 2755">
     <span class='ocr_line' id='line_1_85' title="bbox 2063 2679 3569 2755; baseline -0.007 -11"><span class='ocrx_word' id='word_1_644' title='bbox 2063 2689 2297 2755; x_wconf 76' lang='lat' dir='ltr'><strong>Quwrite</strong></span> <span class='ocrx_word' id='word_1_645' title='bbox 2321 2688 2607 2742; x_wconf 85' lang='lat' dir='ltr'><strong>Dominum</strong></span> <span class='ocrx_word' id='word_1_646' title='bbox 2628 2695 2676 2741; x_wconf 89' lang='lat' dir='ltr'><strong>et</strong></span> <span class='ocrx_word' id='word_1_647' title='bbox 2697 2689 2940 2741; x_wconf 85' lang='lat' dir='ltr'><strong>virtutem</strong></span> <span class='ocrx_word' id='word_1_648' title='bbox 2963 2684 3079 2754; x_wconf 89' lang='lat' dir='ltr'><strong>ejus</strong></span> <span class='ocrx_word' id='word_1_649' title='bbox 3095 2696 3114 2735; x_wconf 91' lang='lat'><strong>:</strong></span> <span class='ocrx_word' id='word_1_650' title='bbox 3136 2682 3353 2754; x_wconf 74' lang='lat' dir='ltr'><strong>quwrile</strong></span> <span class='ocrx_word' id='word_1_651' title='bbox 3379 2679 3569 2751; x_wconf 79' lang='lat' dir='ltr'><strong>faciem</strong></span> 
     </span>
    </p>
   </div>
   <div class='ocr_carea' id='block_1_86' title="bbox 1993 2771 3572 2852">
    <p class='ocr_par' dir='ltr' id='par_1_86' title="bbox 1993 2771 3572 2852">
     <span class='ocr_line' id='line_1_86' title="bbox 1993 2771 3572 2852; baseline -0.01 -16"><span class='ocrx_word' id='word_1_652' title='bbox 1993 2783 2108 2852; x_wconf 85' lang='lat' dir='ltr'><strong>ejus</strong></span> <span class='ocrx_word' id='word_1_653' title='bbox 2135 2796 2354 2850; x_wconf 83' lang='lat' dir='ltr'><strong>semper.</strong></span> <span class='ocrx_word' id='word_1_654' title='bbox 2384 2777 2671 2842; x_wconf 80' lang='lat' dir='ltr'><strong>Hortatur,</strong></span> <span class='ocrx_word' id='word_1_655' title='bbox 2694 2784 2755 2830; x_wconf 90' lang='lat' dir='ltr'><strong>ut</strong></span> <span class='ocrx_word' id='word_1_656' title='bbox 2779 2790 2838 2831; x_wconf 92' lang='lat' dir='ltr'><strong>se</strong></span> <span class='ocrx_word' id='word_1_657' title='bbox 2866 2776 2932 2830; x_wconf 93' lang='lat' dir='ltr'><strong>ad</strong></span> <span class='ocrx_word' id='word_1_658' title='bbox 2969 2773 3190 2844; x_wconf 60' lang='lat' dir='ltr'><strong>praemia</strong></span> <span class='ocrx_word' id='word_1_659' title='bbox 3224 2771 3406 2826; x_wconf 82' lang='lat' dir='ltr'><strong>futura</strong></span> <span class='ocrx_word' id='word_1_660' title='bbox 3442 2784 3572 2824; x_wconf 88' lang='lat' dir='ltr'><strong>con-</strong></span> 
     </span>
    </p>
   </div>
   <div class='ocr_carea' id='block_1_87' title="bbox 1993 2858 3571 2940">
    <p class='ocr_par' dir='ltr' id='par_1_87' title="bbox 1993 2858 3571 2940">
     <span class='ocr_line' id='line_1_87' title="bbox 1993 2858 3571 2940; baseline -0.011 -13"><span class='ocrx_word' id='word_1_661' title='bbox 1993 2873 2230 2937; x_wconf 85' lang='lat' dir='ltr'><strong>ﬁrment,</strong></span> <span class='ocrx_word' id='word_1_662' title='bbox 2257 2870 2348 2940; x_wconf 90' lang='lat' dir='ltr'><strong>qui</strong></span> <span class='ocrx_word' id='word_1_663' title='bbox 2377 2883 2500 2924; x_wconf 87' lang='lat' dir='ltr'><strong>eum</strong></span> <span class='ocrx_word' id='word_1_664' title='bbox 2528 2881 2772 2938; x_wconf 72' lang='lat' dir='ltr'><strong>quaerere</strong></span> <span class='ocrx_word' id='word_1_665' title='bbox 2798 2865 3140 2935; x_wconf 84' lang='lat' dir='ltr'><strong>delegerunt;</strong></span> <span class='ocrx_word' id='word_1_666' title='bbox 3173 2859 3269 2916; x_wconf 88' lang='lat' dir='ltr'><strong>sed</strong></span> <span class='ocrx_word' id='word_1_667' title='bbox 3301 2858 3444 2914; x_wconf 85' lang='lat' dir='ltr'><strong>istud</strong></span> <span class='ocrx_word' id='word_1_668' title='bbox 3480 2858 3571 2911; x_wconf 88' lang='lat' dir='ltr'><strong>de-</strong></span> 
     </span>
    </p>
   </div>
   <div class='ocr_carea' id='block_1_88' title="bbox 1975 2953 3574 3028">
    <p class='ocr_par' dir='ltr' id='par_1_88' title="bbox 1975 2953 3574 3028">
     <span class='ocr_line' id='line_1_88' title="bbox 1975 2953 3574 3028; baseline -0.012 -9"><span class='ocrx_word' id='word_1_669' title='bbox 1975 2963 2274 3026; x_wconf 77' lang='lat' dir='ltr'><strong>siderium,</strong></span> <span class='ocrx_word' id='word_1_670' title='bbox 2304 2961 2407 3016; x_wconf 89' lang='lat' dir='ltr'><strong>ista</strong></span> <span class='ocrx_word' id='word_1_671' title='bbox 2444 2957 2724 3028; x_wconf 86' lang='lat' dir='ltr'><strong>inquisitio</strong></span> <span class='ocrx_word' id='word_1_672' title='bbox 2752 2971 2857 3011; x_wconf 91' lang='lat' dir='ltr'><strong>non</strong></span> <span class='ocrx_word' id='word_1_673' title='bbox 2887 2964 2972 3010; x_wconf 90' lang='lat' dir='ltr'><strong>est</strong></span> <span class='ocrx_word' id='word_1_674' title='bbox 3005 2955 3096 3010; x_wconf 85' lang='lat' dir='ltr'><strong>hic</strong></span> <span class='ocrx_word' id='word_1_675' title='bbox 3131 2953 3406 3022; x_wconf 87' lang='lat' dir='ltr'><strong>aliquanto</strong></span> <span class='ocrx_word' id='word_1_676' title='bbox 3441 2957 3574 3002; x_wconf 83' lang='lat' dir='ltr'><strong>tem-</strong></span> 
     </span>
    </p>
   </div>
   <div class='ocr_carea' id='block_1_89' title="bbox 1916 3037 3574 3148">
    <p class='ocr_par' dir='ltr' id='par_1_89' title="bbox 1916 3037 3574 3148">
     <span class='ocr_line' id='line_1_89' title="bbox 1916 3037 3574 3148; baseline -0.012 -40"><span class='ocrx_word' id='word_1_677' title='bbox 1916 3083 1964 3148; x_wconf 62' lang='grc' dir='ltr'><strong>ρ</strong></span> <span class='ocrx_word' id='word_1_678' title='bbox 1993 3068 2124 3124; x_wconf 88' lang='lat' dir='ltr'><strong>pore</strong></span> <span class='ocrx_word' id='word_1_679' title='bbox 2167 3051 2421 3116; x_wconf 89' lang='lat' dir='ltr'><strong>ﬁnienda,</strong></span> <span class='ocrx_word' id='word_1_680' title='bbox 2444 3048 2720 3148; x_wconf 44' lang='lat' dir='ltr'><strong>Aquoniam</strong></span> <span class='ocrx_word' id='word_1_681' title='bbox 2769 3045 3010 3100; x_wconf 86' lang='lat' dir='ltr'><strong>addidit:</strong></span> <span class='ocrx_word' id='word_1_682' title='bbox 3047 3043 3263 3145; x_wconf 77' lang='lat' dir='ltr'><strong>Semper</strong></span> <span class='ocrx_word' id='word_1_683' title='bbox 3293 3054 3312 3093; x_wconf 92' lang='lat'><strong>:</strong></span> <span class='ocrx_word' id='word_1_684' title='bbox 3338 3037 3574 3142; x_wconf 52' lang='lat' dir='ltr'><strong>inanima</strong></span> 
     </span>
    </p>
   </div>
   <div class='ocr_carea' id='block_1_90' title="bbox 1998 3128 3566 3215">
    <p class='ocr_par' dir='ltr' id='par_1_90' title="bbox 1998 3128 3566 3215">
     <span class='ocr_line' id='line_1_90' title="bbox 1998 3128 3566 3215; baseline -0.013 -15"><span class='ocrx_word' id='word_1_685' title='bbox 1998 3157 2123 3201; x_wconf 87' lang='lat' dir='ltr'><strong>cum</strong></span> <span class='ocrx_word' id='word_1_686' title='bbox 2151 3141 2360 3215; x_wconf 79' lang='lat' dir='ltr'><strong>legatur</strong></span> <span class='ocrx_word' id='word_1_687' title='bbox 2391 3158 2404 3195; x_wconf 91' lang='lat'><strong>:</strong></span> <span class='ocrx_word' id='word_1_688' title='bbox 2436 3137 2540 3205; x_wconf 81' lang='lat' dir='ltr'><strong>Qui</strong></span> <span class='ocrx_word' id='word_1_689' title='bbox 2563 3137 2712 3209; x_wconf 80' lang='lat' dir='ltr'><strong>petit,</strong></span> <span class='ocrx_word' id='word_1_690' title='bbox 2745 3136 2968 3206; x_wconf 79' lang='lat' dir='ltr'><strong>accipit;</strong></span> <span class='ocrx_word' id='word_1_691' title='bbox 2998 3141 3047 3188; x_wconf 89' lang='lat' dir='ltr'><strong>et</strong></span> <span class='ocrx_word' id='word_1_692' title='bbox 3070 3133 3160 3204; x_wconf 83' lang='lat' dir='ltr'><strong>qui</strong></span> <span class='ocrx_word' id='word_1_693' title='bbox 3184 3131 3395 3202; x_wconf 73' lang='lat' dir='ltr'><strong>qumrit,</strong></span> <span class='ocrx_word' id='word_1_694' title='bbox 3424 3128 3566 3182; x_wconf 56' lang='lat' dir='ltr'><strong>inre-</strong></span> 
     </span>
    </p>
   </div>
   <div class='ocr_carea' id='block_1_91' title="bbox 1999 3215 3577 3303">
    <p class='ocr_par' dir='ltr' id='par_1_91' title="bbox 1999 3215 3577 3303">
     <span class='ocr_line' id='line_1_91' title="bbox 1999 3215 3577 3303; baseline -0.016 -13"><span class='ocrx_word' id='word_1_695' title='bbox 1999 3236 2075 3290; x_wconf 90' lang='lat' dir='ltr'><strong>nit</strong></span> <span class='ocrx_word' id='word_1_696' title='bbox 2107 3250 2125 3289; x_wconf 91' lang='lat'><strong>:</strong></span> <span class='ocrx_word' id='word_1_697' title='bbox 2157 3241 2208 3288; x_wconf 89' lang='lat' dir='ltr'><strong>et</strong></span> <span class='ocrx_word' id='word_1_698' title='bbox 2248 3229 2480 3303; x_wconf 83' lang='lat' dir='ltr'><strong>pulsanti</strong></span> <span class='ocrx_word' id='word_1_699' title='bbox 2527 3227 2790 3298; x_wconf 82' lang='lat' dir='ltr'><strong>aperietur</strong></span> <span class='ocrx_word' id='word_1_700' title='bbox 2833 3222 3049 3296; x_wconf 79' lang='lat' dir='ltr'><strong>(Matth.</strong></span> <span class='ocrx_word' id='word_1_701' title='bbox 3093 3219 3215 3292; x_wconf 88' lang='lat' dir='ltr'><strong>vu).</strong></span> <span class='ocrx_word' id='word_1_702' title='bbox 3257 3217 3390 3272; x_wconf 84' lang='lat' dir='ltr'><strong>Nam</strong></span> <span class='ocrx_word' id='word_1_703' title='bbox 3434 3215 3577 3285; x_wconf 85' lang='lat' dir='ltr'><strong>quod</strong></span> 
     </span>
    </p>
   </div>
   <div class='ocr_carea' id='block_1_92' title="bbox 1999 3304 3575 3386">
    <p class='ocr_par' dir='ltr' id='par_1_92' title="bbox 1999 3304 3575 3386">
     <span class='ocr_line' id='line_1_92' title="bbox 1999 3304 3575 3386; baseline -0.014 -7"><span class='ocrx_word' id='word_1_704' title='bbox 1999 3323 2131 3379; x_wconf 90' lang='lat' dir='ltr'><strong>dicit</strong></span> <span class='ocrx_word' id='word_1_705' title='bbox 2159 3339 2172 3376; x_wconf 91' lang='lat'><strong>:</strong></span> <span class='ocrx_word' id='word_1_706' title='bbox 2204 3319 2435 3386; x_wconf 76' lang='lat' dir='ltr'><strong>Quwrite</strong></span> <span class='ocrx_word' id='word_1_707' title='bbox 2481 3316 2671 3386; x_wconf 80' lang='lat' dir='ltr'><strong>faciem</strong></span> <span class='ocrx_word' id='word_1_708' title='bbox 2699 3313 2814 3383; x_wconf 83' lang='lat' dir='ltr'><strong>ejus</strong></span> <span class='ocrx_word' id='word_1_709' title='bbox 2857 3325 3096 3381; x_wconf 83' lang='lat' dir='ltr'><strong>semper:</strong></span> <span class='ocrx_word' id='word_1_710' title='bbox 3124 3305 3465 3380; x_wconf 65' lang='lat' dir='ltr'><strong>praesentiam</strong></span> <span class='ocrx_word' id='word_1_711' title='bbox 3500 3304 3575 3358; x_wconf 85' lang='lat' dir='ltr'><strong>si-</strong></span> 
     </span>
    </p>
   </div>
   <div class='ocr_carea' id='block_1_93' title="bbox 2001 3391 3582 3482">
    <p class='ocr_par' dir='ltr' id='par_1_93' title="bbox 2001 3391 3582 3482">
     <span class='ocr_line' id='line_1_93' title="bbox 2001 3391 3582 3482; baseline -0.013 -16"><span class='ocrx_word' id='word_1_712' title='bbox 2001 3410 2241 3482; x_wconf 83' lang='lat' dir='ltr'><strong>gniﬁcat,</strong></span> <span class='ocrx_word' id='word_1_713' title='bbox 2269 3421 2430 3478; x_wconf 89' lang='lat' dir='ltr'><strong>quam</strong></span> <span class='ocrx_word' id='word_1_714' title='bbox 2470 3403 2618 3460; x_wconf 89' lang='lat' dir='ltr'><strong>solus</strong></span> <span class='ocrx_word' id='word_1_715' title='bbox 2643 3400 2842 3472; x_wconf 66' lang='lat' dir='ltr'><strong>qumrit</strong></span> <span class='ocrx_word' id='word_1_716' title='bbox 2870 3397 3092 3455; x_wconf 87' lang='lat' dir='ltr'><strong>humilis</strong></span> <span class='ocrx_word' id='word_1_717' title='bbox 3123 3413 3188 3453; x_wconf 91' lang='lat' dir='ltr'><strong>ac</strong></span> <span class='ocrx_word' id='word_1_718' title='bbox 3219 3397 3464 3464; x_wconf 82' lang='lat' dir='ltr'><strong>devotus.</strong></span> <span class='ocrx_word' id='word_1_719' title='bbox 3488 3391 3582 3446; x_wconf 81' lang='lat' dir='ltr'><strong>Ju-</strong></span> 
     </span>
    </p>
   </div>
   <div class='ocr_carea' id='block_1_94' title="bbox 2002 3483 3582 3561">
    <p class='ocr_par' dir='ltr' id='par_1_94' title="bbox 2002 3483 3582 3561">
     <span class='ocr_line' id='line_1_94' title="bbox 2002 3483 3582 3561; baseline -0.014 -4"><span class='ocrx_word' id='word_1_720' title='bbox 2002 3503 2180 3558; x_wconf 90' lang='lat' dir='ltr'><strong>dicem</strong></span> <span class='ocrx_word' id='word_1_721' title='bbox 2208 3496 2354 3553; x_wconf 84' lang='lat' dir='ltr'><strong>enim</strong></span> <span class='ocrx_word' id='word_1_722' title='bbox 2381 3495 2696 3550; x_wconf 90' lang='lat' dir='ltr'><strong>desiderare</strong></span> <span class='ocrx_word' id='word_1_723' title='bbox 2719 3506 2827 3546; x_wconf 92' lang='lat' dir='ltr'><strong>non</strong></span> <span class='ocrx_word' id='word_1_724' title='bbox 2854 3496 3053 3561; x_wconf 88' lang='lat' dir='ltr'><strong>potest,</strong></span> <span class='ocrx_word' id='word_1_725' title='bbox 3076 3487 3183 3544; x_wconf 90' lang='lat' dir='ltr'><strong>nisi</strong></span> <span class='ocrx_word' id='word_1_726' title='bbox 3207 3487 3300 3556; x_wconf 92' lang='lat' dir='ltr'><strong>qui</strong></span> <span class='ocrx_word' id='word_1_727' title='bbox 3327 3486 3392 3540; x_wconf 91' lang='lat' dir='ltr'><strong>de</strong></span> <span class='ocrx_word' id='word_1_728' title='bbox 3413 3483 3582 3554; x_wconf 82' lang='lat' dir='ltr'><strong>ipsius</strong></span> 
     </span>
    </p>
   </div>
   <div class='ocr_carea' id='block_1_95' title="bbox 2001 3575 3580 3662">
    <p class='ocr_par' dir='ltr' id='par_1_95' title="bbox 2001 3575 3580 3662">
     <span class='ocr_line' id='line_1_95' title="bbox 2001 3575 3580 3662; baseline -0.013 -16"><span class='ocrx_word' id='word_1_729' title='bbox 2001 3592 2204 3662; x_wconf 88' lang='lat' dir='ltr'><strong>pietate</strong></span> <span class='ocrx_word' id='word_1_730' title='bbox 2235 3584 2478 3650; x_wconf 86' lang='lat' dir='ltr'><strong>conﬁdit,</strong></span> <span class='ocrx_word' id='word_1_731' title='bbox 2508 3590 2564 3639; x_wconf 89' lang='lat' dir='ltr'><strong>et</strong></span> <span class='ocrx_word' id='word_1_732' title='bbox 2589 3597 2711 3638; x_wconf 89' lang='lat' dir='ltr'><strong>cum</strong></span> <span class='ocrx_word' id='word_1_733' title='bbox 2736 3580 3080 3650; x_wconf 72' lang='lat' dir='ltr'><strong>pmsentiam</strong></span> <span class='ocrx_word' id='word_1_734' title='bbox 3109 3576 3226 3645; x_wconf 86' lang='lat' dir='ltr'><strong>ejus</strong></span> <span class='ocrx_word' id='word_1_735' title='bbox 3250 3575 3428 3645; x_wconf 88' lang='lat' dir='ltr'><strong>cupit,</strong></span> <span class='ocrx_word' id='word_1_736' title='bbox 3460 3588 3520 3628; x_wconf 91' lang='lat' dir='ltr'><strong>se</strong></span> <span class='ocrx_word' id='word_1_737' title='bbox 3551 3588 3580 3625; x_wconf 88' lang='lat' dir='ltr'><strong>a</strong></span> 
     </span>
    </p>
   </div>
   <div class='ocr_carea' id='block_1_96' title="bbox 2003 3661 3581 3750">
    <p class='ocr_par' dir='ltr' id='par_1_96' title="bbox 2003 3661 3581 3750">
     <span class='ocr_line' id='line_1_96' title="bbox 2003 3661 3581 3750; baseline -0.013 -15"><span class='ocrx_word' id='word_1_738' title='bbox 2003 3661 2168 3750; x_wconf 83' lang='lat' dir='ltr'><strong>prava</strong></span> <span class='ocrx_word' id='word_1_739' title='bbox 2200 3677 2414 3732; x_wconf 92' lang='lat' dir='ltr'><strong>actione</strong></span> <span class='ocrx_word' id='word_1_740' title='bbox 2441 3671 2741 3742; x_wconf 87' lang='lat' dir='ltr'><strong>suspendit.</strong></span> <span class='ocrx_word' id='word_1_741' title='bbox 2772 3669 3029 3737; x_wconf 62' lang='lat' dir='ltr'><strong>Quaesivit</strong></span> <span class='ocrx_word' id='word_1_742' title='bbox 3055 3667 3199 3722; x_wconf 90' lang='lat' dir='ltr'><strong>enim</strong></span> <span class='ocrx_word' id='word_1_743' title='bbox 3227 3665 3418 3720; x_wconf 87' lang='lat' dir='ltr'><strong>faciem</strong></span> <span class='ocrx_word' id='word_1_744' title='bbox 3435 3661 3581 3731; x_wconf 85' lang='lat' dir='ltr'><strong>judi-</strong></span> 
     </span>
    </p>
   </div>
   <div class='ocr_carea' id='block_1_97' title="bbox 2005 3757 3574 3837">
    <p class='ocr_par' dir='ltr' id='par_1_97' title="bbox 2005 3757 3574 3837">
     <span class='ocr_line' id='line_1_97' title="bbox 2005 3757 3574 3837; baseline -0.012 -13"><span class='ocrx_word' id='word_1_745' title='bbox 2005 3769 2113 3833; x_wconf 87' lang='lat' dir='ltr'><strong>cis,</strong></span> <span class='ocrx_word' id='word_1_746' title='bbox 2147 3765 2364 3837; x_wconf 90' lang='lat' dir='ltr'><strong>quando</strong></span> <span class='ocrx_word' id='word_1_747' title='bbox 2400 3763 2536 3819; x_wconf 81' lang='lat' dir='ltr'><strong>dixit</strong></span> <span class='ocrx_word' id='word_1_748' title='bbox 2569 3758 2860 3830; x_wconf 82' lang='lat' dir='ltr'><strong>Apostolus</strong></span> <span class='ocrx_word' id='word_1_749' title='bbox 2888 3775 2904 3812; x_wconf 90' lang='lat'><strong>:</strong></span> <span class='ocrx_word' id='word_1_750' title='bbox 2930 3757 3136 3812; x_wconf 86' lang='lat' dir='ltr'><strong>Bonum</strong></span> <span class='ocrx_word' id='word_1_751' title='bbox 3164 3764 3426 3809; x_wconf 81' lang='lat' dir='ltr'><strong>certamen</strong></span> <span class='ocrx_word' id='word_1_752' title='bbox 3463 3768 3574 3806; x_wconf 86' lang='lat' dir='ltr'><strong>eer-</strong></span> 
     </span>
    </p>
   </div>
   <div class='ocr_carea' id='block_1_98' title="bbox 2005 3844 3579 3922">
    <p class='ocr_par' dir='ltr' id='par_1_98' title="bbox 2005 3844 3579 3922">
     <span class='ocr_line' id='line_1_98' title="bbox 2005 3844 3579 3922; baseline -0.011 -10"><span class='ocrx_word' id='word_1_753' title='bbox 2005 3859 2109 3913; x_wconf 74' lang='lat' dir='ltr'><strong>tavi</strong></span> <span class='ocrx_word' id='word_1_754' title='bbox 2129 3898 2143 3922; x_wconf 94' lang='lat'><strong>,</strong></span> <span class='ocrx_word' id='word_1_755' title='bbox 2167 3871 2378 3910; x_wconf 86' lang='lat' dir='ltr'><strong>cursum</strong></span> <span class='ocrx_word' id='word_1_756' title='bbox 2414 3851 2766 3906; x_wconf 75' lang='lat' dir='ltr'><strong>consummaui</strong></span> <span class='ocrx_word' id='word_1_757' title='bbox 2789 3890 2806 3915; x_wconf 92' lang='lat'><strong>,</strong></span> <span class='ocrx_word' id='word_1_758' title='bbox 2832 3849 2989 3918; x_wconf 81' lang='lat' dir='ltr'><strong>[idem</strong></span> <span class='ocrx_word' id='word_1_759' title='bbox 3015 3845 3210 3901; x_wconf 76' lang='lat' dir='ltr'><strong>servavi</strong></span> <span class='ocrx_word' id='word_1_760' title='bbox 3240 3860 3260 3900; x_wconf 90' lang='lat'><strong><em>:</em></strong></span> <span class='ocrx_word' id='word_1_761' title='bbox 3285 3844 3351 3898; x_wconf 88' lang='lat' dir='ltr'><strong>de</strong></span> <span class='ocrx_word' id='word_1_762' title='bbox 3393 3851 3579 3898; x_wconf 70' lang='lat' dir='ltr'><strong>cetero</strong></span> 
     </span>
    </p>
   </div>
   <div class='ocr_carea' id='block_1_99' title="bbox 2008 3932 3582 4016">
    <p class='ocr_par' dir='ltr' id='par_1_99' title="bbox 2008 3932 3582 4016">
     <span class='ocr_line' id='line_1_99' title="bbox 2008 3932 3582 4016; baseline -0.01 -16"><span class='ocrx_word' id='word_1_763' title='bbox 2008 3945 2235 4016; x_wconf 86' lang='lat' dir='ltr'><strong>reposita</strong></span> <span class='ocrx_word' id='word_1_764' title='bbox 2262 3952 2336 3998; x_wconf 84' lang='lat' dir='ltr'><strong>est</strong></span> <span class='ocrx_word' id='word_1_765' title='bbox 2373 3941 2499 3995; x_wconf 79' lang='lat' dir='ltr'><strong>mihi</strong></span> <span class='ocrx_word' id='word_1_766' title='bbox 2527 3955 2723 3994; x_wconf 84' lang='lat' dir='ltr'><strong>corona</strong></span> <span class='ocrx_word' id='word_1_767' title='bbox 2756 3937 3011 4007; x_wconf 74' lang='lat' dir='ltr'><strong>jnstitiw,</strong></span> <span class='ocrx_word' id='word_1_768' title='bbox 3049 3950 3206 4006; x_wconf 85' lang='lat' dir='ltr'><strong>quam</strong></span> <span class='ocrx_word' id='word_1_769' title='bbox 3240 3933 3418 3988; x_wconf 86' lang='lat' dir='ltr'><strong>reddet</strong></span> <span class='ocrx_word' id='word_1_770' title='bbox 3456 3932 3582 3985; x_wconf 73' lang='lat' dir='ltr'><strong>milii</strong></span> 
     </span>
    </p>
   </div>
   <div class='ocr_carea' id='block_1_100' title="bbox 2009 4020 3588 4098">
    <p class='ocr_par' dir='ltr' id='par_1_100' title="bbox 2009 4020 3588 4098">
     <span class='ocr_line' id='line_1_100' title="bbox 2009 4020 3588 4098; baseline -0.011 -7"><span class='ocrx_word' id='word_1_771' title='bbox 2009 4037 2263 4091; x_wconf 85' lang='lat' dir='ltr'><strong>Dominus</strong></span> <span class='ocrx_word' id='word_1_772' title='bbox 2283 4035 2338 4086; x_wconf 88' lang='lat' dir='ltr'><strong>in</strong></span> <span class='ocrx_word' id='word_1_773' title='bbox 2373 4031 2468 4086; x_wconf 88' lang='lat' dir='ltr'><strong>illa</strong></span> <span class='ocrx_word' id='word_1_774' title='bbox 2504 4030 2590 4084; x_wconf 89' lang='lat' dir='ltr'><strong>die</strong></span> <span class='ocrx_word' id='word_1_775' title='bbox 2621 4029 2802 4098; x_wconf 84' lang='lat' dir='ltr'><strong>justus</strong></span> <span class='ocrx_word' id='word_1_776' title='bbox 2830 4025 3000 4096; x_wconf 80' lang='lat' dir='ltr'><strong>judea:</strong></span> <span class='ocrx_word' id='word_1_777' title='bbox 3028 4022 3114 4095; x_wconf 87' lang='grc'><strong>(11</strong></span> <span class='ocrx_word' id='word_1_778' title='bbox 3149 4022 3284 4076; x_wconf 82' lang='lat' dir='ltr'><strong>Tim.</strong></span> <span class='ocrx_word' id='word_1_779' title='bbox 3313 4021 3411 4093; x_wconf 83' lang='lat' dir='ltr'><strong>Iv).</strong></span> <span class='ocrx_word' id='word_1_780' title='bbox 3437 4020 3588 4075; x_wconf 81' lang='lat' dir='ltr'><strong>Talis</strong></span> 
     </span>
    </p>
   </div>
   <div class='ocr_carea' id='block_1_101' title="bbox 2009 4113 3585 4196">
    <p class='ocr_par' dir='ltr' id='par_1_101' title="bbox 2009 4113 3585 4196">
     <span class='ocr_line' id='line_1_101' title="bbox 2009 4113 3585 4196; baseline -0.01 -17"><span class='ocrx_word' id='word_1_781' title='bbox 2009 4139 2140 4196; x_wconf 88' lang='lat' dir='ltr'><strong>ergo</strong></span> <span class='ocrx_word' id='word_1_782' title='bbox 2163 4123 2311 4194; x_wconf 84' lang='lat' dir='ltr'><strong>juste</strong></span> <span class='ocrx_word' id='word_1_783' title='bbox 2349 4120 2544 4175; x_wconf 88' lang='lat' dir='ltr'><strong>faciem</strong></span> <span class='ocrx_word' id='word_1_784' title='bbox 2580 4116 2780 4187; x_wconf 86' lang='lat' dir='ltr'><strong>judicis</strong></span> <span class='ocrx_word' id='word_1_785' title='bbox 2811 4114 3087 4185; x_wconf 66' lang='lat' dir='ltr'><strong>quaesivit;</strong></span> <span class='ocrx_word' id='word_1_786' title='bbox 3114 4113 3206 4183; x_wconf 91' lang='lat' dir='ltr'><strong>qui</strong></span> <span class='ocrx_word' id='word_1_787' title='bbox 3235 4126 3295 4168; x_wconf 87' lang='lat' dir='ltr'><strong>se</strong></span> <span class='ocrx_word' id='word_1_788' title='bbox 3319 4125 3585 4167; x_wconf 84' lang='lat' dir='ltr'><strong>coronan-</strong></span> 
     </span>
    </p>
   </div>
   <div class='ocr_carea' id='block_1_102' title="bbox 2011 4201 3237 4273">
    <p class='ocr_par' dir='ltr' id='par_1_102' title="bbox 2011 4201 3237 4273">
     <span class='ocr_line' id='line_1_102' title="bbox 2011 4201 3237 4273; baseline -0.012 -4"><span class='ocrx_word' id='word_1_789' title='bbox 2011 4213 2140 4270; x_wconf 87' lang='lat' dir='ltr'><strong>dum</strong></span> <span class='ocrx_word' id='word_1_790' title='bbox 2165 4226 2290 4266; x_wconf 89' lang='lat' dir='ltr'><strong>esse</strong></span> <span class='ocrx_word' id='word_1_791' title='bbox 2327 4207 2538 4264; x_wconf 90' lang='lat' dir='ltr'><strong>Domini</strong></span> <span class='ocrx_word' id='word_1_792' title='bbox 2565 4205 2918 4261; x_wconf 88' lang='lat' dir='ltr'><strong>miseratione</strong></span> <span class='ocrx_word' id='word_1_793' title='bbox 2943 4201 3237 4273; x_wconf 70' lang='lat' dir='ltr'><strong>prmsentit.</strong></span> 
     </span>
    </p>
   </div>
   <div class='ocr_carea' id='block_1_103' title="bbox 2089 4289 3576 4361">
    <p class='ocr_par' dir='ltr' id='par_1_103' title="bbox 2089 4289 3576 4361">
     <span class='ocr_line' id='line_1_103' title="bbox 2089 4289 3576 4361; baseline -0.011 -5"><span class='ocrx_word' id='word_1_794' title='bbox 2089 4298 2454 4355; x_wconf 81' lang='lat' dir='ltr'><strong>Recordamini</strong></span> <span class='ocrx_word' id='word_1_795' title='bbox 2480 4293 2800 4349; x_wconf 81' lang='lat' dir='ltr'><strong>mirabilium</strong></span> <span class='ocrx_word' id='word_1_796' title='bbox 2829 4292 2964 4361; x_wconf 87' lang='lat' dir='ltr'><strong>ejus,</strong></span> <span class='ocrx_word' id='word_1_797' title='bbox 2989 4307 3106 4361; x_wconf 71' lang='lat' dir='ltr'><strong>qua</strong></span> <span class='ocrx_word' id='word_1_798' title='bbox 3132 4290 3276 4358; x_wconf 80' lang='lat' dir='ltr'><strong>fecit,</strong></span> <span class='ocrx_word' id='word_1_799' title='bbox 3308 4289 3576 4357; x_wconf 86' lang='lat' dir='ltr'><strong>signorum</strong></span> 
     </span>
    </p>
   </div>
   <div class='ocr_carea' id='block_1_104' title="bbox 2015 4376 3598 4458">
    <p class='ocr_par' dir='ltr' id='par_1_104' title="bbox 2015 4376 3598 4458">
     <span class='ocr_line' id='line_1_104' title="bbox 2015 4376 3598 4458; baseline -0.01 -13"><span class='ocrx_word' id='word_1_800' title='bbox 2015 4391 2160 4446; x_wconf 87' lang='lat' dir='ltr'><strong>illius</strong></span> <span class='ocrx_word' id='word_1_801' title='bbox 2186 4397 2235 4444; x_wconf 88' lang='lat' dir='ltr'><strong>et</strong></span> <span class='ocrx_word' id='word_1_802' title='bbox 2254 4385 2578 4458; x_wconf 78' lang='lat' dir='ltr'><strong>judiciorum</strong></span> <span class='ocrx_word' id='word_1_803' title='bbox 2616 4383 2724 4437; x_wconf 86' lang='lat' dir='ltr'><strong>oris</strong></span> <span class='ocrx_word' id='word_1_804' title='bbox 2761 4381 2898 4450; x_wconf 89' lang='lat' dir='ltr'><strong>ejus.</strong></span> <span class='ocrx_word' id='word_1_805' title='bbox 2941 4378 3378 4434; x_wconf 83' lang='lat' dir='ltr'><strong>Patriarcharum</strong></span> <span class='ocrx_word' id='word_1_806' title='bbox 3424 4376 3598 4430; x_wconf 90' lang='lat' dir='ltr'><strong>nomi-</strong></span> 
     </span>
    </p>
   </div>
   <div class='ocr_carea' id='block_1_105' title="bbox 2015 4466 3589 4543">
    <p class='ocr_par' dir='ltr' id='par_1_105' title="bbox 2015 4466 3589 4543">
     <span class='ocr_line' id='line_1_105' title="bbox 2015 4466 3589 4543; baseline -0.012 -5"><span class='ocrx_word' id='word_1_807' title='bbox 2015 4497 2087 4537; x_wconf 89' lang='lat' dir='ltr'><strong>na</strong></span> <span class='ocrx_word' id='word_1_808' title='bbox 2133 4487 2189 4535; x_wconf 88' lang='lat' dir='ltr'><strong>et</strong></span> <span class='ocrx_word' id='word_1_809' title='bbox 2238 4474 2500 4534; x_wconf 88' lang='lat' dir='ltr'><strong>beneﬁcia</strong></span> <span class='ocrx_word' id='word_1_810' title='bbox 2540 4473 2700 4543; x_wconf 90' lang='lat' dir='ltr'><strong>paulo</strong></span> <span class='ocrx_word' id='word_1_811' title='bbox 2743 4478 2868 4542; x_wconf 89' lang='lat' dir='ltr'><strong>post</strong></span> <span class='ocrx_word' id='word_1_812' title='bbox 2903 4469 3102 4534; x_wconf 76' lang='lat' dir='ltr'><strong>refert,</strong></span> <span class='ocrx_word' id='word_1_813' title='bbox 3131 4476 3194 4522; x_wconf 90' lang='lat' dir='ltr'><strong>ut</strong></span> <span class='ocrx_word' id='word_1_814' title='bbox 3217 4467 3368 4537; x_wconf 88' lang='lat' dir='ltr'><strong>plebs</strong></span> <span class='ocrx_word' id='word_1_815' title='bbox 3395 4466 3589 4521; x_wconf 85' lang='lat' dir='ltr'><strong>devota</strong></span> 
     </span>
    </p>
   </div>
   <div class='ocr_carea' id='block_1_106' title="bbox 2015 4555 3592 4644">
    <p class='ocr_par' dir='ltr' id='par_1_106' title="bbox 2015 4555 3592 4644">
     <span class='ocr_line' id='line_1_106' title="bbox 2015 4555 3592 4644; baseline -0.012 -18"><span class='ocrx_word' id='word_1_816' title='bbox 2015 4571 2188 4644; x_wconf 84' lang='lat' dir='ltr'><strong>possit</strong></span> <span class='ocrx_word' id='word_1_817' title='bbox 2216 4568 2501 4623; x_wconf 79' lang='lat' dir='ltr'><strong>advenere</strong></span> <span class='ocrx_word' id='word_1_818' title='bbox 2524 4563 2734 4619; x_wconf 86' lang='lat' dir='ltr'><strong>nullum</strong></span> <span class='ocrx_word' id='word_1_819' title='bbox 2755 4560 2984 4618; x_wconf 90' lang='lat' dir='ltr'><strong>Domino</strong></span> <span class='ocrx_word' id='word_1_820' title='bbox 3005 4556 3148 4614; x_wconf 89' lang='lat' dir='ltr'><strong>inani</strong></span> <span class='ocrx_word' id='word_1_821' title='bbox 3174 4555 3454 4612; x_wconf 87' lang='lat' dir='ltr'><strong>devotione</strong></span> <span class='ocrx_word' id='word_1_822' title='bbox 3478 4569 3592 4609; x_wconf 58' lang='lat' dir='ltr'><strong>ser-</strong></span> 
     </span>
    </p>
   </div>
   <div class='ocr_carea' id='block_1_107' title="bbox 2018 4646 3595 4725">
    <p class='ocr_par' dir='ltr' id='par_1_107' title="bbox 2018 4646 3595 4725">
     <span class='ocr_line' id='line_1_107' title="bbox 2018 4646 3595 4725; baseline -0.013 -5"><span class='ocrx_word' id='word_1_823' title='bbox 2018 4664 2180 4720; x_wconf 88' lang='lat' dir='ltr'><strong>visse.</strong></span> <span class='ocrx_word' id='word_1_824' title='bbox 2207 4657 2468 4714; x_wconf 72' lang='lat' dir='ltr'><strong>Mirabilia</strong></span> <span class='ocrx_word' id='word_1_825' title='bbox 2498 4657 2682 4725; x_wconf 89' lang='lat' dir='ltr'><strong>itaque</strong></span> <span class='ocrx_word' id='word_1_826' title='bbox 2701 4652 2980 4725; x_wconf 90' lang='lat' dir='ltr'><strong>pertinent</strong></span> <span class='ocrx_word' id='word_1_827' title='bbox 2999 4651 3067 4706; x_wconf 89' lang='lat' dir='ltr'><strong>ad</strong></span> <span class='ocrx_word' id='word_1_828' title='bbox 3089 4648 3404 4704; x_wconf 89' lang='lat' dir='ltr'><strong>divisionem</strong></span> <span class='ocrx_word' id='word_1_829' title='bbox 3428 4646 3595 4700; x_wconf 88' lang='lat' dir='ltr'><strong>maris</strong></span> 
     </span>
    </p>
   </div>
   <div class='ocr_carea' id='block_1_108' title="bbox 2022 4735 3590 4820">
    <p class='ocr_par' dir='ltr' id='par_1_108' title="bbox 2022 4735 3590 4820">
     <span class='ocr_line' id='line_1_108' title="bbox 2022 4735 3590 4820; baseline -0.015 -11"><span class='ocrx_word' id='word_1_830' title='bbox 2022 4751 2191 4808; x_wconf 81' lang='lat' dir='ltr'><strong>Rubri</strong></span> <span class='ocrx_word' id='word_1_831' title='bbox 2211 4791 2228 4816; x_wconf 97' lang='lat'><strong>,</strong></span> <span class='ocrx_word' id='word_1_832' title='bbox 2255 4746 2503 4820; x_wconf 87' lang='lat' dir='ltr'><strong>prodigia</strong></span> <span class='ocrx_word' id='word_1_833' title='bbox 2529 4743 2596 4800; x_wconf 93' lang='lat' dir='ltr'><strong>ad</strong></span> <span class='ocrx_word' id='word_1_834' title='bbox 2623 4743 2807 4813; x_wconf 88' lang='lat' dir='ltr'><strong>plagas</strong></span> <span class='ocrx_word' id='word_1_835' title='bbox 2846 4754 2982 4810; x_wconf 91' lang='lat' dir='ltr'><strong>quas</strong></span> <span class='ocrx_word' id='word_1_836' title='bbox 3011 4737 3160 4792; x_wconf 88' lang='lat' dir='ltr'><strong>misit</strong></span> <span class='ocrx_word' id='word_1_837' title='bbox 3191 4738 3246 4791; x_wconf 91' lang='lat' dir='ltr'><strong>in</strong></span> <span class='ocrx_word' id='word_1_838' title='bbox 3275 4735 3590 4806; x_wconf 62' lang='lat' dir='ltr'><strong>Egyptum.</strong></span> 
     </span>
    </p>
   </div>
   <div class='ocr_carea' id='block_1_109' title="bbox 2021 4823 3594 4904">
    <p class='ocr_par' dir='ltr' id='par_1_109' title="bbox 2021 4823 3594 4904">
     <span class='ocr_line' id='line_1_109' title="bbox 2021 4823 3594 4904; baseline -0.013 -9"><span class='ocrx_word' id='word_1_839' title='bbox 2021 4840 2238 4896; x_wconf 79' lang='lat' dir='ltr'><strong>Iudicia</strong></span> <span class='ocrx_word' id='word_1_840' title='bbox 2284 4837 2392 4890; x_wconf 86' lang='lat' dir='ltr'><strong>oris</strong></span> <span class='ocrx_word' id='word_1_841' title='bbox 2418 4835 2572 4904; x_wconf 88' lang='lat' dir='ltr'><strong>ejus:</strong></span> <span class='ocrx_word' id='word_1_842' title='bbox 2598 4831 2853 4902; x_wconf 88' lang='lat' dir='ltr'><strong>quoniam</strong></span> <span class='ocrx_word' id='word_1_843' title='bbox 2887 4835 3087 4883; x_wconf 68' lang='lat' dir='ltr'><strong>‘cuncta</strong></span> <span class='ocrx_word' id='word_1_844' title='bbox 3130 4823 3447 4894; x_wconf 83' lang='lat' dir='ltr'><strong>complevit,</strong></span> <span class='ocrx_word' id='word_1_845' title='bbox 3475 4837 3594 4904; x_wconf 69' lang='lat' dir='ltr'><strong>qua:</strong></span> 
     </span>
    </p>
   </div>
   <div class='ocr_carea' id='block_1_110' title="bbox 2022 4899 3595 5000">
    <p class='ocr_par' dir='ltr' id='par_1_110' title="bbox 2022 4899 3595 5000">
     <span class='ocr_line' id='line_1_110' title="bbox 2022 4899 3595 5000; baseline -0.014 -14"><span class='ocrx_word' id='word_1_846' title='bbox 2022 4930 2192 5000; x_wconf 81' lang='lat' dir='ltr'><strong>Moysi</strong></span> <span class='ocrx_word' id='word_1_847' title='bbox 2219 4941 2316 4982; x_wconf 91' lang='lat' dir='ltr'><strong>suo</strong></span> <span class='ocrx_word' id='word_1_848' title='bbox 2345 4899 2547 4978; x_wconf 85' lang='lat' dir='ltr'><strong>famulo</strong></span> <span class='ocrx_word' id='word_1_849' title='bbox 2575 4899 2888 4992; x_wconf 79' lang='lat' dir='ltr'><strong>promisisse</strong></span> <span class='ocrx_word' id='word_1_850' title='bbox 2915 4916 3268 4988; x_wconf 88' lang='lat' dir='ltr'><strong>dignoscitur.</strong></span> <span class='ocrx_word' id='word_1_851' title='bbox 3293 4913 3385 4968; x_wconf 92' lang='lat' dir='ltr'><strong>Sic</strong></span> <span class='ocrx_word' id='word_1_852' title='bbox 3406 4913 3461 4966; x_wconf 91' lang='lat' dir='ltr'><strong>in</strong></span> <span class='ocrx_word' id='word_1_853' title='bbox 3489 4899 3595 4978; x_wconf 75' lang='lat' dir='ltr'><strong>uno</strong></span> 
     </span>
    </p>
   </div>
   <div class='ocr_carea' id='block_1_111' title="bbox 2022 5002 3591 5082">
    <p class='ocr_par' dir='ltr' id='par_1_111' title="bbox 2022 5002 3591 5082">
     <span class='ocr_line' id='line_1_111' title="bbox 2022 5002 3591 5082; baseline -0.013 -8"><span class='ocrx_word' id='word_1_854' title='bbox 2022 5015 2316 5080; x_wconf 90' lang='lat' dir='ltr'><strong>versiculo,</strong></span> <span class='ocrx_word' id='word_1_855' title='bbox 2344 5027 2465 5082; x_wconf 66' lang='lat' dir='ltr'><strong>quae</strong></span> <span class='ocrx_word' id='word_1_856' title='bbox 2485 5011 2674 5067; x_wconf 89' lang='lat' dir='ltr'><strong>subter</strong></span> <span class='ocrx_word' id='word_1_857' title='bbox 2707 5008 2872 5063; x_wconf 91' lang='lat' dir='ltr'><strong>latius</strong></span> <span class='ocrx_word' id='word_1_858' title='bbox 2891 5007 3135 5063; x_wconf 90' lang='lat' dir='ltr'><strong>dicturus</strong></span> <span class='ocrx_word' id='word_1_859' title='bbox 3174 5011 3324 5068; x_wconf 86' lang='lat' dir='ltr'><strong>erat,</strong></span> <span class='ocrx_word' id='word_1_860' title='bbox 3353 5002 3591 5072; x_wconf 88' lang='lat' dir='ltr'><strong>proposi-</strong></span> 
     </span>
    </p>
   </div>
   <div class='ocr_carea' id='block_1_112' title="bbox 2028 5091 3573 5168">
    <p class='ocr_par' dir='ltr' id='par_1_112' title="bbox 2028 5091 3573 5168">
     <span class='ocr_line' id='line_1_112' title="bbox 2028 5091 3573 5168; baseline -0.014 -4"><span class='ocrx_word' id='word_1_861' title='bbox 2028 5105 2191 5164; x_wconf 89' lang='lat' dir='ltr'><strong>tionis</strong></span> <span class='ocrx_word' id='word_1_862' title='bbox 2218 5104 2337 5159; x_wconf 92' lang='lat' dir='ltr'><strong>loco</strong></span> <span class='ocrx_word' id='word_1_863' title='bbox 2360 5100 2600 5157; x_wconf 89' lang='lat' dir='ltr'><strong>breviter</strong></span> <span class='ocrx_word' id='word_1_864' title='bbox 2627 5105 2752 5153; x_wconf 89' lang='lat' dir='ltr'><strong>ante</strong></span> <span class='ocrx_word' id='word_1_865' title='bbox 2772 5095 3028 5168; x_wconf 70' lang='lat' dir='ltr'><strong>praafatus</strong></span> <span class='ocrx_word' id='word_1_866' title='bbox 3051 5101 3152 5150; x_wconf 93' lang='lat' dir='ltr'><strong>est.</strong></span> <span class='ocrx_word' id='word_1_867' title='bbox 3179 5091 3295 5148; x_wconf 86' lang='lat' dir='ltr'><strong>Hoc</strong></span> <span class='ocrx_word' id='word_1_868' title='bbox 3316 5101 3492 5147; x_wconf 88' lang='lat' dir='ltr'><strong>tamen</strong></span> <span class='ocrx_word' id='word_1_869' title='bbox 3519 5101 3573 5143; x_wconf 81' lang='lat' dir='ltr'><strong>to</strong></span> 
     </span>
    </p>
   </div>
   <div class='ocr_carea' id='block_1_113' title="bbox 2031 5185 3183 5253">
    <p class='ocr_par' dir='ltr' id='par_1_113' title="bbox 2031 5185 3183 5253">
     <span class='ocr_line' id='line_1_113' title="bbox 2031 5185 3183 5253; baseline -0.012 0"><span class='ocrx_word' id='word_1_870' title='bbox 2031 5206 2144 5253; x_wconf 91' lang='lat' dir='ltr'><strong>tum</strong></span> <span class='ocrx_word' id='word_1_871' title='bbox 2171 5193 2360 5251; x_wconf 87' lang='lat' dir='ltr'><strong>sentiri</strong></span> <span class='ocrx_word' id='word_1_872' title='bbox 2383 5189 2588 5246; x_wconf 90' lang='lat' dir='ltr'><strong>mavult</strong></span> <span class='ocrx_word' id='word_1_873' title='bbox 2603 5188 2670 5244; x_wconf 87' lang='lat' dir='ltr'><strong>de</strong></span> <span class='ocrx_word' id='word_1_874' title='bbox 2690 5188 2918 5244; x_wconf 91' lang='lat' dir='ltr'><strong>Domino</strong></span> <span class='ocrx_word' id='word_1_875' title='bbox 2945 5185 3183 5242; x_wconf 82' lang='lat' dir='ltr'><strong>Christo.</strong></span> 
     </span>
    </p>
   </div>
   <div class='ocr_carea' id='block_1_114' title="bbox 2107 5269 3594 5346">
    <p class='ocr_par' dir='ltr' id='par_1_114' title="bbox 2107 5269 3594 5346">
     <span class='ocr_line' id='line_1_114' title="bbox 2107 5269 3594 5346; baseline -0.015 -5"><span class='ocrx_word' id='word_1_876' title='bbox 2107 5285 2295 5342; x_wconf 88' lang='lat' dir='ltr'><strong>Semen</strong></span> <span class='ocrx_word' id='word_1_877' title='bbox 2340 5280 2605 5336; x_wconf 78' lang='lat' dir='ltr'><strong>Abraham</strong></span> <span class='ocrx_word' id='word_1_878' title='bbox 2629 5279 2762 5333; x_wconf 81' lang='lat' dir='ltr'><strong>servi</strong></span> <span class='ocrx_word' id='word_1_879' title='bbox 2785 5276 2899 5346; x_wconf 87' lang='lat' dir='ltr'><strong>ejus</strong></span> <span class='ocrx_word' id='word_1_880' title='bbox 2926 5291 2945 5328; x_wconf 91' lang='lat'><strong><em>:</em></strong></span> <span class='ocrx_word' id='word_1_881' title='bbox 2971 5274 3071 5344; x_wconf 78' lang='lat' dir='ltr'><strong>ﬁlii</strong></span> <span class='ocrx_word' id='word_1_882' title='bbox 3097 5273 3261 5328; x_wconf 82' lang='lat' dir='ltr'><strong>Jacob</strong></span> <span class='ocrx_word' id='word_1_883' title='bbox 3288 5271 3436 5326; x_wconf 84' lang='lat' dir='ltr'><strong>electi</strong></span> <span class='ocrx_word' id='word_1_884' title='bbox 3461 5269 3594 5338; x_wconf 80' lang='lat' dir='ltr'><strong>ejus.</strong></span> 
     </span>
    </p>
   </div>
   <div class='ocr_carea' id='block_1_115' title="bbox 2033 5350 3602 5438">
    <p class='ocr_par' dir='ltr' id='par_1_115' title="bbox 2033 5350 3602 5438">
     <span class='ocr_line' id='line_1_115' title="bbox 2033 5350 3602 5438; baseline -0.015 -7"><span class='ocrx_word' id='word_1_885' title='bbox 2033 5373 2470 5431; x_wconf 90' lang='lat' dir='ltr'><strong>Subaudiendum</strong></span> <span class='ocrx_word' id='word_1_886' title='bbox 2507 5378 2590 5424; x_wconf 89' lang='lat' dir='ltr'><strong>est</strong></span> <span class='ocrx_word' id='word_1_887' title='bbox 2613 5368 2760 5438; x_wconf 89' lang='lat' dir='ltr'><strong>quod</strong></span> <span class='ocrx_word' id='word_1_888' title='bbox 2796 5366 3044 5436; x_wconf 89' lang='lat' dir='ltr'><strong>superius</strong></span> <span class='ocrx_word' id='word_1_889' title='bbox 3073 5363 3210 5419; x_wconf 79' lang='lat' dir='ltr'><strong>dixit</strong></span> <span class='ocrx_word' id='word_1_890' title='bbox 3264 5350 3277 5415; x_wconf 73' lang='grc' dir='ltr'><em>ἐ</em></span> <span class='ocrx_word' id='word_1_891' title='bbox 3334 5357 3602 5412; x_wconf 82' lang='lat' dir='ltr'><strong>Recorda-</strong></span> 
     </span>
    </p>
   </div>
   <div class='ocr_carea' id='block_1_116' title="bbox 2031 5447 3596 5520">
    <p class='ocr_par' dir='ltr' id='par_1_116' title="bbox 2031 5447 3596 5520">
     <span class='ocr_line' id='line_1_116' title="bbox 2031 5447 3596 5520; baseline -0.017 0"><span class='ocrx_word' id='word_1_892' title='bbox 2031 5465 2180 5520; x_wconf 87' lang='lat' dir='ltr'><strong>mini.</strong></span> <span class='ocrx_word' id='word_1_893' title='bbox 2220 5457 2676 5518; x_wconf 78' lang='lat' dir='ltr'><strong>Perscrutandum</strong></span> <span class='ocrx_word' id='word_1_894' title='bbox 2727 5463 2813 5510; x_wconf 89' lang='lat' dir='ltr'><strong>est</strong></span> <span class='ocrx_word' id='word_1_895' title='bbox 2859 5464 3060 5516; x_wconf 90' lang='lat' dir='ltr'><strong>autem,</strong></span> <span class='ocrx_word' id='word_1_896' title='bbox 3110 5449 3252 5520; x_wconf 90' lang='lat' dir='ltr'><strong>quod</strong></span> <span class='ocrx_word' id='word_1_897' title='bbox 3301 5447 3355 5499; x_wconf 92' lang='lat' dir='ltr'><strong>in</strong></span> <span class='ocrx_word' id='word_1_898' title='bbox 3404 5458 3596 5510; x_wconf 85' lang='lat' dir='ltr'><strong>magna</strong></span> 
     </span>
    </p>
   </div>
   <div class='ocr_carea' id='block_1_117' title="bbox 2037 5530 3592 5617">
    <p class='ocr_par' dir='ltr' id='par_1_117' title="bbox 2037 5530 3592 5617">
     <span class='ocr_line' id='line_1_117' title="bbox 2037 5530 3592 5617; baseline -0.017 -9"><span class='ocrx_word' id='word_1_899' title='bbox 2037 5551 2356 5608; x_wconf 87' lang='lat' dir='ltr'><strong>discretione</strong></span> <span class='ocrx_word' id='word_1_900' title='bbox 2385 5548 2646 5617; x_wconf 90' lang='lat' dir='ltr'><strong>propheta</strong></span> <span class='ocrx_word' id='word_1_901' title='bbox 2672 5543 2904 5598; x_wconf 66' lang='lat' dir='ltr'><strong>Abrahae</strong></span> <span class='ocrx_word' id='word_1_902' title='bbox 2929 5555 3112 5596; x_wconf 87' lang='lat' dir='ltr'><strong>semen</strong></span> <span class='ocrx_word' id='word_1_903' title='bbox 3141 5551 3312 5590; x_wconf 80' lang='lat' dir='ltr'><strong>seruos</strong></span> <span class='ocrx_word' id='word_1_904' title='bbox 3337 5530 3592 5600; x_wconf 83' lang='lat' dir='ltr'><strong>appellat,</strong></span> 
     </span>
    </p>
   </div>
   <div class='ocr_carea' id='block_1_118' title="bbox 2038 5619 3592 5698">
    <p class='ocr_par' dir='ltr' id='par_1_118' title="bbox 2038 5619 3592 5698">
     <span class='ocr_line' id='line_1_118' title="bbox 2038 5619 3592 5698; baseline -0.016 0"><span class='ocrx_word' id='word_1_905' title='bbox 2038 5644 2175 5698; x_wconf 84' lang='lat' dir='ltr'><strong>ﬁlios</strong></span> <span class='ocrx_word' id='word_1_906' title='bbox 2193 5639 2356 5696; x_wconf 84' lang='lat' dir='ltr'><strong>Jacob</strong></span> <span class='ocrx_word' id='word_1_907' title='bbox 2380 5637 2565 5692; x_wconf 82' lang='lat' dir='ltr'><strong>electos</strong></span> <span class='ocrx_word' id='word_1_908' title='bbox 2594 5633 2820 5698; x_wconf 80' lang='lat' dir='ltr'><strong>tDomini</strong></span> <span class='ocrx_word' id='word_1_909' title='bbox 2846 5646 2965 5688; x_wconf 88' lang='lat' dir='ltr'><strong>esse</strong></span> <span class='ocrx_word' id='word_1_910' title='bbox 3003 5638 3451 5683; x_wconf 87' lang='lat' dir='ltr'><strong>commemorans.</strong></span> <span class='ocrx_word' id='word_1_911' title='bbox 3499 5619 3592 5674; x_wconf 76' lang='lat' dir='ltr'><strong>Ju-</strong></span> 
     </span>
    </p>
   </div>
  </div>
