3912 6160
353 290 462 350 555

994 283 1054 338 Β.
1095 276 1347 336 RABANI
1387 274 1603 331 MAURI
1640 271 1927 329 ARCHIEF

2041 268 2311 327 [0GUNT.
2348 266 2634 326 OPERUM
2672 268 2852 326 PARS
2885 271 2925 324 ι.

3507 271 3616 333 550

354 403 456 458 ἀεὶ
479 400 622 456 enim
646 404 1009 457 contumaces,
1035 406 1170 460 quos
1191 391 1279 445 hic
1301 389 1502 443 mavult
1525 386 1769 456 intelligi,
1799 400 1922 440 car-
1955 385 2004 446 Α
2031 388 2260 451 quenter
2284 389 2570 434 enumerat
2593 390 2798 450 quanta
2848 380 3180 450 patriarcbis
3209 383 3385 444 virtus
3432 387 3617 444 divina

353 492 440 546 nis
467 489 697 543 Abrahm
709 500 894 539 semen
918 481 1153 536 fuerunt.
1182 479 1330 545 Quos
1351 477 1546 532 merito
1570 491 1746 530 servos
1772 473 1926 537 dicit,

353 575 888 651 quoniam,.perﬁdia
909 573 1162 634 faciente,
1193 569 1288 623 ﬁlii
1323 583 1444 622 esse
1464 566 1771 621 noluerunt.
1799 562 1930 630 Qui-

353 673 455 729 bus
479 673 590 741 ipse
615 669 874 724 Dominus
899 665 1030 720 dicit
1056 681 1068 717 :
1099 662 1163 718 Si
1192 679 1280 716 vos
1321 659 1421 730 ﬁlii
1465 659 1685 712 Abraluz
1725 655 1926 720 essetis,
1971 673 1982 682 ι

352 778 509 832 opera
539 757 762 813 Abrahae
789 755 1056 826 fecissetis.
1095 752 1262 807 Filios
1291 765 1424 805 vero
1463 747 1630 803 Jacob
1659 745 1931 817 signiﬁcat

353 849 691 907 ﬁdelissimos
707 845 1066 909 Christianos,
1089 843 1183 914 qui
1206 841 1446 896 nzeredes
1465 837 1667 894 domini
1692 851 1931 892 noscun-

351 952 456 998 tur.

422 1033 543 1103 Ipse
571 1032 817 1086 Dominus
839 1029 981 1083 Deus
1007 1035 1213 1090 noster;
1243 1024 1300 1078 in
1329 1023 1569 1076 universa
1618 1030 1758 1074 terra
1779 1019 1929 1090 judi-

348 1123 434 1176 cia
462 1123 596 1192 ejus.
634 1120 858 1174 Ponitur
884 1131 1068 1172 semen
1099 1113 1330 1168 Abrahae
1357 1120 1412 1167 et
1439 1126 1626 1166 semen
1659 1110 1844 1174 Jacob,
1871 1116 1931 1164 ut

353 1212 692 1266 Salvatorem
723 1219 966 1264 nostrum
993 1221 1100 1261 non
1127 1205 1289 1260 unius
1309 1204 1484 1273 gentis
1505 1202 1816 1267 Dominum,
1837 1201 1932 1256 sed

359 1301 649 1356 Dominum
683 1299 908 1354 credant
944 1299 1108 1352 totius
1133 1295 1285 1351 orbis
1306 1302 1600 1349 terrarum.
1625 1292 1762 1346 Nam
1791 1293 1934 1347 sicut

357 1392 558 1462 ubique
605 1392 826 1447 dilatata
861 1400 943 1446 est
985 1389 1244 1454 Ecclesia,
1272 1389 1346 1443 ita
1386 1402 1485 1458 per
1521 1387 1706 1442 orbem
1736 1401 1933 1456 propa-

350 1491 478 1554 gata
531 1491 655 1538 sunt
707 1481 822 1550 ejus
875 1482 991 1536 sine
1041 1480 1372 1535 dubitatione
1415 1477 1639 1546 judicia.
1694 1477 1933 1532 Dicendo

349 1573 497 1626 enim
533 1573 640 1642 ipse
675 1572 931 1626 Dominus
954 1579 1258 1627 commonet
1279 1571 1428 1625 illum
1453 1567 1678 1640 intelligi
1705 1569 1929 1636 debere,

351 1676 511 1733 quem
534 1663 713 1733 populi
749 1662 1054 1717 Judmorum
1081 1661 1507 1731 cruciﬁgendum
1533 1674 1654 1714 esse
1680 1659 1933 1714 decreve-

2025 471 2366 542 .pra:stiterit.
2388 470 2630 540 Denique
2661 471 2786 526 inde
2804 472 2950 540 quod
2977 473 3250 542 sequitur:

2103 564 2228 618 Non
2247 563 2449 617 dimisit
2487 579 2799 634 quemquam
2831 562 3148 620 calumniari
3187 579 3295 630 eos,
3322 566 3414 620 sed
3441 567 3620 623 incre~

2030 653 2168 724 pavit
2192 669 2287 723 pro
2310 654 2386 707 eis
2413 669 2556 723 reges
2581 666 2601 704 :
2627 653 2806 708 Nolite
2831 662 3042 724 tangere
3087 654 3310 708 cltristos
3352 671 3516 721 meos,
3565 669 3622 712 et

2025 744 2088 797 in
2113 743 2376 814 prophetis
2403 744 2534 797 meis
2568 742 2725 798 nolite
2748 743 3051 814 malignari.
3099 743 3198 799 Hic
3248 754 3461 816 tempus
3483 747 3621 804 illud

2029 835 2323 905 signiﬁcat,
2349 848 2458 905 quo
2483 849 2576 888 rex
2610 834 2986 905 Egyptiorum
3021 835 3280 890 divinitus
3307 835 3622 894 admonitus

2031 933 2138 989 est,
2161 938 2230 978 ne
2266 923 2499 978 Abrahae
2549 939 2774 979 uxorem
2826 924 3234 993 prasumpserit
3279 923 3431 997 (Gen.
3490 928 3618 1000 xu).

2031 1013 2188 1080 Quod
2251 1014 2415 1069 simili
2485 1015 2647 1069 modo
2726 1014 2794 1069 de
2855 1015 3005 1069 Isaac
3089 1023 3301 1074 constat
3367 1017 3621 1074 eﬂ'ectnm

2033 1102 2189 1175 (Gen.
2214 1102 2386 1175 xxvi).
2415 1102 2756 1174 Quapropter
2777 1103 3057 1158 evidenter
3083 1104 3391 1159 ostenditur
3434 1106 3620 1162 divina

2032 1197 2365 1266 protectione
2407 1210 2502 1252 eos
2544 1194 2714 1250 fuisse
2762 1194 3020 1249 munitos.
3076 1193 3231 1250 Unde
3261 1195 3620 1252 scrutandum

2031 1294 2117 1342 est
2139 1287 2412 1357 quomodo
2448 1301 2612 1356 supra
2661 1293 2989 1340 memoratos
3013 1285 3356 1354 patriarchas
3381 1286 3620 1342 cbristos

2032 1377 2303 1446 appellare
2330 1376 2609 1447 delegerit,
2641 1391 2764 1431 cum
2785 1375 2963 1430 adhuc
2981 1389 3088 1429 non
3115 1373 3278 1430 fuerit
3307 1377 3494 1432 unctio
3519 1392 3618 1434 cc-

2032 1467 2240 1524 lebrata
2289 1485 2303 1522 :
2363 1483 2395 1522 a
2443 1467 2573 1523 Saul
2604 1466 2753 1522 enim
2808 1465 2926 1521 haec
2977 1481 3067 1522 res
3115 1467 3347 1536 sumpsit
3403 1468 3618 1524 initium

2035 1560 2089 1633 (I
2110 1560 2236 1629 Reg.
2267 1559 2347 1628 ι).
2373 1557 2479 1613 Sed
2502 1554 2766 1626 quoniam
2791 1563 2948 1610 erant
2966 1555 3022 1623 jn
3053 1556 3254 1625 spiritu
3275 1555 3607 1627 Christiani,

2033 1656 2265 1724 eiusque
2301 1651 2422 1706 ﬁdei
2453 1651 2750 1719 probantur
2774 1664 2897 1704 esse
2924 1649 3126 1714 devoti,
3159 1651 3304 1705 sicut
3333 1650 3402 1708 de
3429 1655 3609 1713 Abra-

349 1766 498 1812 runt.
532 1756 639 1812 Sed
667 1757 757 1825 qui
805 1757 944 1811 hanc
985 1769 1173 1810 vocem
1218 1767 1324 1808 non
1364 1753 1672 1817 advertunt,
1713 1751 1814 1822 ipsi
1844 1766 1929 1822 “se
1957 1741 2004 1800 Β
2038 1749 2166 1803 ham
2203 1744 2464 1799 Dominus
2483 1741 2653 1798 dicit:
2697 1740 3008 1811 Concupivit
3037 1743 3177 1796 diem
3203 1759 3376 1799 meum
3405 1749 3602 1814 ridere,

340 1849 660 1918 specialiter
685 1863 715 1900 a
743 1847 1066 1917 patriarchis
1094 1845 1297 1901 alienos
1325 1856 1445 1899 esse
1474 1842 1818 1913 proﬁtentur;

419 1936 788 1992 Recordamini
832 1937 887 1990 in
930 1937 1298 2005 sempiternum
1326 1935 1466 2005 pacti
1505 1934 1642 2003 ejus,
1675 1933 1929 1987 sermonis

349 2042 500 2099 quem
527 2025 790 2080 mandavit
807 2027 862 2080 in
887 2025 1030 2079 mille
1058 2026 1432 2095 generationes.
1469 2023 1760 2078 Recordari
1791 2039 1930 2094 prte-

349 2117 502 2188 cipit,
524 2117 627 2172 hoc
647 2125 752 2180 est,
781 2124 842 2170 ut
865 2116 1008 2170 nulla
1027 2115 1296 2171 oblivione
1316 2115 1599 2180 tradatur;
1632 2124 1688 2169 et
1708 2114 1930 2184 subjun-

347 2206 446 2276 git,
478 2207 534 2259 in
569 2206 960 2276 sempiternum,
989 2207 1114 2275 quia
1147 2205 1407 2276 quidquid
1439 2205 1698 2260 Dominus
1719 2206 1927 2276 promi-

347 2296 442 2362 sit,
465 2297 690 2366 perenni
718 2295 973 2350 ﬁrmitale
996 2309 1313 2351 mansurum
1336 2303 1436 2350 est.
1470 2292 1624 2349 Pacti
1643 2297 1750 2350 sive
1774 2304 1930 2350 testa-

346 2387 511 2440 menti
532 2386 612 2440 sui
641 2387 1023 2455 prophetarum
1046 2384 1313 2455 signiﬁcat
1333 2383 1768 2452 praedicationes,
1791 2400 1929 2454 quas

347 2476 417 2530 de
441 2474 606 2529 Verbi
637 2475 1008 2529 incarnatione
1029 2475 1412 2543 prmdixerunt.
1441 2474 1700 2544 Sequitur
1730 2491 1742 2529 :
1777 2475 1930 2541 Quod

348 2564 638 2618 mandavit.
664 2563 920 2618 Mandare
945 2572 1028 2618 est
1043 2579 1141 2634 per
1157 2564 1320 2618 alium
1339 2563 1536 2633 aliquid
1564 2561 1770 2628 dicere,
1790 2565 1932 2635 quod

349 2653 538 2721 utique
566 2651 770 2711 factum
792 2658 916 2716 .est,
969 2652 1191 2722 quando
1227 2653 1507 2723 prophetis
1537 2660 1718 2708 tamen
1746 2654 1929 2709 saeculi

347 2743 536 2800 datum
563 2752 645 2799 est
670 2741 859 2812 futura
881 2744 1227 2813 prophetare.
1261 2743 1328 2799 In
1359 2741 1504 2798 mille
1547 2744 1926 2814 generationes.

349 2833 591 2889 Finitum
618 2849 718 2905 pro
739 2833 950 2891 inﬁnito
976 2835 1213 2904 positum
1234 2842 1340 2900 est,
1369 2832 1514 2904 quod
1541 2841 1720 2891 tamen
1746 2835 1930 2892 saeculi

351 2926 511 2982 istius
531 2925 638 2981 line
658 2925 1017 2992 concluditur,
1035 2926 1126 2983 ubi
1143 2926 1424 2998 generatio
1434 2927 1670 2988 humana
1685 2927 1929 2997 sequenti

351 3016 456 3072 sibi
483 3025 640 3072 atate
662 3017 923 3074 succedit.

2035 1841 2162 1896 vidit
2190 1846 2237 1894 et
2255 1837 2464 1907 gauisus
2485 1843 2564 1890 est
2588 1831 2772 1906 (Joan.
2805 1834 2944 1904 VIII).
2970 1833 3163 1890 Merito
3190 1851 3322 1906 ergo
3343 1841 3606 1910 appellati

2036 1939 2166 1988 sunt
2183 1929 2324 1984 sacri
2345 1927 2584 1986 nomine.
2605 1926 2733 1994 quia
2752 1923 2864 1994 jam
2885 1924 3090 1980 Christi
3117 1927 3278 1982 Iidem
3307 1931 3614 1998 probantur

2035 2033 2242 2074 amare.
2275 2017 2409 2072 Nam
2443 2024 2502 2070 et
2537 2015 2654 2084 ipsa
2689 2014 2907 2069 Domini
2941 2017 3109 2070 verba
3139 2025 3268 2072 sunt
3299 2019 3480 2088 posita
3512 2021 3605 2076 di-

2035 2110 2248 2167 contis:
2285 2107 2709 2178 Noliteﬁtangere
2739 2107 2966 2162 christos
2997 2124 3162 2176 meos,
3180 2119 3230 2165 et
3256 2109 3310 2164 in
3336 2111 3612 2182 prophetis

2033 2201 2162 2255 meis
2185 2199 2348 2254 nolite
2377 2199 2683 2266 malignari.
3123 2184 3129 2189 ’
3243 2217 3248 2220 -

2102 2282 2323 2338 Caritate
2349 2281 2599 2348 Domino,
2637 2281 2804 2336 omnis
2835 2289 2994 2335 terra.

2101 2371 2338 2427 Dicendo
2387 2371 2532 2426 enim
2575 2370 2744 2425 omnis
2781 2379 2943 2436 terra,
3009 2369 3332 2425 catholicam
3353 2368 3626 2439 signiﬁcat

2032 2461 2351 2526 Ecclesiam,
2397 2474 2518 2530 quae
2552 2475 2651 2530 per
2677 2469 2932 2516 cunctum
2961 2460 3149 2515 orbem
3200 2459 3445 2514 noscitur
3504 2472 3628 2515 esse

2031 2549 2245 2606 dill‘usa.
2275 2549 2434 2605 Brevi
2449 2550 2593 2605 enim
2609 2549 2931 2620 compendio
2953 2558 3010 2604 et
3037 2549 3276 2604 Iudaeam
3303 2548 3621 2613 confutavit,

2019 2645 2157 2714 quia
2192 2652 2380 2715 gentes
2427 2643 2663 2710 admisit,
2711 2651 2766 2698 et
2791 2643 2886 2697 Dei
2926 2651 3113 2697 natum
3161 2641 3448 2708 destruxit,
3495 2642 3624 2713 quia

2031 2735 2372 2807 generalitati
2397 2733 2754 2792 confessionis
2777 2733 3008 2804 gratiam
3049 2747 3157 2787 non
3193 2731 3432 2800 negavit.
3486 2729 3625 2784 Nam

2031 2836 2092 2882 ut
2145 2827 2394 2884 homines
2451 2825 2800 2896 intelligeres,
2856 2834 3061 2879 cantate
3087 2823 3257 2888 dixit,
3311 2822 3404 2892 qui
3433 2835 3625 2876 revera

2030 2925 2258 2989 possunt
2297 2917 2482 2973 laudes
2509 2917 2740 2972 Domino
2762 2929 3069 2987 personare.
3102 2914 3304 2969 Deinde
3351 2913 3478 2983 quia
3501 2912 3626 2984 plu-

2031 3009 2202 3064 ralem
2248 3023 2533 3063 numerum
2587 3007 2791 3076 aptavit
2826 3005 2894 3060 ad
2951 3013 3178 3068 terram,
3228 3003 3374 3073 quod
3429 3004 3622 3074 utique

424 3105 579 3172 Quod
614 3108 804 3178 pepigit
839 3123 957 3162 cum
1003 3107 1292 3173 Abraham,
1335 3116 1386 3161 et
1435 3107 1729 3177 juramenti
1787 3083 2002 3169 illinc
2033 3113 2141 3154 non
2164 3099 2493 3164 conveniret,
2521 3098 2565 3153 si
2592 3097 2841 3152 tellurem
2873 3094 3133 3152 voluisset
3160 3095 3406 3164 intelligi.

353 3213 474 3251 cum
507 3196 686 3262 Isaac,
729 3209 778 3252 et
829 3197 1093 3252 constituit
1129 3197 1264 3252 illud
1299 3195 1467 3254 ,ιασοῡ
1501 3197 1558 3253 in
1594 3208 1930 3268 prteceptum,

2105 3189 2426 3244 Annuntiate
2451 3189 2518 3244 de
2550 3189 2635 3242 die
2661 3188 2719 3241 in
2753 3186 2891 3240 diem
2928 3184 3163 3240 salutare
3209 3185 3346 3256 ejus.
3376 3185 3504 3240 Dies
3555 3185 3627 3240 de

353 3296 403 3341 et
429 3287 596 3342 Israel
622 3289 679 3342 in
704 3297 918 3360 pactum
944 3289 1336 3358 sempiternum.
1367 3287 1450 3343 Ad
1477 3287 1607 3344 illud
1657 3289 1935 3359 respondit
2023 3281 2122 3337 die
2152 3283 2286 3336 duos
2311 3281 2434 3336 dies
2457 3278 2726 3352 signiﬁcat
2775 3275 3014 3332 absolute
3039 3293 3055 3330 :
3082 3277 3224 3346 quod
3259 3277 3538 3346 pertinere
3555 3277 3627 3334 ad

352 3377 497 3447 quod
529 3378 778 3446 superius
805 3378 960 3442 dixit,
997 3379 1293 3432 testamenti
1339 3379 1445 3432 sui.
1471 3378 1566 3433 Illa
1598 3379 1764 3446 enim,
1815 3394 1927 3449 qua:

2041 3370 2345 3441 Scripturas
2372 3366 2703 3426 Tcstamenti
2743 3365 2876 3422 Novi
2920 3373 2976 3420 et
3003 3364 3214 3420 Veteris
3260 3366 3620 3431 aestimamus,

351 3466 410 3520 in
437 3467 608 3520 veteri
633 3472 952 3522 testamento
968 3467 1202 3524 Abrahae
1224 3467 1450 3523 etlsaac
1471 3467 1936 3537 patriarehispro-
2036 3473 2158 3530 qua:
2200 3467 2430 3528 utraque
2474 3458 2662 3513 retenti
2704 3456 2835 3512 solis
2885 3456 3130 3512 claritate
3180 3456 3525 3526 respondent.
3557 3457 3628 3512 Et

354 3557 520 3612 inissa
542 3563 667 3612 sunt
687 3557 776 3612 vel
787 3557 986 3628 iurata,
1011 3557 1200 3616 statuit
1211 3571 1298 3623 ea,
1321 3551 1374 3612 id
1393 3565 1500 3623 est,
1523 3555 1936 3613 ﬁrmavitlacob
2036 3552 2162 3608 inde
2186 3554 2326 3608 bene
2351 3552 2634 3607 nuntiatur
2658 3550 2916 3606 salutaris
2942 3549 3222 3614 Dominus,
3271 3562 3368 3619 per
3393 3563 3534 3619 quos
3567 3559 3627 3605 et

353 3655 413 3726 et
453 3647 638 3714 Israel,
689 3647 742 3702 in
793 3663 934 3703 novo
978 3647 1229 3702 videlicet
1270 3655 1618 3713 testamento,
1665 3648 1810 3717 quod
1852 3656 1937 3703 est
2033 3654 2294 3701 venturus
2321 3655 2376 3700 et
2399 3645 2612 3702 venisse
2631 3652 2964 3700 monstratus
2991 3652 3094 3700 est.
3126 3643 3410 3715 Pmpheta:
3451 3645 3627 3714 siqui-

353 3745 634 3792 :nternum.
661 3737 846 3793 Jacob'
863 3738 1010 3792 enim
1033 3745 1086 3792 et
1127 3737 1294 3792 Israel
1342 3737 1649 3793 Christiana
1693 3746 1932 3809 tempora

353 3826 666 3896 plerumque
689 3827 1016 3898 signiﬁcare,
1047 3841 1190 3897 saepe
1213 3828 1326 3898 jam
1354 3828 1559 3882 dictum
1585 3837 1688 3883 est.
1725 3827 1934 3884 Novum

354 3914 472 3984 ejus
499 3916 1126 3986 testamentumproprie
1141 3917 1337 3972 dicitur
1356 3925 1642 3981 aeternum,
1671 3917 1797 3987 quia
1820 3917 1934 3972 nul-

356 4006 467 4060 lum
489 4007 562 4060 illi
583 4007 1036 4076 aliudaliquando
1055 4007 1337 4074 succedet,
1363 4009 1419 4062 in
1444 4022 1552 4078 quo
1581 4016 1666 4063 est
1691 4008 1932 4063 omnium

353 4096 745 4166 promissorum
771 4096 1036 4166 completa
1058 4096 1342 4167 perfectio.
1851 4147 1855 4151 .

425 4185 616 4240 Dicens
639 4184 800 4239 :.Tibi
821 4186 956 4240 dabo
979 4197 1172 4241 terram
1198 4185 1472 4252 Chanaan,
1514 4186 1814 4257 funiculum
1827 4189 1938 4242 lue-

357 4274 596 4330 reditatis
650 4285 853 4332 uestra.
905 4275 1165 4336 Chanaan
1220 4275 1654 4346 interpretatur:
1696 4275 1928 4330 humilis.

358 4365 502 4437 Ergo
553 4367 836 4422 humilium
898 4376 1101 4422 terram
1155 4367 1544 4423 convenienter
1589 4366 1930 4423 Christianos

357 4464 676 4528 accepturos
703 4470 823 4512 esse
859 4457 1154 4528 signiﬁcat,
1179 4457 1284 4512 hoc
1333 4464 1439 4522 est,
1492 4457 1636 4526 quod
1689 4458 1934 4528 superius

358 4547 518 4612 dixit,
547 4555 910 4601 testamentum
939 4555 1210 4599 internum.
1237 4545 1376 4601 Haec.
1391 4546 1536 4601 enim
1565 4554 1710 4601 terra
1757 4548 1936 4604 humi-

359 4635 529 4690 litatis
573 4643 628 4690 et
674 4634 1038 4690 inclinationis
1070 4636 1151 4690 sic
1183 4650 1214 4690 a
1263 4635 1511 4690 ﬁdelibus
1542 4636 1826 4706 accipitur,
1870 4649 1934 4694 ,ιιι

359 4734 562 4782 aeterno
586 4742 808 4782 munere
829 4734 1064 4782 tueauir.
1110 4726 1404 4784 Funiculus
1440 4737 1620 4783 autem
1637 4729 1932 4791 haeredita-

362 4815 458 4879 tis,
492 4817 676 4870 mundi
705 4815 974 4886 signiﬁcat
1017 4825 1289 4874 tortuosae
1317 4819 1611 4890 angustias,
1652 4835 1789 4890 quas
1832 4821 1934 4876 Do-

331 4903 544 4960 .minus
564 4919 663 4974 pro
693 4905 867 4961 salute
890 4914 1207 4961 cunctorum
1245 4923 1340 4963 sua
1369 4910 1621 4978 passione
1648 4911 1927 4966 dissolvit:

364 4992 510 5048 illius
537 4995 680 5049 enim
704 4995 1046 5064 susceptione
1065 4997 1252 5050 carnis
1270 5007 1454 5052 nostra
1481 4999 1738 5068 probatur
1764 5001 1935 5056 haere-

365 5085 526 5150 ditas,
557 5086 612 5139 in
635 5100 741 5154 qua
762 5094 960 5141 aeterna
976 5088 1298 5156 patrimonia
1318 5089 1442 5144 vitae
1467 5090 1704 5146 cmlestis
1731 5093 1932 5162 accipi-

366 5191 509 5241 mus,
538 5176 582 5231 si
607 5192 738 5232 eam
754 5177 859 5232 ﬁxe
900 5187 1061 5248 atque
1089 5180 1433 5250 integerrime
1474 5181 1699 5236 credere
1725 5197 1934 5238 merea-

365 5280 506 5320 mur.
534 5265 668 5321 Nam
694 5268 796 5322 ista
826 5270 1153 5340 comparatio
1187 5269 1256 5323 ab
1302 5271 1382 5324 eis
1435 5271 1630 5324 tradita
1686 5280 1790 5339 est,
1839 5273 1932 5342 qui

365 5367 526 5424 agros
535 5370 599 5411 ac
607 5357 972 5425 possessiones
995 5366 1147 5413 tenso
1176 5357 1302 5413 fune
1321 5357 1714 5414 dividebantur.

438 5443 570 5497 Cum
597 5455 761 5499 essent
789 5462 943 5515 pauci
981 5463 1218 5511 numero,
1254 5456 1304 5501 et
1333 5447 1484 5516 parui
1505 5447 1678 5501 coloni
1721 5450 1856 5519 ejus,
1885 5461 1934 5505 et

369 5533 687 5588 transierunt
715 5536 780 5590 de
815 5546 962 5607 gente
985 5537 1037 5590 in
1068 5546 1289 5608 gentem,
1317 5547 1365 5590 et
1393 5537 1458 5591 de
1495 5554 1651 5608 regno
1671 5541 1740 5593 ad
1769 5557 1934 5611 popu-

373 5617 483 5675 lum
502 5620 744 5683 alterum.
767 5625 930 5684 Venit
953 5627 1022 5686 ad
1046 5628 1256 5686 tertiam
1283 5638 1510 5698 partem,
1537 5629 1588 5684 in
1615 5645 1718 5700 qua
1745 5647 1933 5688 conse-

2035 3739 2155 3793 dem
2173 3738 2538 3810 promiserunt
2566 3737 2877 3802 adventum,
2907 3735 3252 3807 evangelista;
3289 3736 3506 3791 venisse
3531 3738 3624 3792 de-

2033 3828 2257 3884 clarant.
2289 3828 2367 3882 Ita
2397 3826 2597 3881 factum
2632 3834 2738 3891 est,
2770 3834 2829 3879 ut
2861 3825 2969 3881 duo
2995 3825 3243 3882 caelestes
3265 3826 3381 3881 dies
3413 3841 3626 3882 annun-

2031 3919 2198 3973 tiasse
2225 3917 2343 3988 ejus
2367 3917 2594 3986 gloriam
2621 3917 3060 3985 comprobentur.

2106 4007 2338 4060 Narrate
2359 4007 2414 4059 in
2437 4005 2672 4075 gentibus
2699 4003 2922 4074 gloriam
2949 4005 3066 4074 ejus
3091 4014 3139 4059 et
3162 4005 3217 4059 in
3239 4007 3439 4060 unctis
3455 4022 3626 4076 popu-

2037 4097 2098 4153 lis
2141 4096 2403 4152 mirabilia
2439 4097 2576 4166 ejus.
2629 4095 2766 4151 Dum
2801 4096 3048 4167 superius
3073 4097 3212 4152 dixit
3251 4116 3266 4152 :
3298 4097 3625 4153 Annuntiate

2035 4185 2270 4241 salutare
2294 4185 2450 4255 ejus;
2484 4184 2574 4240 hic
2605 4184 2738 4240 dicit
2764 4203 2778 4239 :
2809 4184 3045 4240 Narrate
3079 4185 3346 4241 mirabilia
3395 4187 3624 4257 gloriam

2032 4276 2170 4346 ejus.
2211 4274 2364 4343 Quod
2411 4275 2596 4346 utique
2637 4274 2916 4346 aptissime
2951 4276 3185 4345 positum
3209 4285 3312 4331 est.
3353 4275 3624 4331 Dominus

2037 4367 2288 4423 Salvator
2328 4367 2729 4422 annnntiandus
2746 4374 2902 4422 erat:
2936 4366 3107 4437 gloria
3156 4381 3288 4422 vero
3330 4365 3449 4436 ejus
3492 4382 3620 4421 nar-

1959 4425 2011 4484 D
2037 4457 2207 4512 randa
2236 4469 2336 4526 per
2383 4464 2588 4528 gentes.
2652 4455 2863 4524 Quanta
2919 4425 3187 4512 mirabilia
3232 4425 3618 4526 praedicalmnt,

2035 4558 2312 4604 auctorem
2341 4546 2522 4603 audiat
2542 4545 2783 4614 ludens,
2799 4561 2964 4616 seque
2979 4547 3242 4618 intelligat
3263 4549 3622 4604 contumacia:

2035 4654 2147 4694 suae
2165 4637 2452 4708 iniquitate
2471 4645 2869 4708 contemptum:
2897 4637 3023 4706 quia
3050 4652 3160 4692 non
3179 4637 3308 4692 dicit
3333 4655 3348 4691 :
3376 4636 3616 4692 Hebreis

2035 4735 2266 4792 narrate,
2315 4726 2436 4790 sed,
2484 4725 2738 4798 gentibus.
2768 4724 2835 4780 Et
2876 4739 2947 4780 ne
2974 4725 3080 4787 hoc
3107 4724 3262 4780 aliter
3299 4725 3480 4795 possis
3525 4726 3621 4780 ad-

2033 4829 2268 4885 vertere,
2305 4819 2512 4875 addidit
2534 4833 2786 4889 quoque:
2833 4817 2901 4874 In
2929 4819 3164 4874 omnibus
3211 4819 3416 4889 populis
3447 4836 3467 4873 :
3509 4834 3621 4890 quo

2040 4909 2184 4965 dicto
2219 4911 2499 4966 universas
2538 4919 2726 4980 gentes
2771 4909 3015 4965 absoluta
3069 4910 3278 4964 ratione
3304 4910 3620 4979 complexus

2039 5010 2142 5057 est.
2170 5000 2448 5072 Sequitur,
2470 4999 2733 5056 mirabilia
2760 5001 2890 5072 ejus.
2913 4999 3306 5055 incarnationis
3331 5014 3616 5066 arcanum,

2037 5091 2130 5160 qui
2159 5091 2286 5146 dum
2305 5091 2377 5146 sit
2405 5090 2714 5154 altissimus,
2737 5091 2909 5147 factus
2924 5098 3006 5146 est
3025 5105 3126 5160 pro
3152 5090 3307 5145 nobis
3323 5088 3618 5145 liberandis

2039 5181 2387 5236 humillimus.
2419 5181 2770 5252 lntelligimus
2805 5189 2984 5236 autem
3020 5188 3281 5250 quantum
3326 5178 3618 5249 profecerit

2040 5269 2322 5325 aediﬁcatio
2345 5280 2543 5326 sancta:
2572 5271 2780 5337 domus,
2806 5285 2925 5340 qua
2950 5278 3122 5326 totum
3145 5269 3331 5326 orbem
3374 5270 3618 5325 noscitur

2036 5360 2314 5432 complexa
2351 5371 2639 5416 terrarum.

2110 5451 2250 5516 Quia
2277 5469 2498 5523 magnus
2528 5453 2799 5517 Dominus,
2827 5463 2873 5507 et
2895 5452 3176 5507 laudabilis
3201 5452 3377 5519 nimis,
3412 5460 3466 5504 et
3497 5452 3616 5504 lser-

2037 5545 2203 5598 ribilis
2258 5561 2413 5615 super
2467 5559 2642 5598 omnes
2679 5545 2822 5598 deos.
2853 5542 2951 5598 Hic
2972 5542 3103 5598 dicit
3141 5539 3612 5611 quare’miracula

2037 5634 2156 5704 ejus
2198 5633 2499 5693 debeautet
2525 5633 2691 5704 gloria
2738 5631 3018 5712 prtedicari
3043 5649 3055 5686 :
3079 5631 3329 5700 quoniam
3385 5642 3612 5700 magnus
