3912 6160
292 321 400 378 557

1217 319 1573 378 COMMENT.
1613 321 1681 376 lN
1722 321 2276 380 PARALIPOMENA.
2317 355 2388 366 --
2424 325 2552 383 LIB.
2594 327 2655 385 ll.

3465 345 3572 402 558

291 438 722 506 Dominus;qu
740 435 910 506 ﬁgura
924 436 1420 509 diciturmtiologia,
1439 452 1616 492 causa:
1631 438 1878 498 redditio.
1911 451 1958 509 Α
1985 442 2236 510 gaudium
2267 445 2320 498 in
2357 444 2469 499 loco
2515 447 2652 515 ejus.
2681 444 3045 505 Generalitatc
3063 451 3187 521 quia
3217 453 3451 510 instituit
3481 457 3573 512 ad-

292 530 524 600 Hagn-ns
557 531 626 582 ad
673 536 994 596 potestatem
1041 529 1293 597 pertinet,
1325 545 1446 599 qua:
1479 545 1642 599 super
1688 541 1885 586 cuncta

289 622 565 692 potentior
589 629 673 676 est
699 639 714 685 ;
747 620 1030 677 laudabilis
1061 621 1126 675 ad
1154 623 1435 690 pietatem,
1469 625 1726 693 quoniam
1755 625 1882 680 dum

291 728 540 769 essemus
554 713 777 782 captivi,
791 714 1030 780 pretioso
1042 714 1305 784 sanguine
1325 730 1424 770 nos
1437 717 1682 771 redemit.
1709 715 1882 772 Nimis

292 814 473 860 autem
497 805 751 875 congruit
777 804 842 858 ad
871 813 1183 874 utrumque,
1210 806 1338 875 quia
1361 821 1460 862 nec
1479 819 1739 876 quantum
1768 823 1884 862 ma.

292 915 449 969 girus,
496 913 600 952 nec
631 907 896 967 quantum
926 897 1212 954 laudabilis
1239 899 1328 964 sit,
1359 909 1574 968 poterat
1601 900 1876 970 explicari,

292 991 384 1043 sed
410 989 666 1056 quoniam
695 988 1061 1043 consideranti
1091 988 1378 1043 aestimatio
1411 989 1628 1055 defecit,
1659 989 1882 1058 pulchre

290 1081 733 1143 addidit,-nimis.
763 1079 839 1133 tta
873 1096 976 1134 non
1010 1081 1328 1149 exponendo
1356 1081 1498 1150 quod
1523 1081 1876 1144 intendebat,

291 1174 559 1243 signiﬁcat
575 1174 845 1228 uberrime
862 1191 873 1226 :
889 1182 943 1228 et
955 1174 1249 1229 declaravit
1264 1191 1363 1230 nec
1375 1175 1878 1246 comprehendendo

290 1264 428 1334 quod
451 1263 640 1319 voluit.
665 1263 956 1333 Sequitur:
975 1264 1260 1321 Horribilis
1284 1278 1526 1338 θείημεν
1544 1286 1720 1323 omnes
1731 1270 1874 1326 deos.

291 1354 388 1408 llic
442 1355 706 1409 debemus
752 1355 884 1410 (lens
949 1355 1248 1423 advertere,
1283 1373 1421 1427 quos
1463 1360 1564 1413 sibi
1605 1360 1878 1430 gentilitas

291 1445 449 1514 impia
485 1443 905 1513 praesumptione
925 1447 1242 1514 composuit.
1265 1446 1402 1501 Nam
1433 1463 1528 1502 eos
1555 1449 1610 1502 in
1628 1449 1875 1519 sequenti

288 1549 446 1590 versu
463 1533 795 1588 manifestat.
833 1534 1095 1602 Quoniam
1117 1539 1365 1606 quamvis
1397 1540 1500 1594 illis
1525 1541 1705 1596 stultis
1727 1557 1877 1596 men-

291 1627 432 1680 tibus
481 1625 796 1682 adorabiles
827 1635 884 1682 et
911 1629 1185 1683 metuendi
1202 1645 1329 1686 esse
1366 1633 1671 1698 videantur,
1706 1634 1875 1689 multo

290 1715 583 1770 terribilior
605 1723 690 1770 est
716 1715 996 1781 Dominus,
1023 1716 1178 1786 cujus
1199 1734 1306 1775 nec
1333 1721 1875 1786 mititudomiracu—

1981 548 2223 599 monere,
2240 535 2527 590 utilitatem
2555 537 2836 593 catholica:
2852 540 3126 610 religionis
3143 545 3398 600 ostendit.
3431 545 3572 604 Dicit

1981 624 2124 679 enim
2161 626 2614 694 quemadmodum
2665 629 2937 700 magniﬁci
2992 633 3306 700 reddantur,
3367 637 3460 706 qui
3503 638 3573 702 ad

1981 714 2367 785 indulgentiam
2445 726 2794 785 peccatorum
2867 723 3156 790 provenire
3226 737 3565 784 meruerunt.

1980 803 2385 861 Confessionem
2407 807 2674 876 siquidem
2704 809 2839 864 bene
2867 813 3113 881 sequitur
3142 816 3565 887 magniﬁcentia;

1979 896 2104 965 quia
2148 912 2308 952 nemo
2339 907 2518 968 potest
2549 915 2668 954 esse
2708 903 3048 972 magniﬁcus,
3074 905 3178 959 nisi
3223 908 3312 976 qui
3355 909 3571 966 Domini

1979 984 2142 1042 fuerit
2197 988 2546 1044 miseratione
2590 992 2898 1047 mundatus.
2925 993 3120 1049 Coram
3166 996 3393 1052 Domino
3441 1017 3571 1072 ergo

1977 1077 2256 1133 confessio
2285 1087 2339 1134 et
2373 1081 2773 1150 magniﬁcentia
2804 1097 2816 1135 :
2845 1085 2970 1152 quia
2998 1086 3138 1140 sicut
3169 1089 3568 1159 magniﬁcentia

1977 1177 2064 1224 est
2092 1185 2220 1224 vera
2249 1186 2371 1240 qua:
2398 1171 2628 1226 Domino
2663 1175 2935 1239 tribuitur,
2960 1176 3033 1230 ita
3059 1177 3326 1234 confessio
3351 1195 3470 1236 esse
3483 1184 3571 1238 de-

1975 1260 2067 1318 bet
2094 1279 2229 1332 pura
2245 1277 2366 1333 qua:
2387 1263 2532 1318 illam
2557 1269 2834 1322 meruerit.
2863 1267 3142 1325 Fortitudo
3172 1283 3216 1326 et
3242 1276 3492 1342 gaudium
3512 1278 3570 1332 in

1975 1351 2092 1406 loco
2114 1353 2251 1422 ejus.
2282 1354 2458 1409 Locus
2484 1357 2628 1410 enim
2655 1357 2863 1412 Domini
2895 1363 3182 1429 praesentia
3205 1363 3324 1433 ejus
3342 1365 3568 1438 intelligi

1975 1453 2176 1513 potest,
2205 1460 2311 1514 qua
2359 1448 2532 1502 sancti
2558 1449 2908 1518 perfruuntur
2939 1454 2992 1507 in
3017 1469 3116 1510 sua
3154 1456 3287 1512 vita.
3310 1457 3387 1512 lbi
3434 1475 3565 1532 ergo

1977 1535 2237 1594 fortitudo
2268 1548 2358 1594 .est
2385 1551 2440 1594 et
2475 1543 2730 1612 gaudium
2760 1562 2772 1598 :
2803 1545 2929 1615 quia
2961 1547 3034 1603 ibi
3080 1549 3464 1608 immortalitas
3501 1570 3568 1611 ac

1975 1626 2254 1683 beatitudo
2283 1639 2568 1699 perpetua.

2047 1716 2242 1785 Aﬁ‘erte
2271 1717 2760 1789 DominoJamilim
2781 1723 3115 1794 populorum,
3141 1729 3324 1798 afferte
3344 1731 3570 1789 Domino

290 1807 460 1862 lorum
544 1815 724 1876 potest
782 1807 1025 1879 intelligi,
1092 1824 1191 1864 nec
1229 1809 1505 1879 plenitudo
1574 1813 1874 1882 majestatis
1901 1814 1948 1873 B
1973 1807 2707 1881 gloriantetimperium;date
2721 1814 2942 1872 Domino
2965 1818 3189 1888 gloriam
3212 1824 3411 1878 nomini
3431 1826 3571 1895 ejus;

285 1913 526 1969 agnosci.

357 1991 553 2046 Omnes
577 1991 655 2043 dii
693 1991 831 2046 enim
861 1993 1113 2060 gentium
1171 1993 1340 2057 idola,
1373 1993 1650 2050 .Doutinus
1693 2006 1872 2049 autem

286 2084 438 2138 talos
479 2085 623 2152 fecit.
673 2083 734 2136 ln
771 2083 1032 2150 psalterio
1072 2093 1252 2138 autem
1293 2075 1528 2155 legitur:
1560 2086 1754 2141 Omnes
1797 2086 1874 2140 dii

285 2178 514 2246 gentium
545 2174 831 2239 dmonia,
865 2174 1120 2229 Dominus
1143 2187 1314 2230 autem
1345 2177 1498 2231 ctelos
1527 2177 1648 2246 fecit
1682 2176 1870 2248 (Paul.

288 2271 438 2336 xcv).
471 2264 790 2318 Hirabiliter
811 2277 915 2332 per
947 2264 1189 2333 quintam
1227 2266 1465 2333 speciem
1511 2266 1870 2334 ditiinitionis,

285 2370 403 2424 qua“:
436 2355 629 2408 Graece
658 2363 776 2406 cato
807 2363 928 2406 ante
956 2353 1116 2417 lexin,
1135 2354 1300 2409 latine
1321 2356 1626 2410 adverbium
1651 2358 1868 2424 dicitur,

285 2445 734 2513 mmprchensum
778 2451 861 2497 est
906 2443 1033 2513 quid
1079 2445 1188 2499 sint
1203 2446 1281 2499 dii
1319 2446 1559 2515 gentium
1587 2447 1867 2502 daemonia.

285 2536 560 2591 [temonis
586 2537 732 2589 enim
781 2542 905 2588 sunt
946 2549 1068 2603 qua:
1105 2535 1235 2588 nulli
1272 2543 1532 2605 praestant
1564 2554 1576 2588 :
1609 2537 1703 2591 sed
1735 2538 1788 2590 in
1811 2552 1872 2594 se

285 2627 570 2682 credentes
602 2639 816 2694 semper
863 2625 1154 2694 decipiunt,
1193 2639 1408 2695 semper
1447 2626 1694 2680 llludunt.
1736 2625 1871 2682 Nam

284 2718 533 2788 quamvis
575 2717 845 2770 dmones
893 2716 1082 2770 Latine
1109 2717 1329 2771 scientes
1379 2727 1663 2782 vocentur,
1715 2720 1871 2789 quasi

286 2809 587 2871 (laniones;
637 2807 876 2860 humano
907 2815 1089 2860 tamen
1127 2821 1378 2864 sermone
1421 2809 1726 2862 convicium
1763 2816 1867 2875 est,

213 2955 227 2974 δ
283 2897 406 2951 dum
455 2897 541 2950 ita
579 2896 830 2962 dicimus,
888 2897 1042 2966 quasi
1090 2912 1159 2951 ex
1187 2897 1461 2953 creatione
1505 2898 1696 2968 dignos
1725 2911 1873 2953 esse

280 2987 592 3054 indicamus
623 3003 728 3042 non
758 2988 1056 3053 immerito,
1084 2990 1342 3058 quoniam
1357 2988 1473 3043 illis
1495 2989 1729 3044 scientia
1751 3003 1870 3042 non

287 3092 382 3145 est,
413 3084 509 3154 qui
539 3082 808 3137 creatoris
830 3083 912 3136 sui
946 3097 1052 3136 non
1093 3082 1392 3136 secundant
1421 3081 1665 3136 arbitrio.
1698 3080 1788 3136 Sic
1815 3089 1873 3136 et

1975 1897 2140 1953 levate
2170 1901 2512 1970 sacriﬁcium,
2545 1914 2591 1957 et
2616 1906 2780 1960 venite
2803 1906 2857 1960 in
2888 1919 3161 1979 conspectu
3195 1912 3331 1980 ejus,
3373 1925 3421 1969 et
3465 1916 3569 1972 ad—

1973 2000 2132 2044 orato.
2155 1990 2438 2046 Dominum
2464 1994 2516 2047 in
2555 1994 2738 2049 decore
2758 2008 2958 2052 sancto.
2988 2000 3280 2071 Postquam
3305 2006 3571 2076 magnalia

1973 2082 2210 2148 Domini,
2234 2093 2291 2139 et
2341 2087 2628 2140 beatorum
2655 2089 2795 2143 dona
2849 2093 3184 2159 praedicavit,
3219 2097 3271 2149 in
3327 2098 3566 2153 secunda

1973 2182 2128 2242 parte
2146 2175 2438 2230 studiosius
2451 2186 2756 2232 commovet
2772 2190 3046 2249 gentes.ut
3061 2184 3207 2237 omni
3222 2187 3569 2242 cunctatione

1974 2263 2239 2332 deposita,
2269 2263 2498 2319 aﬁ‘erant
2524 2267 2750 2322 Domino
2782 2268 3009 2338 gloriam
3037 2282 3092 2325 et
3113 2271 3426 2342 imperium.
3459 2274 3568 2331 Fa-

1973 2348 2136 2407 milia:
2164 2353 2475 2424 populorum
2503 2365 2643 2410 sunt.
2661 2357 2998 2413 diversarum
3032 2362 3276 2430 gentium
3296 2365 3564 2431 nationes,

1973 2459 2096 2514 qua:
2113 2444 2346 2499 atterunt
2361 2445 2590 2506 Domino
2614 2447 2840 2516 gloriam
2853 2456 2910 2503 et
2932 2449 3240 2520 imperium,
3265 2467 3390 2508 cum
3419 2454 3567 2509 illum

1974 2535 2224 2601 credunt,
2247 2535 2576 2591 conﬁtentur
2596 2547 2654 2593 et
2670 2539 2970 2608 priedicant
2987 2541 3274 2597 Dominum
3297 2559 3485 2599 verum
3511 2554 3569 2600 et

1973 2625 2402 2694 omnipotentem
2437 2634 2496 2680 et
2525 2628 2768 2682 omnium
2793 2628 3206 2684 dominatorem.
3264 2630 3394 2686 Tale
3421 2633 3569 2688 enim

1974 2714 2300 2768 sacriﬁcium
2326 2715 2502 2783 placet
2530 2715 2586 2769 in
2615 2727 2908 2785 conspectu
2947 2717 3063 2771 Dei.
3085 2717 3157 2773 Et
3193 2717 3568 2788 hujuscemodi

1973 2803 2295 2860 adoratores
2314 2804 2543 2858 adorant
2572 2789 2857 2864 Dominum
2881 2806 2938 2860 in
2961 2807 3158 2863 decore
3181 2820 3406 2875 saneto;
3439 2812 3567 2880 quia

1974 2909 2100 2949 eum
2151 2896 2315 2950 corde
2361 2896 2582 2951 credulo
2611 2895 2849 2958 fatentur
2871 2905 3089 2956 mternae
3127 2899 3395 2956 claritatis
3445 2917 3569 2958 esse

1955 2995 2268 3041 auctorem.
2299 2985 2358 3040 ln
2386 2987 2735 3056 nonagesimo
2767 2996 2947 3043 autem
2979 2989 3178 3059 quinto.
3195 2991 3404 3060 psalmo
3423 2992 3565 3048 scri-

1972 3085 2124 3148 ptum
2168 3086 2252 3132 est
2277 3091 2296 3129 :
2327 3078 2525 3146 Aﬁ‘erte
2578 3078 2826 3144 Domino,
2867 3081 3055 3150 patria:
3099 3083 3350 3151 gentium,
3381 3083 3565 3152 aperte

281 3175 554 3242 sapientes
596 3173 946 3242 philosophos
999 3171 1271 3226 dicimus:
1312 3171 1432 3226 sed
1459 3173 1559 3226 hos
1622 3170 1870 3241 sequitur
1887 3185 1941 3246 λα
1971 3167 2201 3238 gloriam
2219 3177 2269 3222 et
2288 3169 2558 3233 honorem,
2602 3169 2784 3238 omn-te
2820 3169 3044 3224 Domino
3076 3170 3312 3240 gloriam
3363 3172 3564 3225 πωπξηὶ

281 3267 508 3334 apostoli
537 3264 815 3320 dillinitiva
843 3265 1132 3329 sententia,
1155 3265 1372 3321 dicens:
1404 3264 1867 3334 Sapientiaohujus

281 3357 458 3409 mundi
505 3354 735 3409 stultitia
789 3363 865 3409 est
913 3355 1054 3425 apud
1087 3354 1253 3408 Deum
1307 3352 1373 3424 (1
1397 3351 1518 3408 Cor.
1547 3353 1669 3424 ιιιι).
1715 3352 1870 3409 Unde

281 3461 501 3502 necesse
549 3455 634 3501 est
671 3456 730 3501 ut
766 3447 856 3501 hic
899 3447 1133 3503 scientes
1165 3462 1268 3516 pro
1290 3463 1398 3502 non
1447 3447 1870 3518 intelligentibus

281 3538 606 3592 habeantur.
649 3537 867 3590 Damon
902 3547 986 3592 est
1009 3551 1138 3608 ergo
1167 3552 1196 3591 a
1234 3539 1343 3593 Deo
1383 3539 1618 3607 quidem,
1649 3539 1791 3592 sicut
1813 3542 1870 3592 et

281 3629 542 3683 bonorum
583 3628 897 3699 angelorum
947 3629 1218 3684 excellens
1257 3631 1504 3685 homines
1531 3637 1712 3685 creata
1739 3630 1869 3685 sub-

282 3721 500 3784 stantia,
534 3735 656 3789 qute
684 3720 899 3789 propria
925 3719 1154 3775 faciente
1173 3721 1444 3790 superbia,
1462 3736 1528 3776 eo
1550 3737 1724 3790 usque
1746 3735 1870 3792 per-

279 3811 445 3875 venit,
465 3818 550 3874 ut,
578 3809 808 3863 naturali
845 3809 1100 3880 dignitate
1133 3811 1400 3880 deposita,
1432 3811 1590 3866 malis
1613 3813 1869 3881 operibus

281 3915 494 3969 semper
507 3900 743 3953 insistat.
767 3898 894 3954 Haec
906 3909 1034 3953 sunt
1049 3901 1308 3956 dremouia
1326 3917 1445 3970 qum
1465 3901 1602 3956 alios
1617 3902 1864 3971 perdunt,

282 3999 334 4043 et
370 3993 553 4060 seipsa
579 3990 874 4058 decipiunt.
906 3989 1017 4045 Hoc
1045 3999 1170 4045 sunt
1205 3992 1485 4061 utique-dii
1511 3993 1759 4062 gentium
1775 3993 1868 4063 qui

281 4095 375 4150 per
415 4081 791 4135 infructuosus
839 4082 1248 4137 vaticinationes
1291 4091 1348 4136 et
1388 4082 1690 4137 futurorum
1730 4098 1868 4138 vana

280 4173 544 4244 praesagia
575 4171 834 4226 festinant
880 4177 1088 4227 animas
1137 4174 1384 4243 decipere
1410 4173 1864 4229 concludentium.

285 4262 544 4333 Sequitur
571 4281 584 4316 :
609 4261 867 4316 Dominus
903 4272 1079 4316 autem
1125 4262 1277 4317 oculos
1325 4263 1465 4333 fecit.
1510 4263 1652 4319 Ecce
1677 4277 1866 4318 revera

281 4351 494 4406 Domini
518 4351 681 4421 digna
706 4351 961 4405 laudatio.
999 4350 1133 4405 Nam
1171 4367 1293 4406 cum
1320 4353 1449 4407 dicit
1479 4370 1493 4406 :
1518 4350 1687 4406 Caelos
1714 4352 1864 4422 fecit,

281 4459 471 4498 omnes
509 4444 642 4513 ipsis
667 4443 839 4498 laetas
867 4452 1147 4499 creaturas
1163 4443 1489 4501 suﬁicienter
1511 4445 1867 4502 ostendit.Sic

1959 3261 2104 3331 ejus.
2137 3260 2323 3315 Tollite
2341 3261 2561 3326 hostias,
2588 3272 2636 3316 et
2657 3262 2866 3317 introite
2888 3262 2946 3317 in
2973 3263 3112 3316 atria
3150 3263 3290 3334 ejus,
3340 3263 3561 3318 adorato

1953 3349 2256 3406 Dominum
2285 3351 2345 3404 in
2367 3359 2550 3406 sancta
2578 3353 2692 3422 ejus
2722 3350 3065 3424 (Psalacv).
3089 3351 3224 3414 Nam
3251 3362 3376 3407 cum
3405 3352 3558 3418 dicit,

1968 3441 2158 3510 patria:
2176 3441 2437 3510 gentium,
2457 3441 2578 3511 plus
2597 3442 2865 3512 signiﬁcat
2881 3483 2894 3507 ,
2915 3457 3078 3511 quam
3114 3443 3162 3496 si
3192 3442 3335 3497 solas
3363 3443 3570 3500 diceret

1961 3537 2190 3600 gentes;
2226 3545 2358 3601 gens
2386 3534 2529 3586 enim
2552 3532 2764 3600 aliquos
2789 3541 2968 3602 potest
2997 3533 3201 3587 habere
3227 3533 3559 3604 peregrinos.

1953 3626 2360 3681 ‘Et'dumnotio
2385 3627 2602 3690 dicitur,
2629 3642 2737 3680 non
2763 3627 3002 3700 advenas
3037 3625 3436 3694 complectitur,
3468 3625 3565 3678 sed

1969 3726 2180 3773 tantum
2205 3726 2417 3788 gentem
2441 3720 2601 3773 unius
2641 3717 2917 3788 sanguinis
2948 3717 3168 3771 indicat.
3194 3715 3293 3769 Hic
3320 3729 3448 3769 vero
3476 3715 3561 3768 di-

1969 3815 2120 3863 ctum
2144 3816 2246 3874 est,
2287 3809 2476 3878 patria:
2499 3809 2751 3878 gentium,
2783 3815 2842 3860 ut
2878 3805 3054 3861 nullus
3087 3805 3356 3873 indigena,
3387 3801 3566 3856 nullus

1946 3921 1948 3924 ν
1969 3898 2188 3966 hospes,
2203 3897 2383 3951 nullus
2404 3896 2724 3966 peregrinus
2742 3895 3058 3949 redderetur
3077 3899 3355 3960 exceptus.
3376 3888 3563 3944 Patria

1969 3987 2116 4043 enim
2143 3986 2285 4041 dicta
2325 3995 2412 4040 est
2455 3985 2609 4053 quasi
2637 3985 2803 4053 patris
2846 3984 3005 4037 atria.
3035 3974 3294 4051 Sequitur
3323 3980 3560 4049 :Aﬂ'erte

1968 4077 2194 4132 Domino
2224 4076 2446 4147 gloriam
2480 4085 2528 4130 et
2553 4076 2820 4129 honorem.
2865 4073 3136 4130 Admonet
3178 4074 3367 4139 etiam,
3394 4081 3454 4126 ut
3480 4071 3558 4125 illi

1968 4170 2292 4243 generalitas
2306 4168 2534 4225 Domino
2547 4167 2772 4240 gloriam
2788 4165 2979 4223 all’erat
2997 4173 3052 4220 et
3072 4166 3355 4220 honorem.
3373 4161 3558 4218 Gloria

1966 4270 2052 4317 est
2101 4260 2334 4325 Domini,
2363 4275 2486 4315 cum
2530 4275 2589 4314 se
2631 4258 2827 4328 aliquis
2855 4254 3110 4314 laudabili
3143 4252 3556 4313 conversatione

1966 4353 2240 4408 tractavit.
2293 4349 2668 4407 'Gloriﬁcatur
2726 4351 2871 4404 enim
2933 4349 3192 4405 Dominus
3228 4348 3282 4402 in
3329 4342 3556 4413 talibus,

1966 4443 2181 4512 quando
2226 4457 2294 4497 ex
2333 4441 2570 4498 ﬁdelium
2617 4439 2781 4495 fuerit
2829 4439 3243 4495 conversatione
3283 4437 3556 4503 laudatus,

279 4535 422 4589 enim
454 4535 510 4588 in
541 4533 834 4602 majoribus
861 4534 1069 4588 minora
1111 4535 1539 4604 complectimur,
1566 4551 1691 4591 cum
1737 4536 1866 4592 dici—
1890 4529 1943 4592 D
1967 4534 2106 4590 sicut
2134 4535 2192 4588 in
2232 4532 2524 4604 Evangelia
2552 4529 2831 4601 discipulis
2853 4531 2969 4584 suis
2999 4530 3109 4584 ait:
3140 4528 3234 4584 Sic
3273 4526 3561 4583 luccatlua:

278 4639 398 4679 mos
425 4623 700 4678 civitatem
746 4623 1086 4688 aediﬁcatam,
1126 4626 1342 4680 domum
1385 4627 1718 4681 obstructam
1744 4645 1757 4681 :
1785 4627 1860 4683 ibi

275 4713 422 4768 enim
451 4712 675 4781 reliqua:
708 4721 894 4782 partes
935 4717 1587 4784 comprehenduntur,ubi
1612 4719 1862 4789 generale

277 4818 479 4857 nomen
505 4803 723 4858 dicitur.
748 4804 817 4859 Et
855 4806 1197 4876 reSpice-quo
1227 4809 1409 4864 tendat
1434 4809 1691 4864 Dominus
1711 4811 1863 4866 omlos

277 4894 418 4960 fecit.
456 4891 594 4946 Nam
619 4892 753 4948 falsa
782 4894 1056 4950 hominum
1079 4898 1458 4968 imaginatione
1485 4900 1684 4970 reperti
1713 4910 1858 4956 sunt.

274 4982 545 5038 Dominus
559 4991 738 5038 autem
766 4985 934 5040 caelos
956 4984 1100 5052 fecit,
1137 4987 1226 5042 ubi
1252 4987 1328 5043 illi
1352 5005 1451 5044 nec
1479 4991 1738 5045 accedere
1765 5006 1864 5046 nec

274 5076 530 5131 habitare
554 5087 951 5146 promerentur.
987 5080 1113 5138 Sive
1146 5083 1313 5138 caelos
1365 5084 1634 5153 apostolos
1661 5093 1716 5138 et
1739 5097 1865 5138 san-

272 5162 391 5222 ctos
423 5168 573 5221 viros
610 5167 897 5238 signiﬁcat,
925 5168 1018 5239 qui
1089 5173 1420 5230 dmmonibus
1469 5175 1736 5246 imperare
1754 5177 1862 5234 Do-

273 5261 410 5314 mini
463 5274 690 5314 munere
750 5271 1160 5316 consueverunt.
1229 5262 1319 5319 Sic
1380 5265 1863 5321 demonstrativum

273 5350 496 5405 dicendi
533 5364 703 5420 genus
748 5350 848 5405 sub
893 5353 1158 5407 brevitate
1201 5355 1528 5425 completum
1553 5365 1654 5412 est.
1703 5354 1861 5413 Vitu-

270 5441 494 5512 peravit
530 5442 673 5496 enim
723 5445 968 5514 superius
995 5444 1124 5501 deos
1150 5448 1409 5517 gentium,
1437 5457 1492 5502 et
1528 5449 1713 5504 laudes
1761 5449 1865 5504 Do-

273 5533 406 5588 mini
443 5533 836 5602 subsequenter
855 5535 1098 5605 adiunxit
1123 5556 1135 5591 :
1159 5539 1284 5609 quia
1319 5541 1522 5610 gratior
1551 5540 1656 5596 diei
1681 5539 1862 5610 splen~

272 5625 371 5680 dor
398 5634 509 5689 est,
543 5641 664 5680 cum
689 5642 794 5682 nox
821 5627 1051 5683 obscura
1081 5632 1437 5700 prmcesserit.

342 5715 627 5786 Confessio
658 5728 706 5772 et
739 5719 1123 5790 magniﬁcentia
1175 5738 1350 5778 coram
1371 5740 1430 5779 eo
1461 5739 1478 5778 :
1519 5721 1773 5792 fortitudo
1815 5731 1863 5776 et

1964 4636 2134 4682 vestra
2162 4642 2340 4681 coram
2361 4624 2678 4690 hominibus,
2701 4634 2757 4677 ut
2787 4622 2993 4677 videant
3015 4637 3173 4691 opera
3195 4629 3364 4675 vestra
3397 4620 3555 4686 bona,

1963 4730 2012 4775 et
2049 4719 2338 4791 gloriﬁcent
2370 4715 2585 4772 Patrem
2606 4726 2852 4782 vestrum,
2873 4716 2962 4787 qui
2991 4723 3067 4770 est
3092 4714 3150 4768 in
3173 4711 3311 4767 cadis
3339 4709 3554 4784 (Matth.

1963 4825 1998 4864 ν
2019 4809 2060 4883 ).
2086 4809 2268 4864 Honor
2319 4815 2403 4863 est
2446 4816 2624 4862 autem
2658 4805 2892 4872 Domini,
2915 4803 3132 4874 quando
3167 4802 3222 4856 in
3246 4801 3400 4857 donis
3441 4803 3557 4857 suis

1964 4901 2014 4956 ei
2052 4899 2255 4971 gratias
2281 4895 2567 4952 referimus
2593 4915 2604 4950 :
2629 4904 2684 4951 et
2717 4897 2761 4952 si
2791 4895 2917 4965 quid
2947 4895 3073 4962 boni
3101 4893 3458 4961 suscepimus,
3486 4891 3555 4946 ab

1966 4991 2085 5063 ipso
2130 4989 2448 5061 proﬁtemur
2491 5003 2611 5043 esse
2657 4989 2943 5059 collatum;
2977 4988 3120 5042 sicut
3163 4987 3218 5040 in
3270 4984 3559 5056 Evangelio

1966 5083 2199 5156 legitur:
2231 5080 2419 5134 Nonne
2459 5080 2634 5134 decem
2673 5080 2913 5134 mandati
2957 5079 3119 5134 sunt?
3149 5088 3199 5132 et
3234 5095 3340 5132 non
3369 5090 3442 5132 est
3475 5079 3557 5131 in-

1965 5186 2144 5231 ventus
2178 5176 2268 5247 qui
2312 5173 2500 5228 rediret
2527 5185 2574 5227 et
2599 5173 2746 5228 daret
2789 5173 3013 5245 gloriam
3039 5174 3170 5238 Deo,
3200 5174 3302 5228 nisi
3341 5173 3426 5227 hic
3455 5171 3555 5227 Sa-

1966 5269 2262 5324 maritanus
2290 5266 2454 5338 (Luc.
2493 5281 2601 5320 xvu
2624 5266 2665 5338 ).
2693 5264 2847 5320 Sicut
2889 5280 3052 5336 supra
3085 5264 3221 5320 dixit
3247 5265 3301 5320 in
3345 5263 3556 5334 psalmo

1967 5359 2110 5413 trina
2143 5359 2484 5428 repetitione,
2512 5367 2740 5423 cantate,
2761 5358 2832 5412 ita
2858 5358 2964 5414 hoc
3006 5359 3170 5414 tertio
3194 5356 3551 5426 componitur,

1967 5449 2271 5520 a/Ierte;ut
2326 5456 2666 5504 sacramenta
2715 5457 2916 5505 sanctae
2951 5447 3251 5506 Trinitatis
3297 5447 3352 5498 in
3397 5443 3554 5498 Chri—

1967 5541 2144 5598 stiano
2207 5540 2456 5612 dogmate
2506 5541 2681 5596 inesse
2732 5555 2948 5610 semper
2988 5551 3329 5612 agnosceres.
3391 5534 3553 5588 Asse-

1967 5641 2095 5687 runt
2137 5633 2319 5702 itaque
2376 5633 2602 5704 gloriam
2664 5633 2870 5688 nomini
2923 5632 3060 5700 ejus,
3117 5629 3209 5698 qui
3248 5625 3554 5681 devotionis

1968 5725 2144 5780 studio
2172 5733 2576 5781 commutantur
2605 5725 2658 5780 in
2691 5724 2900 5792 melius,
2925 5733 2980 5780 et
3030 5717 3546 5779 consubstantialem
