3902 6146
363 364 470 421 359
1021 353 1080 407 Β.
1115 346 1364 405 RABA'NI
1407 343 1620 400 MAUTtl
1660 338 1976 397 ARCHIEP.
2018 336 2322 394 MOGUNT.
2365 333 2645 393 OPERUM
2681 332 2860 388 PARS
2896 332 2937 387 1.
3501 331 3610 388 51⁵ιῦ

365 475 468 532 sibi
507 471 821 527 Trinitatem
848 463 1003 534 atqﬁc
1029 462 1445 528 omnipotentem
1470 472 1566 527 per
1593 456 1772 509 omnia
1803 468 1929 508 con-
1957 455 2004 513 Α
2033 451 2086 504 in
2117 451 2253 505 atrio
2281 456 2470 504 sancto
2492 448 2623 502 Dom
2649 461 2777 500 num
2805 446 3032 498 adorare
3049 443 3324 514 praecepit,
3350 451 3412 498 ut
3433 443 3486 498 in
3515 461 3614 498 ητι-

369 565 611 626 ﬁtentur,
665 557 906 631 personis
952 560 1175 610 tantum,
1230 565 1334 604 non
1376 557 1582 601 naturze
1621 544 1933 600 diversitate
2037 534 3617 631 tionibusalignocrucisDominumdebeanitdicere-regna-

369 623 682 712 discretam:
729 649 878 716 Quod
906 655 1084 701 autem
1111 643 1241 698 dicit
1270 661 1282 694 :
1317 640 1501 694 Tollite
1534 638 1752 699 hostias,
1777 642 1825 688 et
1848 633 1935 686 in-
2034 641 2238 686 turum.
2271 629 2389 684 Non
2412 630 2481 684 ab
2520 629 2609 683 illo
2630 628 2777 697 ligno
2803 625 3059 695 paradisi,
3088 624 3231 716 unde
3253 623 3500 716 diabolus
3528 639 3617 694 ge-

371 745 595 800 troitein
619 743 754 795 atria
797 739 930 806 ejus,
980 735 1185 790 hostias
1230 747 1336 787 non
1381 731 1629 784 victimas
1671 724 1935 796 pecudum

371 839 520 898 dicit,
545 835 635 888 sed
667 828 1007 886 conscientizu
1033 840 1167 894 pura
1197 822 1473 883 libamina,
1505 818 1644 872 unde
1680 830 1784 869 non
1811 828 1936 868 san-

373 932 490 1003 guis
543 934 744 989 currat,
791 923 884 978 scd
927 922 1026 991 pizc
1071 919 1319 988 lacrymre
1351 910 1774 1003 diﬁltlant.nls-t:e
1815 913 1942 1003 sunt

372 992 560 1074 hostiae
606 1030 740 1083 quas
781 1013 833 1065 in
865 1006 1307 1078 quinquagesimo
1351 1001 1557 1072 psalmo
1601 997 1784 1052 dixit:
1837 992 1942 1047 Cor

373 1080 650 1162 contritum
688 1100 1087 1156 ctltumiliatum
1138 1112 1239 1149 non
1290 1091 1485 1162 spernit
1524 1085 1696 1159 (Paul.
1729 1084 1803 1152 ι).
1835 1080 1943 1138 Sed

374 1195 653 1249 considera
695 1192 819 1259 quia
856 1189 1002 1258 prius
1033 1186 1231 1256 posuit,
1260 1181 1455 1242 tollite;
1493 1185 1546 1232 et
1579 1177 1657 1230 sic
1684 1171 1941 1228 introite:

373 1287 497 1355 quia
529 1285 619 1353 qui
667 1283 800 1336 tales
825 1279 1032 1334 hostias
1059 1292 1165 1331 non
1192 1278 1432 1344 portant,
1477 1271 1532 1322 in
1562 1267 1700 1321 atria
1730 1259 1944 1317 Domini

377 1353 482 1428 non
509 1371 1063 1443 judicantur.inlrare.
1096 1365 1211 1419 Non
1241 1372 1322 1418 est
1356 1368 1532 1414 autem
1569 1357 1742 1411 otiose
1767 1353 1946 1408 susci-

376 1463 650 1532 piendum,
682 1459 825 1528 quod
864 1457 1055 1527 plurali
1087 1468 1308 1508 numero
1348 1450 1546 1520 posuit,
1592 1447 1748 1500 atria.
1794 1443 1947 1498 Atria

372 1553 522 1606 enim
569 1557 693 1604 sunt
723 1547 932 1602 Domini
963 1543 1189 1614 apostoli
1229 1541 1314 1596 vel
1354 1540 1658 1610 prophetae,
1691 1551 1788 1606 per
1814 1549 1950 1604 quos

381 1643 553 1698 ﬁdelis
579 1641 804 1711 populus
839 1640 1000 1693 intrat
1028 1637 1094 1690 ad
1122 1634 1423 1690 Dominum.
1474 1629 1723 1690 Adorate,
1753 1624 1948 1695 inquit,

381 1736 662 1790 Dominum
696 1733 752 1785 in
781 1731 904 1784 aula
942 1740 1124 1782 sancta
1162 1726 1297 1796 ejus,
1347 1723 1459 1778 sive
1505 1720 1584 1792 (ut
1622 1719 1677 1773 in
1706 1717 1811 1772 alia
1838 1715 1951 1769 edi-

2037 737 2141 776 nus
2163 723 2456 776 humanum
2487 719 2774 774 videbatur
2795 725 2977 771 tenere
3000 715 3295 784 captivum;
3313 715 3409 770 sed
3423 715 3492 769 ab
3507 716 3617 770 isto

2039 811 2243 866 scilicet
2263 809 2408 881 ligno
2429 810 2572 864 unde
2599 809 2820 863 libertas
2847 814 3008 876 caput
3028 805 3240 870 extulit,
3267 805 3320 858 in
3351 805 3464 858 vita
3493 821 3617 860 sur-

2038 901 2200 956 rexit.
2227 900 2286 954 ln
2310 900 2401 954 illo
2426 899 2688 969 siquidem
2713 897 2856 968 ligno
2884 911 3031 950 mors
3051 893 3498 964 transgressionis
3523 909 3624 965 pe-

2039 989 2256 1060 pendit;
2284 990 2338 1043 in
2369 989 2473 1044 isto
2502 987 2636 1043 ﬁdes
2663 986 3020 1042 confessionis
3049 984 3290 1038 emicuit.
3334 983 3469 1038 lllud
3495 998 3624 1053 per-

2043 1083 2198 1137 duxit
2231 1082 2297 1136 ad
2321 1080 2553 1146 inferos;
2583 1079 2722 1135 istud
2750 1078 2916 1132 mittit
2939 1077 3006 1131 ad
3027 1076 3216 1131 caelos.
3248 1074 3496 1145 Regnavit
3523 1091 3621 1129 au-

2043 1182 2151 1227 tem
2182 1171 2566 1241 intelligamus,
2589 1169 2835 1234 innotuit,
2871 1168 3087 1238 quando
3131 1167 3334 1221 mundo
3359 1167 3624 1221 Dominus

2043 1261 2294 1317 Salvator
2317 1261 2594 1331 apparuit;
2636 1274 2760 1314 nam
2792 1259 3008 1327 quando
3061 1257 3151 1311 ille
3195 1271 3303 1310 non
3347 1257 3616 1326 regnavit,

2041 1353 2134 1423 qui
2160 1365 2372 1421 semper
2415 1365 2538 1406 cum
2587 1349 2748 1404 Patre
2789 1357 2844 1403 et
2889 1347 3094 1417 Spiritu
3139 1355 3326 1401 sancto
3352 1354 3623 1416 potestate

2046 1458 2158 1498 sua:
2185 1440 2588 1510 omnipotentis:
2634 1438 2986 1509 perseverat?
3025 1439 3070 1491 Α
3097 1437 3260 1507 ligno,
3285 1437 3374 1490 alii
3401 1437 3626 1506 quidem

2047 1547 2156 1586 non
2201 1531 2402 1585 habent
2431 1528 2811 1592 translatores;
2861 1531 2957 1582 sed
3007 1527 3166 1583 nobis
3209 1524 3429 1591 suﬁicit,
3478 1525 3627 1595 quod

2049 1621 2194 1676 LXX
2245 1622 2600 1689 interpretum
2645 1621 2972 1675 auctoritate
3009 1618 3281 1672 ﬁrmatum
3325 1625 3430 1672 est.
3477 1617 3625 1673 Crux

2050 1713 2194 1766 enim
2215 1711 2426 1766 Domini
2447 1725 2673 1780 pravum
2691 1717 2856 1779 atque
2873 1709 3159 1765 distortum
3178 1707 3417 1763 correxit
3433 1707 3630 1762 orbem

379 1825 530 1879 tione
577 1820 824 1886 habetur)
852 1820 905 1870 in
949 1817 1085 1869 atrio
1116 1823 1294 1868 sancto
1330 1812 1464 1882 ejus.
1499 1809 1625 1863 Haec
1667 1806 1812 1860 enim
1848 1803 1953 1859 duo
1982 1798 2027 1857 Β
2054 1811 2232 1858 terrai.

381 1913 598 1968 nomina
625 1925 723 1980 pro
749 1910 1008 1963 alterutro
1030 1907 1082 1959 in
1121 1904 1400 1974 Scriptura
1427 1907 1713 1971 ponuntur,
1743 1896 1868 1965 quia
1897 1903 1953 1948 et

381 2004 440 2057 in
462 2002 649 2057 Graeco
677 1998 852 2063 aulen,
897 1996 1094 2049 atrium
1119 1993 1336 2047 dicitur.
1361 1989 1513 2044 Tunc
1537 2001 1724 2043 revera
1773 1984 1955 2040 Domi-

383 2107 487 2148 nus
509 2092 786 2151 adoratur,
828 2084 1046 2155 quando
1091 2081 1287 2136 fuerint
1329 2079 1518 2134 hostia:
1545 2085 1791 2146 portatae,
1819 2087 1955 2143 quas

377 2180 635 2251 superius
663 2173 934 2232 intimavit
956 2214 968 2226 .
998 2181 1058 2225 ut
1077 2169 1394 2241 supplicatio
1418 2165 1725 2222 conﬁtentis
1751 2176 1958 2218 merea-

381 2284 474 2328 tur
501 2271 568 2325 ad
603 2285 764 2324 aures
791 2264 1073 2336 pervenire
1117 2259 1407 2316 Creatoris.
1451 2255 1562 2311 Nec
1601 2261 1778 2316 vacat,
1814 2251 1956 2320 quod

379 2359 645 2416 anteriori
682 2371 844 2412 versu
893 2353 1030 2407 atria
1077 2349 1278 2420 posuit,
1306 2348 1410 2402 hoc
1460 2359 1588 2400 vero
1615 2340 1959 2413 singulariter

382 2449 586 2504 atrium
607 2447 739 2501 dicit
761 2461 778 2510 ;
809 2444 931 2513 quia
966 2456 1035 2496 ex
1056 2439 1164 2494 illis
1189 2437 1342 2492 atriis
1365 2433 1712 2505 patriarchis,
1737 2439 1953 2500 aposto-

384 2539 456 2593 tis
477 2546 533 2591 et
571 2533 848 2605 prophetis
901 2531 956 2584 in
979 2527 1122 2584 istud
1147 2526 1344 2581 atrium
1386 2521 1668 2578 catholica:
1697 2520 1959 2574 duntaxat

389 2625 646 2682 Ecclesiae
689 2620 1022 2694 pervenitur,
1075 2617 1167 2674 ubi
1222 2614 1338 2685 ejus
1380 2613 1618 2684 potentia
1663 2606 1960 2678 maiestatis

398 2716 679 2772 adorator.
709 2712 968 2783 Sequitur
992 2727 1006 2762 :

459 2803 853 2859 Commoveatur
879 2817 911 2852 a
940 2797 1073 2868 facie
1093 2797 1207 2867 ejus
1228 2794 1468 2849 universa
1489 2801 1650 2846 terra.
1671 2788 1958 2858 Quomodo

390 2896 605 2953 dixerat
649 2891 913 2956 ﬁdelibus,
961 2889 1130 2944 bonas
1173 2899 1366 2956 operas
1403 2883 1570 2939 tollite
1615 2890 1672 2937 et
1715 2879 1958 2948 introitu,

385 3004 495 3046 nec
528 2987 680 3052 dicit,
708 3000 741 3039 a
774 2982 911 3039 facie
937 2981 1104 3051 ipsius
1131 2986 1398 3033 amatores
1427 2973 1605 3031 smculi
1636 2973 1960 3029 submoven-

389 3081 509 3135 dus.
531 3077 647 3132 Non
675 3075 817 3130 enim
842 3072 1014 3128 dixit:
1043 3069 1454 3125 Commoveatur
1473 3072 1598 3120 ante
1624 3061 1820 3118 faciem
1845 3061 1960 3130 ejus

391 3167 647 3221 universa
676 3171 841 3217 terra.
870 3158 1022 3226 Quod
1049 3156 1312 3224 hodieque
1337 3153 1443 3208 illis
1469 3151 1720 3216 dicimus,
1748 3165 1884 3219 quos
1926 3165 1958 3204 a
1985 3123 2033 3192 Ω

389 3258 688 3322 conspectu
715 3256 899 3304 nostro
924 3243 1254 3301 reddidimus
1276 3241 1497 3296 alienos.
1527 3238 1627 3307 Qui
1660 3240 1795 3295 bene
1821 3247 1962 3293 terra

395 3342 527 3398 dicti
583 3347 731 3402 sunt,
789 3336 918 3406 quia
967 3342 1182 3388 terrena
1233 3331 1362 3386 vitia
1407 3344 1512 3385 non
1565 3327 1962 3398 derelinquunt.

394 3427 660 3497 Quamvis
706 3426 810 3480 hoc
853 3423 944 3478 alii
988 3421 1041 3476 in
1082 3428 1290 3490 partem
1325 3419 1521 3474 bonam
1547 3417 1718 3486 accipi
1771 3415 1965 3471 debere

399 3519 675 3582 dixerunt,
688 3523 749 3568 ut
762 3523 887 3568 tunc
899 3519 1042 3567 terra
1056 3517 1471 3572 commoveatur,
1489 3506 1703 3578 quando
1717 3513 1967 3577 peccator

399 3609 470 3665 ad
500 3607 871 3680 ptenitcntiam
905 3604 1089 3668 fuerit,
1141 3603 1368 3657 Domino
1400 3603 1714 3666 miserante,
1765 3603 1965 3670 perdu-

395 3710 538 3756 ctus.
573 3698 666 3752 Sic
690 3696 983 3765 Scriptum
1009 3692 1206 3747 divina:
1254 3689 1812 3760 incomprehensibilis
1836 3704 1964 3759 pro-

397 3789 712 3844 funditaset
735 3784 965 3852 diversis
1006 3781 1182 3837 modis
1225 3779 1562 3850 intelligitur,
1600 3787 1658 3833 ut
1694 3793 1800 3832 una
1841 3793 1968 3833 con-

399 3886 547 3934 stare
591 3875 853 3930 varietate
879 3879 1234 3927 monstratur.
1293 3866 1398 3922 Per
1443 3884 1498 3922 se
1527 3868 1761 3936 fundavit
1793 3867 1969 3923 orbem

401 3968 737 4023 immobilem.
761 3965 958 4022 Orbem
985 3962 1074 4018 hic
1107 3968 1349 4016 sanctam
1391 3958 1686 4014 Ecclesium
1713 3960 1969 4014 debemus

405 4059 730 4128 intelligere,
757 4069 876 4124 quae
917 4053 972 4106 in
1004 4058 1117 4106 toto
1145 4049 1274 4105 orbe
1300 4047 1487 4121 diﬁ‘usa
1518 4056 1620 4102 est.
1671 4047 1822 4104 Hunc
1837 4061 1966 4118 ergo

401 4149 589 4206 orbem
616 4146 742 4202 dicit
764 4144 976 4214 penitus
1008 4155 1113 4196 non
1140 4154 1260 4194 esse
1296 4136 1738 4193 commovendum
1779 4175 1795 4191 .
1843 4135 1966 4206 quia

405 4243 461 4294 in
495 4237 763 4294 soliditate
793 4233 914 4288 ﬁdei
942 4237 1272 4301 perseverat,
1302 4228 1356 4282 in
1391 4243 1498 4297 qua
1527 4227 1786 4283 Dominus
1816 4225 1965 4281 illum

405 4327 646 4386 fundavit
671 4323 1029 4387 immobilem;
1059 4337 1167 4377 non
1207 4321 1347 4376 sicut
1392 4319 1505 4386 illa,
1535 4333 1696 4390 quam
1722 4319 1970 4388 superius

404 4419 539 4476 dicit
569 4437 583 4472 :
611 4415 1005 4474 Commoveatur
1029 4431 1063 4468 α
1097 4413 1232 4483 facie
1257 4413 1372 4482 ejus
1420 4411 1658 4466 universa
1678 4420 1844 4465 terra.
1875 4409 1965 4464 Illa

402 4517 825 4572 commoveatur,
854 4515 916 4562 ut
941 4521 972 4560 a
994 4505 1151 4560 malis
1176 4511 1523 4560 convertatur
1542 4503 1794 4573 operibus
1820 4520 1832 4556 :
1863 4502 1966 4557 ista

407 4615 514 4658 non
539 4604 964 4659 commoveatur,
997 4607 1116 4662 qua:
1159 4607 1302 4646 verae
1332 4590 1456 4645 ﬁdei
1485 4590 1753 4646 soliditate
1797 4590 1974 4647 consi-

405 4689 521 4744 stit.

478 4777 746 4832 Lwtentur
764 4772 900 4840 caeli,
927 4781 976 4826 et
1005 4768 1226 4826 exsultet
1257 4778 1415 4823 terra.
1443 4767 1547 4824 Per
1570 4767 1737 4824 celos
1770 4768 1974 4839 signiﬁ-

405 4874 605 4922 cantur
634 4865 795 4935 (sicut
823 4876 963 4930 saepe
993 4861 1192 4916 dictum
1216 4858 1321 4929 est)
1351 4858 1576 4929 apostoli
1599 4866 1652 4914 et
1677 4858 1971 4928 prophetae,

411 4953 496 5008 vel
537 4952 727 5021 reliqui
763 4949 966 5013 ﬁdeles,
1015 4963 1148 5018 quos
1188 4946 1368 5002 divina
1413 4947 1682 5018 majestas,
1715 4956 1972 5017 tanquam

409 5043 629 5107 ciuium,
651 5044 890 5107 noscitur
917 5041 1151 5096 insidere
1178 5058 1191 5094 :
1227 5048 1372 5095 terra
1402 5055 1529 5096 vero
1557 5041 1758 5096 indicat
1784 5056 1974 5111 peccav

411 5140 577 5193 tores,
603 5131 695 5201 qui
729 5139 908 5185 tamen
936 5127 1318 5184 satisfactionis
1343 5129 1608 5184 beneﬁcio
1649 5129 1719 5184 ad
1745 5130 1972 5198 gratiam

413 5221 510 5277 Dei
536 5228 846 5274 meruerunt
877 5219 1071 5274 redire.
1101 5217 1218 5286 Ipsa
1242 5217 1384 5273 enim
1413 5226 1554 5271 terra
1573 5217 1852 5272 exsultare
1873 5233 1975 5288 po-

416 5317 520 5364 test
543 5309 596 5362 in
625 5307 854 5362 adventu
877 5305 1072 5376 judicia
1098 5305 1202 5370 sui,
1232 5319 1349 5374 qua:
1370 5319 1428 5358 se
1451 5320 1480 5358 a
1508 5304 1748 5374 peccatis
1777 5305 1974 5361 intelli-

412 5401 492 5472 git
510 5399 833 5453 absolutam.

485 5490 653 5544 Dicite
671 5490 724 5543 in
747 5487 1036 5542 nationibus
1061 5499 1077 5537 :
1098 5486 1353 5539 Dominus
1376 5484 1622 5553 regnavit.
1644 5483 1701 5538 In
1725 5484 1980 5554 psalterio

416 5591 546 5630 vero
570 5577 804 5631 additum
829 5585 913 5630 est
936 5592 948 5627 :
976 5573 1228 5627 Dominus
1252 5572 1482 5641 regnavit
1504 5587 1536 5623 a
1557 5570 1715 5642 ligno.
1748 5573 1868 5629 Illos
1887 5574 1980 5630 ad-

419 5675 637 5720 monent
657 5666 944 5721 reverenda
968 5661 1218 5735 mysteria
1243 5659 1491 5733 gentibus
1511 5663 1823 5732 praedicare,
1846 5679 1980 5734 quos

2128 1894 2289 1948 Touet
2337 1909 2481 1948 mare
2519 1902 2568 1948 et
2610 1891 2877 1964 plenitudo
2911 1891 3025 1962 ejus
3067 1907 3086 1946 :
3121 1890 3377 1946 exsultent
3416 1891 3533 1960 agri
3579 1899 3634 1944 et

2052 1985 2232 2039 omnia
2248 1999 2364 2054 qua:
2392 1983 2448 2037 in
2474 1984 2548 2038 eis
2567 1993 2708 2038 sunt.
2747 1982 2895 2037 Mare
2921 1982 3010 2036 hic
3036 1997 3134 2052 pro
3153 1981 3363 2052 populis
3385 1981 3632 2051 ponitur,

2053 2073 2180 2144 quia
2210 2074 2265 2128 in
2291 2072 2403 2127 salo
2432 2071 2592 2142 hujus
2620 2071 2800 2127 saeculi
2825 2071 3106 2126 constituti
3128 2070 3356 2126 diversis
3379 2072 3638 2126 teutatio-

2057 2163 2216 2218 nibus
2243 2162 2538 2233 agitantur.
2569 2161 2661 2217 Isti
2683 2171 2966 2217 moventur
2998 2163 3065 2216 ad
3090 2161 3365 2230 gaudium,
3411 2163 3636 2232 quando

2055 2255 2423 2312 conversionis
2461 2255 2598 2310 dona
2646 2254 2998 2324 susceperint.
3028 2253 3163 2308 Nam
3204 2262 3268 2308 ut
3306 2254 3636 2309 universita-

2058 2354 2163 2400 tem
2191 2346 2428 2414 gentium
2455 2344 2753 2415 intelligere
2791 2345 3091 2408 debuisses,
3119 2344 3322 2413 posuit,
3358 2343 3636 2414 plenitudo

2054 2435 2190 2504 ejus.
2219 2434 2391 2504 Agros
2419 2433 2504 2488 hic
2525 2433 2779 2489 similiter
2799 2433 2854 2488 in
2898 2434 3038 2487 bono
3067 2431 3327 2487 debemus
3352 2431 3630 2502 accipere,

2057 2523 2184 2594 quia
2208 2523 2296 2578 illa
2319 2524 2479 2594 plana
2503 2523 2756 2589 dicimus,
2786 2538 2908 2593 quin
2926 2523 3290 2593 pulcherrima
3317 2522 3634 2592 :equalitate

2057 2613 2366 2668 tenduntur.
2390 2613 2565 2682 Agros
2587 2628 2716 2684 ergo
2734 2613 2864 2669 dicit
2893 2614 3038 2669 viros
3072 2611 3299 2681 iustitia:
3321 2611 3478 2668 laude
3505 2612 3628 2682 pol-

2057 2703 2246 2768 lentes,
2279 2718 2387 2759 non
2408 2703 2658 2774 superbia
2688 2703 2927 2769 timidos,
2951 2717 3057 2757 non
3079 2717 3300 2772 asperos
3320 2702 3630 2768 iracundia.

2058 2794 2154 2850 sed
2176 2802 2454 2848 mansueta
2476 2793 2692 2849 levitate
2710 2792 3070 2862 plenissimos.
3096 2791 3353 2862 Sequitur
3375 2811 3392 2846 :

2135 2882 2276 2938 I‘unc
2305 2884 2596 2938 laudabunt
2621 2883 2766 2954 ligna
2809 2884 2974 2940 saltus
3019 2900 3196 2938 coram
3233 2883 3483 2949 Domino,
3509 2885 3641 2954 quia

2058 2973 2193 3027 venit
2211 2972 2459 3042 judicare
2485 2982 2698 3027 terram.
2729 2971 2892 3038 Tunc,
2923 2973 3059 3028 dixit
3105 2973 3397 3029 secundum
3441 2974 3647 3028 adven-

2063 3070 2192 3127 tum,
2223 3063 2438 3132 quando
2455 3060 2796 3130 judicaturus
2841 3070 2923 3118 est
2967 3062 3245 3118 mundum.
3287 3061 3456 3134 Ligna
3479 3061 3649 3117 silva-

2063 3169 2181 3208 rum
2208 3168 2303 3224 per
2333 3168 2391 3208 se
2417 3167 2634 3210 amaros
2669 3161 2724 3208 et
2746 3153 2958 3209 steriles
2997 3153 3234 3209 inferunt
3274 3152 3514 3218 fructus;
3544 3155 3645 3208 sed

2061 3260 2183 3301 cum
2203 3245 2405 3301 fuerint
2430 3246 2618 3310 insita,
2648 3245 2960 3302 dulcissima
2987 3246 3234 3300 ubertate
3263 3245 3646 3315 pinguescunt.

2064 3335 2158 3391 Sic
2179 3343 2390 3406 gentes,
2413 3351 2533 3406 quae
2561 3336 2716 3406 prius
2738 3334 2974 3396 fuerant.
3005 3335 3149 3391 velut
3189 3335 3334 3406 ligna
3362 3334 3647 3400 silvarum,

2063 3426 2132 3481 ad
2158 3425 2421 3480 culturam
2450 3424 2784 3481 fructiferam
2829 3425 3123 3495 productae,
3158 3432 3286 3479 ante
3318 3423 3514 3479 faciem
3539 3424 3650 3478 Do-

2066 3515 2197 3570 mini
2227 3531 2423 3588 magno
2463 3525 2589 3572 sunt
2631 3516 2826 3588 gaudio
2873 3515 3148 3570 laataturae.
3175 3515 3282 3571 Sed
3315 3531 3438 3570 eum
3469 3515 3637 3581 dicit.

2069 3605 2260 3660 Omnia
2288 3607 2616 3677 ligna,illam
2639 3616 2848 3678 partem
2869 3607 2983 3661 vult
3012 3607 3255 3678 intelligi,
3285 3622 3406 3676 qua:
3425 3608 3648 3662 misceri

2064 3695 2221 3751 bonis
2248 3696 2501 3766 operibus
2551 3698 2726 3767 potuit
2772 3713 2838 3752 ac
2866 3698 3082 3752 mutari.
3123 3696 3253 3764 Qua:
3280 3697 3492 3753 dixerat
3518 3713 3650 3754 cre-

2067 3783 2256 3839 dentes
2279 3799 2398 3840 esse
2421 3785 2717 3850 laetaturos,
2767 3802 2875 3841 non
2925 3787 3057 3842 dicit
3100 3786 3154 3841 in
3195 3787 3425 3858 angulis,
3458 3803 3568 3843 non
3595 3789 3650 3844 in

2069 3874 2316 3940 secretis,
2345 3875 2440 3931 sed
2465 3886 2590 3931 ante
2616 3875 2808 3932 faciem
2830 3876 3051 3946 judicis,
3101 3880 3316 3947 quando
3353 3878 3653 3934 intestinus—

2068 3964 2192 4020 bilis
2219 3975 2276 4020 et
2301 3966 2516 4035 copiosa
2542 3966 2727 4022 laetitia
2754 3975 2868 4032 est;
2896 3968 3110 4037 quando
3140 3968 3360 4038 prmmia
3393 3968 3652 4023 tribuun-

2069 4060 2178 4118 tur,
2208 4061 2265 4109 et
2291 4055 2556 4110 securitas
2581 4056 2699 4112 sine
2725 4056 2830 4112 ﬁne
2857 4066 3162 4126 prestatur.
3205 4057 3272 4112 Et
3309 4073 3378 4112 ne
3409 4059 3653 4128 primum

2071 4142 2222 4198 illum
2265 4145 2654 4202 incarnationis
2694 4147 2905 4203 Domini
2938 4157 3159 4217 putares
3179 4148 3496 4214 adventum,
3517 4152 3657 4206 dicit

2071 4234 2125 4288 in
2149 4234 2358 4304 psalmo
2387 4254 2404 4290 :
2440 4236 2702 4302 Quoniam
2736 4239 2872 4292 venit
2911 4239 3156 4307 judicare
3196 4248 3409 4294 terram.
3438 4241 3579 4296 Nam
3605 4244 3654 4298 si

2076 4322 2130 4377 in
2158 4323 2250 4380 illo
2294 4325 2471 4394 primo
2507 4335 2780 4381 commate
2806 4327 3128 4382 sententiam
3165 4328 3528 4392 terminasset,
3554 4347 3657 4400 po-

2075 4421 2250 4467 tuerat
2270 4413 2398 4468 illud
2421 4413 2730 4491 adventum,
2753 4415 2844 4484 qui
2884 4413 2998 4483 jam
3032 4423 3337 4471 transactus
3369 4426 3475 4482 est,
3509 4417 3659 4476 forte

2080 4501 2311 4567 sentire;
2337 4502 2438 4557 sed
2484 4517 2605 4558 cum
2651 4504 2894 4559 addidit:
2929 4504 3190 4570 Quoniam
3224 4513 3361 4560 venit
3401 4507 3660 4576 judicare

2078 4600 2295 4658 terram,
2333 4591 2481 4647 illum
2527 4608 2624 4650 nos
2650 4602 2855 4649 tantum
2899 4595 3067 4650 voluit
3117 4596 3434 4668 intelligere,
3487 4614 3658 4668 quem

2083 4683 2256 4738 adhuc
2283 4685 2558 4739 noscimus
2598 4694 2933 4755 exspectare.
2964 4686 3039 4742 De
3067 4701 3175 4755 quo
3193 4687 3357 4742 etiam
3396 4687 3658 4745 Ezechiel

2075 4775 2337 4844 propheta
2355 4784 2586 4831 testatur
2612 4793 2626 4829 :
2659 4775 2788 4831 Haec
2825 4777 2954 4831 dicit
2999 4778 3251 4832 Dominus
3280 4779 3423 4834 Deus
3445 4783 3660 4837 ossibus

2073 4862 2189 4916 istis
2218 4877 2237 4914 :
2266 4861 2401 4917 Ecce
2420 4879 2512 4932 ego
2535 4863 2725 4917 induco
2753 4865 2808 4916 iu
2831 4881 2917 4918 vos
2965 4865 3224 4935 spiritum,
3274 4876 3322 4920 et
3371 4869 3575 4933 uinetis,
3606 4881 3658 4924 et

2078 4951 2213 5006 dabo
2233 4953 2289 5006 in
2309 4969 2393 5006 vos
2419 4969 2619 5018 nervos,
2651 4961 2698 5006 et
2720 4953 2964 5008 inducam
3004 4971 3158 5025 super
3180 4971 3267 5009 vos
3311 4957 3509 5012 uiscera
3533 4975 3660 5013 car-

2077 5041 2178 5106 nis,
2220 5049 2269 5094 et
2298 5040 2575 5095 extendam
2603 5057 2760 5111 super
2792 5058 2877 5096 vos
2917 5052 3109 5108 cutem.
3164 5053 3213 5098 et
3243 5045 3380 5100 dabo
3403 5049 3657 5118 spiritum

2075 5145 2246 5184 meum
2271 5128 2325 5181 in
2351 5129 2509 5193 vobis,
2535 5137 2583 5183 et
2619 5129 2812 5194 uinetis,
2843 5139 2911 5183 et.
2930 5131 3101 5184 scietis
3135 5133 3259 5202 quia
3279 5149 3376 5203 ego
3403 5151 3518 5189 sum
3549 5135 3663 5191 Do-

2078 5217 2250 5272 minus
2274 5214 2484 5287 (Ezech.
2509 5216 2741 5288 xxxvu).
2773 5218 2960 5272 Daniel
2990 5234 3204 5289 quoque
3225 5220 3388 5276 dicit;
3407 5221 3475 5276 Et
3501 5223 3664 5281 multi

2079 5308 2444 5362 dormientium
2483 5307 2541 5360 in
2576 5316 2716 5360 terra
2757 5324 2853 5377 per
2899 5308 3122 5376 ﬁssuras
3149 5322 3423 5382 exsurgent
3462 5329 3482 5368 :
3518 5315 3574 5367 Ιιι
3599 5317 3662 5370 iss

2081 5396 2238 5450 vitam
2261 5406 2531 5461 aeternam,
2558 5405 2605 5449 et
2637 5396 2694 5449 lii
2743 5397 2798 5450 in
2843 5398 3173 5467 opprobrium
3211 5410 3256 5453 et
3293 5402 3662 5470 confusionem

2086 5483 2246 5556 (Dan.
2264 5483 2384 5556 xu).
2408 5484 2575 5538 Terra
2591 5500 2721 5540 vero
2741 5485 2830 5539 hic
2853 5486 3162 5542 universum
3185 5489 3438 5558 populum
3468 5491 3663 5546 mundi

2085 5575 2236 5639 dicit,
2257 5583 2316 5629 ut
2336 5576 2491 5631 bonis
2512 5575 2752 5646 prtemia,
2790 5576 2947 5632 malis
2975 5578 3235 5648 supplicia
3284 5590 3493 5638 aeterna
3519 5596 3665 5637 con-

2083 5667 2290 5721 stituat.
