3902 6146
1589 121 1604 148 τ

164 282 248 340 Siil

1096 273 1447 332 COMMENT.
1492 273 1557 328 lN
1600 272 2149 329 PARALIPOMENA.
2190 302 2260 312 --
2296 272 2424 327 LIB.
2464 270 2527 327 ll.

3314 271 3425 338 56!

223 399 572 470 Conﬁtcmini'
602 396 829 451 Domino
852 394 1101 466 quoniam
1144 394 1334 460 bonus,
1383 393 1631 464 quoniam
1678 409 1733 448 ιη
1760 396 1814 455 Α
1838 392 1894 444 in
1915 398 2164 444 wternum
2186 397 2265 443 :et
2292 388 2433 443 dicat
2460 403 2627 442 omnis
2655 388 2896 459 papulas,
2920 389 3108 459 Amen,
3129 402 3176 448 et
3198 394 3420 468 hymno;

172 505 397 549 atemum
426 487 794 563 misericordia
813 485 947 559 ejus.
973 483 1125 540 Sicut
1151 483 1397 554 superius
1424 483 1663 552 psalmus
1684 482 1761 553 in,

170 584 322 656 primo
342 595 507 635 versu
536 577 859 657 declaravit,
880 576 1008 645 quia
1038 574 1309 630 confessio
1337 575 1427 630 illa
1465 575 1534 631 ad
1559 574 1743 629 laudes

174 673 359 731 Domini
386 670 671 747 debuisset
691 668 903 745 aptari,
926 667 1100 745 itaet
1142 666 1233 720 hic
1257 666 1502 737 designat
1534 664 1744 720 confes-

174 766 354 819 sionem
386 748 554 825 istam
590 759 660 815 ad
712 757 1037 819 medicinam
1081 756 1437 826 ptenitudinis
1472 756 1743 831 applican-

175 856 291 909 dam.
318 842 426 907 Séd
457 852 563 906 hoc
592 863 811 919 quoque
837 846 1194 917 adprmcouia
1241 846 1450 922 Domini
1475 847 1744 916 pertinere

176 958 261 997 non
286 941 514 994 dubium
542 946 647 1002 est,
682 936 900 1005 quando
943 932 1115 1003 major
1160 933 1333 1002 gloria
1391 942 1475 990 est
1526 933 1746 1004 pietatis

179 1029 433 1087 conﬁtenti
455 1014 685 1098 parcere
710 1016 871 1094 quam
896 1022 1142 1078 innuenti
1166 1023 1218 1076 in
1244 1021 1584 1078 confessione
1611 1034 1747 1093 prte-

179 1130 317 1175 stane.
353 1118 434 1171 Ex
458 1129 694 1187 persona
727 1113 1075 1168 Hebraeorum
1115 1113 1380 1182 siquidem
1423 1123 1747 1183 compuncta

179 1210 367 1263 videtur
386 1207 698 1262 redundare
722 1203 1090 1275 congregatio,
1110 1211 1165 1257 et
1184 1203 1366 1258 divina
1397 1203 1749 1273 iz-spiratione

180 1295 420 1366 propheta
452 1292 696 1365 loquitur
721 1292 790 1347 ad
837 1288 1101 1361 reliquam
1136 1290 1369 1361 plebem,
1411 1299 1492 1356 ut,
1542 1291 1748 1360 antiqui

181 1385 358 1439 erroris
386 1382 657 1458 pravitate
677 1366 952 1453 damnata,
981 1381 1050 1436 ad
1084 1381 1320 1436 divinam
1352 1382 1543 1437 debeat
1573 1381 1751 1437 redire

183 1464 530 1532 clementiam.
556 1474 626 1551 Et
650 1491 718 1531 ne
746 1474 941 1544 aliquis
975 1473 1042 1527 de
1083 1473 1361 1543 culparum
1397 1488 1616 1529 suarum
1647 1489 1749 1527 nuv

183 1566 570 1622 merositatibus
616 1575 931 1633 terreretur,
971 1565 1177 1620 addidit
1207 1584 1219 1618 :
1252 1565 1513 1630 Quoniam
1548 1564 1749 1641 bonus.

183 1660 295 1725 Quis
318 1659 466 1714 enim
498 1658 704 1713 dubitet
733 1658 798 1713 ad
824 1672 947 1713 eum
1000 1671 1303 1720 recurrere,
1336 1671 1494 1724 quem
1520 1655 1622 1710 scit
1652 1654 1753 1710 sibi

1847 478 2090 533 Domino.
2120 477 2244 532 Haec
2270 486 2355 533 est
2383 477 2498 532 laus
2526 492 2688 547 quam
2717 480 2981 549 superiori
3006 498 3166 539 versu
3193 499 3422 559 mngre-
3454 542 3457 545 .

1847 577 2001 640 gates
2050 568 2260 638 optavit
2307 568 2532 637 populos
2579 582 2888 637 personare.
2941 573 3056 628 Hoc
3083 575 3247 635 etiam
3276 593 3424 637 nunc

1847 659 1993 737 canit
2016 667 2202 714 sancta
2232 659 2493 733 Ecclesia,
2521 675 2639 729 quae
2665 676 2722 716 sc
2738 661 2803 716 de
2832 670 2982 718 tanto
3007 665 3152 721 bono
3171 671 3423 737 praesenti

1846 742 2176 804 consolatur.
2224 749 2333 807 Sed
2373 751 2479 807 hoc
2505 751 2635 806 (“Ch
2681 752 2750 806 ab
2789 752 2895 808 isto
2942 757 3143 812 smculo
3162 774 3332 829 usque
3354 763 3420 817 ad

1847 840 1977 897 illud
1998 850 2314 910 perpetuum
2341 842 2633 896 secundum
2658 858 2779 898 esse
2828 842 3136 903 faciendum
3164 857 3224 902 ut
3250 852 3425 906 conti-

1848 941 2012 986 nuata
2045 933 2160 987 laus
2193 947 2466 1001 nunquam
2503 934 2696 988 debeat
2736 933 2934 989 habere
2986 934 3287 994 fastidium.
3318 941 3425 998 Sed

1853 1031 2030 1077 tamen
2079 1038 2202 1077 cum
2255 1023 2540 1092 praedictos
2589 1024 2823 1094 hymnos
2863 1018 3084 1081 devotus
3115 1022 3421 1085 Iudaeorum

1851 1111 2082 1182 populus
2113 1112 2259 1166 canit
2287 1129 2300 1164 :
2333 1113 2453 1182 quis
2481 1120 2565 1167 est
2589 1111 2678 1167 ille
2723 1109 2874 1175 alter,
2920 1113 3011 1182 qui
3033 1112 3164 1171 dicit
3194 1128 3208 1167 :
3237 1115 3423 1183 Amen,

1851 1202 2057 1255 Amen?
2084 1200 2324 1266 Scilicet,
2353 1208 2412 1255 ut
2438 1200 2572 1256 mihi
2610 1200 2840 1265 videtur,
2886 1201 3114 1272 populus
3162 1202 3253 1259 ille
3288 1216 3427 1277 pra:-

1851 1294 1986 1363 putii
2013 1301 2115 1358 est,
2147 1294 2235 1363 qui
2264 1307 2329 1348 eo
2357 1301 2597 1363 tempore
2644 1292 2698 1346 in
2748 1291 2853 1347 ﬁde
2898 1307 3004 1347 non
3032 1300 3170 1359 erat,
3214 1282 3428 1363 quando

1856 1384 1997 1439 istud
2018 1385 2334 1439 cauebatur.
2354 1383 2455 1451 Qui
2479 1393 2654 1438 tamen
2677 1383 2970 1453 prophetiae
2995 1383 3196 1439 virtute
3216 1382 3430 1441 futurus

1853 1474 2192 1530 introductus
2217 1482 2319 1536 est,
2351 1481 2408 1527 ut
2434 1488 2616 1528 amore
2644 1473 3011 1531 universitatis
3038 1474 3216 1529 dicat:
3242 1472 3429 1539 Amen,

1860 1562 2047 1629 Amen,
2082 1566 2183 1619 hoc
2220 1572 2322 1625 est,
2354 1562 2609 1634 fiat./iat.
2647 1563 2736 1617 Sic
2766 1562 3033 1626 hodieque
3062 1561 3113 1613 iu
3172 1557 3430 1613 Ecclesiis

1863 1657 2147 1715 orantibus
2191 1659 2558 1712 sacerilotbus
2585 1656 2965 1726 respondetur,
2989 1655 3153 1708 Amen
3178 1667 3197 1706 :
3225 1660 3283 1707 ut
3306 1666 3437 1708 coni

181 1764 322 1818 posse
340 1747 629 1803 cclert'ime
655 1730 962 1802 subtenire-
992 1744 1173 1799 Bonus
1189 1761 1311 1801 cum
1328 1744 1586 1801 Dominus
1609 1755 1755 1800 I'OCle
1784 1764 1829 1822 Β
1861 1750 2089 1806 cordcnt
2111 1753 2161 1803 in
2188 1751 2439 1819 precibus
2457 1749 2617 1805 simul
2636 1749 3044 1803 etsacerdotum
3072 1747 3165 1815 pia,
3182 1745 3434 1807 intentio.

183 1840 381 1904 dicitur,
415 1839 512 1911 qui
558 1838 960 1915 delinquentcm
984 1836 1181 1908 pascit,
1226 1835 1319 1906 qui
1363 1843 1641 1905 exspectat
1671 1850 1756 1889 er-

184 1940 399 1995 rantem,
423 1930 517 1999 qui
543 1926 706 1982 solem
732 1944 887 1981 suum
913 1926 1038 1997 facit
1062 1927 1195 1979 oriri
1214 1942 1370 1996 super
1386 1924 1543 1979 bonos
1569 1934 1617 1979 et
1640 1941 1757 1978 ma-

182 2021 267 2089 los,
308 2033 357 2077 et
395 2021 533 2093 pluit
562 2037 721 2091 super
737 2020 914 2091 justos
952 2028 999 2073 et
1045 2006 1507 2091 injustas(Mat.It.
1532 2016 1608 2089 v).
1647 2015 1761 2071 Hoc

181 2112 327 2166 etiam
359 2113 536 2182 ipsius
558 2110 818 2177 Veritatis
846 2125 976 2165 voce
1004 2108 1341 2164 declaratur:
1381 2106 1550 2161 Nemo
1574 2106 1757 2173 bonus,

184 2203 271 2259 nisi
288 2203 433 2258 solus
462 2200 611 2256 Deus
633 2200 826 2272 (Marc.
856 2200 931 2273 χ).
955 2198 1173 2269 Addidit
1201 2214 1214 2251 :
1245 2196 1506 2264 Quoniam
1531 2199 1585 2250 in
1612 2187 1763 2251 teter-

186 2308 291 2344 num
330 2291 701 2346 misericordia
723 2290 860 2355 eius.
888 2289 1255 2345 Misericordia
1276 2288 1421 2343 enim
1463 2287 1678 2342 Domini
1708 2288 1761 2342 in

183 2390 428 2436 attemqu
463 2396 632 2450 super
652 2396 768 2447 eos,
800 2381 890 2451 qui
926 2381 979 2434 in
1004 2379 1120 2449 ejus
1148 2387 1368 2450 sperant
1395 2374 1758 2445 clementiam,

187 2481 229 2525 et
242 2474 329 2543 qui
349 2472 475 2544 ejus
489 2471 761 2542 justitiam
789 2473 1061 2538 timentes,
1085 2489 1182 2543 per
1202 2472 1566 2528 obedientiam
1592 2472 1763 2543 ipsius

184 2577 235 2617 se
259 2563 561 2634 subjiciunt
585 2562 872 2630 voluntati,
927 2564 1224 2619 secundum
1266 2562 1395 2618 illud
1421 2563 1713 2633 psalmistaa
1747 2582 1760 2618 :

185 2654 571 2727 Beneplacitum
595 2665 690 2721 est,
718 2655 915 2727 inquit,
946 2654 1171 2708 Domino
1190 2672 1348 2725 super
1369 2655 1605 2710 timentes
1624 2671 1763 2721 eum,

183 2758 224 2799 et
248 2748 301 2801 in
314 2750 389 2802 eis
414 2749 510 2820 qui
530 2756 739 2819 sperant
766 2748 820 2801 in
840 2748 1198 2802 misericordia
1225 2748 1340 2817 ejus
1364 2744 1534 2819 (Psal.
1560 2747 1761 2819 οιινι).

186 2837 323 2895 Unde
350 2847 405 2894 et
429 2841 593 2894 beata
628 2838 783 2911 virgo
806 2838 975 2894 Maria
1004 2838 1061 2893 in
1086 2839 1299 2893 cantico
1332 2837 1607 2909 Evangelii
1640 2838 1718 2892 ait
1747 2853 1762 2891 :

183 2926 545 2985 lisericordia
573 2930 693 3000 ejus
722 2947 755 2983 a
791 2928 1032 3002 progenie
1071 2930 1127 2983 in
1153 2931 1421 3000 progenies
1466 2930 1765 2985 timentibus

183 3035 289 3073 sum
310 3019 467 3092 (Luc.
498 3020 562 3092 ι).
591 3021 660 3076 Et
685 3021 1003 3086 notandum,
1034 3019 1177 3092 quod
1200 3018 1353 3089 juxta
1386 3021 1544 3076 aliam
1568 3022 1764 3079 editio-

1864 1852 1917 1895 et
1941 1843 2120 1912 populi
2177 1857 2308 1897 sana
2353 1842 2602 1906 devoio;
2635 1852 2904 1912 quatenus
2942 1838 3207 1909 postulata
3255 1839 3438 1892 unitas

1867 1933 2106 1989 ﬁdelium
2137 1934 2350 1990 facilius
2372 1937 2643 2004 impetret,
2684 1933 2836 2003 juxta
2866 1932 2994 1987 illud
3022 1920 3300 2001 Evangelii
3324 1928 3441 1985 dic-

1866 2031 2003 2085 tum,
2027 2040 2136 2093 quo
2162 2024 2407 2077 Salvator
2454 2024 2752 2093 discipulus
2780 2025 2855 2078 ait
2887 2040 2903 2077 :
2934 2024 3096 2075 Amen
3134 2021 3257 2076 dico
3277 2016 3438 2083 vobis,

1863 2114 2001 2183 quod
2033 2117 2078 2169 si
2106 2115 2209 2168 duo
2231 2132 2295 2169 eo;
2318 2115 2456 2168 vobis
2485 2115 2835 2170 consenserint
2854 2116 2904 2166 in
2946 2128 3107 2166 unum
3150 2128 3306 2176 super
3339 2120 3441 2164 ter-

1865 2223 1983 2262 ram
2031 2223 2094 2261 ea:
2143 2207 2285 2260 omni
2335 2222 2410 2271 re,
2462 2222 2827 2275 quamcunque
2861 2205 3125 2271 petierint,
3182 2205 3268 2271 ﬁet
3329 2201 3441 2255 illis

1869 2312 1902 2354 a
1926 2303 2087 2355 Patre
2111 2315 2243 2365 meo,
2267 2301 2451 2369 quiest
2482 2300 2536 2353 in
2567 2298 2709 2351 cretis
2744 2296 2960 2365 (Matth.
2997 2294 3173 2362 xvm).

1934 2385 2221 2456 Dereliquit
2252 2386 2426 2457 itaque
2478 2385 2547 2438 ibi
2576 2400 2753 2438 coram
2807 2400 2933 2437 arca
2982 2383 3189 2453 {aderis
3231 2382 3444 2438 Domini

1863 2476 2042 2548 Asapli
2087 2487 2135 2531 et
2183 2477 2373 2547 fratres
2418 2476 2549 2544 ejus,
2604 2485 2661 2529 ut
2699 2476 3057 2529 ministrarent
3086 2475 3141 2529 in
3171 2485 3455 2546 conspectu-

1864 2582 2001 2621 arcaa
2028 2565 2232 2637 jugiter
2273 2583 2365 2636 per
2388 2556 2620 2636 singulos
2649 2563 2760 2620 dies
2812 2575 2859 2619 et
2910 2566 3041 2620 vices
3091 2581 3237 2620 suas.
3283 2564 3449 2631 Nota,

1865 2659 2056 2722 lector,
2087 2656 2229 2727 quod
2252 2656 2489 2711 ministri
2519 2656 2728 2711 Domini
2760 2654 2966 2726 jugiter
3008 2654 3209 2712 debent
3227 2668 3449 2726 permar-

1865 2742 1995 2802 nere
2023 2746 2080 2800 in
2110 2745 2413 2801 ministerio
2440 2746 2631 2816 ipsius,
2662 2755 2717 2801 et
2761 2760 2858 2816 per
2902 2745 3139 2818 singulos
3187 2746 3304 2811 dies
3347 2746 3453 2801 mi-

1865 2838 2102 2893 nistrare
2122 2838 2197 2892 illi
2226 2837 2281 2893 in
2303 2845 2593 2908 conspectu
2617 2852 2785 2904 arcat;
2808 2844 2863 2891 et
2887 2835 3096 2892 videbis
3113 2837 3257 2907 quod
3278 2835 3452 2892 admi—

1866 2928 2250 2985 nistratoribus
2277 2926 2446 2984 divini
2474 2927 2626 2982 verbi
2651 2942 2759 2983 non
2805 2926 2931 2982 licet
2955 2930 3184 2991 terrenis
3224 2926 3457 2998 negotiis

1866 3036 2088 3086 vacare,
2116 3021 2210 3076 sed
2233 3020 2412 3091 potius
2435 3018 2674 3088 quotidie
2698 3026 2755 3073 et
2792 3019 2909 3074 sine
2937 3017 3320 3079 cessationem
3347 3017 3454 3073 Ec‘

182 3122 318 3175 nem,
347 3109 440 3164 ubi
463 3109 664 3191 legitur
694 3129 706 3163 ε
740 3110 1003 3176 Quoniam
1039 3110 1093 3164 in
1126 3109 1378 3165 swculum
1406 3110 1768 3167 misericordia
1796 3122 1840 3187 ε
1871 3110 2037 3167 clesia
2087 3109 2184 3165 Dei
2230 3106 2551 3180 evangelicae
2606 3106 2973 3178 praedicationi
3014 3106 3264 3167 insistere
3313 3124 3327 3160 :
3360 3106 3456 3162 sed

185 3199 308 3267 ejus,
353 3190 463 3256 hoc
489 3190 690 3266 innuit,
719 3208 779 3255 ut
802 3200 988 3256 audito
1015 3201 1160 3255 bono
1186 3200 1436 3268 Domino,
1479 3217 1549 3257 ne
1584 3216 1645 3258 se
1672 3202 1770 3256 hu-

185 3304 332 3345 mana
364 3292 700 3364 negligentia
728 3293 795 3349 ab
816 3292 1057 3347 studiosa
1083 3299 1140 3346 et
1167 3292 1352 3347 sedula
1378 3292 1772 3364 supplicatione

185 3383 557 3451 suspenderet,
592 3382 819 3438 remedii
847 3396 1071 3436 causam
1101 3382 1249 3447 dicit,
1284 3391 1345 3436 ut
1377 3383 1446 3437 ad
1475 3381 1772 3438 confessio-

187 3484 300 3525 nem
330 3471 570 3528 celerem
620 3472 832 3528 Domini
884 3473 1078 3529 debeat
1119 3490 1344 3530 munere
1390 3473 1668 3530 festinare.
1706 3474 1774 3529 In

188 3561 454 3627 circulum,
486 3564 618 3618 vita:
669 3560 829 3632 hujus
873 3564 1143 3635 signiﬁcat
1182 3580 1425 3633 cursum,
1453 3565 1543 3619 ubi
1590 3565 1774 3620 miseri

190 3660 327 3718 sunt,
345 3654 663 3723 quicunque
685 3650 1033 3725 delinquunt;
1051 3654 1144 3709 ubi
1174 3654 1257 3709 ias
1281 3663 1381 3718 est,
1407 3655 1571 3710 corda
1592 3663 1776 3710 nostra

187 3743 424 3799 converti
455 3750 515 3799 et
544 3743 978 3799 misericordiam
1023 3745 1305 3815 postulari.
1356 3743 1431 3799 lbi
1455 3745 1601 3801 enim
1627 3744 1779 3800 dam-

191 3833 332 3889 natio
351 3833 610 3890 eonﬁteri
637 3843 942 3906 peccatum,
972 3836 1064 3891 ubi
1082 3834 1198 3904 jam
1228 3844 1442 3891 constat
1487 3849 1608 3891 esse
1628 3833 1777 3905 judi-

188 3932 348 3987 cium.

255 4022 326 4076 Et
343 4022 504 4076 dicite
528 4032 548 4073 :
570 4017 731 4073 Salva
761 4034 876 4085 nos,
914 4018 1077 4085 Deus,
1103 4017 1349 4075 Salvator
1373 4029 1564 4084 noster,
1590 4031 1635 4072 et
1660 4035 1782 4071 con-

188 4129 342 4184 grege
373 4130 467 4167 nos
495 4113 562 4165 de
598 4111 920 4176 nationibus,
949 4119 995 4164 et
1024 4126 1146 4164 erue
1187 4126 1280 4164 nos
1316 4109 1380 4164 de
1430 4109 1688 4180 gentibus,
1727 4119 1781 4162 ut

190 4204 532 4273 conﬁteantur
559 4202 764 4255 nomini
808 4211 989 4256 sancto
1012 4211 1127 4266 tuo,
1155 4210 1204 4254 et
1237 4201 1553 4255 exsultemus
1584 4202 1638 4255 in
1668 4218 1786 4255 car-

1873 3210 2054 3257 tamen
2102 3216 2209 3255 non
2249 3198 2611 3263 uniformiter,
2669 3198 2763 3254 sed
2808 3197 3123 3253 distinctim.
3157 3197 3457 3253 secundum

1872 3290 2187 3360 qualitatem
2218 3290 2543 3344 auditorum.
2574 3286 2729 3343 Unde
2775 3302 2872 3358 per
2910 3287 3150 3343 diversos
3176 3287 3456 3344 ministros

1874 3380 2105 3434 diversae
2133 3379 2380 3435 melodiae
2405 3386 2617 3443 cantus,
2659 3385 2714 3431 et
2760 3376 2975 3432 diversa
3002 3376 3176 3437 ollicia
3199 3378 3456 3434 δίποδι-ἀοι

1877 3478 1991 3525 tum
2021 3472 2079 3545 in
2105 3469 2450 3526 tabernaculo
2480 3469 2692 3524 Domini
2718 3467 3077 3539 explicantur.

1948 3561 2117 3619 Porro
2151 3563 2449 3643 Obededom
2494 3573 2542 3618 et
2576 3563 2769 3634 fratres
2799 3562 2912 3635 ejus
2957 3564 3229 3634 sexaginta
3270 3572 3386 3619 octo
3406 3572 3459 3635 et

1879 3656 2199 3727 Obededom,
2228 3657 2399 3729 [ilium
2422 3655 2662 3722 ldithun,
2681 3665 2729 3711 et
2752 3655 2863 3711 Oza
2886 3658 3153 3712 constituit
3165 3657 3458 3727 janitores:

1879 3750 2093 3808 Sadoch
2121 3761 2293 3806 autem
2340 3751 2686 3815 sacerdotem,
2710 3760 2757 3804 et
2803 3748 2993 3820 fratres
3042 3747 3186 3803 illius
3213 3749 3460 3804 sacerdo-

1879 3851 1977 3909 tes,
1999 3858 2176 3897 coram
2198 3840 2535 3895 tabernaculo
2552 3839 2761 3893 Domini
2781 3839 2834 3892 in
2860 3838 3086 3905 excelso,
3110 3837 3249 3911 quod
3271 3848 3383 3893 erat
3403 3840 3460 3894 in

1880 3932 2119 3998 Gabaon,
2150 3942 2203 3986 ut
2232 3931 2478 4001 offerrent
2519 3929 2825 3983 holocausta
2865 3928 3090 3983 Domino
3113 3945 3269 3999 super
3290 3928 3462 3984 altare

1880 4022 2340 4076 holocaustomatis
2360 4020 2560 4090 jugiter
2598 4035 2749 4095 mane
2792 4027 2839 4072 et
2877 4034 3097 4089 vespere,
3143 4018 3463 4089 etc._lgitur

1882 4116 1987 4170 hoc
2011 4114 2155 4183 quod
2204 4112 2356 4177 dicit,
2403 4111 2740 4166 sacerdotem
2796 4096 3010 4164 Saddch
3037 4117 3092 4164 et
3121 4108 3316 4165 fratres
3343 4108 3462 4180 ejus

1884 4205 2193 4261 sacerdotes
2218 4202 2543 4257 constitutos
2568 4197 2914 4256 tabernaculo
2958 4198 3190 4266 Domini,
3216 4200 3361 4270 quod
3406 4198 3463 4254 in

187 4296 411 4351 minibus
435 4296 564 4349 tuis.
595 4292 834 4363 Populus
855 4294 1027 4364 prior,
1054 4291 1208 4361 cujus
1234 4308 1478 4364 persona:
1501 4294 1666 4349 verba
1698 4309 1787 4349 su—
1885 4294 2099 4352 excelso
2122 4292 2368 4357 Gabaon,
2394 4300 2455 4345 ut
2472 4289 2733 4345 offerrent
2764 4289 3074 4345 holocausta
3120 4290 3348 4346 Domino
3373 4305 3465 4346 sus

188 4391 399 4457 periora
426 4391 841 4459 competebant,
885 4398 1168 4459 postquam
1225 4404 1283 4444 se
1311 4390 1465 4459 copia
1494 4381 1789 4446 Dominicae
1890 4401 1986 4457 per
2007 4384 2177 4438 altare
2208 4380 2681 4437 holocaustomatis
2701 4379 2903 4451 jugiter
2954 4396 3114 4437 mane
3139 4391 3196 4437 et
3214 4397 3461 4452 vespere,

186 4479 364 4539 laudis
413 4480 681 4553 explevit,
721 4478 937 4535 Patrem
983 4479 1272 4535 Dominum
1322 4482 1659 4551 deprecatur,
1722 4489 1783 4537 ut
1812 4480 1860 4540 D
1887 4477 2116 4533 diversis
2145 4475 2428 4546 accipitur.
2456 4473 2560 4528 Alii
2588 4474 2732 4529 enim
2758 4474 2943 4529 dicunt
2965 4475 3108 4546 quod
3143 4474 3465 4531 tabernacu‘

188 4573 491 4629 Ecclesiam
522 4587 680 4629 suam
704 4572 769 4626 de
790 4571 1026 4641 gentium
1054 4572 1471 4643 congregatione
1494 4571 1777 4642 perﬁciat:

186 4663 322 4719 illud
352 4677 571 4733 quoque
601 4658 934 4732 sulijungens
967 4678 978 4714 :
1014 4659 1081 4715 Et
1108 4660 1425 4716 exsultemus
1456 4663 1511 4715 in
1536 4660 1786 4716 carmini-

182 4753 279 4806 bus
306 4753 439 4819 tuis,
464 4752 573 4807 boc
604 4758 711 4814 est,
738 4764 845 4804 non
894 4749 947 4804 in
968 4751 1203 4804 humana
1221 4748 1505 4818 jactautia,
1531 4751 1626 4807 sed
1655 4752 1708 4805 in
1734 4759 1785 4805 te

184 4841 277 4895 ubi
306 4848 397 4896 est
417 4854 610 4896 revera
636 4840 744 4894 ﬁxa
773 4838 963 4909 gloria,
990 4846 1046 4894 et
1069 4839 1185 4893 sine
1214 4837 1321 4895 ﬁne
1367 4841 1572 4895 lzetitia.
1602 4842 1671 4895 Et
1705 4843 1786 4895 in-

180 4943 369 4996 tuere,
396 4932 541 5001 quod
564 4932 655 4986 hic
688 4931 892 4985 salvare
936 4931 1132 4984 dicitur
1161 4928 1341 4985 Pater.
1371 4931 1592 5003 Legitur
1622 4935 1785 4988 etiam

178 5034 236 5078 et
264 5023 448 5078 Filius
474 5022 707 5087 salvere,
753 5028 817 5077 ut
850 5030 935 5077 est
973 5022 1149 5102 illud:
1192 5021 1338 5077 Venit
1366 5022 1535 5078 Filius
1561 5025 1785 5081 hominis

179 5115 399 5170 mium
440 5114 616 5183 facere
656 5112 798 5184 quod
837 5113 1060 5183 perierat
1115 5108 1429 5182 (Luc.x1x).
1460 5112 1789 5169 Praedicator

178 5208 365 5260 etiam
396 5205 610 5260 salvare
636 5203 872 5274 Spiritus
899 5210 1138 5268 sanctus,
1155 5211 1311 5258 utest
1328 5202 1456 5258 illud
1478 5206 1545 5259 ad
1575 5204 1751 5259 Titum
1775 5224 1787 5259 :

178 5296 391 5352 Salvos
414 5311 509 5349 nos
540 5295 667 5366 fecit
684 5310 780 5368 per
802 5293 1071 5350 lavacrum
1110 5296 1514 5366 regenerationis
1557 5305 1605 5350 et
1650 5313 1794 5351 reno-

178 5387 426 5443 utionis
457 5380 689 5457 Spiritus
710 5385 880 5439 sancti
908 5385 1038 5462 (Tit.
1064 5384 1167 5458 Ill).
1195 5385 1285 5440 Sic
1307 5385 1651 5442 indivisibilis
1672 5387 1792 5441 Tri-

178 5464 699 5549 nit'atis‘aequalitas
729 5462 1096 5549 atque'uuitas
1130 5486 1184 5532 et
1214 5478 1396 5534 verbis
1443 5478 1709 5534 similibus
1737 5488 1792 5533 et

180 5570 499 5651 virtutibus
525 5570 823 5651 indicatur.
845 5568 1035 5651 Amen.

258 5646 595 5718 Benedictus
624 5646 906 5725 Dominus,
933 5646 1073 5714 Deus
1100 5659 1292 5724 Israel,
1317 5661 1381 5715 ab
1421 5638 1799 5734 (uerno-usque

495 5754 774 5813 ΡΑτιιοι..
818 5753 889 5815 Cl
902 5753 978 5814 Χ.

1887 4570 1995 4624 lum
2025 4568 2140 4635 Dei,
2164 4575 2453 4645 postquam
2479 4565 2574 4620 ﬁlii
2604 4564 2769 4621 Israel
2818 4566 3157 4622 intraverunt
3184 4566 3239 4622 in
3265 4574 3467 4639 terram

1886 4665 2167 4731 Chanaan,
2223 4664 2454 4734 primum
2504 4660 2669 4717 fuerit
2706 4662 2759 4717 in
2812 4660 2947 4727 Silo,
2988 4662 3184 4720 deinde
3232 4663 3290 4720 in
3331 4663 3466 4731 Obe,

1887 4766 2074 4829 postea
2106 4758 2161 4813 in
2188 4755 2432 4821 Gabaon,
2462 4757 2529 4810 ad
2558 4764 2860 4809 extremum
2913 4770 3128 4825 quoque
3168 4756 3225 4812 in
3283 4754 3420 4821 Sion
3452 4776 3466 4811 :

1892 4863 2022 4904 arca
2050 4847 2359 4904 testamenti
2389 4846 2500 4900 sola
2529 4846 2599 4900 ab
2632 4844 2932 4917 Allophylis
2977 4845 3047 4902 ad
3072 4853 3285 4917 tempus
3310 4857 3470 4918 capta

1894 4938 2006 5003 sit,
2062 4936 2404 5008 postmodum
2453 4950 2582 4990 vero
2636 4936 2880 4991 reducta.
2923 4935 3029 4999 Alii
3077 4943 3259 4991 autem
3325 4952 3475 4993 asse-

1896 5026 2212 5082 runtlocum
2234 5026 2518 5096 quemdam
2544 5041 2664 5081 esse
2695 5026 2747 5080 in
2774 5024 3127 5092 Hierusalem,
3145 5026 3474 5098 appellatum

1897 5114 2149 5184 Gabaon;
2180 5118 2359 5187 ibique
2390 5118 2558 5172 David
2587 5118 2989 5185 tabernaculum
3036 5118 3280 5185 foederis,
3305 5128 3361 5175 et
3387 5137 3477 5175 ar-

1893 5226 2014 5265 cam
2047 5210 2358 5264 testamenti
2391 5210 2602 5265 Domini
2627 5211 2941 5267 collocasse.
2964 5210 3186 5268 Gabaon
3209 5212 3477 5282 interprc—
3524 5226 3532 5249 ι

1897 5307 2041 5355 tatur
2079 5300 2225 5355 collis
2264 5317 2283 5355 :
2316 5302 2587 5358 excelsum
2617 5311 2798 5359 autem
2836 5313 3061 5372 propter
3089 5303 3474 5361 sublimitatem
3544 5313 3547 5317 '

1896 5391 2060 5444 divini
2090 5391 2267 5447 cultus
2317 5392 2519 5448 dictum
2576 5393 3223 5461 existimanLCmtet-um
3252 5393 3308 5447 in
3336 5391 3477 5447 libm

1900 5482 2138 5537 locorum
2170 5493 2429 5557 scriptum
2457 5486 2780 5555 reperimus,
2809 5483 3029 5540 Gabaon
3066 5497 3186 5547 esse
3206 5490 3481 5552 metropo-

1902 5573 1995 5627 lim
2041 5583 2096 5628 et
2151 5576 2385 5645 regalem
2436 5577 2704 5645 civitatem
2744 5575 3065 5640 Eneorum,
3093 5572 3396 5643 ceciditque
3422 5574 3479 5630 in

1905 5673 2105 5721 sortem
2133 5666 2305 5720 tribus
2332 5664 2632 5735 Bcnjamin.
2665 5666 2731 5719 Et
2762 5680 2902 5719 nunc
2930 5662 3235 5718 ostenditur
3265 5663 3390 5720 villa
3422 5663 3479 5720 in
3536 5697 3542 5713 ς

2963 5755 3041 5816 12
