3902 6146
370 202 475 295 δῷ

1008 203 1069 257 Β.
1113 200 1363 256 RABANI
1404 196 1621 254 MAURI
1658 192 1976 267 ARClllEP.
2014 193 2327 250 MOGUNT.
2368 192 2652 252 OPERUM
2690 195 2870 253 PARS
2906 197 2947 252 i.

3521 200 3637 261 36b

365 314 555 379 eodem
589 334 804 376 nomine
856 319 907 372 in
945 326 1138 388 quarto
1183 316 1434 371 miliiario
1478 313 1718 369 Bethelis
1759 320 1947 367 contra
1982 315 2025 374 Α
2054 316 2163 375 eat,
2200 309 2293 379 qui
2323 309 2656 380 corrigendis
2680 301 2941 367 institutis
2958 312 3331 382 proximorum
3356 315 3637 376 mentibus

366 411 759 471 occidentalem
788 410 1020 481 plagam,
1061 407 1217 479 juxta
1244 406 1414 462 Bama
1441 413 1496 462 et
1530 405 1822 469 Remmon,
1850 403 1944 459 ubi

367 504 625 561 Salomon
672 501 878 556 hostias
924 498 1209 554 immolans
1256 498 1495 553 divinum
1528 497 1726 552 meruit
1751 510 1946 551 oracu—

364 593 496 650 lum.
528 592 652 647 Fuit
685 597 864 645 autem
891 598 944 643 ct
972 591 1087 659 ipsa
1110 597 1357 658 separata
1385 586 1605 643 Levitis.

440 684 793 752 Reversusque
821 689 897 735 est
922 680 1088 735 omnis
1114 679 1334 751 populus
1359 681 1414 734 in
1450 680 1663 734 domum
1690 696 1865 745 suam,
1895 687 1945 733 et

366 774 557 840 David,
601 782 664 828 ut
700 771 1015 827 benediceret
1046 772 1203 825 etiam
1249 772 1428 825 domui
1458 772 1592 841 ejus.
1616 771 1945 826 Benedicere

369 865 457 920 hic
481 864 663 920 domui
690 876 802 918 sua:
823 861 991 917 David
1016 861 1235 927 dicitur,
1250 862 1353 916 hoc
1375 870 1482 927 est,
1503 876 1640 932 opus
1664 860 1944 932 coniugale

365 971 641 1022 exercere,
700 964 964 1026 quatenus
1009 953 1242 1007 illioram
1298 959 1584 1008 numerum
1636 952 1940 1022 ampliaret.

365 1050 538 1105 Aliter
587 1049 802 1119 quidam
858 1046 1259 1101 benedictionem
1311 1046 1400 1100 hic
1451 1060 1550 1114 per
1610 1043 1945 1115 antiphrasin

365 1145 563 1201 dictam
610 1150 810 1213 putant
841 1162 855 1196 :
885 1140 1097 1195 domum
1134 1155 1263 1195 vero
1312 1139 1504 1195 Michol
1560 1139 1722 1193 tiliam
1780 1136 1939 1202 Saul;

364 1248 528 1303 quam
557 1231 869 1301 increpabat
894 1230 1089 1293 David;
1110 1244 1174 1283 eo
1212 1228 1356 1299 quod
1398 1228 1669 1298 indignata
1700 1228 1791 1290 sit,
1820 1242 1945 1282 cum

363 1323 590 1377 vidisset
638 1334 762 1376 eum
817 1320 1186 1376 subsilientem
1243 1334 1427 1375 coram
1466 1332 1591 1374 arca
1635 1316 1945 1390 testamenti

367 1413 603 1469 Domini.

936 1500 1162 1558 CAPUT
1206 1501 1369 1557 XVII.

365 1592 440 1648 De
467 1591 632 1673 verbis
651 1591 1001 1673 qute‘locutus
1030 1604 1106 1673 est
1145 1592 1316 1673 David
1342 1592 1412 1646 ad
1459 1590 1677 1673 Nathan
1718 1590 1941 1673 prophe-

2048 410 2227 454 vacat.
2273 398 2554 468 Templum
2601 400 2800 471 quippe
2849 400 2944 456 Dei
2989 415 3090 457 nos
3140 415 3329 458 sumus
3359 410 3375 457 ‘:
3404 405 3531 474 quis
3563 406 3637 464 ad

2048 503 2234 544 veram
2290 490 2456 543 vitam
2503 505 2570 543 ex
2627 490 2743 560 ejus
2791 489 3182 547 inhabitatione
3228 490 3635 563 constituimur,

2048 578 2216 634 Paulo
2259 586 2569 645 attestante,
2625 580 2719 651 qui
2765 582 2843 636 ait
2881 599 2894 634 :
2940 580 3209 653 Templum
3252 583 3351 639 Dei
3391 596 3637 640 sanctum

2047 679 2146 735 est,
2191 671 2330 742 quod
2375 671 2499 726 estis
2524 687 2611 725 vos
2639 671 2690 741 (Ι
2720 671 2844 727 Cor.
2869 672 2977 744 ut).
3027 672 3135 730 Sed
3176 674 3263 729 vir
3310 678 3639 750 sanguinum

2049 764 2306 833 templum
2349 764 2444 819 Dei
2474 765 2743 820 aedificare
2766 766 3108 837 prohibetur,
3154 770 3282 839 quia
3325 771 3416 840 qui
3454 772 3641 828 adhuc

2051 855 2263 910 actibus
2289 854 2598 910 carnalibus
2624 856 2860 918 incubat,
2899 872 3122 913 necesse
3147 866 3233 913 est
3259 868 3319 913 ut
3345 859 3639 916 instituere

1982 953 1988 959 '
2048 946 2365 1015 spiritaliter
2391 948 2762 1017 proximorum
2788 958 2999 1005 mentes
3025 950 3332 1005 erubescat.

2123 1034 2376 1106 Nunquid
2411 1035 2616 1091 locutus
2653 1053 2768 1091 sum
2806 1037 2991 1093 saltem
3018 1040 3112 1095 uni
3146 1041 3389 1110 judicum
3435 1040 3634 1108 Israel,

2046 1126 2233 1197 quibus
2264 1144 2633 1199 prmceperam,
2666 1138 2721 1182 ut
2750 1140 3017 1198 poscerent
3073 1130 3325 1202 populum
3369 1148 3543 1187 meum
3582 1144 3638 1187 et

2048 1221 2161 1274 dixi
2211 1236 2230 1275 :
2257 1220 2433 1286 Quare
2461 1237 2563 1275 non
2590 1222 2891 1291 a’diﬁcastis
2914 1222 3044 1279 milii
3071 1224 3285 1279 domum
3324 1225 3639 1280 cedrinam?

2050 1310 2209 1365 Nunc
2234 1314 2408 1382 itaque
2429 1309 2656 1382 loqueris
2690 1312 2760 1367 ad
2789 1328 2992 1366 servum
3036 1321 3210 1367 meum
3260 1313 3464 1368 David:
3502 1312 3638 1368 Ηωσ

2048 1403 2172 1457 dicit
2203 1403 2454 1459 Dominus
2479 1405 2798 1458 exercituum
2822 1421 2840 1458 :
2866 1404 2976 1476 Ego
2996 1404 3095 1459 tuli
3115 1415 3186 1471 te,
3207 1422 3325 1459 cum
3345 1404 3401 1460 in
3422 1400 3637 1471 pascuis

2047 1496 2333 1566 sequereris
2362 1511 2587 1566 gregem,
2617 1505 2671 1548 ut
2703 1512 2839 1550 esses
2865 1496 2975 1549 dum
2998 1496 3178 1567 populi
3221 1497 3323 1550 mei
3368 1492 3556 1559 Israel,
3582 1506 3637 1550 et

2051 1585 2128 1654 fui
2152 1593 2317 1639 tecum
2341 1600 2648 1657 quocunque
2673 1586 2970 1656 perrexisti,
3001 1595 3051 1640 et
3070 1586 3305 1656 interfeci
3328 1602 3507 1641 omnes
3527 1582 3637 1641 ini.

429 1673 542 1717 tam
563 1662 628 1748 de
650 1661 996 1748 adiﬁcqti‘one
1019 1662 1215 1748 templi,
1252 1672 1302 1748 et
1326 1677 1569 1748 responso
1596 1661 1808 1748 Domini
1848 1676 1931 1730 per

2041 1676 2202 1730 micas
2224 1684 2341 1729 tuos
2367 1692 2544 1730 coram
2582 1685 2649 1739 te,
2676 1676 2875 1746 fecique
2926 1676 3019 1730 tibi
3063 1693 3248 1730 nomen
3276 1678 3428 1748 quasi
3472 1678 3636 1731 unius

433 1732 667 1791 eumdem
692 1732 994 1802 pfopbetom
1036 1732 1106 1785 ad
1124 1731 1319 1786 David.
1367 1732 1446 1786 De
1491 1731 1811 1802 confessione
1828 1746 1941 1802 qua

432 1802 667 1872 laudavit
693 1800 893 1872 David
933 1800 1212 1872 Dominum
1258 1818 1353 1872 pro
1382 1801 1634 1856 universis
1682 1800 1941 1870 beneﬁciis

432 1871 531 1926 sibi
562 1871 626 1924 ab
651 1871 762 1941 ipso
792 1868 1015 1924 collatis.

439 1964 479 2036 (ἰ
506 1961 640 2019 Ρη.
675 1963 833 2034 xvn.)
859 1962 990 2018 Cum
1017 1972 1187 2018 autem
1222 1962 1483 2018 habitaret
1512 1963 1679 2018 David
1704 1963 1757 2017 in
1787 1961 1941 2017 domo

359 2070 481 2119 sua,
503 2052 635 2108 dixit
665 2052 736 2107 ad
766 2052 981 2107 Not/tan
1005 2052 1309 2124 prophetam
1354 2070 1372 2106 :
1402 2050 1541 2106 Ecce
1568 2069 1661 2123 ego
1685 2051 1864 2106 habito
1885 2052 1942 2105 in

360 2144 512 2199 domo
529 2143 761 2211 cedrino,
781 2161 908 2197 arca
936 2154 1109 2198 autem
1133 2144 1342 2213 ftederis
1369 2143 1583 2198 Domini
1603 2143 1697 2198 sub
1721 2142 1941 2214 pellibus

359 2246 453 2291 est.
482 2235 549 2290 Et
579 2237 652 2291 ait
677 2234 893 2289 Nat/ton
920 2234 990 2289 ad
1034 2234 1207 2288 David
1235 2252 1253 2289 :
1285 2232 1477 2289 Omnia
1530 2250 1649 2305 qua:
1689 2232 1745 2288 in
1785 2232 1940 2288 corde

359 2334 615 2392 tuosunt,
645 2324 732 2395 [ac
759 2342 777 2379 :
803 2324 946 2380 Deus
974 2326 1112 2379 enim
1138 2334 1308 2379 tecum
1336 2335 1433 2379 est.
1467 2323 1640 2395 Igitur
1667 2334 1815 2378 nocte
1843 2322 1940 2377 illa

359 2418 530 2487 factus
560 2422 633 2469 est
662 2430 829 2468 sermo
857 2413 1068 2467 Domini
1105 2414 1175 2466 ad
1226 2413 1464 2479 Notltan,
1513 2414 1690 2467 dicens
1721 2426 1739 2463 :
1774 2411 1937 2478 Vade,

360 2503 569 2575 loquere
598 2502 767 2556 David
790 2512 936 2556 servo
964 2518 1079 2556 meo
1103 2516 1122 2552 :
1154 2500 1284 2556 Haec
1308 2502 1435 2556 dicit
1470 2502 1729 2558 Dominus
1756 2516 1775 2554 :
1812 2502 1937 2557 Non

361 2591 649 2660 tediﬁcabis
673 2598 729 2643 tu
757 2590 885 2643 milii
905 2589 1115 2644 domum
1138 2589 1206 2643 ad
1225 2589 1605 2655 habitandum;
1625 2593 1938 2663 nequeenim

359 2684 532 2739 mansi
571 2683 625 2737 in
672 2682 825 2736 domo
859 2697 920 2735 eo
956 2689 1182 2751 tempore
1227 2694 1330 2753 quo
1372 2682 1532 2736 eduxi
1573 2680 1745 2737 Israel
1776 2699 1939 2753 usque

358 2774 429 2832 ad
452 2775 587 2830 diem
607 2776 764 2841 hanc,
785 2773 875 2829 sed
897 2772 975 2844 fui
995 2789 1196 2845 semper
1215 2783 1424 2828 inutons
1453 2772 1567 2828 loco
1587 2773 1934 2841 tabernaculi,

355 2880 406 2927 et
440 2871 493 2925 in
532 2869 753 2924 tentorio
781 2884 995 2923 monens
1026 2884 1145 2922 cum
1188 2864 1330 2923 omni
1376 2868 1566 2924 Israel.
1622 2870 1774 2937 Quod
1814 2885 1938 2941 pro-

356 2960 516 3031 pheta
547 2960 909 3031 interrogatus
928 2974 959 3013 a
982 2972 1110 3031 rege
1157 2958 1435 3028 respondit
1462 2972 1477 3012 :
1506 2959 1673 3014 Omne
1701 2959 1840 3030 quod
1860 2969 1935 3014 est

356 3051 409 3104 in
432 3050 589 3104 corde
610 3059 723 3115 tuo,
751 3049 880 3103 vade
899 3058 946 3103 et
975 3047 1061 3119 fac
1089 3063 1111 3103 :
1128 3055 1185 3103 et
1209 3055 1395 3117 postea
1423 3063 1453 3102 a
1497 3048 1724 3104 Domino
1746 3050 1934 3104 admo-

356 3142 522 3205 nitus,
577 3140 765 3195 eadem
822 3137 1095 3208 prohibuit
1134 3152 1255 3207 qua:
1303 3145 1428 3193 ante
1470 3138 1754 3203 concessit,
1790 3142 1940 3207 patet

356 3229 596 3300 proiecto
615 3228 758 3298 quod
771 3226 1069 3296 prophetia:
1088 3225 1309 3296 Spiritus
1332 3227 1715 3298 prophetarum
1730 3234 1938 3283 mentes

356 3337 463 3376 non
494 3333 706 3389 semper
739 3318 996 3381 irradiat;
1028 3317 1153 3385 quia
1185 3316 1324 3372 sicut
1371 3319 1436 3372 de
1491 3318 1693 3389 Spiritu
1750 3327 1936 3374 sancto

352 3412 616 3483 scriptum
643 3418 729 3466 est
759 3424 773 3463 :
806 3407 905 3462 Ubi
930 3407 1055 3475 vult,
1097 3409 1265 3479 spirat
1312 3408 1493 3481 (Joan.
1543 3410 1646 3483 nt).
1690 3408 1828 3466 Hinc
1855 3419 1938 3467 est

359 3503 523 3565 enim,
548 3504 688 3570 quod
710 3501 934 3557 Elisteus
962 3503 1320 3558 cum'ﬂentem
1344 3499 1624 3555 mulierem
1653 3513 1902 3556 cerneres

358 3608 689 3661 causamque
712 3595 997 3659 nescisset,
1031 3596 1096 3648 ad
1121 3593 1497 3659 prohibentem
1517 3593 1663 3647 hunc
1691 3605 1927 3661 puerum

358 3685 485 3739 dicit
516 3704 528 3738 :
571 3684 785 3739 Dimitte
813 3701 950 3747 eum,
987 3687 1107 3753 quia
1133 3686 1310 3738 animo
1336 3685 1454 3754 ejus
1482 3685 1534 3737 in
1564 3683 1925 3738 amaritudine

352 3781 450 3837 est,
499 3782 546 3824 et
588 3769 843 3824 Dominus
888 3766 1075 3822 celavit
1123 3784 1225 3834 me,
1274 3778 1323 3823 et
1364 3786 1467 3825 non
1504 3769 1760 3841 judicavit
1780 3771 1933 3825 «mihi

353 3860 460 3934 (IV
499 3860 624 3931 Reg.
650 3858 751 3933 iv).
776 3856 929 3927 Quod
958 3856 1298 3927 omnipotens
1323 3860 1465 3915 Deus
1498 3875 1567 3915 ex
1597 3875 1792 3932 magna
1823 3860 1935 3928 pie-

352 3952 480 4007 tatis
497 3951 895 4022 dispensatione
919 3952 1171 4023 disponit.
1196 3950 1332 4019 Quia
1356 3950 1483 4006 dum
1503 3953 1803 4022 prophetiae
1824 3953 1931 4023 spi-

354 4046 516 4099 ritum
544 4032 831 4114 aliquando
857 4043 967 4107 dat,
990 4053 1042 4099 et
1070 4044 1359 4113 aliquando
1383 4044 1669 4109 subtrahit,
1693 4044 1927 4114 prophe-

352 4135 580 4189 tantium
607 4141 814 4188 mentes
840 4141 896 4187 et
922 4133 1095 4188 elevat
1120 4133 1172 4188 in
1195 4134 1513 4189 celsitudine
1542 4141 1597 4188 et
1617 4135 1853 4189 custodit
1874 4135 1927 4189 in

350 4224 672 4289 humilitate,
693 4232 753 4279 ut
776 4232 831 4278 et
854 4224 1178 4293 accipientes
1204 4222 1486 4293 Spiritum.
1502 4224 1777 4279 inveniant
1797 4224 1927 4295 quid

347 4318 415 4372 de
443 4304 552 4371 Deo
582 4315 717 4382 sint;
749 4323 803 4374 ct
829 4330 1065 4379 rursum,
1087 4315 1385 4386 prophetia:
1408 4313 1667 4385 Spiritum
1698 4329 1802 4369 non
1827 4316 1924 4370 ha-
1949 4360 2001 4420 Β

344 4408 555 4472 bentes,
606 4414 934 4477 cognoscant
975 4406 1103 4475 quid
1149 4406 1257 4460 sint
1308 4406 1373 4461 de
1416 4406 1737 4476 semetipsis.
1770 4405 1922 4473 Quod

346 4507 526 4553 autem
572 4496 742 4552 David
788 4494 1089 4564 prohibitus
1138 4504 1222 4551 est
1263 4497 1480 4550 domum
1518 4496 1630 4553 Deo
1653 4500 1921 4555 aedificare

343 4588 469 4659 quia
491 4588 573 4643 vir
597 4585 915 4657 sanguinum
936 4593 1099 4651 esset,
1120 4586 1295 4661 innuit
1314 4586 1593 4642 moraliter
1613 4590 1755 4656 quod
1769 4605 1923 4645 mun-

342 4682 442 4735 dus
477 4680 530 4732 in
560 4691 620 4732 se
637 4691 758 4731 esse
789 4691 819 4730 a
850 4674 996 4730 vitiis
1024 4676 1200 4740 debet,
1240 4676 1334 4749 qui
1365 4685 1521 4730 curat
1550 4678 1724 4735 aliena
1749 4681 1920 4736 corri-

342 4786 490 4841 gere,
514 4779 573 4823 ut
596 4777 811 4823 terrena
835 4781 940 4822 non
968 4767 1187 4838 cogitet,
1202 4774 1261 4821 ut
1286 4767 1569 4825 desideriis
1591 4769 1789 4826 inlimis
1810 4788 1915 4828 non

342 4863 656 4917 succumbat
682 4879 695 4914 :
719 4868 986 4930 quatenus
1007 4868 1156 4915 tanto
1179 4860 1545 4931 perspicacius
1566 4863 1687 4919 aliis
1712 4862 1918 4935 fugien-

341 4952 635 5011 da'vidcat,
668 4959 870 5021 quanto
902 4952 1016 5006 haec
1064 4952 1179 5022 ipse
1225 4968 1322 5023 per
1366 4954 1645 5009 scientiam
1677 4963 1729 5011 et
1751 4957 1916 5011 vitam

345 5043 522 5098 verius
548 5042 801 5098 declinat.
836 5043 1185 5114 Nequaquam
1214 5061 1348 5115 pure
1377 5047 1638 5102 maculam
1671 5048 1725 5103 in
1748 5064 1918 5105 mem-

340 5134 439 5187 bro
463 5132 769 5188 considerat
795 5133 985 5189 oculus
1006 5149 1168 5205 quem
1189 5135 1361 5206 pulvis
1397 5146 1605 5209 gravat.
1636 5139 1702 5193 Et
1730 5156 1917 5211 super-

339 5230 522 5277 vectas
542 5222 730 5277 sordes
761 5230 971 5293 tergere
1012 5237 1120 5279 non
1152 5223 1328 5279 valent
1378 5241 1569 5282 manus
1592 5244 1711 5298 qua:
1741 5230 1911 5286 lutum

337 5319 537 5367 tenent.
568 5310 723 5377 Quod
734 5309 889 5382 juxta
910 5313 1282 5369 translationis
1302 5315 1498 5370 seriem
1516 5318 1582 5372 ad
1598 5318 1763 5375 David
1784 5334 1910 5390 erga

335 5404 608 5458 exteriora
635 5402 771 5458 bella
797 5402 1130 5462 laborantem
1179 5419 1277 5475 per
1295 5406 1745 5476 signiﬁcationem
1771 5411 1910 5466 divi-

335 5510 405 5549 na
438 5509 543 5551 vox
574 5493 772 5559 innuit,
820 5508 943 5548 cum
991 5491 1122 5549 dicit
1153 5510 1166 5546 :
1205 5491 1327 5549 Non
1361 5505 1419 5549 tu
1450 5496 1736 5565 tediﬁcabis
1783 5501 1913 5554 mihi

337 5586 602 5653 templum,
632 5588 757 5649 quia
780 5586 860 5640 uir
877 5586 1189 5655 sanguinum
1217 5602 1294 5641 es.
1334 5585 1430 5643 Dei
1458 5589 1715 5660 templum
1739 5591 1909 5648 aedili-

2043 1787 2353 1841 magnorum
2400 1769 2489 1841 qui
2544 1769 2872 1824 celebrantur
2898 1771 2954 1824 in
3001 1780 3159 1825 terra.
3188 1770 3394 1826 Idcirco
3425 1787 3455 1824 a
3482 1770 3637 1826 nullo

2035 1860 2277 1931 judicnm
2305 1862 2407 1917 sibi
2435 1860 2695 1917 aediﬁcari
2722 1862 2941 1916 domum
2971 1863 3249 1918 cedrinam
3285 1862 3469 1933 jussit,
3500 1863 3635 1933 quia

2043 1953 2111 2007 ab
2134 1947 2387 2008 omnibus
2414 1961 2604 2007 contra
2629 1952 2815 2008 hostes
2853 1963 3152 2023 pugnatum
3194 1948 3317 2020 fuit,
3358 1962 3415 2008 et
3439 1968 3637 2009 omnes

2041 2042 2301 2100 ell‘usores
2343 2043 2564 2098 fuerunt
2610 2043 2955 2116 sanguinum.
3002 2043 3272 2115 Fecitque,
3309 2046 3506 2116 inquit,
3537 2042 3639 2103 tibi

2044 2133 2298 2188 Dominus
2332 2149 2521 2186 nomen
2541 2134 2692 2203 quasi
2714 2135 2871 2187 unius
2893 2150 3203 2205 magnorum
3254 2137 3344 2207 qui
3369 2134 3642 2192 celebran-

2040 2234 2127 2277 tur
2150 2225 2205 2278 in
2234 2233 2375 2278 terra
2407 2240 2426 2278 :
2474 2225 2552 2279 sic
2578 2222 3014 2289 fecitAbraham,
3060 2224 3230 2291 Isaac,
3274 2235 3328 2282 et
3353 2225 3541 2295 Iacob,
3577 2237 3641 2285 et

2041 2311 2229 2384 Moysi,
2259 2322 2314 2369 et
2343 2310 2526 2380 Josue,
2558 2330 2790 2385 quorum
2830 2316 3050 2371 nomina
3090 2316 3449 2375 famosissima
3502 2330 3642 2377 sunt

2042 2405 2097 2460 in
2131 2412 2279 2461 terra

2109 2493 2179 2547 Et
2207 2494 2328 2547 dedi
2372 2488 2544 2549 locum
2590 2496 2783 2567 papula
2826 2513 2940 2551 meo
2992 2496 3184 2553 Israel.
3215 2493 3555 2554 Plantabitur
3582 2512 3636 2556 et

2037 2582 2349 2638 inhabitabit
2376 2585 2432 2639 in
2457 2602 2540 2652 eo,
2566 2595 2615 2640 et
2639 2586 2778 2642 ultra
2808 2604 2913 2642 non
2951 2584 3383 2656 cammovebitur;
3407 2608 3499 2644 nec
3526 2586 3640 2661 ﬁlii

2036 2675 2331 2746 iniquitatis
2358 2686 2579 2731 atterent
2607 2694 2717 2743 eos,
2744 2678 2879 2733 sicut
2923 2697 2957 2733 a
3009 2681 3265 2752 principio
3316 2699 3382 2736 es:
3418 2683 3636 2751 diebus,

2035 2767 2221 2838 quibus
2247 2767 2367 2822 dedi
2399 2762 2606 2839 judices
2633 2769 2826 2843 populo
2857 2788 2970 2825 meo
3024 2770 3217 2826 Israel.
3260 2772 3326 2826 Et
3352 2774 3635 2830 humiliori

2035 2862 2301 2916 universos
2329 2863 2571 2917 inimicos
2594 2873 2732 2918 tuos.
2762 2864 3030 2919 Annuntio
3051 2877 3172 2936 ergo
3195 2866 3308 2933 tibi,
3333 2866 3474 2937 quod
3497 2866 3637 2922 tedi-

2036 2951 2289 3020 ﬁcaturus
2308 2954 2375 3007 sit
2401 2953 2613 3007 domum
2643 2955 2736 3008 tibi
2768 2954 3042 3009 Dominus.
3075 2952 3308 3027 Cumque
3329 2956 3633 3027 impleveris

2038 3044 2148 3098 dies
2172 3054 2313 3111 tuos,
2341 3055 2398 3098 ut
2434 3046 2594 3101 vadas
2627 3046 2697 3100 ad
2739 3055 2916 3117 patres
2954 3057 3091 3111 tuos,
3137 3050 3400 3102 suscitabo
3448 3067 3635 3105 semen

2039 3145 2185 3189 tuum
2227 3146 2342 3207 post
2371 3146 2442 3202 te,
2468 3137 2607 3193 auod
2633 3140 2731 3192 erit
2752 3138 2816 3192 de
2858 3138 2986 3206 ﬁliis
3027 3141 3153 3203 tuis,
3184 3150 3233 3194 et
3256 3140 3521 3196 stabiliam
3545 3159 3630 3197 re-

2037 3243 2197 3298 gnum
2246 3229 2381 3299 ejus.
2429 3226 2550 3299 Ipse
2582 3230 2864 3300 wdi/icobit
2891 3232 3020 3286 mihi
3045 3233 3279 3299 domum,
3312 3244 3361 3288 et
3399 3234 3632 3304 βημαὺο

2037 3317 2223 3372 solium
2254 3320 2368 3390 ejus
2389 3336 2553 3391 usque
2574 3320 2630 3375 in
2650 3323 3039 3393 sempiternum.
3071 3323 3184 3395 Ego
3206 3341 3295 3379 ero
3334 3326 3381 3380 ei
3430 3327 3486 3379 in
3527 3343 3633 3396 pa-

2036 3416 2251 3472 trem,et
2280 3410 2387 3478 ipse
2414 3409 2512 3463 erit
2538 3410 2664 3464 mihi
2686 3412 2741 3463 in
2769 3412 2971 3480 ﬁlium;
3000 3423 3047 3467 et
3075 3414 3486 3469 misericordiam
3514 3432 3630 3472 non

2037 3492 2275 3568 auferam
2303 3499 2367 3553 ob
2393 3517 2474 3565 eo,
2504 3501 2639 3555 sicut
2655 3502 2847 3556 abstuli
2876 3504 2941 3557 ab
2974 3520 3035 3558 eo
3058 3506 3146 3575 qui
3174 3515 3294 3559 ante
3323 3516 3372 3559 te
3402 3506 3543 3572 fuit;
3572 3518 3628 3563 et

2033 3598 2265 3643 statuam
2284 3607 2402 3645 eum
2431 3592 2486 3645 in
2507 3591 2659 3646 domo
2685 3609 2820 3660 meo,
2868 3603 2917 3648 et
2940 3594 2996 3649 in
3029 3612 3187 3667 regno
3215 3613 3329 3651 meo
3375 3613 3542 3669 usque
3567 3599 3629 3653 in

2032 3684 2436 3753 sempiternum;
2462 3695 2508 3738 et
2538 3686 2754 3740 thronus
2774 3687 2889 3757 ejus
2918 3689 3019 3741 erit
3050 3688 3387 3757 ﬁrmissimus
3414 3692 3472 3744 in
3497 3708 3627 3762 per-

2030 3783 2263 3844 petuum.
2294 3772 2446 3829 lianc
2476 3786 2586 3831 tam
2612 3778 2871 3847 grandem
2896 3779 3310 3848 promissionem
3346 3781 3439 3843 qui
3465 3791 3629 3852 putat

2033 3861 2087 3916 in
2117 3861 2409 3920 Salomone
2438 3863 2606 3921 fuisse
2632 3867 2972 3937 completam,
3001 3868 3230 3924 multum
3242 3870 3626 3928 errat.Atten—

2029 3958 2110 4013 dit
2135 3960 2301 4026 enim,
2339 3962 2483 4033 quod
2511 3962 2716 4017 dictum
2745 3970 2867 4018 est:
2906 3962 3009 4017 Hic
3054 3964 3335 4035 a'diﬁcabit
3362 3966 3492 4020 mihi
3514 3967 3622 4023 do-

2029 4067 2196 4116 mum,
2229 4052 2484 4122 quoniam
2510 4051 2761 4108 Salomon
2787 4055 3039 4126 templum
3070 4055 3195 4112 illud
3212 4057 3389 4112 nobile
3412 4060 3627 4115 struxit

2026 4147 2083 4194 et
2132 4156 2238 4195 non
2288 4142 2539 4208 attendit,
2599 4146 2742 4213 quod
2789 4145 2923 4200 dicit
2967 4164 2979 4199 :
3023 4144 3225 4201 Fidelis
3275 4149 3372 4202 erit
3423 4149 3621 4206 domus

2026 4230 2160 4300 ejus,
2197 4240 2247 4285 et
2292 4248 2504 4303 regnum
2544 4233 2657 4304 ejus
2689 4252 2848 4307 usque
2893 4236 2950 4292 in
3000 4246 3253 4293 wternum
3298 4256 3477 4295 coram
3533 4260 3622 4299 me

2028 4323 2145 4395 (III
2197 4323 2326 4396 Reg.
2369 4322 2467 4397 tu).
2528 4326 2783 4383 Attendat
2814 4344 2944 4402 ergo
2972 4338 3029 4386 et
3051 4332 3275 4401 aspiciat
3304 4330 3621 4390 Salomonis

2031 4412 2251 4468 domum
2302 4415 2517 4485 plenam
2568 4418 2886 4475 mulieribus
2940 4420 3257 4492 alienigenis
3305 4422 3619 4484 colentibus

2029 4505 2159 4561 deos
2188 4504 2375 4572 falsos,
2391 4515 2446 4561 et
2467 4509 2642 4578 ipsum
2660 4509 2728 4563 ab
2753 4511 2833 4565 eis
2857 4526 3041 4583 regem
3065 4514 3360 4582 sapientem
3385 4512 3439 4571 in
3459 4532 3623 4573 eant-

2028 4596 2148 4650 dem
2173 4596 2531 4652 idololatriam
2569 4599 2848 4655 seductum
2894 4610 3056 4672 atque
3085 4603 3373 4673 dejeetum,
3413 4614 3469 4661 et
3498 4624 3617 4667 non

2026 4686 2221 4741 audeat
2240 4688 2555 4743 existimare
2580 4688 2750 4745 Deum
2799 4692 2881 4747 vel
2910 4692 3014 4749 hoc
3035 4695 3348 4764 promisisse
3376 4700 3614 4756 menda-

2025 4778 2182 4843 citer,
2198 4778 2282 4834 vel
2320 4779 2480 4835 talem
2508 4779 2814 4837 Salomonis
2837 4783 3057 4839 domum
3080 4800 3204 4841 cum
3233 4803 3341 4842 non
3363 4790 3615 4860 potuisse

2023 4866 2255 4923 futuram
2287 4869 2561 4938 praescire.
2596 4869 2712 4926 Non
2740 4872 2829 4927 hic
2859 4874 3116 4931 debemus
3157 4878 3454 4948 ambigere,
3479 4895 3615 4937 cum

2022 4958 2076 5012 in
2100 4958 2317 5015 Christo
2345 4959 2571 5017 Domino
2596 4969 2803 5029 nostro,
2849 4965 2939 5033 qui
2981 4966 3151 5033 factus
3177 4979 3253 5021 est
3299 4985 3364 5022 ex
3406 4971 3614 5026 semine

2019 5046 2191 5102 David
2234 5052 2519 5103 secundum
2577 5067 2787 5104 carnem
2818 5048 2995 5124 (Rom.
3029 5052 3091 5124 ι),
3139 5053 3251 5122 jam
3305 5055 3615 5113 viderimus

2020 5140 2122 5194 ista
2151 5139 2436 5210 compleri,
2466 5153 2532 5195 te
2560 5156 2698 5195 vane
2726 5151 2888 5211 atque
2938 5144 3169 5198 inaniter
3194 5143 3281 5200 hic
3306 5145 3470 5200 alium
3506 5148 3610 5202 ali-

2021 5245 2181 5302 quem
2205 5231 2562 5301 requiramus,
2596 5232 2734 5286 sicut
2763 5233 3013 5289 carnales
3034 5233 3223 5289 Judzei.
3253 5233 3389 5290 Nam
3413 5246 3469 5292 et
3498 5238 3611 5308 ipsi

2021 5336 2192 5391 usque
2219 5322 2354 5377 adeo
2384 5321 2575 5386 ﬁlium,
2598 5337 2759 5393 quem
2791 5323 2909 5379 loco
2930 5323 3033 5380 isto
3049 5325 3161 5395 regi
3183 5323 3353 5381 David
3373 5339 3613 5395 promis-

2019 5427 2137 5467 sum
2166 5414 2368 5486 legunt,
2396 5412 2699 5484 intelligunt
2728 5429 2835 5469 non
2861 5413 3027 5471 fuisse
3056 5414 3418 5484 Salomonem,
3448 5425 3512 5471 ut
3533 5431 3611 5475 eo

2019 5502 2110 5572 qui
2129 5504 2429 5572 promissus
2442 5512 2525 5561 est
2543 5512 2691 5561 tanta
2706 5504 2818 5574 jam
2844 5506 3279 5564 manilestatione
3301 5507 3606 5577 declarato,

2021 5592 2197 5647 adhuc
2216 5592 2453 5649 mirabili
2502 5597 2747 5652 caecitate
2792 5596 2958 5653 alium
3008 5613 3070 5655 se
3117 5612 3339 5669 sperare
3387 5596 3604 5656 dicunt.
