3912 6160
241 222 354 312 363

1182 256 1533 315 COMMENT.
1575 258 1641 313 1N
1678 252 2240 317 PARALIPOMENA.
2276 293 2347 303 -ο
2384 263 2515 318 LIB.
2556 253 2621 319 ll.

3416 271 3520 330 566

241 370 417 425 Facta
448 376 533 423 est
561 366 779 437 quidem
809 367 1066 422 nonnulla
1093 369 1270 439 imago
1316 369 1395 423 rei
1438 368 1633 424 futuras
1670 371 1836 425 etiam
1866 377 1912 434 Α
1940 380 2164 442 propter
2189 374 2445 444 templum
2463 375 2558 430 Dei
2581 376 2648 431 de
2677 376 2987 433 hominibus
3016 378 3234 443 factum,
3265 395 3371 438 non
3395 386 3524 457 lapi-

245 465 302 517 in
329 462 645 525 Salomone,
673 460 729 514 in
752 475 817 516 eo
845 461 988 530 quod
1024 460 1279 530 templum
1327 462 1635 528 mditicavit,
1662 472 1719 517 et
1745 478 1840 533 pa-

244 572 372 609 cem
404 553 595 608 habuit
614 553 915 608 secundum
939 567 1135 607 nomen
1165 567 1321 607 suum
1345 552 1622 625 (Salomon
1647 555 1844 624 quippe

242 646 502 715 paci/iens
531 654 614 698 est
635 642 855 712 Latine)
885 651 940 697 et
967 643 1024 696 in
1053 643 1276 697 exordio
1303 643 1454 713 regni
1507 644 1590 698 sui
1618 644 1843 698 mirabi-

246 736 375 791 liter
404 734 694 788 laudabilis
720 731 853 798 l'uit;
912 733 1008 787 sed
1069 732 1257 787 eodem
1314 748 1410 786 sua
1466 747 1715 803 persona,
1748 748 1845 803 per

248 824 499 879 umbram
529 822 697 877 futuri
724 820 1163 891 praenuntiando,
1186 822 1350 877 etiam
1372 823 1547 891 ipsum
1568 823 1842 879 Christum

252 917 540 971 Dominum
555 915 866 970 exhibebat.
892 914 1047 969 Unde
1068 915 1316 985 quantam
1344 914 1410 969 de
1434 914 1524 969 illo
1543 915 1616 969 ita
1643 915 1843 985 scripta

249 1015 397 1070 sunt,
426 1007 582 1077 quasi
614 1006 679 1061 de
706 1006 823 1074 ipso
847 1005 949 1060 ista
967 1006 1224 1075 praedicta
1249 1006 1387 1071 sint;
1413 1006 1538 1060 dum
1562 1005 1843 1076 Scriptura

250 1107 465 1164 sancta,
491 1098 657 1155 etiam
688 1098 849 1152 rebus
878 1097 1044 1167 gestis
1068 1096 1424 1167 praphetaus,
1449 1097 1845 1166 quodammodo

252 1189 306 1242 in
333 1203 399 1243 eo
422 1188 657 1259 ﬁguram
684 1186 913 1241 deliniat
941 1184 1267 1240 futurorum.
1298 1184 1435 1240 Nam
1460 1195 1657 1257 praeter
1676 1187 1848 1244 libros

251 1282 454 1335 divina
479 1278 856 1344 historiaembi
882 1292 1138 1347 regnasse
1159 1278 1382 1332 narrat?
1406 1277 1655 1333 Psalmus
1680 1279 1844 1333 ctiam

253 1374 690 1445 septuagesimus
714 1371 926 1442 primus
949 1369 1108 1424 titulo
1149 1370 1386 1425 nominis
1406 1368 1522 1437 ejus
1551 1371 1845 1439 inscriptus

252 1474 337 1521 est
363 1480 380 1518 :
404 1465 461 1519 in
481 1479 590 1534 quo
614 1473 727 1517 tam
754 1462 925 1517 multa
954 1463 1230 1528 dicuntur,
1258 1478 1379 1533 qua:
1401 1463 1624 1518 omnino
1644 1464 1693 1519 ei
1715 1480 1845 1518 cou-

252 1557 437 1611 venire
465 1571 574 1609 non
603 1562 870 1625 possunt:
900 1554 1129 1608 Domino
1176 1563 1359 1608 autem
1408 1551 1628 1608 Christo
1672 1554 1842 1623 aptis-

251 1650 390 1702 sima
403 1646 799 1718 perspicuitate
820 1644 1168 1711 conveniunt,
1187 1653 1245 1699 ut
1264 1645 1542 1700 evidenter
1562 1652 1841 1716 appareat,

1945 461 2123 527 dibus,
2152 461 2240 516 ubi
2266 463 2472 517 habitet
2499 468 2551 519 in
2582 472 2875 529 aeternum;
2926 467 3156 537 populus
3188 484 3312 524 cum
3336 471 3444 528 Dco
3470 485 3527 530 et

1946 550 2000 603 in
2020 550 2131 606 Deo
2151 566 2265 614 suo,
2297 562 2352 608 et
2376 552 2515 608 Deus
2541 555 2645 611 erit
2667 556 2911 610 omniain
2936 558 3174 613 omnibus
3191 559 3243 632 (Ι
3259 560 3382 619 Cor.
3399 563 3525 631 xv);

1946 637 2059 706 ipse
2090 639 2143 693 in
2166 656 2298 711 pace
2320 642 2624 710 prannium,
2655 644 2747 713 qui
2770 646 2943 700 virtus
2972 647 3025 700 in
3054 647 3216 703 bello.
3246 648 3375 706 Ideo
3400 668 3526 709 cum

1946 732 2239 785 secundum
2271 729 2410 785 LXX
2437 733 2490 787 in
2512 728 2691 788 verbis
2714 728 2923 790 Nathan
2951 737 3154 792 dictum
3187 740 3259 794 sit
3287 760 3300 795 :
3330 743 3398 797 Et
3426 761 3529 798 an-

1945 821 2203 874 nuntiabit
2247 823 2340 875 tibi
2381 820 2638 877 Dominus
2680 826 2929 895 quoniam
2977 822 3189 880 domum
3242 830 3530 901 wdiﬁcabis

1945 913 2143 983 ipsius;
2170 924 2355 983 postea
2386 915 2587 969 dictum
2614 925 2698 969 est
2728 916 2780 969 in
2812 917 2991 972 verbis
3017 915 3187 972 David
3219 937 3230 971 :
3264 919 3529 985 Quoniam

1945 1013 2001 1056 tu
2030 1000 2287 1059 Dominus
2318 1004 2637 1076 omnipotens
2668 1002 2809 1060 Deus
2865 1004 3035 1062 Israel
3073 1010 3308 1064 revelasti
3347 1029 3532 1068 aurem

1942 1094 2075 1148 servi
2097 1096 2192 1157 tui,
2231 1088 2408 1149 dicens
2440 1109 2457 1147 :
2485 1095 2711 1149 Domum
2746 1093 3017 1165 wdi/icabo
3057 1098 3170 1153 tibi.
3205 1099 3355 1157 Hanc
3379 1102 3528 1157 enim

1945 1186 2161 1240 domum
2183 1196 2237 1241 et
2257 1203 2355 1242 nos
2375 1181 2765 1243 aediﬁcabimus
2801 1190 2939 1244 bene
2984 1188 3230 1253 vivendo,
3261 1202 3315 1248 et
3363 1194 3528 1262 Deus,

1945 1287 2005 1331 ut
2054 1272 2190 1333 bene
2236 1277 2500 1343 vivanmS,
2554 1272 2868 1349 opitulando
2907 1298 2919 1333 :
2955 1274 3095 1346 Quia
3136 1284 3239 1337 nisi
3275 1283 3531 1342 Dominus

1945 1364 2282 1436 redi/icarerit
2309 1368 2541 1434 domum,
2565 1371 2616 1422 in
2644 1386 2775 1423 vano
2798 1364 3039 1424 laborant
3070 1365 3389 1441 a'di/icantes
3416 1391 3533 1431 eam

1948 1457 2118 1527 (Psal.
2153 1460 2360 1525 cxxvi).
2388 1452 2554 1530 Cujus
2574 1460 2767 1514 domus
2791 1470 2912 1515 cum
2936 1462 3147 1517 venerit
3170 1464 3359 1519 ultima
3386 1466 3535 1522 dedi-

1947 1549 2110 1615 catio,
2142 1557 2269 1606 tunc
2294 1550 2385 1605 ﬁet
2408 1544 2539 1605 illud
2566 1553 2710 1621 quod
2736 1544 2823 1607 hic
2849 1568 2945 1623 per
2979 1553 3189 1610 Natban
3220 1557 3431 1613 locutus
3453 1568 3538 1613 est

1948 1639 2127 1703 Deus,
2183 1640 2370 1694 (licens
2425 1658 2438 1693 :
2503 1639 2569 1693 Et
2621 1642 2883 1711 imponam
2947 1643 3118 1697 locum
3173 1647 3377 1717 populo-
3420 1665 3533 1702 meo

252 1745 398 1816 quod
424 1744 479 1798 in
510 1741 603 1797 illo
629 1742 801 1810 ﬁgura
839 1740 1231 1810 qualiscunque
1279 1738 1600 1795 adumbrata
1650 1741 1738 1805 sit,
1789 1740 1842 1794 in
1877 1731 1920 1789 Β
1950 1725 2141 1793 Israel,
2173 1737 2220 1781 et
2266 1726 2513 1816 plantabo
2556 1728 2725 1795 illum,
2759 1739 2806 1783 et
2854 1724 3163 1787 inliabitabit
3204 1752 3458 1804 seorsum,
3486 1749 3535 1792 et

252 1836 359 1889 isto
383 1841 567 1888 autem
597 1832 714 1901 ipsa
740 1830 942 1885 veritas
965 1836 1316 1900 prmsentata.
1352 1827 1546 1883 Notum
1569 1837 1653 1884 est
1672 1830 1839 1893 enim,

252 1925 453 1997 quibus
476 1922 732 1978 terminis
757 1935 981 1990 regnum
1008 1918 1323 1975 conclusum
1371 1918 1549 1974 fuerat
1597 1918 1837 1975 Salomov

252 2018 371 2081 nis;
397 2026 455 2072 et
478 2024 659 2070 tamen
681 2012 738 2067 in
767 2027 833 2068 eo
861 2010 1069 2082 psalmo
1101 2009 1317 2079 legitur,
1345 2017 1405 2064 ut
1430 2009 1537 2063 alia
1582 2017 1792 2064 taceam
1825 2026 1839 2061 :

254 2106 625 2161 Dominabitur
649 2121 683 2159 a
704 2120 849 2158 mare
872 2119 1037 2173 usque
1058 2102 1129 2156 ad
1143 2118 1308 2168 mare,
1335 2109 1383 2155 et
1403 2118 1435 2154 a
1446 2101 1663 2172 ﬂumine
1683 2115 1845 2171 usque

253 2199 322 2252 ad
342 2198 598 2251 terminos
622 2194 761 2249 orbis
780 2202 971 2248 terrae:
996 2192 1140 2263 quod
1166 2191 1219 2245 in
1241 2190 1458 2247 Christo
1480 2191 1725 2246 videmus
1749 2192 1845 2244 im-

254 2287 406 2355 pleri.
426 2286 474 2341 A
499 2285 721 2340 ﬂumine
737 2284 934 2355 quippe
948 2282 1258 2338 dominandi
1287 2281 1522 2350 sumpsit
1538 2281 1841 2347 exordium,

252 2377 344 2431 ubi
358 2376 672 2446 baptizatus
694 2381 781 2429 est
805 2388 837 2427 a
858 2372 1096 2436 Joanne;
1115 2371 1303 2426 eodem
1327 2378 1661 2425 monstrante
1679 2370 1845 2441 etrapit

255 2468 473 2540 agnosci
494 2483 526 2522 a
559 2464 859 2536 discipulis,
892 2464 985 2533 qui
1014 2479 1120 2518 non
1160 2462 1335 2517 solum
1379 2461 1721 2533 magistrum,
1751 2475 1846 2516 ve-

256 2575 373 2613 rum
419 2559 590 2613 etiam
625 2557 913 2612 Dominum
944 2553 1369 2624 appellaverunt.
1418 2549 1530 2608 Nec
1576 2552 1646 2607 ob
1676 2550 1842 2617 aliud,

256 2650 469 2704 vivente
501 2648 683 2703 adhuc
713 2645 884 2701 fratre
926 2660 1026 2699 suo
1073 2643 1261 2709 David,
1318 2657 1545 2713 regnare
1591 2640 1845 2697 Salomon

253 2740 413 2810 cepit
451 2739 622 2810 (quod
661 2736 793 2792 nulli
847 2751 1033 2806 regum
1076 2734 1293 2789 illorum
1347 2730 1595 2804 contigit)
1648 2732 1751 2786 nisi
1787 2738 1847 2787 ut

258 2834 376 2887 hinc
400 2845 620 2902 quoque
646 2829 779 2884 satis
798 2827 1027 2891 eluceat,
1052 2842 1157 2881 non
1179 2839 1299 2880 esse
1322 2824 1496 2897 ipsum
1524 2837 1687 2893 quem
1713 2836 1843 2892 pro-

256 2922 435 2993 phetia
468 2922 576 2975 ista
600 2920 913 2990 praesiguat,
944 2929 1076 2987 qua:r
1094 2917 1161 2971 ad
1186 2913 1303 2983 ejus
1348 2923 1558 2985 patrem
1584 2913 1843 2983 loquitur,

255 3011 438 3066 dicens
458 3025 474 3063 :
493 3007 563 3061 Et
591 3009 710 3073 erit,
736 3022 853 3060 cum
885 3005 1064 3076 repleti
1080 3005 1274 3074 fuerint
1297 3004 1524 3068 diestui,
1552 3012 1598 3057 et
1618 3002 1845 3057 dormies

1946 1835 2048 1873 non
2074 1818 2328 1874 sollicitus
2354 1813 2452 1874 erit
2476 1819 2637 1887 ultra,
2664 1832 2711 1876 et
2740 1839 2841 1877 non
2874 1836 3094 1894 apportet
3123 1826 3266 1896 ﬁlius
3292 1829 3537 1900 iniquita-

1944 1910 2010 1964 tis
2051 1910 2331 1965 humiliore
2359 1928 2499 1977 eum,
2551 1913 2685 1967 sicut
2730 1914 2795 1968 ab
2826 1916 2976 1970 initio
3016 1934 3049 1970 a
3091 1917 3304 1986 diebus,
3348 1922 3536 1993 quibus

1944 2002 2189 2055 constitui
2204 2002 2414 2071 judices
2432 2020 2586 2075 super
2608 2005 2858 2076 populum
2878 2024 3047 2062 meum
3076 2008 3264 2064 Israel.
3287 2010 3401 2068 Hoc
3423 2022 3539 2068 tam

1946 2104 2204 2163 magnum
2260 2094 2461 2149 bonum
2509 2094 2753 2165 quisquis
2793 2096 2848 2150 in
2890 2097 2993 2151 hoc
3043 2092 3241 2153 saeculo
3265 2110 3318 2155 et
3348 2102 3404 2155 in
3436 2102 3536 2157 hac

1947 2189 2091 2235 terra
2119 2190 2320 2250 sperat,
2354 2183 2675 2252 insipienter
2704 2185 2862 2255 sapit.
2892 2185 3046 2240 Anne
3085 2189 3354 2258 quispiam
3382 2201 3539 2262 puta-

1945 2271 2024 2326 bit
2069 2272 2122 2327 in
2153 2288 2286 2344 pace
2318 2271 2621 2329 Salomonis
2669 2274 2721 2330 id
2768 2290 2890 2331 esse
2933 2278 3293 2347 completum?
3338 2282 3533 2337 Pacem

1945 2364 2145 2434 quippe
2173 2363 2321 2418 illam
2364 2363 2643 2434 Scriptura
2693 2365 2747 2420 in
2789 2368 2980 2422 umbra
3029 2366 3197 2424 futuri
3251 2372 3537 2428 excellenti

1944 2448 2330 2524 praidicatione
2373 2455 2736 2510 commendat.
2784 2448 2882 2511 Cui
2933 2458 3229 2527 suspicioni
3252 2461 3540 2532 vigilanter

1946 2561 2232 2601 occursum
2262 2555 2366 2612 est,
2399 2563 2520 2601 cum
2550 2557 2903 2618 posteaquam
2936 2550 3170 2606 dictum:
3198 2551 3269 2606 Et
3293 2570 3398 2608 non
3439 2572 3538 2625 ap-

1945 2649 2097 2709 ponet
2120 2639 2263 2709 ﬁlius
2291 2641 2583 2711 iniquitatis
2613 2641 2894 2696 humiliore
2939 2659 3079 2710 eum,
3111 2646 3368 2700 coutinuo
3405 2647 3537 2703 sub-

1940 2727 2185 2797 iunctum
2226 2739 2311 2786 est
2358 2750 2370 2785 :
2417 2724 2560 2786 Sicut
2588 2750 2619 2786 a
2648 2725 2851 2798 diebus,
2880 2734 3066 2804 quibus
3106 2737 3355 2791 constitui
3387 2737 3542 2805 judi-

1948 2837 2030 2875 ces
2063 2838 2222 2892 super
2258 2821 2508 2893 populum
2560 2840 2733 2876 meum
2789 2823 2980 2879 Israel.
3039 2825 3256 2883 Judices
3304 2845 3542 2901 namque

1948 2911 2266 2981 priusquam
2300 2926 2455 2983 reges
2485 2912 2555 2966 ibi
2584 2928 2704 2968 esse
2733 2914 3050 2983 coepissent,
3080 2932 3243 2989 super
3263 2918 3412 2974 illum
3438 2936 3540 2992 po.

1948 3002 2132 3073 pulum
2163 3002 2378 3059 fuerant
2405 3005 2708 3069 constituti,
2734 3022 2799 3061 ex
2836 3023 2945 3077 quo
2976 3016 3176 3064 terram
3223 3013 3539 3082 promissio-

255 3116 368 3153 eum
419 3098 665 3170 patribus
702 3097 827 3161 tuis,
879 3095 1142 3149 suscitabo
1194 3111 1369 3149 semen
1413 3104 1561 3149 tuum
1611 3103 1726 3165 post
1774 3104 1843 3162 te,
1874 3105 1919 3167 ο
1951 3093 2037 3150 nis
2068 3095 2297 3164 accepit.
2343 3095 2412 3149 Et
2456 3095 2642 3165 utique
2678 3096 3002 3153 humiliabat
3024 3114 3146 3154 eum
3180 3098 3322 3155 illius
3343 3100 3540 3171 iniqui-

255 3190 385 3243 euod
408 3189 511 3243 erit
548 3186 614 3241 de
639 3195 813 3240 uentre
843 3193 955 3250 tuo,
984 3195 1032 3238 et
1069 3182 1380 3255 prwparabo
1420 3200 1635 3254 regnum
1670 3182 1836 3239 illius.

257 3280 537 3347 Quomodo
557 3293 686 3348 ergo
707 3283 924 3347 propter
952 3275 1007 3329 id
1038 3274 1181 3345 quod
1212 3274 1459 3343 sequitur
1488 3293 1501 3327 :
1528 3271 1631 3328 Hie
1675 3273 1845 3344 (edifi-

258 3372 388 3426 cabit
416 3369 551 3424 mihi
580 3370 815 3435 domum,
840 3368 943 3423 iste
974 3365 1227 3421 Salomon
1256 3365 1533 3435 putabitur
1554 3365 1845 3435 propheta-

259 3470 358 3528 tus,
400 3472 461 3517 et
509 3476 620 3515 non
664 3459 842 3529 potius
881 3466 1101 3528 propter
1132 3456 1184 3510 id
1216 3455 1358 3525 quod
1380 3455 1678 3525 praecedit:
1711 3452 1843 3510 Cum

263 3552 437 3621 repleti
460 3551 660 3608 fuerint
686 3548 797 3603 dies
831 3548 930 3613 tui,
963 3557 1012 3601 et
1058 3545 1285 3601 dormies
1307 3561 1427 3599 cum
1451 3545 1688 3615 patribus
1717 3546 1844 3611 tuis,

263 3643 524 3697 suscitabo
552 3657 727 3695 semen
757 3648 905 3693 tuum
941 3646 1057 3708 post
1090 3647 1170 3703 te;
1199 3637 1339 3692 alius
1362 3635 1622 3707 paciﬁcus
1649 3636 1847 3692 intelli-

260 3736 398 3805 gitur
447 3748 573 3790 esse
600 3734 919 3804 promissus,
972 3731 1066 3801 qui
1106 3746 1212 3787 non
1249 3738 1396 3796 ante,
1423 3729 1564 3785 sicut
1587 3730 1711 3795 iste,
1750 3728 1847 3785 sed

260 3838 377 3897 post
425 3835 660 3883 mortem
714 3826 887 3882 David
936 3824 1328 3896 prtenuntiatus
1365 3831 1450 3878 est
1481 3822 1842 3878 suscitandus.

260 3919 564 3984 Quamlibet
602 3918 746 3972 enim
791 3916 952 3987 longo
978 3914 1299 3985 interposito
1329 3923 1572 3984 tempore
1599 3912 1845 3968 Christus

256 4008 411 4066 Iesus
426 4010 661 4073 veniret,
690 4006 877 4077 procul
899 4006 1061 4061 dubio
1083 4014 1201 4075 post
1230 4012 1460 4059 mortem
1487 4003 1630 4074 regis
1651 4001 1842 4067 David,

259 4102 344 4155 cui
394 4102 475 4157 sic
523 4109 609 4156 est
654 4099 975 4170 promissus,
1022 4112 1148 4153 eum
1187 4096 1374 4151 venire
1412 4095 1713 4164 oportebat,
1750 4094 1844 4164 qui

258 4190 551 4247 ediﬁcaret
596 4191 814 4246 domum
844 4187 956 4244 Deo
994 4204 1104 4242 non
1148 4188 1214 4243 de
1265 4186 1427 4257 lignis
1464 4195 1520 4241 et
1551 4186 1838 4256 lapidibus,
1868 4235 1898 4269 ⁸,

258 4282 349 4336 sed
371 4282 437 4337 de
462 4279 794 4341 hominibus,
816 4277 1030 4348 qualem
1054 4276 1201 4331 illum
1232 4275 1502 4332 aediﬁcare
1520 4277 1837 4347 gaudemus.

258 4370 392 4426 Huic
415 4371 565 4427 enim
606 4369 787 4425 domui
825 4368 957 4424 dicit
981 4366 1292 4437 Apostolus,
1323 4367 1427 4422 hoc
1455 4376 1559 4432 est,
1591 4367 1840 4423 ﬁdelibus

1947 3184 2097 3249 tatis,
2127 3183 2231 3240 hoc
2258 3193 2343 3241 est
2380 3184 2591 3240 hostilis
2617 3186 2934 3258 alienigena,
2963 3203 3062 3259 per
3090 3189 3373 3246 intervalla
3403 3201 3540 3248 tem-

1944 3291 2158 3345 porum,
2189 3275 2386 3345 quibus
2412 3275 2666 3347 leguntur
2687 3292 2845 3346 paces
2873 3277 3171 3335 alternasse
3196 3296 3319 3337 cum
3347 3280 3533 3350 bellis;

1945 3372 2003 3419 et
2048 3365 2399 3420 inveniuntur
2440 3366 2552 3421 illic
2569 3368 2723 3438 pacis
2767 3376 3009 3439 tempora
3036 3370 3352 3441 prolixiora,
3375 3388 3539 3443 quam

1949 3452 2206 3511 Salomon
2251 3457 2472 3523 habuit,
2512 3460 2604 3528 qui
2658 3460 3018 3532 quadraginta
3068 3464 3314 3534 regnavit
3358 3467 3535 3524 annis.

1947 3544 2085 3599 Nam
2116 3547 2219 3602 sub
2248 3562 2315 3602 eo
2335 3537 2541 3616 judice,
2562 3549 2655 3619 qui
2679 3559 2762 3605 est
2784 3551 3086 3622 appellatus
3102 3552 3239 3622 Aod,
3261 3557 3537 3629 octoginta

1946 3635 2073 3691 anni
2101 3638 2253 3708 pacis
2283 3636 2503 3694 fuerunt
2530 3630 2680 3712 (Jud'.
2710 3640 2817 3715 in).
2840 3642 2999 3698 Absit
3022 3660 3173 3715 ergo,
3198 3654 3258 3701 ut
3290 3644 3538 3703 Salonio-

1947 3727 2033 3783 nis
2061 3736 2306 3800 tempora
2336 3731 2391 3786 in
2418 3731 2521 3787 hac
2551 3733 2911 3804 promissione
2952 3735 3220 3807 promissa
3267 3752 3389 3793 esse
3413 3755 3535 3795 cre-

1946 3818 2178 3873 dantur:
2198 3821 2374 3877 multo
2403 3822 2582 3877 minus
2605 3813 2788 3894 itaque
2811 3826 3097 3896 cujuslibet
3121 3828 3263 3897 regis
3286 3826 3530 3886 alterius.

1946 3908 2065 3964 Non
2093 3902 2537 3982 enim'quispiam
2567 3928 2756 3970 eorum
2785 3915 2838 3970 in
2861 3924 3007 3971 tanta
3056 3927 3257 3988 quanta
3286 3918 3377 3975 ille
3397 3935 3533 3990 pace

1944 4003 2219 4071 regnavit;
2251 4019 2352 4059 nec
2384 4020 2623 4075 unquam
2655 4007 2877 4061 omnino
2910 4023 3044 4079 gens
3076 4009 3165 4064 illa
3205 4010 3280 4065 ita
3306 4026 3531 4082 regnum

1945 4094 2138 4159 tenuit,
2157 4094 2462 4151 ntsollicita
2489 4111 2594 4150 non
2618 4095 2782 4152 fuerit
2811 4113 2882 4154 ne
2909 4099 3154 4156 hostibus
3180 4102 3528 4158 subderetur:

1942 4185 2068 4253 quia
2096 4185 2150 4239 in
2184 4193 2334 4240 tanta
2365 4186 2729 4241 mutabilitate
2753 4203 2936 4243 rerum
2978 4190 3340 4245 humanarum
3386 4192 3536 4247 nulla

1941 4275 2236 4345 aliquando
2280 4276 2480 4346 pepulo
2530 4291 2787 4333 concessa
2833 4286 2917 4333 est
2960 4287 3107 4334 tanta
3147 4281 3435 4348 securitas,
3473 4293 3535 4337 ut

1942 4369 2070 4423 huic
2098 4369 2225 4424 vitae
2244 4370 2467 4424 hostiles
2489 4384 2557 4423 ne
2578 4366 2899 4424 formidaret
2920 4370 3189 4427 incursus.
3210 4371 3384 4427 Locus
3402 4388 3533 4444 ergo

256 4460 455 4516 Christi
486 4478 499 4514 :
538 4456 808 4529 Templum
849 4457 987 4511 enim
1033 4455 1129 4510 Dei
1154 4465 1391 4510 sanctum
1428 4464 1523 4520 est,
1552 4454 1692 4526 quod
1719 4458 1840 4510 estis
1870 4452 1920 4510 D
1946 4459 2036 4529 qui
2066 4459 2399 4530 promittitur
2428 4469 2537 4514 tam
2568 4459 2793 4529 placata:
2818 4476 2883 4515 ac
2910 4476 3116 4517 secura:
3158 4463 3530 4530 habitationis,

257 4567 344 4605 vos
375 4550 427 4622 (1
458 4548 584 4605 Cor.
618 4546 723 4618 in).
752 4545 1066 4602 Benedictio
1097 4546 1297 4617 quippe
1318 4545 1530 4601 Domini
1557 4545 1612 4600 in
1642 4547 1846 4603 semine

257 4641 426 4696 David
454 4656 565 4696 non
586 4640 658 4694 ad
686 4639 903 4708 aliquod
932 4646 1145 4708 tempus
1171 4637 1345 4707 qualis
1383 4637 1571 4693 diebus
1606 4636 1848 4692 Salomo-

255 4735 343 4788 nis
366 4733 637 4803 apparuit,
665 4731 760 4787 sed
796 4734 846 4785 in
871 4739 1135 4786 aeternum
1178 4730 1440 4801 speranda
1488 4738 1590 4795 est,
1643 4729 1696 4782 in
1741 4746 1846 4799 qua

253 4830 564 4884 certissima
604 4842 701 4898 spe
745 4827 943 4882 dicitur
982 4845 994 4857 ·
1032 4825 1176 4891 Fiat,
1222 4826 1352 4895 ﬁat;
1381 4826 1522 4881 sicut
1560 4827 1616 4880 in
1638 4824 1846 4894 psalmo

255 4934 477 4973 uxxvn
502 4919 763 4988 scriptum
788 4918 839 4971 in
869 4916 974 4972 line
1004 4923 1083 4971 est
1121 4915 1488 4982 :Benedictus,
1513 4917 1707 4985 inquit,
1732 4915 1839 4968 Do-

255 5015 431 5066 minus
453 5013 509 5065 in
535 5020 806 5065 a’ternum.
838 5007 979 5073 Fiat,
997 5008 1111 5076 fiat.
1140 5007 1285 5061 lllius
1307 5007 1451 5062 enim
1478 5008 1592 5077 spei
1616 5015 1699 5062 est
1712 5021 1841 5062 con-

254 5104 514 5170 firmatio,
570 5102 656 5157 vel
702 5099 861 5169 hujus
907 5099 1143 5156 iteratio.
1203 5098 1317 5154 Hoc
1367 5113 1498 5169 ergo
1538 5097 1840 5170 intelligens

252 5195 426 5250 David
448 5196 524 5249 ait
552 5196 607 5248 in
639 5193 871 5249 secundo
903 5193 1206 5261 Regnorum
1230 5189 1368 5245 libro
1404 5208 1417 5241 :
1445 5189 1515 5243 Et
1544 5187 1745 5243 locutus
1766 5196 1840 5242 est

250 5305 349 5357 pro
372 5286 529 5339 domo
543 5286 678 5339 servi
692 5285 768 5337 tui
793 5300 952 5354 usque
976 5283 1031 5336 in
1052 5293 1323 5345 aternum,
1346 5288 1452 5335 etc.
1472 5278 1557 5349 (II
1573 5279 1701 5349 Reg.
1717 5277 1837 5350 vn),

249 5378 383 5448 quia
411 5385 539 5431 tunc
567 5375 779 5446 genitus
804 5383 921 5429 erat
949 5373 1111 5436 illius,
1133 5388 1197 5427 ex
1240 5386 1346 5440 quo
1374 5370 1658 5440 progenies
1684 5368 1846 5426 duce-

250 5476 408 5519 retur
438 5465 504 5519 ad
530 5464 827 5527 Christum,
848 5474 945 5531 per
962 5474 1132 5530 quem
1160 5459 1348 5515 futura
1370 5468 1489 5514 erat
1509 5459 1700 5518 domus
1727 5457 1844 5527 ejus

249 5567 482 5619 aeterna,
512 5554 810 5622 eademque
856 5553 1046 5607 donius
1092 5549 1208 5605 Dei.
1252 5546 1454 5606 Domus
1483 5551 1627 5604 enim
1674 5550 1843 5605 David

250 5654 479 5717 propter
504 5658 675 5713 genus
697 5641 885 5706 David,
937 5641 1130 5695 domus
1156 5646 1334 5695 autem
1369 5639 1461 5695 Dei
1484 5640 1674 5695 eadem
1725 5639 1840 5708 ipsa

1943 4560 2178 4606 mternus
2210 4566 2316 4606 non
2340 4553 2453 4616 est;
2486 4560 2832 4621 aeternusque
2863 4552 3094 4608 debetur
3124 4555 3178 4609 in
3210 4564 3384 4610 matre
3408 4552 3534 4610 llic-

1944 4640 2177 4695 rusalem
2197 4640 2384 4702 libera,
2413 4641 2503 4696 ubi
2527 4641 2634 4695 erit
2659 4642 2930 4696 veraciter
2954 4642 3185 4711 pepulus
3203 4643 3388 4699 Israel.
3415 4644 3529 4700 lloc

1943 4729 2088 4784 enim
2140 4745 2333 4784 nomen
2365 4729 2772 4799 interpretatur,
2808 4731 2984 4785 uidens
3015 4729 3321 4787 Dominum.
3363 4733 3529 4806 Cujus

1943 4820 2154 4892 praemii
2178 4820 2448 4875 desiderio
2470 4821 2556 4889 pia
2583 4835 2680 4889 per
2703 4819 2859 4874 fidem
2882 4820 2993 4874 vita
3026 4820 3080 4874 in
3104 4820 3205 4876 hac
3226 4836 3530 4879 aerumnosa

1945 4909 2377 4980 peregrinatione
2399 4909 2644 4964 ducenda
2674 4918 2777 4966 est.

2014 4997 2183 5052 Juxta
2209 4998 2385 5052 omnia
2416 5003 2567 5052 verba
2589 4999 2720 5065 haec,
2745 5009 2792 5054 et
2829 5001 2990 5069 juzta
3019 5002 3315 5056 universam
3364 5005 3531 5058 εἰεὸοι

1947 5106 2061 5143 nem
2092 5090 2248 5143 istam
2273 5091 2350 5147 sic
2388 5087 2592 5143 locutus
2623 5099 2698 5144 est
2724 5089 2941 5145 Nathan
2966 5090 3037 5144 ad
3063 5089 3253 5146 David.
3291 5089 3528 5163 Cumque

1947 5178 2164 5231 venisset
2189 5193 2281 5230 rea:
2311 5176 2504 5241 David,
2555 5189 2602 5231 et
2632 5175 2846 5232 sedisset
2875 5194 3053 5232 coram
3073 5178 3322 5242 Domino,
3347 5180 3479 5235 dixit
3506 5194 3527 5233 :

1951 5267 2081 5332 Quis
2107 5284 2199 5337 ego
2222 5284 2361 5333 sum,
2408 5268 2629 5323 Domine
2660 5267 2821 5332 Deus,
2845 5280 2893 5324 et
2931 5286 3049 5340 qua:
3076 5270 3262 5325 domus
3298 5287 3435 5335 mea,
3469 5277 3529 5322 ut

1946 5368 2222 5429 prmstares
2252 5361 2378 5413 mihi
2408 5361 2535 5414 talia
2557 5362 2582 5413 .9
2609 5360 2710 5414 Sed
2755 5372 2803 5414 et
2842 5361 2937 5416 hoc
2959 5378 3148 5432 parum
3170 5364 3334 5418 visum
3364 5372 3438 5416 est
3469 5360 3529 5413 in

1947 5460 2220 5517 conspectu
2248 5459 2337 5501 tuo
2361 5466 2378 5503 :
2408 5449 2626 5519 ideoque
2646 5449 2851 5506 locutus
2877 5468 2931 5505 es
2955 5467 3111 5522 super
3142 5451 3352 5506 domum
3389 5448 3524 5502 serri

1946 5532 2025 5590 tui
2042 5539 2199 5591 etiam
2223 5539 2283 5591 in“
2309 5538 2546 5607 futurum
2569 5553 2587 5591 :
2612 5550 2660 5594 et
2682 5540 2851 5609 fecisti
2893 5555 2975 5592 me
3022 5534 3345 5608 spectabilem
3368 5549 3527 5602 super

1945 5646 2122 5685 omnes
2156 5631 2411 5700 homines,
2458 5631 2681 5687 Domine
2724 5631 2862 5687 Deus
2916 5643 3079 5686 meus.
3110 5626 3248 5694 Quid
3270 5635 3356 5682 est
3379 5626 3526 5696 quod
