3912 6160
354 185 459 244 367

1000 180 1058 236 Β.
1103 182 1355 238 ΒΑΒΑΜ
1397 184 1611 238 MAUlIl
1652 180 1929 236 .riRCliilil

2041 176 2316 234 IOGUNT.
2359 175 2643 232 OPERUM
2684 174 2863 229 PARS
2897 172 2936 227 Ι.

3498 169 3605 227 568

352 296 519 351 David
575 295 726 358 dicit,
778 294 1118 365 spectabilem
1151 310 1209 349 se
1238 310 1356 349 esse
1405 293 1606 349 factum
1635 310 1667 349 a
1702 294 1927 348 Domino
1956 294 2002 354 Α
2032 304 2106 346 tes
2134 293 2181 346 ei
2210 307 2446 344 munera.
2481 288 2645 343 Filias
2691 287 2827 343 Geth
2889 287 3017 341 dicit
3045 286 3294 342 civitates
3342 287 3607 354 minores,

351 402 513 458 super
558 398 748 440 omnes
800 384 1086 439 homines?
1115 383 1266 451 Quod
1318 386 1421 440 nisi
1446 384 1794 457 hyperbolice
1848 385 1930 438 di-

351 488 497 534 ctum
529 477 844 549 accipiatur,
874 477 1166 530 secundum
1210 477 1491 532 historiam
1534 479 1755 532 omnino
1782 485 1928 532 stare

352 588 462 629 non
487 580 682 641 potest.
711 569 1019 624 Secundum
1055 570 1368 641 allegoriam
1424 586 1554 625 vero
1580 571 1694 641 ipse
1738 571 1812 625 ibi
1837 571 1929 626 de-

351 666 614 735 signatur,
666 662 757 732 qui
786 662 851 717 de
890 662 1093 716 semine
1141 662 1311 718 David
1366 664 1658 718 secundum
1707 679 1926 718 carnem

353 764 511 808 natus
549 760 650 818 est,
682 750 1011 823 Redemptor
1040 753 1287 808 videlicet
1316 761 1523 819 noster,
1567 770 1725 823 quem
1750 753 1930 809 Domi—

352 866 452 903 nus
475 850 640 904 Pater
665 865 695 905 a
726 848 952 905 mortuis
988 848 1257 903 suscitans
1286 849 1548 903 exaltavit
1583 858 1631 902 et
1662 850 1929 929 constituit

351 941 419 993 ad
447 942 715 994 dexteram
768 956 917 993 suam
947 940 1001 992 in
1034 938 1322 993 cwlestibus
1361 957 1515 1009 super
1543 956 1745 993 omnem
1785 940 1930 1009 prin-

349 1033 578 1103 eipatum
618 1040 665 1084 et
694 1039 1000 1100 potestatem
1045 1041 1091 1082 et
1140 1029 1379 1082 virtutem
1429 1038 1475 1082 ct
1516 1029 1929 1083 dominationem

349 1133 395 1175 et
429 1116 591 1175 omne
625 1136 832 1183 nomen,
878 1119 1017 1189 quod
1055 1120 1357 1173 nominatur
1382 1137 1483 1173 non
1511 1130 1712 1173 tantum
1744 1121 1797 1173 in
1834 1120 1924 1173 Ιιοι

350 1209 569 1276 sweulo,
617 1211 707 1265 sed
752 1212 909 1264 etiam
949 1212 1000 1263 in
1032 1211 1230 1280 futuro.
1270 1210 1338 1264 Et
1367 1214 1542 1265 omnia
1572 1211 1789 1281 subjecit
1834 1210 1928 1264 sub

351 1303 565 1372 pedibus
594 1300 730 1370 ejus,
753 1310 800 1354 et
823 1302 991 1371 ipsum
1021 1300 1161 1354 dedit
1185 1313 1338 1372 caput
1366 1320 1524 1373 super
1548 1305 1723 1357 omnia
1749 1303 1931 1356 Eccle-

350 1392 464 1456 sia},
505 1406 622 1456 qua:
652 1398 725 1445 est
748 1406 936 1460 corpus
974 1400 1021 1445 et
1043 1391 1311 1461 plenitudo
1349 1391 1482 1461 ejus,
1528 1392 1618 1463 qui
1675 1393 1845 1445 omnia
1877 1393 1929 1446 in

353 1478 591 1532 omnibus
644 1476 892 1547 adimplet
936 1476 1095 1548 (Epit.
1126 1478 1186 1547 1).
1226 1477 1324 1532 Cui
1371 1490 1417 1533 et
1462 1480 1671 1534 donavit
1720 1498 1928 1545 nomen,

352 1569 490 1640 quod
517 1576 590 1621 est
611 1583 768 1638 super
787 1581 937 1620 omne
962 1583 1145 1621 nomen
1168 1584 1186 1621 :
1217 1577 1272 1621 ut
1311 1569 1366 1623 in
1402 1570 1608 1623 nomine
1632 1569 1757 1624 Jesu
1782 1587 1931 1624 omne

2033 396 2150 449 qua:
2182 380 2249 434 ad
2294 377 2627 448 Metropolim
2657 376 3018 447 pertinebant.
3062 375 3339 446 Siquidem
3369 377 3612 449 quinque

2030 479 2185 526 erant
2238 470 2484 524 civitates
2541 469 2777 539 insignes
2827 466 3275 521 Philisthinorum
3308 486 3321 521 :
3356 467 3461 524 hoc
3502 478 3609 538 est,

2030 564 2252 628 Azotus,
2292 560 2459 624 Gaza,
2510 560 2763 628 Asealon,
2794 558 2933 614 Geth
2962 567 3018 614 et
3055 559 3290 615 Acaron.
3324 561 3455 628 Qua:
3482 563 3613 632 quia

2032 655 2085 709 in
2118 662 2257 708 terra
2296 651 2738 721 repromissionis
2786 658 2963 717 erant,
2991 660 3136 705 sorte
3164 651 3290 708 ﬁliis
3324 652 3494 709 Israel
3520 656 3615 709 de-

2029 752 2231 816 putata:
2261 742 2509 797 fuerant:
2550 742 2644 796 sed
2685 740 2752 794 ab
2776 740 2856 795 eis
2883 754 3053 809 usque
3087 741 3154 795 ad
3180 739 3352 796 David
3385 741 3617 798 minimc

2030 851 2311 905 possessa}.
2364 836 2478 889 lmo
2506 835 2635 904 ipsae
2683 832 2995 902 frequenter
3040 833 3204 887 Israel
3241 834 3341 889 sibi
3385 836 3621 890 tributa-

2034 929 2172 982 rium
2209 926 2499 980 faciebant.
2558 925 2728 979 Porro
2772 923 2938 977 David
2987 924 3293 978 humiliavit
3329 938 3442 989 eas,
3484 939 3619 979 con-

2034 1032 2187 1070 versa
2220 1015 2337 1068 vice
2363 1029 2471 1083 quo
2522 1023 2645 1066 ante
2684 1013 2943 1066 tributum
2968 1011 3317 1083 expetebant,
3354 1011 3485 1068 fecit
3510 1013 3618 1068 sibi

2034 1104 2365 1158 tributarias.
2436 1102 2658 1173 Mystice
2716 1111 2894 1155 autem
2943 1100 3028 1155 hae
3076 1102 3315 1172 quinque
3364 1104 3618 1158 civitates

2033 1194 2269 1263 quinque
2298 1207 2487 1246 sensus
2517 1191 2764 1261 corporis
2799 1190 2852 1244 in
2888 1200 3034 1246 terra
3082 1193 3264 1247 carnis
3286 1201 3487 1248 nostrae
3520 1206 3622 1263 po-

2033 1285 2121 1340 siti
2149 1284 2319 1354 accipi
2343 1292 2571 1352 possunt
2602 1301 2614 1337 :
2647 1283 2738 1352 qui
2791 1283 3027 1351 quandiu
3054 1292 3207 1339 vetus
3235 1285 3396 1340 homo
3426 1295 3615 1341 noster

2034 1377 2087 1430 in
2110 1376 2266 1429 nobis
2307 1374 2586 1444 regnabat,
2627 1374 2794 1428 variis
2822 1372 3018 1429 debitis
3066 1373 3248 1443 injusti
3302 1377 3490 1432 tributi
3519 1394 3619 1434 nos

2034 1466 2423 1535 astringebant.
2457 1462 2591 1517 Cum
2630 1471 2809 1517 autem
2861 1478 3023 1519 verus
3057 1463 3223 1519 David
3254 1465 3308 1519 in
3345 1466 3502 1521 nobis
3533 1481 3621 1521 re—

2036 1574 2201 1629 gnum
2259 1557 2487 1626 accepit,
2531 1555 2707 1610 subito
2767 1555 2953 1609 tributi
3015 1564 3302 1611 exactores
3328 1556 3456 1612 facti
3493 1567 3623 1612 sunt

352 1674 487 1728 genu
517 1659 759 1727 ﬂectatur
790 1655 1094 1721 cazlestium,
1134 1658 1476 1722 terrestrium,
1500 1669 1547 1712 et
1576 1659 1926 1728 infernarum,
1961 1650 2007 1707 B
2038 1649 2347 1713 tributarii;
2379 1656 2432 1702 et
2479 1647 2740 1716 quidquid
2772 1646 2826 1699 in
2871 1661 3036 1701 carne
3063 1655 3248 1701 nostra
3274 1647 3461 1702 rebelli
3492 1648 3617 1714 fuit,

353 1757 399 1800 et
427 1746 594 1801 omnis
646 1745 825 1815 lingua
868 1744 1179 1813 conﬁteatur
1225 1747 1349 1816 quia
1380 1747 1637 1801 Dominus
1679 1746 1834 1803 Iesus
1874 1749 1929 1802 in

351 1839 519 1909 gloria
550 1846 625 1892 est
653 1837 753 1892 Dei
789 1835 970 1891 Patris
1002 1836 1166 1908 (Phil.
1196 1838 1278 1909 Il).

425 1928 665 1992 Domine,
709 1945 812 1982 non
849 1938 922 1981 est
950 1927 1139 1981 similis
1174 1929 1273 1993 tui,
1299 1939 1346 1983 et
1377 1947 1479 1984 non
1517 1941 1590 1985 est
1618 1930 1755 1984 alius
1791 1930 1929 1985 Deus

352 2021 545 2090 absque
594 2027 662 2081 te,
701 2034 766 2072 ea;
810 2017 1045 2071 omnibus
1071 2035 1198 2088 quos
1243 2020 1537 2074 audivimus
1578 2021 1792 2074 auribus
1832 2038 1928 2074 no-

352 2111 494 2164 stris.
538 2110 667 2175 Quis
699 2120 874 2163 autem
909 2120 983 2164 est
1014 2109 1173 2175 alius,
1204 2118 1259 2163 ut
1306 2111 1528 2181 populus
1558 2122 1676 2166 tuus
1716 2113 1932 2169 Israel?

352 2199 490 2255 Gens
521 2217 626 2253 una
666 2202 722 2253 in
758 2210 918 2264 terra,
949 2199 1020 2253 ad
1049 2218 1205 2271 quam
1253 2204 1477 2271 perrexit
1516 2203 1672 2269 Deus,
1721 2214 1776 2258 ut
1799 2204 1929 2259 libe-

351 2303 490 2347 raret
518 2303 565 2347 et
594 2293 785 2362 faceret
821 2291 1069 2362 populum
1100 2291 1200 2346 sibi
1222 2306 1240 2344 :
1271 2303 1317 2348 et
1344 2295 1704 2365 magnitudine
1723 2313 1821 2351 sua
1845 2306 1929 2351 at-

348 2398 448 2455 que
485 2383 770 2436 terroribus
815 2382 1025 2451 ejiceret
1082 2384 1318 2438 natiOnes
1349 2404 1380 2437 a
1410 2384 1547 2454 facie
1590 2387 1726 2456 ejus,
1777 2405 1929 2458 quem

351 2473 416 2528 de
437 2471 666 2541 AZggpto
697 2469 924 2523 liberat?
954 2470 1018 2524 Et
1043 2474 1263 2541 posuisti
1286 2473 1535 2544 populum
1568 2485 1715 2530 tuum
1752 2477 1817 2531 de
1842 2476 1929 2532 Is-

351 2562 462 2617 rael
485 2560 579 2615 tibi
612 2562 667 2615 in
692 2561 941 2632 populum
970 2579 1130 2633 usque
1166 2566 1221 2617 in
1247 2574 1518 2620 aternum.
1572 2567 1686 2623 Hoc
1731 2570 1783 2623 in
1814 2569 1931 2625 loco

352 2655 481 2708 licet
525 2652 771 2707 videatur
802 2652 999 2723 prioris
1051 2654 1231 2724 populi
1271 2670 1546 2727 egressum
1574 2659 1640 2713 de
1672 2657 1927 2731 Egypto,

354 2752 409 2804 et
430 2745 839 2802 collocationem
872 2743 989 2812 ejus
1018 2744 1074 2798 in
1115 2754 1259 2800 terra
1290 2749 1667 2817 promissionis
1696 2766 1933 2805 comme-

354 2834 589 2903 morare,
621 2844 799 2891 tamen
838 2835 1027 2905 majori
1059 2836 1317 2907 dignitate
1364 2840 1543 2911 populi
1580 2840 1753 2897 ﬁdelis
1800 2843 1932 2899 libe-

350 2932 490 2983 ratlo
534 2927 602 2983 de
629 2926 854 2996 spiritali
908 2924 1165 2997 Egypto,
1218 2929 1632 2999 transplantatio
1681 2932 1848 3000 ipsius
1876 2933 1929 2987 in

352 3029 527 3074 terras
540 3024 739 3073 sanctae
762 3015 1017 3071 Ecclesia:
1030 3017 1097 3070 ad
1122 3016 1331 3072 Iaudem
1355 3028 1410 3073 et
1423 3020 1682 3075 honorem
1699 3022 1933 3078 nominis
1959 2994 2003 3055 (ἶ

352 3108 565 3164 Domini
619 3106 924 3162 certissime
975 3106 1483 3178 designatur-“Ipse
1535 3111 1676 3165 enim
1707 3113 1936 3182 populus

352 3198 446 3254 Dei
475 3205 578 3262 est,
606 3186 662 3251 et
688 3211 850 3251 verus
897 3192 1059 3252 Israel
1110 3197 1291 3252 divino
1330 3198 1495 3253 cultui
1548 3202 1935 3270 perpetualitel‘

351 3283 714 3356 mancipatus.
747 3285 1014 3341 Caeterum
1053 3288 1308 3356 antiquus
1334 3287 1523 3353 Israel,
1548 3290 1660 3360 jam
1710 3290 1934 3349 honoris

351 3388 408 3437 et
436 3378 712 3450 religionis
750 3393 964 3449 expers,
1002 3380 1238 3435 nominis
1267 3380 1548 3451 dignitate,
1592 3394 1648 3437 et
1673 3382 1777 3439 loci
1803 3382 1931 3454 pes-

350 3472 593 3528 sessione
620 3469 866 3539 privatus
922 3478 1027 3533 est,
1060 3471 1291 3524 maxime
1322 3484 1457 3525 cum
1477 3473 1528 3525 in
1558 3479 1671 3527 toto
1699 3474 1830 3529 orbe
1852 3476 1932 3529 di-

350 3574 591 3634 spersus,
610 3561 737 3616 ‘sine
788 3559 927 3630 lege,
960 3560 1266 3615 sacerdotio
1288 3568 1448 3631 atque
1477 3561 1593 3615 sine
1620 3562 1714 3616 Dei
1747 3563 1929 3633 templi

351 3648 706 3711 celeberrimo
730 3652 874 3708 cultu
902 3659 1127 3721 vagetur
1151 3652 1410 3706 incertus.
1583 3660 1605 3668 "
1736 3658 1739 3663 '

384 3752 391 3759 ’
424 3744 503 3801 Tu
529 3747 688 3810 enim,
715 3743 934 3797 Domine
958 3741 1098 3795 Deus
1132 3758 1298 3808 meus,
1351 3743 1586 3796 revelasti
1634 3742 1932 3798 auriculam

347 3839 482 3895 servi
509 3838 606 3900 tui,
649 3844 703 3888 ut
744 3834 1034 3903 a'diﬁcares
1080 3835 1129 3887 ei
1158 3832 1390 3887 domum.
1426 3830 1492 3886 Et
1516 3833 1712 3891 idcirco
1740 3836 1932 3890 invenit

350 3947 527 3987 servus
572 3939 692 3984 tuus
723 3929 997 3997 ﬁduciam,
1030 3938 1084 3980 ut
1113 3936 1221 3981 oret
1250 3943 1427 3980 coram
1460 3936 1529 3993 te,
1569 3938 1675 3983 etc.
1706 3927 1933 3984 Revela-

350 4023 441 4087 sti,
490 4020 682 4090 inquit,
744 4017 1043 4072 auriculam
1102 4017 1243 4072 servi
1268 4017 1366 4083 tui,
1422 4018 1525 4073 huc
1552 4026 1654 4083 est,
1694 4020 1747 4073 in
1776 4028 1934 4074 aeter-

354 4126 481 4166 num
534 4110 774 4164 auditum
835 4107 1015 4162 cordis
1051 4106 1194 4161 illius
1233 4107 1558 4173 instruxisti,
1590 4108 1734 4177 quod
1767 4108 1933 4163 aediﬁ-

348 4216 506 4257 cares
533 4202 579 4256 ei
605 4198 844 4263 domum,
882 4196 1191 4267 progeniem
1236 4196 1485 4252 videlicet
1509 4198 1679 4268 ipsius
1701 4199 1937 4270 mulipli-

350 4292 546 4355 cando,
577 4298 631 4345 et
660 4304 843 4345 semen
881 4288 997 4357 ejus
1022 4288 1312 4345 dilatando.
1345 4287 1470 4345 Inde
1522 4291 1707 4359 utique
1736 4290 1931 4346 dedisti

351 4384 402 4437 ei
438 4381 684 4437 ﬁduciam
709 4381 854 4451 loqui
884 4380 950 4436 de
978 4388 1049 4446 te,
1077 4390 1133 4436 et
1175 4381 1401 4451 gloriam
1436 4390 1582 4436 tuam
1608 4398 1673 4438 ac
1716 4383 1931 4438 Iaudem

351 4494 533 4534 coram
561 4478 809 4535 omnibus
830 4477 1199 4531 annuntiando
1223 4477 1537 4546 praedicare.

916 4584 1144 4641 CAPUT
1174 4586 1358 4641 XVIII.

358 4700 434 4754 De
458 4716 517 4754 eo
542 4697 681 4768 quod
717 4695 885 4768 Da_v_id
914 4693 1575 4768 percusseritPltilistltiim
1600 4706 1647 4751 et
1675 4697 1928 4768 humilia-

419 4765 681 4832 verit'eos,
709 4775 757 4822 et
782 4765 1043 4821 Moabitas
1084 4777 1133 4820 et
1166 4765 1429 4838 Adparezer
1470 4782 1639 4838 regem
1677 4767 1842 4834 Saba,
1881 4778 1930 4824 et

424 4838 617 4908 Syrum
649 4838 1031 4892 Damascenum
1060 4853 1077 4891 :
1105 4854 1135 4890 a
1165 4837 1352 4908 quibus
1394 4835 1653 4908 translata
1680 4855 1803 4891 vasa
1827 4844 1927 4891 au-

424 4906 532 4971 rea,
558 4918 801 4971 argentea
830 4914 878 4958 et
912 4922 1056 4959 amca
1090 4906 1406 4961 consecrauit
1457 4923 1549 4961 rex
1598 4906 1767 4962 David
1823 4909 1930 4963 Do—

423 4977 583 5031 mino.
615 4974 770 5041 Quod
817 4974 1000 5045 Abisai
1050 4978 1305 5045 percussit
1331 4977 1501 5031 Edam
1532 4978 1589 5032 in
1613 4977 1750 5032 ualle
1780 4978 1927 5034 Sali-

394 5092 401 5100 .
424 5063 612 5119 narum
637 5055 685 5098 et
709 5044 1047 5119 constituitjn
1074 5045 1248 5099 Edam
1275 5047 1600 5119 prwsidium,
1624 5056 1679 5102 ut
1697 5049 1929 5119 _serviret

425 5116 665 5187 Idumam
708 5112 902 5187 David.
963 5112 1040 5167 De
1067 5131 1222 5187 regno
1266 5112 1436 5187 David
1464 5112 1632 5187 super
1686 5116 1859 5172 Israel
1879 5129 1928 5173 et

382 5232 383 5235 η
419 5183 740 5257 principibus
764 5185 893 5251 suis,
918 5199 1045 5255 quos
1065 5183 1297 5255 pra'fecit
1311 5185 1524 5256 papula.

422 5294 463 5368 (l
490 5286 625 5347 Plu.
668 5291 846 5364 xvut.)
879 5289 1102 5346 Factum
1126 5301 1200 5347 est
1240 5302 1415 5346 autem
1442 5303 1555 5363 post
1579 5294 1713 5360 Iuec,
1734 5304 1792 5348 ut
1812 5313 1929 5367 per-

348 5398 542 5442 cuteret
572 5386 740 5441 David
770 5382 1114 5453 Pltilisthiim,
1158 5397 1203 5440 et
1233 5384 1533 5440 humiliaret
1564 5403 1673 5455 eos,
1697 5396 1746 5441 et
1776 5387 1929 5442 tolle-

350 5489 422 5531 ret
460 5477 590 5532 Geth
616 5488 663 5531 et
696 5476 837 5548 ﬁlias
866 5474 978 5547 ejus
1016 5477 1079 5531 de
1103 5494 1262 5531 manu
1311 5473 1654 5543 Philisthiim,
1685 5489 1926 5549 percute-

345 5581 524 5641 retque
551 5570 723 5627 Moab.
750 5581 798 5626 et
836 5570 1018 5640 ﬁerent
1063 5569 1309 5625 Moabitaz
1335 5571 1467 5625 servi
1498 5570 1667 5626 David
1697 5572 1923 5642 oﬁ'eren-

2032 1740 2255 1810 spiritus
2296 1738 2523 1808 imperio
2571 1737 2913 1807 subjugatum
2963 1746 3065 1792 est.
3098 1738 3249 1805 Quod
3278 1746 3459 1792 autem
3490 1740 3625 1795 dicit

2033 1832 2097 1887 de
2134 1828 2307 1893 Moab,
2349 1828 2492 1898 quod
2521 1827 2714 1881 ﬁerent
2759 1826 3006 1882 Moabitae
3056 1828 3200 1882 servi
3253 1828 3445 1895 David,
3488 1828 3624 1885 oﬂ‘eo

2033 1934 2214 1995 rentes
2239 1925 2288 1979 ei
2318 1938 2564 1987 munera,
2610 1923 2839 1994 mystice
2899 1922 3168 1994 signiﬁcat
3202 1924 3342 1993 quod
3369 1924 3625 1982 Christus

2032 2031 2220 2072 omnes
2246 2024 2433 2086 gentes
2459 2016 2559 2070 sub
2584 2031 2681 2069 sua
2720 2015 3087 2070 dominatione
3112 2023 3303 2072 tenens
3336 2016 3468 2073 facit
3492 2033 3627 2088 pen-

2032 2124 2150 2163 sum
2196 2107 2472 2162 servitutis
2527 2107 2628 2161 sibi
2680 2106 2925 2170 reddere,
2960 2108 3087 2162 dum
3119 2110 3343 2180 singula:
3391 2126 3627 2181 qumque

2033 2196 2301 2260 nationes,
2332 2195 2384 2248 in
2423 2194 2659 2248 nominis
2686 2193 2802 2262 ejus
2858 2196 3198 2251 confessione
3230 2198 3478 2252 adunatm
3525 2201 3624 2253 de-

2033 2294 2157 2342 vote
2183 2299 2404 2340 censum
2435 2285 2700 2340 honorum
2726 2299 2948 2355 operum
2975 2286 3046 2340 illi
3074 2287 3376 2342 exsolvunt.

2106 2374 2308 2429 Eodem
2354 2384 2584 2446 tempore
2627 2377 2882 2446 percussit
2915 2376 3085 2431 Dauid
3130 2377 3405 2433 Adadezer
3447 2396 3624 2451 regem

2036 2466 2199 2531 Saba,
2241 2466 2464 2536 regionis
2494 2465 2711 2532 Emath,
2762 2467 2974 2538 quando
2995 2471 3245 2535 perrexit,
3272 2481 3329 2524 ut
3372 2471 3625 2526 dilataret

2033 2556 2311 2624 imperium
2358 2572 2511 2608 suum
2560 2572 2722 2626 usque
2770 2557 2839 2611 ad
2871 2559 3070 2628 ﬂumen
3130 2559 3458 2628 Euphraten,
3508 2572 3622 2618 etc.

2036 2647 2179 2701 Soba
2210 2646 2484 2701 civitatem
2535 2648 2721 2703 dicunt
2763 2665 2886 2705 esse
2938 2650 3109 2722 Syriae
3156 2654 3518 2721 pertinentem
3550 2657 3625 2712 ad

2034 2736 2251 2801 Emath,
2282 2737 2642 2808 metropolim,
2671 2755 2792 2809 qua
2814 2741 2920 2795 alio
2953 2743 3171 2798 nomine
3201 2743 3504 2815 Epiphania
3535 2746 3588 2802 di
3609 2775 3627 2789 ο

2036 2826 2197 2880 citur.
2248 2826 2528 2894 Quomodo
2565 2837 2743 2882 autem
2796 2831 2963 2885 David
2991 2830 3203 2903 Syriam
3233 2834 3622 2905 devastaverit,

2035 2916 2299 2989 Iosephus
2329 2919 2585 2985 ostendit,
2614 2920 2801 2975 dicens
2830 2940 2841 2974 :
2880 2941 2898 2973 ‹
2934 2922 3173 2979 Audiens
3215 2933 3397 2980 autem
3424 2926 3629 2982 Dama-

2037 3013 2113 3066 sci
2147 3011 2317 3083 Syrize
2346 3029 2437 3068 rex
2466 3013 2669 3078 Addus,
2695 3015 2835 3084 quod
2860 3015 3027 3071 David
3050 3027 3413 3089 expugnasset
3433 3018 3630 3075 Adm-

2038 3117 2246 3168 zarum,
2280 3110 2534 3172 tanquam
2558 3105 2766 3160 amicus
2794 3107 2862 3159 ad
2891 3104 3008 3175 ejus
3047 3108 3239 3163 solatia
3276 3125 3399 3165 cuni
3448 3112 3631 3167 niaxi-

2036 3207 2125 3247 mo
2150 3194 2299 3248 venit
2319 3195 2582 3260 exercitu,
2614 3211 2759 3262 eum,
2795 3198 2935 3253 sicut
2991 3202 3268 3270 sperabat,
3302 3203 3371 3256 ab
3395 3216 3628 3274 oppres-

2035 3283 2187 3338 sione
2214 3283 2574 3351 liberaturus;
2601 3295 2654 3341 et
2682 3303 3000 3359 congressus
3022 3292 3196 3347 denuo
3217 3294 3356 3360 apud
3375 3294 3626 3365 Euphra-

2034 3385 2122 3431 ten
2169 3386 2360 3432 contra
2414 3378 2601 3444 David,
2661 3380 2801 3435 bello
2852 3382 3095 3438 devictus
3150 3392 3251 3438 est.
3296 3382 3629 3443 Ceciderunt

2034 3468 2201 3533 enim,
2227 3468 2545 3523 ferientibus
2567 3484 2661 3524 eos
2679 3469 2939 3536 Hebraeis,
2960 3473 3026 3527 de
3049 3475 3289 3529 exercitu
3313 3466 3450 3531 Addi
3466 3479 3627 3546 quasi

2034 3559 2221 3629 viginti
2263 3559 2427 3613 millia
2466 3560 2618 3625 fere;
2662 3559 2857 3631 reliqui
2887 3577 3019 3618 vero
3056 3564 3107 3618 in
3146 3563 3326 3635 fugam
3366 3569 3626 3624 conversi

2034 3657 2177 3704 sunt.
2226 3669 2245 3701 ι
2290 3649 2364 3704 De
2390 3666 2498 3720 quo
2524 3662 2919 3722 consequenter
2954 3669 3194 3723 przesens
3226 3658 3451 3713 historia
3473 3675 3629 3714 eom-

2033 3749 2315 3794 memorat.
2350 3739 2573 3812 Mystice
2604 3752 2785 3796 autem
2835 3740 3134 3812 Adadezer,
3175 3747 3264 3817 qui
3298 3749 3630 3819 interpreta-

2035 3842 2122 3888 tur
2156 3832 2402 3887 decorum
2425 3833 2720 3900 auxilium;
2762 3849 2858 3889 rex
2897 3834 3060 3902 Seba,
3095 3837 3184 3907 qui
3230 3838 3630 3908 interpretatur

2034 3925 2243 3979 incensa
2272 3924 2357 3979 vel
2382 3934 2704 3991 convertens,
2752 3926 3019 3995 signiﬁcat
3058 3927 3378 3997 gentilitatis
3424 3930 3480 3983 in
3517 3944 3629 3984 saa-

2034 4018 2162 4072 vitia
2194 4016 2426 4071 naturali
2459 4015 2751 4085 fervorem,
2780 4027 2971 4073 contra
3021 4035 3183 4090 quam
3228 4019 3396 4075 David
3432 4029 3629 4076 noster

2035 4106 2354 4175 confligebat
2389 4121 2450 4161 ac
2481 4106 2787 4162 dimicando
2838 4108 3092 4164 vincebat
3120 4127 3133 4162 :
3165 4109 3289 4179 quia
3312 4108 3491 4180 gladia
3515 4112 3630 4181 spi-

2036 4201 2186 4265 ritus,
2223 4199 2363 4270 quod
2413 4210 2486 4253 est
2517 4199 2727 4254 verbum
2774 4201 2873 4256 Dei
2907 4202 3125 4273 (Ep/tes.
3171 4201 3252 4274 v),
3288 4201 3405 4271 ejus
3451 4218 3630 4274 expu-

2036 4292 2220 4363 gnavit
2248 4304 2481 4353 errores,
2516 4297 2571 4346 et
2614 4306 2934 4347 conversum
2985 4293 3055 4348 ad
3083 4292 3244 4350 ﬁdem
3275 4294 3327 4349 in
3359 4294 3630 4366 praedica-

2038 4383 2182 4437 tione
2218 4381 2491 4452 Evangelii
2514 4382 2767 4437 decorum
2793 4381 2955 4439 ellicit
2977 4384 3257 4440 auxilium.

2107 4469 2274 4544 Cujus
2302 4474 2635 4529 subnervavit
2675 4491 2852 4529 omnes
2880 4493 3037 4547 equos
3074 4494 3347 4542 curruum,
3393 4480 3626 4548 exceptis

2036 4572 2244 4616 centum
2284 4562 2578 4633 quadrigis,
2608 4580 2740 4633 quas
2792 4564 3069 4619 reservavit
3120 4565 3239 4622 sibi.
3283 4565 3417 4632 Quia
3456 4579 3627 4622 omne

2034 4653 2177 4722 quod
2206 4651 2308 4707 sibi
2338 4652 2540 4708 rebelle
2565 4669 2662 4724 per
2686 4654 2991 4724 superbiam
3043 4655 3258 4718 mentis,
3289 4662 3347 4710 ct
3370 4653 3628 4709 sublimi-

2032 4753 2197 4799 tatem
2243 4744 2493 4799 humana:
2547 4745 2825 4816 sapientiae
2850 4747 2903 4800 in
2930 4763 2993 4801 ea
3034 4748 3333 4817 conspexit,
3365 4730 3626 4802 resecan-

2033 4838 2120 4902 do,
2153 4836 2206 4891 id
2231 4836 2428 4903 solum,
2471 4838 2614 4906 quod
2669 4846 3030 4908 Opportunum
3059 4848 3113 4894 et
3142 4839 3320 4894 habile
3370 4838 3438 4893 ad
3482 4854 3625 4908 opus

2032 4926 2368 4997 Evangelica:
2396 4927 2797 4997 praedicationis
2823 4929 2890 4983 de
2940 4930 3134 4984 studiis
3182 4927 3300 4998 ejus
3330 4943 3450 4985 esse
3474 4928 3626 4998 judi-

2033 5017 2196 5083 cavit,
2223 5018 2325 5072 sibi
2359 5019 2674 5073 reservavit.
2812 5030 2813 5035 ‘

2107 5112 2417 5184 Superuenit
2463 5120 2637 5166 autem
2661 5120 2708 5166 et
2748 5111 2915 5182 Syrus
2961 5112 3342 5181 Damascenus,
3368 5125 3425 5168 ut
3453 5117 3621 5168 auxi-

2034 5203 2166 5259 lium
2212 5202 2465 5273 prwberet
2513 5190 2809 5270 Adadezer,
2861 5205 2969 5275 regi
3018 5204 3180 5261 Sob‘a.
3223 5204 3328 5261 Sed
3378 5214 3428 5259 et
3454 5207 3621 5276 hujus

2031 5296 2284 5368 percussit
2308 5295 2479 5351 David
2520 5296 2701 5367 viginti
2730 5297 2834 5367 duo
2875 5297 3042 5353 millia
3085 5302 3336 5366 virorum,
3367 5310 3416 5355 et
3441 5300 3621 5370 posuit

2030 5389 2225 5444 milites
2261 5388 2316 5443 in
2354 5387 2637 5454 Damasco,
2687 5400 2744 5443 ut
2788 5388 2948 5458 Syria
3000 5408 3202 5462 quoque
3239 5383 3523 5446 desertviret
3566 5401 3621 5447 et

2031 5481 2240 5552 offerret
2262 5484 2507 5536 munera.
2535 5482 2835 5537 Damascus
2862 5483 3028 5550 enim,
3060 5482 3262 5540 nobilis
3289 5487 3421 5540 urbs
3444 5482 3616 5541 Phai-

2028 5572 2189 5640 nicis,
2218 5573 2406 5628 eodem
2430 5571 2714 5641 vocabulo,
2742 5588 2849 5645 quo
2870 5582 2926 5629 et
2952 5573 3184 5642 Masech,
3216 5576 3424 5633 ancillae
3444 5574 3622 5632 Abra-
