3870 6146
230 378 333 434 509

1156 342 1507 432 conamur.
1549 374 1615 431 IN
1654 375 2208 434 musmonem.
2249 410 2322 420 —
2354 380 2483 437 LIB.
2521 382 2564 438 u

3393 395 3499 451 570

233 497 353 550 ham
383 490 549 557 ﬁlius,
584 487 887 562 appellatus
926 497 1027 546 est.
1052 489 1121 545 Et
1146 491 1444 548 Damascus
1484 492 1816 561 iuterpreta-
1846 495 1896 553 Α
1921 492 2018 548 sed
2062 490 2346 548 duodecim
2397 495 2563 550 millia
2613 498 2903 563 ceciCZsse,
2959 503 3173 558 noverit
3216 504 3321 559 hoc
3373 506 3502 562 vitio

236 596 322 642 tur
366 584 607 653 sublimis
659 583 747 638 vel
800 583 1061 637 humecta.
1117 582 1187 636 Et
1212 584 1348 639 bene
1384 598 1503 654 qua:
1540 583 1691 653 prius
1720 584 1819 637 hu-

234 682 402 731 mecta
427 673 657 728 libidine
709 689 873 745 super
909 673 1101 743 spiritu
1149 673 1467 743 sanguinem
1523 672 1816 727 humanum

235 765 629 837 inexplebiliter
685 763 922 829 sitiebat,
977 779 1122 822 nunc
1174 764 1431 819 mundata
1496 765 1819 834 baptismate

234 857 427 912 Christi
464 855 715 910 sublimis
762 853 1007 925 profectu
1056 854 1341 917 virtutum,
1393 853 1673 924 sanguinis
1704 853 1822 927 ejus

235 946 481 1018 poculum
503 944 778 999 desiderat
802 944 1100 1014 percipere.

301 1035 442 1091 Tulit
464 1053 670 1107 quoque
712 1035 882 1089 David
921 1037 1194 1105 pharetras
1226 1054 1436 1102 aureas,
1464 1054 1593 1108 quas
1621 1035 1819 1089 [tabue-

237 1140 346 1182 rant
377 1128 515 1181 servi
562 1126 859 1186 Adadezer,
884 1136 933 1180 et
983 1126 1158 1180 attulit
1222 1144 1311 1181 eas
1357 1129 1412 1182 in
1463 1127 1815 1181 Hierusalem.

237 1219 509 1274 Pharetrre
532 1233 735 1282 aureae,
776 1218 829 1271 ni
854 1217 1029 1283 fallor,
1070 1219 1381 1289 signiﬁcare
1429 1229 1655 1289 possunt
1686 1221 1818 1290 dog-

238 1318 375 1364 mata
408 1308 716 1383 gentilium,
772 1310 826 1362 in
875 1309 1071 1377 quibus
1121 1310 1432 1367 testimonia
1467 1310 1821 1380 philosophiae

238 1402 503 1465 humanae,
535 1410 590 1458 et
626 1401 925 1470 disciplima
946 1401 1195 1458 liberales
1222 1404 1661 1470 continebantur,
1685 1419 1820 1473 quas

239 1493 400 1549 David
426 1493 692 1564 mysticus
715 1493 923 1547 ablatas
950 1494 1018 1547 ab
1047 1478 1346 1558 Adadczer,
1375 1495 1478 1549 hoc
1501 1504 1607 1560 est,
1643 1496 1820 1565 genti-

239 1584 382 1640 litate
406 1584 531 1639 tulit
560 1586 615 1639 in
646 1584 1022 1653 Hierusalem;
1056 1601 1179 1641 cum
1221 1586 1525 1657 hujusmodi
1579 1586 1821 1656 discipli-

241 1692 331 1731 nas
366 1692 466 1745 per
492 1677 749 1730 doctores
778 1684 997 1730 sanctos
1025 1676 1079 1731 in
1132 1678 1411 1733 servitium
1441 1678 1698 1732 Ecclesiae
1723 1692 1821 1732 ca-

242 1766 447 1822 tholica
467 1766 755 1821 convertit.
790 1763 867 1820 Ibi
892 1766 1036 1820 enim
1062 1782 1175 1841 non
1219 1782 1412 1837 parum
1438 1775 1667 1837 prosunt
1682 1768 1821 1823 libe-

1921 584 2245 655 scriptorum
2273 586 2329 641 in
2353 588 2557 642 eisdem
2584 590 2862 646 codicibus
2903 593 3148 649 inclitum
3171 610 3310 651 esse.
3336 596 3502 653 Vera-

1920 672 2059 728 citer
2090 681 2267 729 tamen
2297 675 2469 731 David
2494 676 2546 731 in
2574 678 2763 733 eadem
2800 681 2937 735 valle
2978 680 3287 739 Salinarum
3315 687 3501 742 decem

1919 772 1974 819 et
1995 774 2118 820 octo
2148 768 2314 822 millia
2357 770 2555 823 cecidit
2588 788 2604 822 :
2639 768 2773 825 Joab
2828 787 2959 827 vero
2985 774 3269 831 duodecim
3307 778 3502 845 millia;

1921 857 2060 912 sicut
2082 856 2136 913 in
2169 859 2322 913 titulo
2350 876 2478 914 LVIII
2514 862 2709 931 psalmi
2750 865 3023 920 scribitur.
3067 866 3168 923 Hic
3194 880 3375 925 autem
3405 872 3501 927 dc-

1918 962 2038 1001 cem
2064 957 2119 1003 et
2141 950 2487 1006 octoiAbizai
2536 953 2873 1011 interfecisse
2924 959 3278 1028 perhibetur;
3319 965 3503 1019 ethoc

1923 1036 2011 1091 ille
2050 1036 2265 1103 fecisse,
2293 1042 2449 1108 quasi
2471 1042 2577 1095 dux
2607 1043 3026 1101 fortissimorum
3058 1049 3314 1118 militum,
3345 1052 3503 1106 intel-

1921 1126 2104 1197 ligitur
2131 1145 2145 1190 ;
2188 1130 2281 1183 sed
2312 1140 2530 1200 propter
2556 1134 2751 1203 regalis
2778 1137 3013 1191 nominis
3044 1139 3358 1208 dignitatem
3388 1143 3498 1196 Da-

1922 1218 2011 1271 vid
2034 1219 2259 1275 victoria
2297 1231 2379 1275 est
2409 1225 2658 1293 ascripta.
2704 1224 2901 1291 Quidni
2952 1243 3206 1297 percussa
3254 1249 3282 1286 a
3330 1233 3497 1287 David

1922 1309 2267 1367 multitudine
2290 1313 2344 1366 in
2390 1314 2531 1369 valle
2566 1314 2871 1372 Salinarum
2904 1319 3239 1390 designatur,
3269 1325 3371 1379 nisi
3401 1323 3506 1381 Re-

1922 1402 2170 1473 demptor
2190 1415 2377 1463 noster
2410 1409 2491 1463 sui
2527 1413 2793 1468 examinis
2839 1414 3190 1472 distractione
3220 1417 3275 1472 in
3309 1420 3392 1473 bis
3413 1420 3506 1491 qui

1923 1493 1989 1548 de
2014 1494 2105 1548 illo
2128 1512 2292 1563 prava
2323 1498 2583 1565 sentiunt,
2617 1540 2631 1554 .
2661 1542 2674 1555 .
2710 1541 2725 1556 .
2857 1544 2870 1557 .
2903 1545 2915 1557 .
2948 1546 2959 1558 .
2995 1546 3007 1558 .
3045 1547 3058 1560 .
3089 1507 3376 1562 stultitiam
3400 1510 3504 1563 im-

1923 1587 2188 1641 moderati
2237 1590 2449 1659 saporis
2484 1594 2828 1664 exstinguite.
2866 1595 3019 1653 Unde
3066 1616 3164 1669 per
3207 1603 3498 1671 quemdam

1925 1673 2239 1744 Sapientem
2267 1679 2467 1734 dicitur
2494 1699 2509 1736 :
2545 1682 2651 1748 Qui
2700 1689 2927 1753 perversi
2963 1690 3135 1744 cordis
3164 1701 3263 1758 est,
3292 1711 3396 1748 non
3420 1695 3505 1748 in-

1923 1769 2059 1825 venit
2089 1768 2320 1836 bonum;
2360 1780 2410 1826 et
2435 1773 2525 1843 qui
2574 1775 2726 1829 vertit
2774 1775 3010 1848 linguam
3040 1798 3214 1848 suam,
3244 1766 3508 1841 inciditin

242 1860 427 1915 ralium
450 1859 653 1914 artium
690 1859 985 1928 disciplina:
1011 1859 1079 1915 ad
1108 1862 1558 1930 expugnationem
1592 1860 1817 1924 erroris,
1848 1863 1895 1922 B
1924 1855 2121 1912 malum
2143 1856 2323 1930 (Prov.
2359 1861 2513 1933 xvn).

238 1958 292 2005 et
313 1950 379 2003 ad
404 1947 881 2005 confirmationem
928 1950 1192 2019 veritatis,
1224 1951 1270 2006 si
1324 1951 1412 2021 pie
1456 1959 1513 2006 et
1553 1967 1686 2007 sana
1718 1951 1823 2006 ﬁde

242 2047 556 2094 tractentur.
588 2037 847 2108 Sequitur
874 2058 887 2092 :

306 2126 420 2183 Nec
452 2145 561 2184 non
596 2130 662 2185 de
704 2129 934 2184 Thebth
975 2141 1024 2185 et
1072 2130 1243 2198 Chun,
1275 2133 1488 2191 urbibus
1523 2134 1819 2198 Adadcser,

240 2220 357 2273 aris
383 2219 696 2289 plurimum,
726 2220 790 2273 de
817 2237 918 2291 quo
953 2222 1075 2292 fecit
1128 2221 1377 2279 Salomon
1418 2241 1564 2279 mare
1594 2242 1820 2291 cuneum,

239 2320 284 2362 et
311 2309 607 2373 columnas,
644 2318 693 2363 et
740 2326 864 2364 vasa
894 2327 1057 2365 wnea.
1093 2312 1237 2367 Bene
1288 2297 1717 2385 ergo'scriptum
1738 2325 1823 2368 est

244 2402 381 2471 quod
412 2402 676 2456 Salomon
706 2401 925 2457 fecisset
974 2418 1124 2458 mare
1151 2420 1385 2472 aeneum,
1439 2413 1495 2479 et
1519 2402 1820 2468 columnas,

240 2507 289 2549 et
317 2511 446 2548 vasa
476 2509 627 2548 {enea
656 2495 722 2549 de
742 2510 867 2557 tere,
897 2497 1040 2566 quod
1098 2495 1217 2550 tulit
1246 2495 1413 2550 David
1466 2498 1544 2573 de
1575 2496 1823 2551 Thebatb

239 2598 290 2641 et
318 2586 498 2653 Chun,
529 2587 757 2641 urbibus
798 2572 1096 2651 Adadezer,
1151 2588 1277 2657 quia
1329 2572 1587 2665 paciﬁcus
1630 2598 1826 2659 noster

243 2687 586 2733 venustatem
643 2677 883 2748 pulchra:
946 2674 1233 2733 locutionis
1262 2679 1329 2733 de
1357 2678 1662 2734 humilitate
1691 2694 1824 2734 con-

243 2785 409 2826 versm
431 2770 757 2844 gentilitatis
797 2771 863 2825 ad
888 2754 1373 2825 commendandam
1414 2771 1665 2839 baptismi
1698 2785 1825 2840 gra-

245 2863 392 2926 tiam,
454 2870 513 2914 et
581 2860 976 2916 ﬁrmamentum
1050 2859 1210 2923 ﬁdei;
1263 2862 1706 2929 praedicationem
1750 2860 1825 2930 pii

244 2952 509 3021 dogmatis
540 2952 594 3005 in
632 2967 789 3005 usum
820 2950 1076 3023 Ecclesite
1116 2938 1227 3033 suae
1260 2952 1559 3034 convertit.“
1579 2951 1827 3006 Thebath

244 3046 383 3096 enim
412 3043 806 3111 interpretatur
841 3042 1088 3112 parvulus
1120 3024 1254 3098 venit
1282 3084 1307 3121 ,.
1328 3055 1389 3119 et
1420 3024 1573 3098 Chun
1597 3044 1827 3114 pulchri—

245 3134 389 3186 tudo.
451 3132 623 3187 Recte
654 3147 784 3200 ergo
834 3133 925 3202 qui
955 3125 1243 3202 parvulum,
1284 3148 1341 3189 se
1392 3150 1491 3203 per
1544 3134 1824 3190 humilita-

1997 1944 2246 2016 Regnavit
2277 1966 2401 2020 ergo
2431 1950 2597 2005 David
2624 1968 2783 2024 super
2807 1958 3106 2014 universum
3136 1960 3329 2028 Israel,
3353 1974 3402 2018 et
3424 1962 3509 2036 fa-

1925 2036 2092 2090 ciebat
2111 2037 2378 2105 judicium
2414 2050 2463 2093 et
2483 2041 2751 2109 justitiam
2782 2055 2967 2100 cuncto
3008 2050 3199 2119 papula
3220 2067 3335 2104 suo.
3369 2048 3506 2119 Quid

1921 2132 2003 2179 est
2031 2127 2175 2194 quod
2197 2127 2362 2181 David
2389 2128 2586 2199 legitur
2621 2129 2814 2187 fecisse
2844 2132 3108 2198 judicium
3139 2146 3195 2191 et
3220 2136 3506 2209 justitiam

1923 2228 2119 2271 cuncto
2143 2218 2343 2288 pepqu
2372 2235 2490 2285 suo,
2533 2222 2636 2275 nisi
2657 2223 2801 2292 quod
2842 2224 3093 2281 Salvator
3141 2238 3328 2284 noster
3357 2231 3506 2287 omni

1922 2305 2119 2374 populo
2166 2306 2421 2362 Ecclesia:
2446 2308 2707 2378 judicium
2738 2319 2793 2366 et
2820 2315 3131 2382 aequitatem
3164 2332 3379 2389 semper
3401 2292 3505 2375 im-

1922 2397 2152 2465 pendit?
2184 2397 2486 2454 Historicus
2510 2401 2655 2454 enim
2693 2402 2860 2457 David
2886 2419 2993 2458 non
3022 2406 3220 2478 ubique
3237 2408 3508 2476 justitiam

1924 2490 2184 2556 servavit,
2234 2505 2397 2558 quem
2436 2495 2799 2562 transgressio
2833 2494 2966 2565 legis
3024 2499 3507 2567 reprehensibilem

1924 2581 2160 2636 ostendit
2195 2579 2279 2653 (ΙΙ
2309 2580 2440 2653 Reg.
2493 2582 2595 2655 ιι).
2636 2584 2811 2641 Verus
2860 2594 3061 2653 autem,
3112 2592 3202 2660 qui
3238 2601 3508 2661 peccatum

1929 2680 2031 2720 non
2044 2665 2167 2734 fecit
2191 2664 2247 2731 (I
2260 2665 2406 2724 Petr.
2424 2667 2484 2739 II)
2503 2668 2594 2723 sed
2609 2681 2827 2738 peccata
2851 2674 3036 2727 mundi
3057 2674 3237 2728 tollere
3258 2674 3445 2745 (Joan.
3462 2676 3503 2746 ι)

1928 2758 2097 2823 venit,
2122 2759 2381 2815 universo
2408 2762 2612 2831 populo
2632 2777 2732 2817 suo
2754 2763 2824 2815 ita
2847 2764 3045 2832 iudicia
3072 2767 3281 2827 tribuit,
3306 2768 3371 2820 de
3396 2782 3506 2837 quo

1927 2848 2191 2916 scriptum
2219 2858 2343 2905 est:
2373 2851 2564 2905 Justus
2602 2852 2878 2919 Dominus,
2913 2864 2962 2908 et
2989 2857 3264 2924 justitiam
3305 2857 3503 2926 diligit.

1931 2939 2229 3025 aequitatem
2258 2940 2383 2993 vidit
2411 2942 2582 2995 vultus
2610 2943 2724 3010 ejus
2758 2943 2931 3012 (Psal.
2966 2949 3042 3010 χ).
3076 2945 3137 2999 Et
3171 2964 3271 3000 non
3290 2957 3365 3000 est
3383 2962 3505 3015 per-

1929 3047 2175 3084 sonarum
2202 3035 2433 3100 acceptio
2464 3035 2602 3101 apud
2637 3035 2824 3101 Datim,
2858 3037 2949 3091 sed
2978 3041 3030 3092 in
3062 3043 3205 3093 omni
3232 3050 3380 3110 gente
3412 3043 3505 3108 qui

1929 3122 2102 3176 timuit
2132 3122 2431 3190 Dominum,
2451 3134 2499 3180 et
2545 3139 2795 3196 operatur
2824 3129 3111 3194 iustitiam,
3145 3134 3387 3200 acceptus
3428 3144 3503 3186 est

244 3234 352 3279 ιριη
386 3225 654 3295 agnoscit,
706 3224 928 3294 pulcher
967 3234 1022 3281 ει
1062 3228 1339 3297 speciosus
1379 3227 1434 3282 in
1468 3228 1664 3285 decore
1715 3231 1798 3284 vir
1855 3207 1900 3269 C
1927 3213 2007 3267 illi
2034 3214 2176 3284 (Act.
2208 3215 2283 3285 x).
2310 3216 2731 3272 Misericordiam
2760 3229 2809 3274 et
2845 3224 3114 3276 veritatem
3147 3223 3343 3293 diligit.
3376 3239 3503 3293 gra-

246 3313 694 3371 mmmemde

312 3404 421 3460 Sed
446 3415 498 3458 et
530 3405 710 3458 omnia
732 3422 855 3459 rasa
888 3423 1049 3460 aurea
1093 3412 1140 3461 et
1164 3418 1410 3478 argentea
1439 3418 1487 3462 et
1530 3424 1676 3462 a'nea
1703 3424 1828 3462 con-

246 3499 465 3552 secravit
514 3513 611 3551 rea:
658 3496 832 3551 David
870 3496 1117 3562 Domino,
1180 3515 1298 3553 cum
1350 3509 1564 3570 argento
1606 3507 1654 3554 et
1697 3488 1828 3553 auro

248 3589 382 3660 quod
403 3590 603 3645 tulerat
640 3606 705 3644 ea:
740 3590 995 3644 universis
1023 3591 1282 3661 gentibus,
1329 3601 1435 3646 tam
1483 3592 1547 3646 de
1588 3591 1829 3646 Idumwa

247 3693 294 3735 et
315 3681 474 3736 Moab
499 3691 547 3735 et
573 3679 702 3750 ﬁliis
728 3680 970 3747 Ammon,
994 3698 1155 3752 quam
1173 3682 1239 3737 de
1260 3682 1581 3737 Philisthiim
1602 3693 1650 3736 et
1670 3684 1831 3737 Ama-

250 3769 375 3824 [τιὴ.
408 3770 556 3838 Quid
587 3778 769 3824 autem
796 3771 1083 3841 signiﬁcat,
1120 3773 1263 3840 quod
1286 3773 1455 3826 David
1484 3788 1613 3827 vasa
1640 3788 1827 3837 aurea,

249 3870 503 3932 argentea
528 3869 585 3915 et
611 3875 776 3925 terea,
805 3876 924 3930 qua).
955 3861 1152 3914 tulerat
1175 3862 1241 3916 de
1268 3862 1539 3916 universis
1559 3863 1827 3931 gentibus.

248 3951 610 4006 sanctiﬁcavit
662 3951 933 4006 Domino?
981 3952 1085 4007 nisi
1136 3954 1278 4022 quod
1321 3953 1573 4008 Christus
1618 3969 1826 4031 OlllllCS,

250 4058 378 4111 quos
407 4043 476 4098 de
506 4042 781 4097 universis
812 4043 1061 4113 gentibus
1087 4053 1347 4102 convocat
1375 4044 1440 4099 ad
1474 4044 1629 4123 ﬁdem
1654 4061 1829 4117 suam,

250 4136 375 4190 alios
404 4134 527 4189 auri
565 4134 706 4194 loco.
737 4135 841 4189 hoc
866 4143 972 4198 est,
1007 4126 1170 4189 Sensu
1202 4135 1481 4214 spirituali.
1499 4144 1828 4211 praeclaros;

251 4228 379 4282 alios
410 4227 650 4297 argenti,
692 4225 797 4278 hoc
826 4234 927 4288 est,
979 4224 1300 4294 eloquentia:
1333 4226 1506 4283 nitore
1539 4225 1830 4296 Splendea-

250 4326 364 4383 tes;
397 4318 537 4372 alios
568 4331 700 4370 vero
726 4314 1110 4385 praedicatione
1157 4315 1337 4370 divina
1363 4310 1587 4370 sonores
1626 4317 1833 4370 sancti-

252 4406 373 4461 ﬁcat
402 4407 660 4470 Domino,
694 4412 753 4458 ut
781 4404 833 4458 in
866 4404 980 4474 ejus
1008 4402 1356 4458 tabernaculo
1380 4404 1611 4459 ﬁdeliter
1634 4403 1834 4459 discer-

250 4506 455 4560 nentes,
492 4494 665 4564 ipsius
703 4493 1003 4549 ministerio
1050 4495 1104 4547 in
1154 4502 1416 4548 teternum
1452 4493 1832 4548 decentissime

246 4588 662 4658 perluugantur.

320 4680 500 4733 Αἰγίδαὶ
528 4696 648 4733 vero
674 4677 823 4747 ﬁlius
883 4678 1086 4732 Sarvia?
1120 4679 1374 4748 percussit
1412 4677 1579 4730 Edam
1618 4677 1673 4730 in
1700 4675 1834 4731 valle

247 4769 557 4824 Salinarum
588 4771 765 4823 decem
789 4779 834 4822 et
870 4780 982 4823 octo
1003 4769 1192 4833 millia,
1214 4777 1262 4821 et
1291 4768 1557 4821 constituit
1580 4768 1634 4821 in
1666 4767 1832 4821 Edam

244 4862 577 4930 pra’sidium,
618 4870 674 4913 ut
703 4859 915 4914 serviret
967 4857 1206 4912 Iduma‘a
1258 4857 1448 4923 David,
1484 4867 1589 4912 etc.
1630 4856 1687 4911 In
1724 4857 1834 4910 Re-

241 4954 378 5022 g‘ntn
406 4965 537 5006 vero
560 4949 635 5003 ita
666 4948 929 5019 scriptum
955 4955 1038 5002 est
1064 4965 1077 5000 :
1111 4946 1257 5000 Fecit
1286 4964 1487 5017 quoque
1523 4947 1621 5000 sibi
1666 4945 1834 5000 David

238 5060 462 5109 nomen,
492 5057 611 5095 cum
643 5048 1001 5100 reuerteretur,
1034 5048 1183 5107 capta
1225 5036 1405 5106 Syria,
1436 5038 1487 5089 in
1526 5036 1656 5089 valle
1696 5036 1837 5090 Sali-

239 5152 441 5191 uurum
467 5134 616 5189 ca'sis
638 5133 815 5186 decem
838 5141 884 5184 et
910 5141 1022 5183 octo
1060 5128 1289 5182 millibus
1328 5128 1411 5200 (ll
1447 5129 1573 5198 Reg.
1606 5130 1705 5207 ιχ).
1731 5127 1817 5182 [περ

237 5228 396 5282 cisse
446 5226 548 5279 sibi
590 5241 786 5278 nomen
830 5222 1047 5287 dicitur,
1079 5223 1205 5292 quia
1247 5221 1299 5275 in
1333 5220 1471 5274 valle
1506 5221 1835 5284 Salinarnm,

239 5317 410 5373 assis
439 5316 627 5371 decem
682 5326 739 5370 et
774 5324 897 5369 octo
946 5313 1183 5368 millibus
1229 5314 1402 5366 erexit
1444 5312 1545 5365 sibi
1578 5311 1840 5365 fornicem

242 5410 663 5480 triumphalem.
720 5406 873 5462 Fecit
917 5408 1082 5461 etiam
1119 5405 1220 5460 sibi
1280 5419 1497 5467 nomen,
1554 5404 1646 5474 qui
1695 5404 1838 5457 victa

238 5503 412 5574 Syria
439 5501 707 5567 Damasci,
738 5508 794 5555 et
834 5498 988 5572 Syria
1021 5499 1184 5563 Soba,
1217 5498 1454 5554 erexisse
1491 5497 1592 5551 sibi
1638 5497 1838 5551 dicitur

235 5595 486 5651 alterum
538 5593 805 5647 fornicem
838 5590 1235 5660 triumphalem.
1290 5588 1425 5643 Etsi
1464 5602 1625 5657 quem
1662 5596 1840 5641 movet

232 5686 482 5756 quodin
522 5685 796 5755 plerisque
843 5680 1161 5736 Latinorum
1210 5680 1486 5736 codicibus
1542 5677 1836 5739 invenitur,

234 5776 426 5833 David
460 5792 565 5829 non
594 5776 779 5830 decem
808 5784 861 5828 et
884 5782 1006 5827 octo
1035 5771 1201 5826 millia
1238 5773 1290 5825 in
1320 5772 1458 5826 valle
1505 5769 1833 5833 Salinarum,

1858 4554 1910 4612 D

1928 3308 2056 3358 tiam
2080 3316 2126 3357 et
2151 3308 2372 3376 gloriam
2404 3310 2543 3363 dabit
2567 3309 2735 3379 (Psal.
2769 3316 3021 3379 Lxxxm).
3054 3313 3362 3369 Benedictus
3395 3315 3504 3368 Do-

1930 3399 2104 3453 minus
2132 3402 2187 3453 in
2215 3413 2493 3466 internum,
2524 3419 2555 3455 a
2585 3404 2780 3459 scutulo
2807 3417 2852 3459 et
2881 3423 3041 3475 usque
3073 3410 3124 3461 in
3147 3408 3421 3463 stcculum.
3454 3419 3504 3461 et

1928 3493 2072 3548 dicat
2100 3494 2272 3547 omnis
2296 3493 2518 3562 populus
2549 3509 2569 3547 .'
2590 3494 2742 3561 Fiat,
2772 3498 2867 3566 ﬁat
2893 3485 3058 3552 ll’sal.
3095 3501 3264 3561 uxr).

2003 3574 2176 3630 Porro
2200 3576 2338 3632 Joab
2378 3577 2524 3646 ﬁlius
2550 3578 2756 3634 Sarvia:
2801 3589 2914 3635 erat
2944 3597 3100 3651 super
3126 3583 3434 3647 exercitum,
3458 3592 3509 3637 et

1930 3664 2187 3737 Iosophat
2209 3667 2353 3736 ﬁlius
2377 3667 2603 3723 Ahiboth
2644 3687 2677 3722 a
2712 3671 3119 3726 commentariis.
3162 3670 3507 3730 Commenta-

1933 3759 2022 3824 rii,
2075 3759 2178 3823 hoc
2205 3769 2291 3815 est
2343 3771 2881 3827 commemoratores,
2912 3762 2965 3816 hi
3015 3762 3366 3832 fueruntqui,
3408 3778 3511 3818 an-

1931 3851 2131 3906 notatis
2175 3852 2338 3906 rebus
2368 3860 2423 3907 et
2451 3852 2651 3916 causis,
2697 3853 2810 3922 regi
2854 3867 2947 3907 eas
2981 3853 3047 3907 ad
3078 3855 3390 3909 memoriam
3414 3855 3510 3909 de-

1934 3939 2199 3995 ferebant.

2006 4029 2212 4086 Sadoclt
2255 4042 2429 4085 autem
2475 4030 2620 4100 ﬁlius
2668 4031 2906 4096 Achitob,
2946 4043 2993 4086 et
3036 4033 3333 4088 Abimelech
3366 4034 3510 4103 ﬁlius

1933 4122 2189 4174 Abiathar
2241 4122 2555 4176 sacerdotes.
2611 4121 2921 4176 Abimelcch
2970 4123 3111 4176 ﬁlius
3167 4125 3425 4179 tibialliar
3456 4126 3508 4180 in

1934 4212 2341 4283 Paralipomeno
2367 4214 2642 4277 scribitur,
2684 4214 2737 4267 in
2764 4213 2970 4284 Regum
3000 4229 3129 4271 vero
3151 4215 3467 4273 Abimeleclx
3494 4235 3509 4282 ;

1935 4311 1990 4365 et
2035 4303 2424 4372 interpretatur
2449 4302 2765 4358 Abimelech
2813 4302 2972 4357 Pater
3022 4321 3169 4359 meus
3212 4320 3346 4360 reas:
3377 4308 3511 4362 Αιιίο

1936 4395 2142 4450 mclecb
2178 4409 2327 4460 vero,
2359 4394 2527 4464 frater
2574 4412 2719 4449 ineas
2748 4412 2877 4460 rex;
2935 4398 3191 4466 quoniam
3234 4401 3513 4456 nominum

1937 4478 2248 4539 distantiam
2287 4493 2511 4539 eventus
2539 4500 2717 4539 rerum
2744 4487 2953 4555 peperit
2986 4485 3036 4557 (1
3063 4484 3193 4557 Reg.
3227 4489 3361 4560 xxi).
3398 4490 3515 4545 Meo

1937 4580 2124 4635 raliter
2153 4596 2284 4639 vero
2304 4581 2523 4652 instruit
2553 4581 2809 4636 Ecclesiae
2830 4584 3161 4648 sacerdotes,
3188 4591 3249 4636 ut
3276 4583 3368 4652 Qui
3391 4597 3517 4653 pro-

1937 4680 2057 4742 pter
2091 4672 2300 4726 ordinis
2318 4671 2637 4743 dignitatem
2662 4674 2836 4743 patris
2859 4674 3034 4728 locum
3058 4683 3264 4741 tenent,
3293 4690 3393 4745 per
3416 4675 3518 4729 bu-

1938 4762 2223 4816 militatem
2266 4770 2321 4816 et
2347 4764 2819 4818 mansuetudinem
2842 4772 3005 4833 atque
3041 4765 3315 4820 societatis
3335 4779 3518 4834 aequa-

1937 4853 2164 4917 litatem,
2202 4853 2434 4923 fratrum
2460 4854 2677 4908 nomine
2703 4867 3065 4923 censeantur;
3092 4867 3153 4910 ut
3178 4858 3352 4912 sciant
3382 4858 3515 4912 illud

1938 4943 2081 5015 quod
2102 4943 2356 5012 princeps
2382 4944 2746 5013 apostolorum
2778 4954 3022 5015 pastores
3051 4946 3307 5002 Ecclesiae
3338 4948 3391 5001 in
3420 4964 3513 5003 sua

1944 5033 2178 5105 lipistola
2207 5036 2548 5104 praemonuit.
2580 5037 2766 5092 dicens
2793 5055 2806 5091 :
2840 5038 2964 5092 Non
3004 5050 3061 5092 ut
3098 5039 3427 5095 dominantes
3460 5043 3516 5095 in

1868 5177 1880 5185 .
1943 5129 2103 5194 clero,
2132 5128 2223 5183 sed
2248 5136 2305 5182 ut
2324 5127 2499 5197 forma
2519 5128 2649 5199 [acti
2684 5133 2855 5202 gregis
2887 5131 2938 5201 (Ι
2965 5131 3106 5187 Petr.
3137 5133 3243 5203 Ill).

1960 5288 1963 5293 ι
2018 5219 2081 5273 Ει
2111 5218 2251 5274 Susa
2276 5218 2471 5284 scriba,
2514 5218 2747 5276 Banaias
2800 5239 2916 5277 vero
2960 5223 3105 5291 ﬁlius
3130 5222 3328 5278 Joiada
3363 5241 3520 5294 super

1943 5311 2167 5380 regiones
2199 5307 2407 5363 Caret/ti
2441 5319 2488 5363 et
2511 5308 2767 5365 Phelethi.
2823 5310 2958 5367 Susa
2985 5314 3240 5368 scribitur
3268 5314 3321 5367 in
3346 5312 3517 5366 Para—

1944 5403 2268 5473 lipomenon,
2327 5402 2420 5471 qui
2477 5402 2531 5455 in
2575 5401 2787 5473 Regum
2839 5403 3029 5458 Samia
3076 5404 3383 5458 nominatur
3408 5399 3459 5468 (Ι
3474 5399 3513 5453 ν

1947 5495 2073 5565 Reg.
2104 5494 2271 5563 xxv);
2313 5501 2369 5547 et
2414 5493 2808 5562 interpretatur
2835 5493 2973 5571 susa
3016 5495 3299 5563 gaudium;
3333 5499 3389 5544 et
3416 5489 3516 5544 Sa-

1946 5587 2080 5650 raia,
2110 5586 2347 5655 princeps
2375 5583 2609 5637 Domini.
2640 5582 2857 5638 Ceretbi
2906 5590 3107 5643 autem,
3140 5579 3517 5633 exterminata-

1945 5695 2046 5740 res,
2080 5685 2134 5729 et
2165 5674 2430 5738 Pheletbi,
2473 5672 2809 5727 admirabiles
2854 5680 2909 5726 et
2945 5670 3307 5738 vivi/icatores,
3343 5668 3511 5720 inter-

1944 5774 2243 5835 pretantur.
2275 5764 2383 5818 llos
2407 5762 2625 5831 quidam
2654 5762 2839 5816 dicunt
2881 5760 3043 5814 fuisse
3071 5760 3406 5831 septuaginta
3432 5758 3519 5829 ju-
