3912 6160
374 328 472 384 571

1015 322 1078 378 B.
1117 317 1371 375 RABANI
1406 316 1626 374 MAURI
1664 301 1985 372 ARCHIEP.
2028 309 2340 371 MOGUNT.
2381 309 2669 372 OPERUM
2707 309 2888 366 PARS
2926 309 2970 365 ι.

3533 307 3666 372 372

375 441 524 496 dices
549 435 670 492 loco
694 447 883 490 eorum
920 432 1261 496 substitutos,
1289 444 1426 500 quos
1455 427 1666 496 Moyses
1692 427 1748 482 lu
1773 438 1956 479 eremo
1983 426 2036 486 Α
2060 420 2369 478 decalvatos
2395 421 2582 486 fuisse,
2623 390 2681 478 et
2709 421 2908 477 barbas
2936 435 3090 477 rasas
3144 419 3421 487 habuisse,
3453 437 3518 482 et
3561 440 3661 482 ve-

376 528 724 601 prtecipiente
774 525 1021 589 Domino,
1078 523 1352 590 delegerat
1399 519 1595 590 (Exod.
1646 521 1818 588 xxiv).
1849 515 1954 570 Alii

377 636 513 676 vero
564 619 770 680 dicunt,
827 616 1118 670 Ceretheos
1165 614 1342 666 adhuc
1389 611 1674 679 deputatus
1716 623 1855 666 esse.
1896 616 1958 662 ut

377 727 592 787 poenam
622 712 674 764 iu
696 710 805 764 reis
823 707 1191 763 exsolverent:
1221 703 1540 757 Pheletheos
1567 709 1770 765 autem,
1794 709 1854 754 ut
1879 700 1956 754 iu-

378 809 562 857 sontes
595 799 662 853 ab
689 796 1102 869 oppressoribus
1131 793 1502 848 defenderent.

449 887 619 943 Porro
653 887 752 956 ﬁlii
782 884 954 939 David
1011 883 1166 954 primi
1191 882 1259 936 ad
1293 897 1509 935 manuni
1557 881 1710 950 regis.
1741 878 1880 934 Hinc
1899 879 1953 933 in

375 983 588 1054 Regum
646 981 906 1048 scriptum
955 985 1042 1031 est
1090 976 1234 1044 quod
1275 972 1367 1029 ﬁlii
1422 973 1593 1026 David
1649 972 1956 1026 sacerdotes

376 1085 560 1131 essent
590 1073 673 1143 (Il
713 1071 838 1142 Reg.
878 1068 1037 1139 vnt);
1069 1066 1162 1122 sed
1193 1068 1260 1121 ad
1291 1082 1453 1118 unum
1502 1079 1718 1119 sensum
1762 1078 1955 1118 conve-

376 1167 456 1221 nit
483 1174 792 1231 utrumque,
821 1160 964 1230 quod
1001 1158 1090 1212 hic
1118 1156 1249 1210 dicit
1281 1154 1490 1224 primos
1526 1170 1590 1207 ex
1615 1153 1720 1206 illis
1769 1168 1955 1207 sacer-

377 1261 531 1313 dotes
583 1262 804 1325 propter
850 1249 1190 1306 nobilitatem
1237 1255 1291 1299 et
1336 1246 1655 1315 prioratum.
1714 1243 1778 1296 Hi
1830 1252 1956 1297 sunt

375 1348 542 1410 enim,
573 1344 664 1413 qui
694 1343 749 1396 in
779 1339 995 1395 Hebrou
1024 1339 1136 1392 nati
1167 1345 1312 1392 sunt.
1366 1335 1588 1405 Mystice
1627 1343 1805 1387 autem
1860 1333 1954 1386 ﬁlii

376 1435 490 1492 veri
519 1432 688 1487 David
717 1439 845 1485 sunt
873 1429 1114 1499 quinque
1165 1425 1355 1480 ﬁdeles
1387 1439 1402 1478 :
1458 1438 1594 1493 quos
1644 1423 1691 1477 ei
1725 1437 1860 1492 aqua
1901 1430 1957 1477 et

375 1525 542 1582 verbo
592 1531 781 1579 sancta
832 1521 976 1590 parit
1019 1517 1279 1574 Ecclesia.
1337 1516 1402 1570 Hi
1459 1531 1588 1571 vero
1646 1515 1950 1570 sacerdotes

2057 517 2313 572 stimenta
2341 517 2566 586 prtecisa
2605 524 2729 570 ante
2754 524 2808 569 et
2846 523 3009 569 retro.

2130 605 2234 672 Qui
2271 622 2391 659 cum
2420 606 2668 669 abissent,
2701 614 2749 658 et
2778 607 2874 657 hoc
2911 604 3238 657 nuntiassent
3268 603 3464 667 David,
3503 606 3664 658 misit

2055 698 2111 751 in
2137 713 2411 751 occursum
2440 711 2618 750 eorum
2642 709 2660 746 :
2683 695 2933 764 grandem
2955 693 3090 748 enim
3115 694 3488 748 contumeliam
3537 712 3667 749 sus—

2055 791 2359 853 tinuerant;
2393 798 2441 842 et
2478 789 2742 858 prwceplt,
2780 796 2836 839 ut
2873 795 3140 841 manerent
3171 787 3227 838 in
3273 785 3519 848 Iericho,
3556 788 3666 842 do—

2055 898 2150 936 nec
2180 890 2427 936 cresceret
2453 879 2613 934 barba
2644 897 2845 941 eorum,
2877 889 2926 933 et
2953 889 3075 932 tunc
3103 888 3511 943 reverterentur,
3545 889 3661 934 etc.

2055 971 2194 1040 Quid
2232 983 2412 1027 autem
2442 973 2559 1027 hinc
2586 971 2910 1042 signiﬁcant,
2958 971 3062 1026 nisi
3095 972 3394 1042 nequitiam
3437 973 3664 1027 diaboli

2057 1065 2314 1118 adversus
2351 1063 2691 1118 Ecclesiam?
2732 1063 2920 1117 Hauon
2964 1063 3128 1121 enim,
3176 1063 3265 1130 qui
3316 1063 3670 1134 interpreta-

2056 1163 2148 1209 tur
2175 1155 2328 1209 dolor
2355 1173 2556 1218 eorum,
2601 1156 2722 1224 quis
2765 1154 2959 1209 melius
2999 1154 3222 1220 intelligi
3265 1164 3443 1224 potest
3475 1171 3660 1226 quam

2056 1247 2320 1309 diabolus,
2347 1247 2436 1315 qui
2467 1246 2896 1300 Ammonitarum
2923 1244 3270 1312 spiritalium,
3304 1244 3354 1298 id
3385 1253 3495 1309 est,
3535 1262 3663 1300 ma-

2058 1338 2322 1408 lignorum
2373 1337 2660 1406 spirituum
2704 1345 2884 1391 rector
2923 1336 3136 1389 videtur
3172 1350 3311 1396 esse,
3341 1336 3534 1406 populi
3576 1338 3665 1390 vi-

2057 1428 2251 1483 delicet
2283 1429 2555 1493 maeroris,
2587 1436 2642 1481 et
2681 1442 2896 1496 semper
2938 1426 2991 1480 in
3048 1427 3296 1495 angustia
3337 1427 3662 1491 constituti,

2056 1534 2160 1588 qua
2188 1519 2546 1588 comprimere
2572 1517 2654 1572 vel
2681 1526 3039 1588 coangustare
3069 1518 3314 1572 homines
3334 1518 3664 1573 desiderat?

379 1616 536 1680 ﬁunt,
567 1614 659 1684 qui
703 1611 944 1669 membra
987 1609 1184 1664 summi
1233 1616 1360 1663 sunt
1383 1606 1702 1671 sacerdotis,
1732 1606 1823 1675 qui
1863 1621 1952 1660 se-
1989 1615 2030 1664 γ
2058 1611 2221 1665 Radit
2249 1625 2377 1679 ergo
2407 1608 2596 1663 Hauon
2629 1609 2850 1663 barbam
2889 1608 3166 1662 dimidiam
3207 1608 3530 1664 nuntiorum
3558 1609 3668 1664 Da-

379 1705 614 1761 cundum
644 1703 892 1761 ordinem
913 1698 1306 1754 Melchisedech
1329 1696 1568 1767 pontifex
1607 1695 1784 1751 factus
1805 1711 1953 1751 sem-
2056 1700 2167 1764 vid,
2200 1715 2321 1754 cum
2356 1699 2609 1766 antiquus
2637 1697 2808 1751 hostis
2836 1696 3192 1765 quorumdam
3223 1697 3665 1766 przedicatorum

377 1797 650 1868 piternuut
673 1793 836 1848 habet
851 1790 1212 1846 sacerdotium
1227 1784 1825 1860 (P801.CI$;Hebr.VII).
1843 1785 1954 1842 Un-
1983 1774 2030 1832 Β
2059 1792 2221 1848 Verbi
2263 1791 2357 1846 Dei
2392 1805 2701 1846 sermonem
2750 1789 2834 1843 vel
2884 1787 3348 1843 conversationem
3397 1803 3667 1842 corrum-

377 1887 444 1943 de
470 1886 663 1941 Petrus
683 1882 955 1952 apostolus
985 1881 1229 1936 scribens
1258 1880 1326 1934 ad
1370 1879 1657 1934 credentes
1693 1879 1770 1932 ait
1799 1897 1812 1931 ι
1856 1877 1957 1932 V08
2058 1886 2235 1956 pendo
2264 1882 2499 1938 maculat
2537 1888 2594 1936 et
2625 1881 2964 1935 dehonestat.
3001 1878 3250 1932 Princidit
3277 1893 3408 1948 ergo
3435 1880 3668 1934 tunicas

379 1978 503 2032 estis
528 1991 689 2046 genus
713 1973 933 2030 electum
951 2013 966 2038 ,
1001 1970 1182 2042 regale
1219 1970 1587 2035 sacerdotium,
1610 1986 1734 2040 gens
1754 1979 1958 2034 sancta,

379 2064 605 2136 poyulus
632 2064 989 2134 acquisttt'onis
1028 2061 1081 2133 (Ι
1116 2061 1258 2116 Petr.
1287 2060 1370 2133 ll).
1405 2061 1470 2114 Et
1507 2060 1635 2114 item
1667 2081 1678 2114 :
1709 2060 1844 2131 Ipsi,
1874 2061 1960 2115 in-

379 2159 516 2229 quit,
547 2166 798 2229 tanquam
844 2154 1046 2226 lapides
1081 2154 1199 2219 vivi,
1253 2153 1746 2224 superazdiﬁcamini
1774 2154 1960 2208 domus

377 2247 632 2321 spiritalis
669 2249 724 2302 in
753 2246 1104 2303 sacerdotium
1139 2255 1400 2310 sanctum,
1445 2244 1718 2313 offerentes
1744 2245 1960 2314 spirita-

378 2341 452 2398 les
517 2341 713 2396 hostias
771 2338 1114 2410 acceptabiles
1177 2336 1284 2392 Deo
1330 2353 1424 2407 per
1469 2334 1734 2390 Christum
1775 2334 1960 2389 Iesum

383 2432 596 2505 (lbid.).
630 2431 732 2498 Qui
759 2431 899 2485 bene
917 2430 1074 2499 primi
1122 2427 1190 2481 ad
1217 2444 1431 2480 manum
1460 2428 1592 2496 regis
1620 2441 1740 2480 esse
1768 2426 1962 2480 dicun-

380 2533 490 2586 tur,
523 2523 651 2592 quia
689 2521 845 2577 bouis
878 2520 1085 2575 meritis
1127 2518 1243 2587 regi
1269 2518 1480 2574 caelesti
1529 2518 1962 2588 appropinquare

381 2620 684 2675 merentur,
730 2610 786 2664 in
835 2609 1031 2679 quibus
1090 2608 1204 2678 ipse
1261 2607 1518 2661 virtutum
1545 2607 1612 2660 ad
1659 2605 1962 2676 exemplum

381 2703 504 2759 aliis
558 2700 859 2757 mirabilem
908 2706 1166 2770 operatur
1227 2696 1496 2753 effectum.
1552 2695 1764 2762 Quanto
1816 2697 1961 2750 enim

382 2797 506 2868 quis
563 2795 699 2860 ﬁde,
750 2809 869 2862 quae
920 2793 1261 2848 dilectionem
1319 2798 1598 2860 operatur,
1647 2787 1960 2858 proiecerit,

383 2896 536 2943 tanto
595 2885 926 2943 vicinitatem
988 2882 1186 2939 summi
1251 2881 1395 2952 regis
1447 2895 1512 2936 se
1565 2879 1766 2934 habere
1827 2892 1959 2948 gau-

384 2978 549 3036 debit.

982 3065 1210 3122 CAPUT
1256 3064 1398 3119 XIX.

384 3182 463 3237 De
489 3181 686 3237 Hauon
708 3181 818 3251 ﬁlio
851 3179 998 3234 Naas
1034 3180 1180 3251 regis
1209 3143 1645 3251 Ammanitarum:
1679 3175 1768 3251 qui
1790 3173 1961 3251 David

457 3255 666 3308 nuntios
708 3243 782 3304 'ad
811 3268 865 3304 se
914 3243 1156 3302 dimissos
1207 3246 1464 3315 confudit,
1517 3254 1565 3299 et
1612 3243 1744 3298 bello
1775 3245 1837 3298 ob
1867 3244 1962 3298 hoc

459 3333 640 3378 contra
667 3338 784 3374 eum
807 3321 970 3391 facto.

457 3437 499 3509 (l
534 3437 666 3492 Pan.
721 3433 859 3504 xu.)
907 3433 1109 3486 Accidit
1151 3441 1346 3494 autem,
1378 3441 1432 3484 ut
1487 3438 1776 3483 moreretur
1813 3426 1962 3481 Naas

386 3545 480 3584 rex
522 3527 753 3597 ﬁliorum
800 3526 1044 3588 Ammon,
1072 3532 1120 3576 et
1172 3530 1409 3591 regnaret
1448 3519 1591 3588 ﬁlius
1621 3520 1737 3589 ejus
1763 3535 1856 3588 pro
1879 3534 1960 3571 eo.

384 3618 635 3689 Dixitque
667 3615 836 3670 David
863 3628 881 3667 :
911 3612 1134 3673 Faciam
1161 3611 1572 3666 misericordiam
1598 3624 1714 3661 cum
1747 3607 1960 3672 Hauon,

388 3709 499 3778 ﬁlio
541 3707 737 3762 Naas:
787 3703 1026 3776 prcestitit
1065 3703 1205 3756 enim
1225 3700 1354 3754 mihi
1397 3708 1548 3770 pater
1578 3699 1692 3768 ejus
1715 3697 1960 3768 gratiam.

385 3799 530 3858 Naas
557 3797 656 3852 fuit
683 3813 778 3852 rex
815 3797 1069 3860 Ammon,
1110 3793 1201 3863 qui
1226 3792 1280 3846 in
1306 3791 1513 3861 Regum
1537 3789 1810 3851 scribitur,
1842 3803 1966 3846 cum

387 3905 495 3960 quo
519 3889 752 3956 primum
811 3885 941 3941 Saul
970 3885 1026 3939 iu
1069 3882 1384 3942 defensione
1432 3879 1610 3935 Gabes
1635 3876 1839 3933 Galaad
1862 3892 1964 3946 pu-

388 3988 592 4051 gnavit,
619 3989 672 4032 et
695 3977 826 4033 vicit
849 3992 972 4033 eum
1003 3974 1088 4048 (II
1125 3973 1254 4045 Reg.
1301 3973 1378 4044 ι).
1411 3971 1546 4038 Quia
1566 3985 1696 4040 ergo
1721 3978 1840 4024 erat
1865 3968 1968 4022 ini-

345 4051 564 4128 'tnicus
615 4069 814 4134 Saulis,
863 4069 1064 4123 idcirco
1107 4066 1333 4138 gratiam
1361 4064 1655 4134 prmstabat
1697 4062 1887 4129 David,
1919 4060 1966 4117 si

389 4161 606 4232 quando
634 4161 700 4216 ad
729 4174 852 4214 eum
878 4158 1130 4214 veniebat
1153 4155 1205 4227 (I
1234 4154 1363 4226 Reg.
1399 4154 1496 4225 xt).

461 4254 711 4324 Misitque
737 4253 906 4306 David
933 4251 1142 4306 nuntios
1171 4251 1240 4304 ad
1271 4248 1647 4304 consolandum
1672 4264 1792 4302 eum
1813 4263 1968 4317 super

389 4356 555 4403 morte
577 4346 743 4416 patris
771 4345 872 4399 sui.
903 4341 1006 4417 Qui
1057 4359 1176 4396 cum
1198 4342 1548 4412 pervenissent
1592 4341 1646 4393 in
1679 4348 1870 4392 terram
1901 4336 1968 4404 ﬁ-

389 4437 585 4493 liorum
629 4438 874 4502 Ammon,
923 4444 980 4489 ut
1025 4433 1421 4489 consolarentur
1464 4431 1680 4496 Hauon,
1720 4431 1963 4484 dixerunt

387 4529 648 4602 principes
694 4527 926 4596 ﬁliorum
956 4527 1179 4580 Ammon
1217 4526 1285 4578 ad
1330 4525 1564 4578 Hauon:
1621 4523 1698 4576 Tu
1738 4522 1964 4593 forsitan

389 4630 543 4692 putas
589 4619 728 4690 quod
751 4617 920 4672 David
947 4617 1160 4670 honoris
1194 4631 1354 4668 causa
1390 4617 1445 4668 in
1467 4624 1665 4684 patrem
1692 4624 1842 4668 tuum
1868 4613 1964 4667 mi-

390 4711 535 4774 serit,
561 4709 650 4780 qui
693 4704 1088 4761 consolarentur
1116 4715 1198 4769 te;
1249 4720 1340 4758 uec
1376 4703 1770 4768 animadvertis,
1802 4703 1963 4774 quod,

391 4811 446 4854 ut
478 4798 745 4870 explorent
768 4807 818 4852 et
849 4797 1153 4867 investigent
1184 4805 1230 4850 et
1265 4804 1561 4850 scrutentur
1581 4803 1774 4848 terram
1795 4804 1962 4860 tuam,

391 4898 639 4944 venerunt
667 4889 734 4942 ad
761 4898 809 4942 te
830 4889 962 4941 servi
982 4887 1112 4957 ejus.
1148 4887 1322 4958 Igitur
1347 4885 1541 4939 Hauon
1580 4901 1766 4955 pueros
1797 4884 1966 4939 David

398 4979 681 5032 decalvavit
710 4989 757 5032 et
791 4978 941 5042 rasit,
990 4987 1037 5032 et
1067 4976 1302 5048 prwcidit
1336 4976 1539 5029 tunicas
1565 4991 1744 5028 eorum
1772 4975 1969 5028 medias

393 5088 555 5142 usque
581 5071 650 5124 ad
681 5071 918 5140 inguina,
947 5079 996 5124 et
1017 5070 1214 5124 dimisit
1241 5087 1347 5124 eos.
1371 5069 1428 5123 lu
1451 5067 1658 5139 Regum
1686 5069 1969 5138 scriptum,

393 5162 536 5234 quod
561 5162 758 5217 raserit
779 5161 1056 5218 dimidiam
1077 5171 1288 5232 partem
1310 5163 1490 5217 barbas
1517 5177 1727 5228 eorum,
1755 5170 1810 5215 et
1835 5178 1974 5233 prae-

394 5255 590 5310 ciderit
615 5263 793 5310 vestes
818 5269 1007 5312 eorum
1029 5255 1237 5310 medias
1262 5271 1433 5324 usque
1482 5256 1550 5309 ad
1581 5265 1755 5310 uates.
1785 5255 1891 5310 Sed
1916 5255 1969 5308 iu

394 5347 840 5416 Paralipomenon
871 5345 1089 5416 legitur,
1115 5345 1259 5415 quod
1295 5345 1410 5415 ipse
1427 5345 1614 5400 Hauon
1638 5360 1834 5414 pueros
1863 5346 1970 5399 Da-

393 5437 483 5492 vid
517 5435 880 5491 decalvaverit
926 5443 983 5491 et
1032 5436 1260 5500 raserit,
1309 5444 1366 5490 et
1405 5437 1710 5506 przeciderit
1763 5438 1973 5491 tunicas

395 5542 583 5586 eorum
611 5527 818 5582 medias
870 5540 1043 5595 usque
1070 5526 1137 5578 ad
1191 5525 1410 5596 inguina
1456 5525 1539 5597 (II
1574 5523 1703 5595 Reg.
1737 5525 1814 5596 χ).
1864 5524 1975 5580 Nec

394 5631 481 5676 est
505 5621 796 5685 diversum,
835 5620 977 5690 quod
1005 5606 1298 5685 invenitur,
1333 5623 1458 5690 quia
1490 5621 1630 5690 quod
1661 5621 1715 5674 in
1747 5636 1856 5675 uno
1878 5621 1976 5674 ho-

401 5725 520 5770 min
566 5713 738 5779 deest,
790 5711 847 5771 iu
870 5711 1043 5775 altero
1096 5710 1344 5774 habetur.
1405 5711 1555 5783 Unde
1588 5711 1856 5783 colligitur
1882 5726 1975 5765 eos

1992 4481 2044 4540 D

2061 1990 2233 2046 usque
2260 1975 2329 2029 ad
2357 1973 2597 2044 inguina,
2639 1987 2760 2026 cum
2790 1971 2966 2040 turpia
3008 1968 3171 2032 facta,
3217 1984 3337 2038 quae
3375 1983 3493 2038 Ipse
3526 1985 3666 2040 per-

2061 2074 2329 2130 suaserat,
2377 2065 2431 2119 in
2476 2063 2651 2120 oculis
2693 2063 2971 2118 hominum
3016 2061 3242 2115 revelat.
3286 2059 3391 2116 Sed
3423 2076 3668 2117 necesse

2061 2165 2146 2213 est
2178 2156 2394 2219 talibus,
2423 2170 2560 2225 quos
2587 2153 2832 2210 diabolus
2871 2153 2945 2207 ita
2992 2150 3293 2216 confundit,
3337 2154 3396 2205 ut
3425 2151 3671 2208 sedeant

2061 2250 2117 2304 iu
2167 2246 2406 2310 Iericho,
2457 2247 2630 2302 donec
2679 2253 2933 2301 crescant
2981 2243 3162 2302 barbre
3196 2258 3404 2307 eorum,
3453 2243 3508 2296 id
3550 2254 3668 2308 est,

2062 2341 2172 2395 sint
2201 2338 2551 2410 opprobrium
2582 2344 2636 2392 et
2672 2335 2967 2407 ignominia
2997 2333 3299 2397 meliorum,
3338 2341 3503 2402 atque
3546 2333 3672 2389 eili-

2062 2433 2276 2487 ciantur
2317 2431 2604 2486 anathema
2633 2429 2895 2491 omnium,
2943 2425 3116 2481 donec
3143 2440 3242 2496 per
3279 2425 3523 2478 studium
3559 2426 3670 2480 bo—

2062 2537 2192 2576 num
2218 2520 2509 2575 barbarum
2540 2520 2768 2590 species,
2801 2518 2854 2571 id
2885 2526 2987 2581 est,
3020 2517 3280 2570 virtutqu
3314 2516 3670 2570 incrementa

2063 2613 2118 2666 in
2141 2613 2220 2666 eis
2246 2620 2560 2677 nascantur,
2592 2619 2646 2664 et
2675 2611 2820 2680 digni
2849 2609 3156 2663 habeantur
3181 2608 3469 2678 praesentia
3506 2610 3673 2680 regis

2065 2703 2169 2758 sui.
2209 2701 2322 2758 Nec
2365 2701 2698 2757 credendum
2727 2710 2811 2755 est
2840 2701 3050 2769 utique,
3083 2699 3226 2769 quod
3256 2698 3423 2752 David
3464 2708 3676 2754 noster

2064 2792 2265 2848 milites
2309 2808 2435 2848 suos
2460 2792 2658 2847 inultos
2703 2807 2823 2847 esse
2857 2794 3116 2862 patiatur,
3144 2792 3274 2860 quin
3307 2792 3495 2845 hostes
3530 2807 3673 2847 suos

2065 2893 2122 2940 et
2149 2885 2390 2939 exercitu
2418 2893 2744 2955 congregato
2772 2891 3010 2953 superat,
3043 2892 3095 2936 et
3129 2882 3360 2936 vindicat
3393 2879 3672 2949 injuriam

2065 2989 2307 3040 suorum,
2349 2989 2472 3028 cum
2515 2989 2622 3027 non
2657 2972 2830 3028 solum
2860 2973 3200 3027 adversarios
3229 2986 3356 3026 suos
3383 2988 3533 3027 nunc
3566 2989 3676 3044 per

2068 3074 2377 3120 sanctorum
2400 3080 2622 3120 suorum
2650 3065 2934 3120 victoriam
2963 3063 3264 3128 confundit,
3288 3063 3382 3122 sed
3403 3065 3583 3119 etiam
3613 3067 3673 3121 in

2069 3165 2314 3210 extremo
2367 3155 2568 3224 iudicio
2612 3170 2709 3226 per
2752 3156 2957 3227 justam
3008 3155 3330 3212 sententiam
3375 3158 3674 3228 perpetuis

2066 3249 2280 3320 ignibus
2306 3249 2637 3304 cruciandos
2664 3250 2860 3304 tradet.

2661 3358 2889 3414 CAPUT
2922 3358 3038 3417 XX.

2065 3471 2144 3526 De
2169 3487 2230 3542 eo
2254 3471 2393 3542 quod
2431 3470 2568 3526 Joab
2599 3472 2852 3541 percussit
2892 3471 3073 3542 Rabba
3107 3480 3156 3526 et
3201 3470 3460 3542 destruxit
3499 3487 3629 3525 eam
3648 3490 3672 3537 ;

2137 3540 2290 3611 cujus
2333 3540 2653 3611 triumphum
2683 3543 2922 3611 ascripsit
2968 3541 3055 3594 ille
3095 3542 3293 3594 nomini
3331 3540 3528 3611 David.
3592 3542 3676 3597 De

2137 3609 2285 3681 bellis
2320 3609 2502 3665 David
2525 3612 2764 3676 diversis,
2811 3609 2928 3681 quae
2969 3611 3190 3680 confecit
3239 3621 3422 3681 contra
3474 3609 3672 3665 Phili-

2137 3680 2348 3744 sthaeos,
2374 3681 2462 3734 u'bi
2487 3691 2534 3734 et
2563 3683 2796 3753 gigantes
2825 3680 3079 3752 quosdam
3107 3680 3385 3750 interfecit.

2141 3792 2183 3866 (ι
2211 3793 2344 3849 Ρη.
2370 3795 2489 3868 xx.)
2530 3795 2757 3850 Factum
2780 3805 2853 3849 est
2879 3805 3053 3848 autent
3078 3804 3192 3866 post
3225 3795 3349 3847 anni
3388 3794 3670 3854 circulum

2067 3903 2130 3940 eo
2153 3896 2403 3959 tempore,
2439 3905 2542 3960 quo
2575 3888 2742 3944 solent
2775 3904 2916 3963 reges
2946 3887 3016 3942 ad
3048 3886 3182 3942 bella
3205 3886 3504 3958 procedere,
3534 3904 3675 3942 con-

2068 3979 2299 4049 gregavit
2335 3978 2472 4034 Joab
2505 3980 2790 4034 exercitum
2823 3987 2870 4031 et
2911 3977 3069 4030 robur
3097 3975 3317 4038 militiw,
3355 3985 3401 4028 et
3434 3979 3670 4032 vastarit

2071 4083 2268 4130 terram
2293 4071 2528 4141 ﬁliorum
2555 4069 2797 4122 Ammon.
2829 4067 2882 4121 In
2915 4066 3143 4121 Hebrzeo
3177 4065 3250 4118 ita
3293 4064 3490 4137 legitur
3522 4085 3537 4119 :
3580 4066 3667 4127 Eo

2067 4175 2295 4234 tempore
2336 4177 2437 4231 quo
2468 4175 2610 4229 reges
2651 4157 2720 4211 ad
2758 4156 2891 4211 bella
2927 4165 3302 4227 processerant.
3349 4154 3460 4209 Hos
3493 4171 3666 4226 reges

2069 4258 2230 4322 dicit,
2266 4255 2357 4324 qui
2399 4262 2782 4324 processerunt
2825 4259 3012 4305 contra
3062 4250 3229 4305 David
3276 4249 3328 4303 in
3370 4265 3667 4320 pugnam:

2071 4349 2280 4404 scilicet
2307 4361 2487 4418 regem
2524 4343 2678 4399 Roob
2709 4352 2764 4396 et
2789 4343 2931 4397 lstob
2957 4351 3012 4396 et
3039 4340 3180 4396 Seba
3215 4349 3270 4394 et
3305 4339 3519 4403 Macha,
3564 4342 3668 4410 qui

2071 4439 2258 4508 utique
2308 4451 2462 4507 reges
2509 4435 2682 4506 Syria:
2727 4432 2946 4487 fuerunt
2989 4441 3043 4486 et
3084 4445 3322 4504 pugnare
3365 4429 3673 4493 voluerunt

2073 4529 2325 4585 conducti
2357 4513 2660 4582 mercede'a
2689 4540 2813 4596 rege
2848 4523 3005 4579 Moab
3044 4533 3231 4579 contra
3263 4521 3456 4587 David,
3487 4539 3517 4576 a
3547 4540 3670 4594 quo

2074 4619 2390 4690 triumphati
2415 4633 2538 4674 esse
2561 4617 2834 4684 leguntur.

2146 4708 2487 4780 Perrexitque
2515 4718 2562 4761 et
2598 4707 2796 4760 obsedit
2826 4703 3028 4757 Rabba.
3070 4702 3237 4756 Porro
3273 4711 3448 4755 autem
3482 4701 3666 4760 David

2074 4801 2313 4854 manebat
2335 4801 2389 4854 in
2411 4797 2733 4861 Jerusalem,
2764 4795 2974 4866 quando
2998 4794 3132 4848 Joab
3161 4795 3414 4863 percussit
3444 4793 3664 4862 Rabba,

2075 4901 2122 4945 et
2151 4890 2406 4944 destruxit
2443 4905 2577 4942 eam.
2614 4885 2755 4944 Tulit
2796 4895 2967 4938 autent
3007 4883 3176 4938 David
3217 4899 3467 4936 coronam
3513 4881 3668 4937 Μει-

2074 4981 2224 5034 chom
2248 4979 2312 5032 de
2334 4977 2499 5049 capite
2528 4977 2664 5046 ejus,
2690 4986 2736 5028 et
2773 4976 2964 5028 invenit
3009 4974 3061 5027 in
3105 4989 3164 5026 ea
3206 4972 3325 5025 auri
3371 4972 3550 5041 pondo
3585 4983 3669 5026 ta-

2073 5069 2288 5132 lentum,
2331 5079 2378 5122 et
2413 5067 2814 5138 pretiosissimas
2852 5080 3101 5134 gemmas,
3142 5063 3362 5133 fecitque
3398 5061 3499 5114 sibi
3533 5063 3667 5118 inde
3727 5085 3733 5088 ·

2074 5159 2340 5222 diadema,
2364 5166 2472 5211 etc.
2501 5155 2760 5210 Melchom
2787 5155 2984 5231 quippe
3010 5169 3116 5207 non
3149 5168 3343 5208 nomen
3370 5153 3666 5223 proprium

2073 5261 2159 5306 est
2206 5252 2349 5322 regis
2387 5268 2400 5304 :
2439 5251 2533 5305 sed
2584 5248 2847 5303 Melchom
2893 5248 3280 5324 interpretatur
3319 5261 3410 5298 rex
3443 5261 3659 5300 eorum.

2076 5343 2192 5398 Rex
2224 5358 2408 5398 eorum
2445 5351 2692 5405 vocatur,
2734 5350 2794 5393 ut
2827 5339 3035 5394 Hebraei
3065 5337 3272 5401 volunt,
3305 5335 3506 5391 idolum
3536 5336 3667 5391 illo-

2076 5452 2220 5499 rum,
2265 5435 2406 5504 quod
2438 5436 2527 5488 hic
2551 5442 2777 5489 vocatur
2806 5431 3089 5494 Melchom,
3123 5430 3288 5499 Cujus
3329 5429 3666 5485 diadematis

2075 5541 2265 5579 aurum
2295 5535 2349 5578 ct
2371 5540 2614 5593 gemmas
2647 5521 2911 5578 couﬁasse
2947 5530 3001 5576 et
3030 5536 3287 5592 purgasse
3318 5519 3518 5574 dicitur
3557 5518 3665 5572 Da-

2075 5619 2162 5671 vid
2207 5616 2500 5671 secundum
2548 5616 2738 5686 legem,
2778 5623 2834 5668 et
2871 5614 3064 5668 fecisse
3094 5613 3217 5667 inde
3247 5611 3348 5666 sibi
3381 5611 3662 5672 diadema.

2078 5709 2321 5764 'l‘raduut
2361 5708 2579 5778 insuper
2615 5707 2850 5774 Hebraei,
2877 5706 3004 5778 quia
3035 5705 3280 5763 illicitum
3303 5714 3421 5762 erat
3443 5703 3659 5768 homini
