3870 6146
287 345 394 403 375

1213 341 1565 419 ΟΟῌΜΕΝΤ.
1605 343 1670 400 ΙΝ
1710 344 2262 402 PARALIPOMENA.
2305 376 2374 387 ι-
2411 344 2541 403 LIB.
2580 345 2642 402 ll.

3444 354 3549 410 Sil.

286 455 471 512 Iudaeo
497 453 573 510 de
592 453 752 512 idolis
785 452 989 524 aliquid
1013 455 1129 509 auri
1154 465 1407 527 appetere
1431 466 1488 512 et
1513 459 1718 529 argenti
1746 473 1869 528 pro-
1898 465 1949 521 Α
1974 458 2201 513 leemites
2230 459 2447 528 fratrem
2479 457 2687 516 Goliam
2709 460 2932 530 Getlwei,
2961 463 3116 530 cuius
3150 465 3316 520 hasne
3353 466 3550 536 lignum

287 557 408 618 pter
434 545 571 615 legis
594 555 885 616 praecepta,
913 559 1032 616 quae
1058 555 1246 602 vetant
1287 548 1648 603 idololatriam
1674 565 1688 613 ;
1729 551 1872 619 quod

288 635 421 691 ltbai
445 635 643 700 Ethus,
675 638 767 706 qui
810 638 875 692 de
916 648 1073 708 gente
1111 639 1552 695 Philisthinorum
1589 640 1654 694 ad
1702 640 1872 694 David

286 737 530 791 venerat,
571 728 821 783 diadema
849 730 1133 800 diripuerit
1168 732 1234 785 de
1263 733 1442 802 capite
1483 731 1771 798 Melcbom,
1813 742 1872 787 ut

285 820 470 876 liceret
496 821 609 892 regi
653 819 880 875 Hebraeo
909 821 975 876 de
1009 838 1168 876 manu
1209 824 1442 878 hominis
1475 839 1693 894 capere,
1728 825 1869 894 quod

285 913 349 967 de
374 913 556 982 capite
583 911 714 966 idoli
745 926 856 966 non
881 911 1099 967 licebat.
1136 912 1368 968 Victoria
1401 923 1582 968 autem
1621 914 1733 968 hmo
1767 914 1872 967 Da-

283 1006 368 1061 vid
398 1005 454 1060 in
491 1005 844 1070 Ammonitis,
883 1020 1044 1076 quam
1073 1006 1188 1060 dux.
1209 1022 1340 1061 suus
1362 1006 1614 1061 bellando
1651 1007 1870 1061 inchoa-

283 1097 378 1163 vit,
402 1097 501 1151 sed
530 1097 645 1166 ipse
678 1109 779 1150 rex.
817 1095 1065 1166 perfecit,
1097 1096 1228 1166 quid
1255 1097 1542 1166 signiﬁcat,
1586 1098 1691 1152 nisi
1729 1098 1870 1169 regis

284 1189 452 1243 nostri
481 1187 769 1242 victoriam
797 1188 851 1241 in
872 1187 1084 1242 cunctis
1120 1183 1407 1257 gentibus?
1441 1186 1558 1241 Dux
1587 1188 1732 1242 enim
1765 1187 1868 1240 Da-

283 1279 367 1334 vid
413 1288 607 1334 contra
631 1280 817 1333 hostes
848 1277 1045 1332 bellum
1079 1279 1208 1349 agit,
1235 1293 1360 1333 cum
1389 1278 1522 1334 ordo
1550 1278 1868 1347 praedicato-

283 1385 399 1426 rum
433 1379 753 1425 sanctorum
782 1377 970 1425 contra
995 1370 1182 1425 mundi
1209 1378 1458 1441 potentes
1493 1379 1706 1426 scutum
1743 1371 1865 1426 ﬁdei

281 1463 521 1535 opponit,
567 1463 664 1517 sed
697 1463 822 1518 ﬁnis
849 1465 1180 1530 certaminis,
1224 1474 1284 1519 et
1307 1466 1614 1535 triumphus
1643 1465 1765 1520 belli
1797 1466 1865 1520 ad

280 1570 460 1624 regem
487 1555 770 1610 Christum
809 1555 1144 1612 solummodo
1183 1556 1597 1627 defertur,.quia
1624 1559 1726 1628 ipsi
1751 1574 1863 1612 om-

279 1646 362 1699 nis
387 1653 634 1716 potestas
667 1657 729 1701 et
762 1648 999 1716 potentia
1045 1649 1198 1718 regni
1243 1649 1562 1704 aseribitur.
1602 1649 1744 1704 Deus
1789 1659 1866 1704 est

277 1738 414 1789 enim
438 1737 761 1804 (secundum
790 1738 1128 1812 Apostolum)
1167 1741 1257 1812 qui
1287 1751 1536 1810 operatur
1564 1741 1618 1794 in
1645 1743 1792 1795 nobis
1813 1753 1862 1796 et

1975 558 2088 602 erat
2106 549 2257 618 quasi
2283 549 2600 604 liciatorium
2625 553 2927 606 terentium.
2960 552 3061 608 Ubi
3091 565 3274 609 autem
3301 556 3389 611 hic
3419 558 3552 612 scri-

1973 648 2125 710 ptum
2158 649 2260 707 est,
2329 642 2627 695 Adeodatus
2649 642 2791 710 ﬁlius
2805 644 3007 710 Saltus,
3033 647 3087 700 in
3110 646 3334 701 Hebraeo
3364 650 3552 704 dicunt

1976 770 1990 784 .
2033 770 2046 782 .
2091 771 2104 784 .
2151 771 2164 784 .
2209 771 2222 784 .
2264 769 2280 787 .
2324 770 2338 783 .
2384 731 2658 785 .Eleanan
2702 732 2845 788 ﬁlius
2877 733 3023 799 Jare,
3055 737 3197 805 quod
3230 739 3551 808 interpreta-

1973 829 2061 874 tur
2105 820 2294 875 saltus.
2343 820 2400 875 ln
2438 821 2640 893 Regum
2684 838 2900 894 quoque
2942 825 3008 880 de
3049 826 3151 880 hoc
3193 827 3332 881 bello
3371 829 3551 884 taliter

1969 913 2209 982 legitur:
2241 911 2471 966 Tertium
2521 912 2710 966 bellum
2762 915 2863 983 fuit
2892 917 2949 970 in
2989 915 3100 972 Gob
3147 928 3330 980 contra
3380 918 3551 974 Phili-

1969 1006 2176 1068 stharos,
2205 1006 2260 1060 in
2283 1021 2386 1075 quo
2412 1007 2666 1076 percussit
2699 1007 2998 1062 Adeodatus
3018 1010 3161 1078 ﬁlius
3190 1010 3373 1065 Saltus
3408 1010 3551 1066 Poli-

1969 1099 2210 1152 mitarius
2242 1097 2603 1151 Bethleemites
2624 1097 2834 1153 Goliath
2864 1097 3152 1167 Getlueum,
3182 1104 3334 1173 cujus
3362 1103 3550 1158 hastile

1968 1188 2136 1242 hasta:
2174 1196 2288 1242 erat
2328 1189 2480 1258 quasi
2515 1187 2836 1243 liciatorium
2869 1193 3150 1246 terentium
3201 1194 3410 1265 (Ibid.).
3450 1195 3548 1250 He-

1968 1277 2145 1332 braeus
2186 1291 2315 1346 ergo
2343 1278 2407 1331 de
2431 1276 2707 1332 Adeodato
2757 1279 2827 1334 ita
2875 1283 3118 1349 exponit,
3175 1283 3400 1338 dicens:
3434 1281 3543 1339 Gob

1967 1367 2104 1420 enim
2128 1367 2521 1436 interpretatur,
2555 1367 2731 1423 locus,
2753 1369 2960 1425 Idcirco
2979 1370 3156 1438 lacus,
3173 1374 3301 1442 quia
3330 1375 3471 1429 sicut
3495 1377 3549 1430 in

1967 1459 2143 1513 lacum
2187 1457 2400 1512 leonum
2428 1460 2550 1530 quis
2576 1461 2828 1527 mittitur,
2874 1462 2945 1515 ita
2974 1465 3324 1533 semetipsum
3361 1476 3548 1521 contra

1968 1553 2180 1609 Goliath
2227 1554 2396 1608 David
2438 1554 2604 1608 misit.
2639 1554 2939 1609 Adeodatus
2969 1555 3084 1626 ipse
3113 1564 3196 1610 est
3224 1555 3392 1610 David
3420 1576 3431 1610 :
3468 1557 3546 1611 id-

1966 1644 2113 1698 circo
2155 1644 2353 1700 dicitur
2395 1644 2718 1710 Adeodatus,
2765 1647 2890 1715 quia
2931 1661 2961 1700 a
2999 1646 3109 1700 Deo
3144 1646 3348 1702 electus
3381 1647 3546 1702 estin

1967 1750 2215 1806 regnum.
2241 1733 2413 1790 Filius
2437 1735 2776 1806 Saltus,quia
2801 1738 2867 1792 de
2894 1736 3056 1802 saltu,
3087 1737 3176 1792 ubi
3202 1751 3331 1792 oves
3364 1752 3550 1807 pasee-

277 1826 402 1880 eelle
427 1837 477 1879 et
501 1826 750 1897 perﬁcere
769 1844 863 1897 pro
894 1827 1028 1881 bona
1057 1829 1324 1884 voluntate
1357 1829 1524 1901 (Phil.
1549 1830 1630 1902 ιι).
1657 1831 1726 1885 Et
1750 1833 1860 1900 ipse
1892 1813 1935 1871 Β
1965 1827 2076 1890 bat,
2103 1835 2187 1881 est
2218 1827 2837 1891 eductus,Polimitarius
2861 1849 2886 1898 ;.
2908 1831 3035 1900 quia
3072 1831 3142 1885 de
3163 1845 3359 1902 genere
3389 1831 3550 1886 Bese-

275 1921 565 1990 triumphat
601 1937 695 1974 nos
723 1921 778 1974 in
813 1920 1022 1976 Christo
1060 1923 1187 1976 Iesu
1223 1921 1308 1995 (ΙΙ
1331 1921 1452 1977 Cor.
1480 1924 1562 1994 ιι).
1588 1924 1859 1978 Coronam

274 2026 399 2083 ergo
429 2011 576 2083 regis
615 2014 798 2082 populi
844 2015 1062 2069 hostilis
1107 2015 1276 2070 David
1319 2017 1386 2071 de
1426 2018 1604 2086 capite
1637 2018 1775 2080 tulit.
1807 2028 1862 2072 et

274 2104 493 2158 sibimet
553 2105 805 2160 diadema
862 2106 986 2160 inde
1035 2106 1316 2173 formavit,
1364 2124 1488 2162 eum
1534 2107 1863 2178 Redemptor

273 2207 460 2252 noster
485 2212 554 2252 ex
582 2197 855 2251 contraria
883 2205 1149 2267 potestate
1179 2214 1402 2268 regnum
1427 2197 1703 2263 auferens,
1732 2199 1863 2253 sibi-

271 2298 380 2342 met
423 2289 636 2360 insigne
679 2288 941 2344 decorum
984 2289 1215 2360 paravit.
1262 2289 1392 2356 Qua:
1419 2299 1512 2344 aut
1542 2290 1734 2345 melius
1765 2305 1859 2343 co-

271 2397 403 2436 noua
447 2381 621 2436 David
671 2382 1007 2452 intelligitur,
1049 2398 1213 2454 quam
1249 2393 1547 2439 conventus
1568 2383 1740 2453 plebis
1771 2398 1860 2437 ca-

271 2471 506 2537 tholicze,
540 2487 661 2541 quae
699 2482 862 2542 caput
901 2481 1168 2538 nostrum,
1208 2489 1391 2544 regem
1430 2475 1680 2530 videlicet
1706 2474 1859 2531 Chri-

271 2574 435 2628 stum,
471 2565 640 2619 corde
679 2565 896 2620 credulo
937 2565 1193 2620 nobiliter
1227 2566 1419 2631 ambit,
1463 2574 1517 2620 et
1546 2568 1703 2639 digne
1733 2585 1860 2623 con-

267 2671 497 2711 versaris
541 2656 800 2735 decenter
840 2657 1097 2712 coronat?
1142 2657 1329 2713 Omnis
1369 2659 1514 2713 enim
1549 2669 1856 2714 sanctorum

267 2747 422 2802 labor
460 2755 519 2802 et
561 2756 838 2801 certamen
865 2759 1028 2816 atque
1056 2748 1285 2803 victoria
1312 2749 1378 2803 ad
1405 2749 1664 2803 honorem
1696 2749 1860 2804 caele-

267 2838 362 2892 stis
391 2838 542 2908 regis
565 2836 822 2902 refertur,
845 2838 972 2908 quia
1003 2839 1116 2909 ipse
1140 2849 1244 2904 est,
1286 2841 1371 2894 cui
1414 2857 1563 2894 omne
1603 2857 1737 2910 genu
1771 2843 1859 2910 [le-

265 2932 460 2995 ctitur,
497 2930 812 2995 caelestium,
861 2933 1186 2986 terrestrium
1227 2941 1383 3005 atque
1423 2935 1772 3003 infernarum,
1809 2945 1857 2990 et

267 3021 436 3075 omnis
458 3020 644 3090 lingua
665 3021 960 3090 conﬁtetur,
988 3023 1115 3093 quia
1142 3023 1398 3078 Dominus
1421 3023 1577 3078 Iesus
1607 3025 1661 3078 in
1687 3025 1856 3096 gloria

263 3121 334 3164 est
362 3110 461 3164 Dei
492 3107 860 3182 PatrisKPhil.
885 3113 966 3181 ιι).
992 3112 1201 3168 Rabath
1231 3129 1361 3185 ergo
1382 3115 1574 3170 civitas
1597 3125 1680 3170 est
1703 3117 1851 3184 regni

261 3202 675 3272 Anunon,,qu:e
707 3218 851 3257 nunc
880 3200 1251 3274 Philadelphia
1280 3214 1525 3271 vocatur,
1561 3207 1712 3274 cujus
1743 3222 1854 3261 me-

262 3295 420 3350 minit
447 3303 516 3350 et.
544 3293 812 3350 leremias
847 3297 1108 3367 propheta
1141 3296 1274 3368 (Ier.
1313 3297 1484 3368 χιιι).
1537 3299 1854 3368 Interpreta-

264 3397 349 3441 tur
384 3403 522 3457 ergo
567 3387 838 3451 Rabbath,
888 3387 1061 3441 multi.
1110 3387 1178 3442 Et
1213 3386 1460 3443 Salvator
1483 3389 1536 3443 in
1564 3389 1852 3460 Evangelio

263 3477 391 3532 dicit
423 3497 436 3531 :
474 3477 621 3543 Quia
657 3478 808 3531 multi
837 3479 1036 3545 venient
1064 3481 1135 3540 ab
1164 3477 1376 3533 Oriente
1404 3489 1453 3533 et
1476 3477 1774 3546 Occidente,
1802 3491 1852 3535 et

265 3569 562 3624 recumbent
600 3585 720 3622 cum
762 3568 1028 3624 Abraham
1063 3581 1110 3624 et
1151 3567 1307 3624 Isaac
1335 3579 1382 3624 et
1417 3569 1582 3624 Iacob
1612 3573 1664 3625 in
1695 3588 1850 3642 regno

263 3660 512 3713 calorum
534 3659 752 3732 (Matth.
791 3662 930 3734 vin).

327 3749 580 3806 Post/uec
608 3751 797 3806 initum
818 3763 892 3806 est
919 3742 1110 3808 bellum
1133 3755 1189 3808 in
1212 3753 1382 3809 εἶπεν
1416 3755 1695 3811 adversum
1723 3755 1852 3810 Phi-

263 3839 492 3896 listlueos
527 3843 581 3896 in
605 3859 709 3913 quo
739 3845 991 3914 percussit
1021 3843 1280 3900 Sobochai
1310 3845 1619 3902 Husathites
1651 3846 1850 3919 Saphai

263 3935 321 3989 de
337 3953 532 4006 genere
559 3935 842 4007 Raphaim,
866 3949 915 3992 et
932 3939 1223 3995 humiliavit
1246 3957 1355 3994 eos.
1374 3941 1448 3995 De
1471 3941 1574 3995 hoc
1595 3941 1736 3995 bello
1757 3939 1849 3994 Jo-

262 4029 460 4096 sephus
486 4028 545 4081 in
589 4027 729 4082 libro
759 4045 832 4082 vu
872 4029 1222 4084 historiarum
1261 4046 1481 4085 suarum
1519 4032 1592 4085 ita
1622 4041 1843 4085 narrat:

268 4137 284 4170 ι
308 4119 779 4175 Convenientibus
817 4121 999 4190 itaque
1033 4121 1344 4177 Palaestinis-
1366 4121 1418 4174 in
1450 4119 1632 4177 Gazer
1649 4123 1848 4178 civita-

263 4221 398 4278 tem,
455 4212 687 4266 audiens
723 4212 824 4266 hoc
859 4228 953 4266 rex
995 4212 1144 4267 misit
1185 4226 1347 4282 super
1388 4228 1484 4268 eos
1523 4215 1845 4269 exercitum.

263 4304 402 4359 lutra
433 4319 578 4374 quos
622 4311 748 4356 tunc
783 4303 1078 4358 debellator
1111 4306 1346 4375 optimus
1373 4307 1601 4372 exstitit,
1641 4314 1696 4362 et
1725 4322 1849 4376 pro-

262 4396 542 4450 batissima
598 4395 872 4448 dimicavit
918 4394 1099 4450 Sabba
1145 4395 1399 4461 Cheteus,
1439 4397 1531 4468 qui
1559 4406 1676 4452 erat
1711 4415 1847 4453 unus

260 4487 685 4541 fortissimorum
739 4485 926 4540 David.
969 4486 1066 4541 llic
1109 4487 1254 4541 enim
1283 4487 1481 4543 multos
1506 4489 1744 4544 hostium
1766 4491 1846 4544 in-

260 4577 432 4649 clytus
487 4577 796 4641 interemit,
839 4585 894 4632 et
934 4577 1136 4647 prolem
1178 4578 1450 4649 gigantum
1484 4578 1646 4634 nimis
1677 4581 1844 4634 audae

261 4676 340 4730 cia
359 4692 476 4734 suae
489 4671 712 4727 virtutis
735 4669 1140 4726 etfortitudinis
1191 4669 1575 4725 exsultantium
1623 4686 1843 4740 supera~

258 4767 364 4830 vit,
404 4763 616 4832 fuitque
657 4761 893 4815 victoria:
933 4759 1095 4830 hujus
1129 4770 1319 4816 auctor
1344 4762 1484 4832 apud
1515 4761 1790 4817 Hebrzeos.
1820 4783 1838 4814 ι

259 4858 410 4924 Quod
443 4864 628 4910 autem
657 4854 788 4909 dicit
813 4871 825 4906 :
851 4851 918 4908 In
943 4870 1046 4924 quo
1077 4855 1326 4924 percussit
1360 4851 1622 4908 Sabochai
1665 4852 1845 4908 Παδα-

258 4951 411 5004 thites
436 4943 683 5017 Ziphaim
709 4945 773 4998 de
797 4961 980 5014 genere
1012 4944 1312 5015 Raphaim:
1344 4945 1398 4998 in
1430 4944 1634 5014 Regum
1675 4945 1844 5017 serip-

257 5047 374 5092 tum
395 5046 482 5092 est
503 5037 571 5090 de
593 5035 760 5103 stirpe
781 5033 1015 5104 Arapha,
1041 5034 1166 5102 quia
1191 5034 1284 5088 ﬁlii
1307 5044 1465 5089 erant
1484 5034 1663 5104 Orphe
1677 5052 1846 5091 nurus

257 5127 450 5184 Noemi
499 5126 567 5180 de
607 5133 750 5179 terra
798 5122 953 5178 Moab
979 5122 1063 5195 (II
1090 5123 1220 5194 Reg.
1246 5123 1380 5195 XXI).
1413 5125 1480 5178 Et
1505 5123 1646 5196 quod
1676 5121 1847 5178 Gazer

256 5220 317 5273 in
347 5216 796 5286 Paralipomenon
822 5216 1098 5281 scribitur,
1134 5215 1190 5270 in
1220 5215 1427 5286 Regum
1462 5217 1721 5285 scriptum
1763 5225 1847 5270 est

257 5309 317 5360 in
363 5304 474 5360 Gob
511 5305 723 5377 (Ibid.).
767 5304 901 5360 Nam
941 5304 1060 5360 Gob
1105 5307 1498 5377 interpretatur
1540 5306 1687 5361 lacus
1728 5307 1845 5362 sive

254 5401 484 5455 locusta.
526 5401 705 5457 Gazer
746 5401 1134 5470 interpretatur
1183 5403 1467 5466 ordinatio,
1507 5402 1611 5457 hoc
1643 5401 1848 5474 signiﬁ-

253 5508 414 5558 cans,
440 5493 581 5548 sicut
601 5493 823 5548 locustaa
846 5491 1093 5558 herbam,
1124 5493 1199 5546 ita
1221 5493 1315 5546 ﬁlii
1339 5494 1569 5564 Araphaa
1594 5494 1848 5550 delebant

255 5583 446 5639 Israel.

337 5676 490 5731 Aliud
531 5693 740 5748 quoque
786 5676 974 5730 bellum
1019 5688 1222 5747 gestum
1257 5687 1332 5730 est
1361 5678 1640 5732 adversum
1675 5674 1845 5730 Phili-

254 5771 462 5835 stlta'as,
491 5774 546 5826 in
565 5788 672 5842 quo
693 5771 946 5842 percussit
1019 5770 1314 5827 Adeodatus
1335 5770 1476 5838 ﬁlius
1488 5767 1662 5825 Saltus
1691 5768 1842 5824 Beth-

1881 3160 1924 3222 C

1966 1918 2048 1973 led
2071 1927 2247 1973 mater
2267 1917 2382 1986 ejus
2405 1917 2523 1973 fuit.
2548 1920 2920 1985 Bcthleemites,
2951 1921 3075 1992 quia
3103 1920 3291 1977 Noemi
3319 1929 3375 1976 et
3401 1922 3545 1975 Ruth

1966 2019 2208 2077 tempore
2232 2009 2498 2064 ubertatis
2528 2025 2758 2065 reversa:
2782 2021 2908 2066 sunt
2929 2012 2981 2065 in
3010 2013 3308 2077 Bethleem,
3337 2021 3391 2067 et
3417 2013 3542 2082 quia

1962 2099 2118 2170 panis
2148 2114 2308 2154 causa
2354 2101 2497 2155 Ruth
2545 2101 2685 2155 Booz
2732 2111 2859 2156 nota
2909 2112 3010 2166 est,
3064 2111 3354 2172 propterea
3402 2104 3543 2158 idem

1961 2189 2114 2244 locus
2137 2189 2322 2244 domus
2350 2192 2503 2260 panis
2534 2202 2758 2246 vocatus
2779 2201 2880 2246 est.
2907 2192 3060 2258 Quod
3090 2209 3218 2247 vero
3237 2193 3546 2248 Adeodatus

1963 2281 2078 2350 ipse
2107 2281 2176 2335 sit
2207 2281 2395 2346 David,
2424 2284 2704 2351 sequentia
2731 2282 3030 2348 declarant,
3059 2284 3152 2338 ubi
3187 2285 3302 2338 ait:
3333 2283 3405 2338 Hi
3435 2286 3545 2338 nati

1961 2380 2081 2424 sunt
2132 2369 2196 2424 de
2238 2370 2445 2441 Arepha
2488 2373 2543 2424 in
2587 2369 2752 2438 Geth,
2813 2381 2862 2426 et
2908 2374 3203 2427 ceciderunt
3247 2375 3303 2428 in
3354 2391 3544 2429 atauus

1961 2459 2131 2514 David
2185 2469 2233 2514 et
2281 2477 2547 2515 servorum
2610 2463 2744 2532 ejus.
2811 2461 2980 2517 Judaei
3036 2479 3270 2533 namque
3326 2481 3541 2536 quoque

1960 2554 2099 2608 hanc
2150 2553 2424 2624 Arapham
2478 2563 2704 2608 matrem
2752 2556 3064 2626 gigantum,
3122 2554 3389 2625 Orphan).
3444 2573 3537 2611 nu-

1961 2663 2082 2700 rum
2133 2645 2321 2702 Noemi
2369 2661 2491 2703 esse
2536 2648 2916 2703 arbitrantur:
2949 2649 3092 2704 sicut
3144 2663 3306 2718 supra
3358 2657 3540 2703 osten-

1960 2740 2157 2795 dimus.

2031 2828 2134 2885 Sed
2164 2839 2212 2883 et
2241 2829 2388 2884 aliud
2417 2831 2604 2884 bellant
2656 2831 2846 2885 accidit
2896 2833 2962 2886 in—
3005 2830 3158 2898 Gelli,
3209 2837 3263 2888 in
3299 2850 3403 2904 quo
3441 2835 3544 2904 fuit

1957 2921 2110 2974 homo
2148 2920 2502 2992 longissimus,
2531 2922 2725 2976 habens
2751 2923 2941 2992 digitos
2979 2941 3154 2988 senos,
3179 2925 3232 2978 id
3260 2935 3358 2990 est,
3386 2925 3545 2980 simul

1958 3016 2141 3087 viginti
2160 3023 2386 3086 quatuor
2409 3029 2426 3066 :
2449 3016 2542 3086 qui
2559 3025 2606 3068 et
2637 3016 2701 3069 de
2730 3015 2914 3086 Rapina
2935 3017 3095 3086 stirpe
3119 3027 3394 3088 generatus
3424 3018 3542 3086 {ue-

1959 3117 2062 3160 rat.
2096 3104 2199 3159 Hic
2227 3104 2597 3175 blaspltemarit
2636 3105 2824 3170 Israel,
2863 3119 2910 3161 et
2935 3109 3189 3178 percussit
3227 3125 3346 3163 cum
3380 3109 3541 3163 Iona-

1957 3197 2080 3250 than
2104 3195 2248 3264 ﬁlius
2277 3195 2494 3262 Samae,
2529 3197 2712 3267 fratris
2737 3198 2926 3252 David.
2953 3198 3029 3254 De
3058 3199 3161 3253 hoc
3197 3199 3356 3263 bello,
3383 3197 3537 3255 lose-

1953 3291 2092 3360 phus
2133 3290 2206 3344 ita
2247 3292 2479 3346 scribit:
2517 3311 2534 3341 ‹
2563 3291 2730 3346 Paulo
2769 3293 3038 3362 siquidem
3087 3305 3330 3364 tempore
3369 3295 3536 3352 Palm-

1954 3380 2080 3434 stini
2113 3381 2472 3449 quiescentes,
2516 3382 2693 3437 denuo
2716 3393 2893 3439 castra
2917 3393 3213 3454 posuerunt
3238 3386 3389 3439 circa
3411 3385 3539 3440 civi-

1954 3481 2150 3534 tatem,
2193 3488 2313 3542 qum
2341 3483 2459 3528 erat
2493 3491 2598 3529 non
2634 3476 2788 3547 longe
2827 3492 2859 3530 a
2903 3476 3099 3532 ﬁnibus
3134 3477 3482 3532 Hebmorum
3514 3495 3528 3531 :

1953 3572 2180 3635 eratque
2224 3565 2364 3620 inter
2401 3582 2494 3622 eos
2532 3570 2617 3622 vir
2653 3570 2970 3639 proteritate
3005 3572 3222 3640 quidem
3259 3586 3349 3626 sex
3388 3571 3540 3627 cubi-

1953 3664 2150 3722 torum,
2193 3657 2396 3712 habens
2441 3659 2603 3714 etiam
2647 3660 2844 3732 digitos
2878 3661 2930 3715 in
2976 3672 3204 3731 utroque
3241 3661 3395 3730 pede,
3438 3677 3537 3718 ne:

1951 3764 2057 3803 non
2095 3757 2150 3802 et
2186 3764 2347 3804 manu
2372 3791 2386 3814 ,
2421 3766 2528 3806 uno
2569 3751 2686 3823 plus
2725 3767 2884 3820 quam
2920 3753 3057 3807 solet
3081 3764 3274 3806 tiatura
3300 3767 3525 3808 conces-

1952 3844 2111 3908 sisse,
2155 3843 2258 3898 hoc
2293 3853 2407 3907 est,
2455 3859 2613 3899 senos
2641 3864 2652 3897 :
2687 3855 2984 3914 contraque
3029 3860 3242 3898 murum
3269 3844 3336 3900 de
3368 3859 3529 3900 exet»-

1951 3934 2060 3988 citu
2098 3933 2266 3987 David
2307 3932 2566 3988 Jouathes
2613 3934 2754 3989 ﬁlius
2793 3934 2984 3990 Sanies
3027 3950 3292 4006 pugnans,
3342 3951 3408 3990 eo
3443 3937 3536 3991 de-

1951 4027 2114 4090 victo,
2154 4027 2318 4080 totius
2356 4027 2596 4080 victoriae
2637 4027 2864 4082 ell'ectus
2909 4027 3158 4082 mammae
3199 4027 3382 4094 gloria:
3423 4029 3537 4084 cul-

1950 4132 2074 4171 men
2119 4118 2348 4188 accepit.
2399 4117 2536 4171 Nam
2563 4126 2619 4173 et
2645 4117 2732 4172 ille.
2762 4117 3080 4172 Palaestinus
3113 4118 3444 4188 gloriabatur
3474 4135 3529 4174 se

1951 4210 2018 4265 de
2062 4209 2210 4279 prole
2257 4211 2530 4280 gigantum
2577 4211 2812 4264 existere
2862 4228 2874 4262 :
2922 4217 3044 4278 post
3085 4223 3246 4277 quam
3297 4223 3510 4278 pugnau

1951 4314 2293 4370 nequaquam
2332 4306 2522 4354 contra
2567 4299 2840 4354 lsraelitas
2884 4299 3122 4354 habuere
3160 4297 3476 4353 certamina.
3503 4317 3527 4348 ,ι

1949 4390 2328 4454 Etnotandum
2359 4390 2502 4460 quod
2535 4390 2589 4444 in
2612 4389 3059 4458 Paralipomenon
3087 4388 3190 4442 tria
3222 4387 3359 4442 bella
3390 4386 3535 4456 priu-

1952 4481 2146 4550 eipalia
2173 4480 2341 4535 David
2375 4488 2566 4535 contra
2599 4479 2907 4534 Philistteos
2943 4478 3223 4549 Scriptura
3259 4487 3529 4541 numerat,

1951 4577 2006 4633 in
2049 4574 2260 4646 Regum
2287 4590 2414 4630 vero
2443 4583 2698 4643 quatuor.
2741 4572 2880 4639 Quia
2921 4572 2993 4627 ibi
3032 4581 3288 4642 quartum
3334 4569 3529 4625 bellum

1951 4678 2056 4734 est,
2104 4668 2246 4738 quod
2286 4676 2340 4721 et
2371 4667 2424 4720 in
2453 4666 2631 4736 primo
2661 4665 2930 4735 ponitur(
2969 4663 2994 4717 Ι
3030 4662 3155 4733 Reg.
3249 4682 3316 4721 xx
3360 4665 3399 4729 ),
3443 4661 3531 4715 ubi

1951 4761 2122 4815 David
2163 4767 2352 4814 contra
2396 4757 2740 4811 Philisthzeos
2769 4755 3102 4826 praeliantem
3121 4751 3381 4822 Jesbibde
3395 4750 3527 4819 Nob,

1951 4852 2046 4922 qui
2067 4851 2168 4906 fuit
2197 4851 2262 4906 de
2292 4858 2450 4918 gente
2486 4846 2724 4916 Arapha,
2764 4845 2918 4916 cujus
2951 4847 3105 4901 hasta
3135 4852 3402 4899 trecentas
3431 4857 3531 4896 un-

1953 4944 2066 4997 cias
2100 4939 2458 5011 appendebat,
2499 4946 2556 4993 et
2594 4937 2871 4992 accinctus
2897 4945 3018 4991 erat
3041 4950 3169 4990 ense
3198 4947 3360 4996 novo,
3383 4931 3530 4985 nisus

1952 5041 2038 5089 est
2065 5011 2385 5102 percutere;
2429 5030 2787 5100 praesidioque
2812 5029 2871 5082 ei-
2891 5028 2992 5082 fuit
3016 5026 3196 5081 Abisai
3234 5025 3376 5079 ﬁlius
3408 5023 3524 5078 Sar-

1952 5127 2076 5190 viae,
2105 5133 2159 5180 et
2191 5138 2510 5194 percussum
2548 5121 2920 5177 Philisthaaum
2959 5117 3250 5174 interfecit.
3315 5117 3420 5172 Sed
3466 5116 3532 5167 ad

1953 5231 2115 5270 unam
2169 5213 2620 5284 signiﬁcationem
2676 5212 2894 5280 utrique
2949 5209 3206 5274 numeri,
3262 5209 3365 5262 hoc
3416 5215 3529 5266 est,

1953 5307 2224 5364 ternarius
2270 5316 2432 5375 atque
2469 5305 2849 5375 quaternarius
2889 5311 3118 5375 possunt
3166 5299 3366 5368 aptari.
3401 5296 3534 5350 Tres

1957 5401 2101 5456 enim
2121 5408 2246 5455 sunt
2271 5398 2646 5454 distinctiones
2669 5406 2998 5467 temporum,
3033 5395 3134 5448 hoc
3157 5400 3260 5452 est,
3286 5387 3529 5458 praeteri-

1957 5500 2092 5553 tum,
2132 5506 2370 5559 praesens
2418 5497 2472 5543 et
2511 5487 2772 5544 futurum.
2828 5485 3092 5542 Similiter
3118 5492 3171 5536 et
3198 5489 3427 5548 quatuor
3447 5476 3531 5528 vi-

1954 5583 2315 5646 cissitudines,
2341 5583 2446 5637 hoc
2469 5591 2574 5646 est,
2605 5597 2717 5646 ver,
2744 5589 2924 5644 testas,
2956 5587 3244 5632 autumnus
3285 5580 3339 5626 et
3359 5569 3535 5625 hiems

1953 5677 2198 5732 dividunt
2243 5689 2463 5728 annum.
2516 5673 2657 5738 Quid
2696 5681 2928 5741 quatuor
2967 5667 3103 5722 bella
3152 5665 3254 5719 ista
3284 5661 3450 5717 David
3481 5674 3536 5715 et

1953 5781 2231 5823 servorum
2274 5764 2391 5834 ejus
2443 5773 2631 5819 contra
2688 5760 3002 5816 Palmstiuos
3054 5756 3382 5828 signiﬁcant,
3431 5754 3562 5813 nisi?-
