3870 6146
305 276 409 335 577

1228 281 1582 338 COMMENT.
1623 281 1688 336 ΙΝ
1727 281 2278 341 PARALIPOMENA.
2304 319 2373 328 —
2407 288 2537 361 LIB.
2574 291 2637 348 II.

3446 302 3552 359 578

318 390 432 446 iere
458 388 806 456 scriptorem,
845 388 947 442 nisi
977 390 1029 443 in
1059 393 1409 460 quantumin
1447 390 1715 449 Samuelis
1745 392 1881 447 libro
1911 397 1957 452 A
1980 393 2070 462 jus
2098 395 2199 450 loci
2230 401 2559 456 mentionem
2593 401 2797 460 faciens
2822 405 3086 479 Iosephus
3116 411 3189 465 ita
3235 413 3422 481 refert,
3464 418 3549 473 di-

301 479 581 543 scribitur,
604 478 731 548 quia
748 479 819 533 ibi
839 482 1207 536 tantummodo
1227 485 1544 553 superstites
1558 484 1688 538 caadi
1711 498 1879 554 ange-
1980 497 2109 538 cens
2138 502 2151 536 :
2190 504 2208 535 ‹
2244 487 2527 557 Prophetis
2572 481 2753 561 itaque
2784 478 3181 555 declarantibus
3210 501 3374 559 David
3405 478 3551 576 quod

299 568 420 626 lim
458 568 830 624 continentur.
872 570 1023 636 Quod
1060 579 1240 625 autem
1278 572 1427 635 dicit,
1470 573 1597 628 Levi
1640 583 1697 630 et
1736 575 1875 629 Ben-

1978 572 2027 625 ei
2059 572 2201 629 Deus
2250 575 2586 640 irasceretur,
2620 583 2922 652 supplicare
2964 589 3149 657 coepit,
3181 572 3550 664 eumque-ro-

293 656 467 732 jamin
497 674 607 715 non
638 673 760 714 esse
787 670 1116 725 numeratos,
1170 662 1294 717 Levi
1345 681 1451 719 non
1488 667 1879 720 numerabatur
1977 677 2105 733 gare
2147 674 2207 719 ut
2236 669 2501 737 propitius
2528 680 2673 725 esset
2697 680 2753 726 et
2777 676 3012 745 veniam.
3041 656 3244 750 peccati
3282 656 3546 744 concede-

298 760 522 823 propter
568 749 855 805 sacerdotii
887 750 1223 819 dignitatem,
1250 753 1375 822 quia
1411 756 1782 823 praecellebat;
1822 764 1878 810 et
1977 762 2079 809 ret.
2105 754 2257 812 Tunc
2281 773 2411 829 ergo
2426 759 2539 815 Gad
2553 763 2871 830 prephetam
2891 749 3115 824 misitad
3131 772 3409 831 eumDeus
3436 785 3547 833 tres

298 840 599 935 Benjamin,
626 839 753 907 quia
780 839 983 935 recenti
1008 850 1247 912 tempore
1273 841 1514 899 fraterno
1536 844 1713 913 gladio
1739 860 1877 916 pene
1973 843 2219 935 supplicii
2255 848 2592 903 conditiones
2617 860 2934 919 portantem,
2956 863 3211 912 utearum
3244 877 3403 931 quam
3421 881 3547 935 pro-

295 943 470 997 usque
490 924 557 981 ad
584 927 1009 981 internecionem
1032 936 1328 983 corruerat.

366 1038 650 1111 Displicuit
675 1050 849 1093 autem
873 1039 1092 1093 Domino
1120 1042 1260 1110 quod
1281 1043 1494 1113 jussum
1516 1054 1651 1110 erat,
1677 1056 1727 1100 et
1751 1063 1873 1117 per-

296 1132 457 1190 cussit
491 1128 682 1184 Israel.
724 1129 987 1201 Dixitque,
1006 1128 1178 1184 David
1208 1132 1276 1186 ad
1306 1133 1588 1195 Dominum
1612 1149 1631 1187 .'
1659 1136 1873 1191 Peccavi

296 1220 470 1284 nimis,
513 1229 572 1273 ut
614 1219 713 1273 hoc
743 1218 987 1289 facerem.
1022 1217 1267 1287 Obsecro,
1312 1221 1553 1287 Domine,
1592 1227 1747 1296 aufer
1769 1228 1873 1282 ini-

295 1310 545 1383 quitatem
578 1310 711 1363 servi
742 1310 838 1374 tui,
864 1309 987 1379 quia
1012 1310 1314 1380 insipienter
1332 1313 1432 1382 egi.
1468 1313 1537 1367 Et
1562 1314 1768 1370 locutus
1794 1326 1871 1371 est

303 1400 552 1459 Dominus
579 1401 650 1456 ad
691 1399 809 1456 Gad
847 1402 1097 1457 videntem
1142 1401 1335 1469 David,
1387 1405 1564 1460 dicens
1587 1424 1605 1461 :
1644 1404 1785 1460 Vade
1820 1416 1870 1461 et

295 1494 501 1565 loquere
537 1492 607 1545 ad
650 1491 843 1558 David,
891 1501 939 1546 et
984 1492 1068 1545 dic
1106 1492 1156 1546 ei
1181 1506 1200 1543 :
1228 1491 1358 1549 Harc
1407 1495 1533 1549 dicit
1585 1496 1864 1559 Dominus.

297 1583 475 1639 Trium
509 1582 603 1636 tibi
642 1581 899 1652 optionem
935 1582 1043 1636 do:
1072 1600 1231 1637 unum
1269 1585 1407 1654 quod
1433 1586 1677 1653 volueris,
1713 1588 1862 1659 elige,

294 1683 348 1726 ut
371 1672 567 1743 faciam
587 1671 702 1725 tibi.
728 1670 959 1741 Cumque
996 1675 1213 1728 venisset
1246 1670 1362 1727 Gad
1394 1675 1464 1729 ad
1503 1676 1691 1741 David,
1730 1679 1864 1733 dixit

1973 931 2128 988 baret
2150 936 2400 1006 eligeret:
2418 946 2597 993 utrum
2623 942 2782 996 vellet
2797 943 2993 999 famem
3017 947 3069 1000 in
3084 952 3359 1017 provincia
3382 931 3544 1025 gene-

1974 1025 2083 1078 rari
2116 1027 2272 1081 annis
2295 1029 2486 1095 tribus,
2518 1039 2611 1084 aut
2632 1033 2804 1088 tribus
2830 1037 3102 1093 mensibus
3120 1045 3406 1113 pugnando
3426 1046 3545 1100 vin-

1972 1124 2187 1169 ceretur
2237 1116 2306 1170 ab
2353 1119 2627 1187 hostibus;
2673 1139 2741 1177 an
2787 1134 2935 1181 certe
2979 1128 3198 1185 morbus
3225 1140 3277 1187 et
3318 1133 3545 1204 languor

1971 1206 2241 1261 accideret
2263 1208 2318 1262 in
2344 1210 2532 1268 diebus
2558 1213 2813 1270 Hebraeis.
2841 1217 2933 1272 llle
2971 1233 3102 1274 vero
3131 1221 3185 1276 in
3217 1225 3542 1281 anxietatem

1971 1293 2130 1364 hujus
2175 1296 2453 1354 electionis
2494 1304 2735 1359 omnium
2771 1322 2954 1361 rerum
2980 1310 3336 1378 pessimarum
3365 1314 3542 1369 incur-

1969 1402 2094 1443 rens
2148 1390 2507 1446 tribulabatur
2553 1402 2607 1449 et
2652 1397 2997 1454 vehementer
3036 1401 3218 1456 animo
3260 1403 3545 1460 videbatur

1969 1492 2087 1532 esse
2115 1478 2389 1535 confusus.
2427 1481 2670 1555 Cumque
2698 1489 2956 1557 propheta
2989 1490 3192 1548 diceret
3221 1493 3324 1548 hoc
3363 1497 3539 1550 omni-

1969 1571 2143 1625 modis
2183 1572 2487 1653 imminere,
2537 1586 2593 1631 et
2636 1593 2952 1648 responsum
2994 1582 3252 1639 velociter
3278 1585 3539 1657 exigeret,

1968 1671 2026 1716 ut
2052 1662 2276 1717 electam
2304 1664 2373 1718 ab
2399 1679 2463 1721 eo
2492 1667 2855 1724 conditionem
2904 1674 3260 1740 renuntiaret,
3292 1676 3540 1747 cogitans

292 1762 338 1820 ei
358 1736 383 1814 ί
406 1760 537 1815 Haec
575 1761 702 1814 dicit
750 1736 1004 1833 Dominus
1026 1776 1043 1813 :
1068 1763 1241 1836 Elige,
1290 1765 1431 1836 quod
1480 1736 1703 1823 volueris
1725 1781 1744 1819 :
1771 1780 1862 1824 aut
1891 1736 1938 1794 Β
1964 1768 2083 1819 rex,
2107 1755 2255 1824 quia,
2287 1756 2334 1810 si
2358 1755 2559 1813 famem
2581 1759 2827 1829 eligeret,
2854 1770 3045 1818 contra
3072 1764 3208 1821 alios
3236 1766 3341 1821 hoc
3361 1736 3541 1823 Iacere

290 1852 453 1913 tribus
475 1853 629 1904 annis
657 1850 1002 1921 pestilentiam
1026 1870 1045 1919 ;
1082 1864 1171 1909 aut
1196 1855 1364 1910 tribus
1391 1857 1652 1912 mensibus
1685 1858 1863 1929 fugere

289 1952 336 1997 te
352 1943 526 1997 hostes
548 1951 687 2005 tuos,
718 1952 767 1994 et
801 1941 1035 2012 gladium
1064 1960 1244 1999 eorum
1284 1962 1388 2001 non
1417 1963 1568 2016 posse
1605 1948 1860 2015 evadere;

288 2043 377 2091 aut
426 2032 595 2087 tribus
648 2032 830 2087 diebus
873 2033 1108 2105 gladium
1149 2033 1362 2088 Domini
1402 2046 1450 2090 et
1494 2046 1711 2092 mortem
1743 2055 1859 2094 ver-

286 2124 393 2179 tari
414 2125 470 2176 in
502 2131 668 2187 terra,
708 2132 755 2176 et
803 2121 1042 2194 angelum
1067 2122 1281 2187 Domini
1316 2125 1610 2195 interﬁcere
1652 2129 1707 2181 in
1746 2128 1863 2182 uni-

284 2217 442 2273 t'ersis
464 2215 659 2283 ﬁnibus
683 2214 870 2270 Israel.
898 2215 1053 2270 Nune
1073 2233 1196 2286 ergo
1225 2218 1339 2272 vide
1370 2219 1498 2288 quid
1521 2220 1861 2290 respondeam

281 2309 330 2362 ei
363 2312 457 2381 qui
499 2310 642 2364 misit
678 2325 779 2364 me.
824 2309 889 2363 Et
932 2310 1067 2364 dixit
1104 2304 1274 2365 David
1305 2312 1374 2365 ad
1402 2310 1518 2366 Gad
1555 2329 1574 2368 :
1596 2313 1683 2368 Ea:
1718 2315 1860 2369 omni

273 2410 427 2471 parte
452 2417 538 2454 me
570 2401 827 2472 angustia:
849 2409 1109 2473 premunt,
1144 2401 1236 2457 sed
1277 2402 1460 2457 melius
1504 2413 1581 2458 est
1614 2404 1761 2469 mihi,
1800 2414 1858 2458 ut

278 2490 509 2544 incidam
546 2491 598 2543 in
634 2507 822 2544 manus
852 2488 1081 2557 Domini,
1118 2494 1237 2564 quia
1276 2495 1456 2549 multa:
1484 2505 1607 2553 sunt
1640 2497 1858 2552 misera-

280 2585 444 2643 tiones
460 2585 605 2653 ejus,
642 2600 800 2654 quam
825 2584 880 2638 in
908 2601 1096 2640 manus
1122 2586 1410 2640 hominum.
1441 2587 1587 2641 Misit
1614 2604 1735 2658 ergo
1756 2587 1860 2642 Do-

281 2676 450 2733 minus
463 2675 815 2746 pestilentiam
832 2676 885 2729 in
902 2674 1092 2742 Israel,
1109 2687 1156 2731 et
1171 2678 1467 2731 ceciderunt
1488 2678 1550 2732 de
1565 2677 1734 2734 Israel
1746 2696 1858 2749 sep-

281 2766 518 2835 tuaginta
541 2764 709 2819 millia
728 2766 977 2830 virorum,
1001 2775 1106 2821 etc.
1131 2766 1187 2820 In
1211 2766 1412 2836 Regum
1439 2767 1575 2822 libro
1595 2768 1855 2838 scriptum

278 2864 361 2910 est
400 2856 475 2910 ita
504 2874 517 2908 :
555 2851 823 2909 Percussit
848 2865 1023 2909 autem
1048 2855 1219 2909 David
1251 2873 1340 2910 cor
1374 2868 1648 2928 postquam
1678 2874 1856 2912 nume-

281 2955 420 2998 ratus
449 2955 524 2998 est
552 2943 798 3014 populus.
826 2942 894 2998 Et
922 2944 1058 2997 dixit
1086 2944 1254 2999 David
1274 2944 1344 2999 ad
1365 2945 1650 3000 Dominum
1674 2960 1693 2997 :
1725 2945 1856 3001 Pec-

277 3036 386 3090 cavi
410 3034 565 3090 valde
584 3035 641 3088 in
665 3037 762 3088 hoc
782 3035 941 3105 facto.
986 3034 1093 3090 Sed
1112 3052 1312 3105 precor,
1337 3036 1576 3103 Domine,
1607 3047 1662 3091 ut
1687 3047 1857 3092 trans-

278 3125 412 3192 feras
454 3125 788 3195 iniquitatem
833 3123 965 3178 servi
1004 3124 1099 3188 tui,
1139 3124 1264 3195 quia
1300 3123 1459 3179 stulte
1489 3126 1569 3195 egi
1593 3125 1766 3199 nimis,
1800 3135 1854 3180 et

277 3215 503 3284 reliqua.
540 3213 643 3269 Ubi
674 3215 986 3280 notandum,
1019 3216 1159 3285 quod
1201 3215 1320 3271 ideo
1360 3213 1526 3283 David
1576 3218 1625 3270 in
1670 3232 1856 3275 nume-

275 3309 443 3365 rando
487 3307 746 3377 populum
790 3308 1073 3363 Dominum
1122 3308 1320 3363 dicitur
1367 3308 1687 3376 oll‘endisse,
1728 3309 1852 3379 quia

274 3393 405 3464 legis
443 3405 718 3466 praecepta
768 3395 821 3450 in
859 3410 923 3451 eo
964 3412 1070 3452 non
1124 3397 1450 3453 observavit.
1509 3396 1644 3452 Nam
1697 3407 1754 3454 et
1799 3399 1852 3453 in

276 3486 411 3541 libro
458 3483 824 3540 Numerorum
869 3484 1126 3540 Dominus
1171 3486 1369 3556 legitur
1405 3486 1573 3557 Moysi
1616 3486 1689 3542 ita
1720 3504 1855 3558 praev

276 3580 536 3649 cepisse:
590 3576 777 3632 Tollite
839 3594 1097 3632 summam
1162 3579 1419 3633 universa:
1487 3579 1852 3652 congregatio-

278 3671 353 3722 nis
392 3669 630 3737 ﬁliorum
674 3666 865 3733 Israel,
902 3684 995 3737 per
1031 3669 1362 3739 cognationes
1403 3678 1451 3723 et
1498 3669 1680 3749 domos
1727 3686 1852 3724 suas

276 3763 484 3814 nomina
523 3759 887 3831 singularum;
915 3759 1168 3831 quidquid
1213 3777 1367 3814 sexus
1406 3771 1478 3814 est
1512 3759 1788 3817 masculini
1818 3778 1850 3833 a

278 3849 515 3917 vigesimo
556 3865 696 3904 anno
726 3859 773 3903 et
798 3866 956 3920 supra
974 3890 988 3915 ,
1031 3850 1263 3905 omnium
1288 3852 1517 3904 virorum
1544 3850 1757 3919 fortium
1785 3865 1850 3904 ea:

280 3938 477 4003 Israel,
529 3949 581 3994 et
624 3941 962 3995 numerabitis
1012 3957 1097 3995 eos
1143 3958 1235 4011 per
1282 3951 1483 3995 turmas
1533 3958 1657 3994 suas
1703 3952 1761 3994 tu
1799 3950 1848 3995 et

276 4032 449 4085 Aaron
480 4029 674 4103 (Nam.
702 4030 765 4103 ι).
818 4030 951 4098 Quia
986 4046 1116 4087 vero
1143 4030 1313 4085 David
1345 4031 1669 4103 generaliter
1687 4032 1850 4101 jussit

276 4134 460 4175 omnes
492 4120 789 4184 numerari,
832 4126 885 4173 et
932 4118 1072 4173 infra
1114 4119 1303 4191 viginti
1353 4136 1544 4186 annos,
1596 4130 1651 4176 et
1687 4136 1848 4192 supra

272 4212 460 4282 viginti
504 4226 718 4275 annos;
765 4209 968 4266 idcirco
1007 4211 1426 4281 indignationem
1470 4212 1565 4268 Dei
1595 4198 1849 4285 expertus

274 4314 373 4357 ess.
406 4302 557 4357 ldem
598 4317 812 4373 quoque
841 4301 895 4355 in
928 4301 1067 4356 libro
1100 4301 1270 4358 Exodi
1312 4303 1386 4357 ita
1432 4303 1692 4374 scriptum
1721 4311 1802 4358 est
1829 4317 1844 4358 :

1962 1844 2254 1912 videretur,
2272 1849 2488 1917 quando
2514 1850 2627 1920 ipse
2640 1851 2853 1920 quidem
2873 1853 3076 1910 habens
3090 1856 3257 1911 multa
3273 1855 3540 1913 frumenta

1963 1951 2069 1990 non
2118 1945 2394 2005 pateretur
2442 1940 2698 2011 inopiam,
2747 1943 2969 2014 reliquis
3015 1961 3144 2001 vero
3171 1956 3317 2004 esset
3366 1963 3535 2019 angu-

1962 2027 2093 2093 stia;
2126 2030 2254 2083 item
2279 2029 2324 2085 si
2349 2030 2574 2101 eligeret
2602 2034 2767 2088 trium
2803 2035 3068 2091 mensium
3108 2036 3392 2096 victoriam
3420 2026 3535 2095 110-

1961 2120 2147 2185 stium,
2173 2121 2285 2192 ipse
2311 2123 2526 2192 quidem
2557 2125 2760 2180 habens
2783 2127 2928 2180 circa
2957 2142 3015 2182 se
3038 2128 3182 2183 viros
3206 2127 3531 2185 fortissimos

1961 2220 2013 2265 et
2041 2213 2308 2277 custodes,
2342 2213 2472 2267 nihil
2514 2215 2734 2271 omnino
2778 2224 3063 2281 metueret,
3112 2231 3213 2274 nec
3245 2232 3374 2273 vero
3415 2217 3535 2287 ejus

1960 2303 2234 2358 exercitus
2262 2302 2605 2372 subiaceret:
2645 2306 2789 2362 inter
2816 2309 2931 2363 haec
2969 2317 3149 2364 autem
3190 2324 3529 2366 communem

1958 2392 2137 2461 potius
2165 2393 2471 2464 passionem
2501 2402 2556 2450 et
2581 2411 2767 2467 regum
2794 2404 2850 2452 et
2873 2396 3237 2466 subjectorum
3266 2399 3452 2471 elegit,
3476 2401 3528 2455 in

1957 2499 2063 2555 qua
2094 2485 2256 2540 timor
2281 2486 2532 2543 omnibus
2559 2497 2642 2544 est
2670 2489 2911 2565 aequalis,
2937 2490 3161 2548 dicens:
3190 2490 3319 2562 quia
3338 2490 3533 2547 melius

1957 2575 2011 2631 in
2037 2575 2133 2632 Dei
2206 2589 2302 2651 est;
2364 2592 2526 2647 quam
2550 2578 2607 2633 iu
2634 2579 2870 2639 hostium
2893 2595 3086 2637 manus
3113 2580 3371 2637 incidere.
3406 2578 3531 2636 Haec

1956 2666 2181 2722 audiens
2207 2666 2469 2738 propheta
2516 2670 2861 2727 renuntiabat
2888 2671 3018 2737 Deo,
3064 2671 3157 2742 qui
3185 2671 3431 2727 morbum
3476 2679 3532 2726 et

1958 2759 2234 2814 interitum
2261 2760 2409 2815 misit
2438 2760 2495 2814 in
2521 2761 2819 2817 exercitum
2848 2760 3221 2819 Hebraeorum.
3267 2760 3531 2816 Morieba-

1958 2856 2046 2903 tur
2070 2849 2217 2905 enim
2243 2863 2351 2905 non
2383 2865 2492 2906 uno
2532 2852 2712 2918 modo,
2745 2859 2807 2907 ut
2830 2851 2989 2911 facile
3017 2852 3242 2923 languor
3266 2852 3532 2924 potuisset

1957 2944 2198 3015 agnosci.
2231 2941 2341 3001 Sed
2367 2959 2515 3001 mors
2540 2944 2755 3016 quidem
2781 2945 3088 3003 hominibus
3110 2945 3400 3001 multorum
3416 2944 3532 3001 lan-

1959 3048 2186 3104 guorum
2211 3033 2612 3102 occasionibus,
2644 3044 2700 3091 et
2724 3051 2843 3106 quae
2871 3050 2977 3091 non
3009 3042 3230 3107 possent
3256 3034 3527 3107 cognosci.

1957 3121 2115 3177 facile
2142 3122 2411 3194 peribant.
2457 3123 2607 3179 Alius
2632 3124 2776 3179 enim
2801 3124 3147 3194 superalium
3175 3123 3531 3188 moriebatur,

1954 3221 2010 3267 et
2035 3213 2268 3268 latenter
2302 3202 2591 3269 imminens
2627 3214 2829 3270 malum
2863 3213 3121 3271 velociter
3152 3213 3360 3272 ferebat
3387 3214 3530 3270 inte-

1955 3301 2138 3357 ritum.
2167 3300 2272 3356 Alii
2295 3301 2560 3372 siquidem
2591 3303 2804 3372 periere
2837 3318 2960 3358 cum
2996 3304 3408 3361 vehementibus
3433 3303 3530 3360 do-

1953 3392 2177 3458 loribus,
2206 3402 2261 3449 et
2282 3393 2517 3450 clamore
2539 3394 2850 3466 gemituque
2871 3395 3105 3450 animam
3128 3395 3527 3465 relinquebant.

1950 3481 2055 3537 Alii
2078 3497 2203 3538 vero
2225 3482 2355 3553 ipsis
2376 3484 2593 3555 passion
2617 3483 2716 3543 bus
2729 3484 3160 3551 inardescebant,
3186 3484 3259 3539 ita
3278 3494 3336 3539 ut
3350 3498 3525 3555 neque

1952 3589 2138 3629 curam
2181 3575 2439 3630 exhibere
2486 3574 2805 3644 corporibus
2853 3574 3231 3645 prtevalerent,
3285 3575 3379 3631 sed
3421 3589 3520 3644 pro

1952 3664 2133 3719 labore
2161 3663 2472 3723 deﬁcerent.
2493 3664 2602 3719 Alii
2623 3672 2826 3729 autem,
2854 3664 3152 3735 repentinis
3180 3663 3415 3721 tenebris
3435 3676 3527 3717 eo-

1952 3772 2070 3810 rum
2101 3764 2329 3811 conatus
2367 3755 2777 3826 abripientibus,
2810 3755 3055 3811 sull‘ocati
3084 3756 3329 3827 protinus
3352 3756 3528 3825 exspi-

1951 3847 2161 3901 rabant.
2200 3847 2303 3901 Alii
2340 3862 2501 3915 super
2546 3855 2809 3911 mortuos,
2846 3862 2981 3916 quos
3028 3844 3380 3915 sepeliebant,
3422 3845 3523 3915 ipsi

1949 3950 2162 4006 quoque
2186 3935 2576 4000 moriebantur,
2610 3934 2957 4005 imperfectas
2985 3934 3350 4003 relinquentes
3372 3935 3523 4005 pari-

1951 4034 2033 4080 ter
2074 4025 2395 4094 sepulturas.
2423 4023 2719 4095 Incipiente
2762 4014 2944 4096 itaque
2970 4023 3230 4095 pestifero
3271 4025 3529 4097 languore

1949 4129 2043 4168 eos
2092 4114 2159 4169 ab
2207 4115 2340 4168 hora
2384 4121 2648 4169 matutina
2688 4115 2958 4186 perimere
2999 4129 3172 4184 usque
3222 4115 3293 4172 ad
3336 4116 3525 4173 horam

1947 4205 2160 4276 prandii
2182 4215 2556 4259 consummata
2582 4214 2708 4260 sunt
2730 4206 3070 4279 septuaginta
3102 4205 3289 4261 millia.
3324 4225 3344 4259 ι
3375 4205 3528 4275 Quod

1947 4303 2126 4349 autem
2176 4295 2304 4351 dicit
2346 4297 2685 4367 septuaginta
2733 4296 2898 4364 millia
2959 4298 3199 4353 virorum
3240 4296 3528 4353 interfecta

276 4388 504 4445 ιοειιιιιε
545 4401 622 4445 εει
663 4389 921 4488 Dominus
972 4391 1071 4488 ad-
1100 4390 1317 4488 Magum
1370 4393 1547 4447 dicens
1571 4407 1589 4444 ε
1621 4392 1844 4488 Qum-do
1871 4430 1923 4488 Β
1950 4384 2116 4488 fuisse
2144 4385 2209 4440 de
2252 4384 2436 4452 Israel,
2487 4386 2575 4488 hic
2621 4388 2798 4488 capita
2841 4389 3212 4488 tantummodo
3252 4388 3442 4488 plebis,
3472 4396 3526 4488 et

274 4481 456 4535 tuleris
493 4496 754 4534 summam
778 4479 1010 4549 ﬁliorum
1041 4479 1212 4535 Israel
1240 4481 1400 4551 juxta
1431 4499 1726 4548 numerum,
1754 4482 1843 4537 da-

275 4570 397 4624 bunt
438 4568 641 4640 singuli
677 4569 899 4640 pretium
933 4584 1028 4640 pro
1071 4570 1346 4625 animabus
1372 4572 1482 4626 suis
1512 4572 1761 4639 Domino,
1797 4583 1848 4629 et

1948 4477 2188 4533 seniores
2237 4479 2502 4533 numerati
2536 4487 2680 4533 sunt.
2721 4477 2987 4535 Caeterum
3034 4478 3100 4533 de
3141 4479 3289 4534 omni
3329 4476 3528 4549 populo

1947 4574 2025 4621 tot
2049 4567 2218 4622 millia
2255 4568 2537 4629 interfecta
2561 4569 2772 4624 Hebrazi
2802 4567 3091 4636 allirmant,
3123 4576 3255 4641 quot
3289 4567 3529 4623 millibus

273 4676 376 4712 non
402 4660 503 4713 erit
523 4657 683 4728 plaga
716 4658 770 4712 in
804 4659 896 4722 eis,
934 4675 1051 4713 cum
1080 4660 1278 4730 fuerint
1315 4663 1571 4717 recensiti.
1612 4661 1727 4717 Hoc
1755 4681 1849 4717 au-
1943 4657 2034 4712 ille
2061 4673 2337 4725 numerus,
2370 4660 2461 4729 qui
2502 4642 3033 4731 in'Paralipomenon
3080 4659 3359 4725 scribitur,
3402 4672 3524 4713 cum

272 4760 377 4801 tem
418 4749 564 4802 dabit
618 4748 786 4803 omnis
837 4750 927 4819 qui
967 4752 1155 4805 transit
1195 4751 1265 4805 ad
1313 4767 1519 4816 nomen,
1569 4752 1837 4808 dimidium

268 4837 387 4896 βίάὶ
434 4837 593 4906 juaa
637 4852 936 4891 mensuram
991 4838 1187 4909 templi.
1232 4838 1405 4894 Siclus
1464 4841 1643 4910 viginti
1694 4841 1848 4896 habet

268 4929 469 4984 obolos.
537 4930 715 4985 Media
764 4947 889 5001 pars
948 4932 1063 4986 sicli
1122 4934 1373 5003 o/feretur
1434 4933 1679 4989 Domino.
1740 4933 1844 5000 Qui

264 5017 494 5077 habetur
517 5019 573 5073 in
594 5036 811 5074 numero
830 5037 864 5074 a
885 5022 1064 5092 viginti
1091 5024 1244 5077 annis
1279 5031 1329 5077 et
1356 5040 1538 5094 supra,
1567 5022 1711 5078 dabit
1728 5040 1845 5094 pre-

263 5109 423 5167 tium.
481 5108 635 5164 Dives
674 5126 779 5165 non
816 5111 973 5166 addet
1002 5112 1071 5166 ad
1099 5113 1326 5169 medium
1369 5113 1514 5177 sicli,
1564 5124 1613 5169 et
1647 5128 1845 5185 pauper

264 5198 405 5251 nihil
450 5200 668 5254 minuet.
719 5198 1123 5274 Susceptamque
1163 5205 1458 5273 pecuniam,
1505 5220 1624 5274 quae
1650 5202 1842 5258 collata

257 5299 345 5344 est
365 5306 400 5343 a
412 5289 539 5359 ﬁliis
565 5290 755 5358 Israel,
779 5294 951 5348 trades
975 5295 1031 5347 in
1050 5310 1175 5349 usus
1197 5292 1520 5347 tabernaculi
1540 5292 1842 5359 testimonii,

258 5390 327 5435 ut
348 5380 416 5434 sit
434 5381 494 5434 in
512 5391 900 5435 monumentum
923 5398 1102 5436 eorum
1126 5399 1303 5436 coram
1328 5382 1570 5446 Domino,
1599 5391 1647 5435 et
1670 5381 1849 5451 propi-

255 5472 431 5527 tiatur
453 5472 729 5526 animabus
758 5488 936 5525 eorum
968 5472 1164 5544 (Exod.
1187 5474 1339 5544 xxx).
1367 5474 1478 5528 lloc
1498 5488 1627 5543 ergo
1646 5472 1843 5528 oblitus

258 5562 440 5617 David
469 5559 669 5625 facere,
704 5562 906 5617 idcirco
935 5562 1159 5618 offendit
1191 5564 1500 5627 Dominum,
1545 5569 1600 5615 et
1637 5561 1706 5616 ob
1738 5561 1842 5615 hoc

256 5652 424 5733 plaga
451 5655 597 5708 venit
624 5654 681 5708 in
708 5653 890 5709 Israel.
941 5652 1049 5710 Nec
1084 5654 1537 5731 praetereundum,
1569 5652 1710 5721 quod
1740 5652 1839 5705 hu-

1946 4750 2036 4818 qui
2087 4749 2141 4803 in
2191 4747 2399 4820 Regum
2451 4752 2872 4820 comprehensus
2922 4758 3026 4818 est,
3078 4750 3310 4806 excedit.
3358 4748 3527 4804 Aiunt

1945 4839 2087 4894 enim
2114 4842 2256 4909 quod
2284 4840 2337 4894 in
2365 4840 2813 4911 Paralipomenon
2839 4851 2895 4897 et
2923 4842 2977 4897 hi
3010 4842 3103 4917 qui
3125 4849 3522 4911 remanserunt,

1949 4940 2004 4987 et
2028 4931 2083 4986 hi
2109 4932 2202 5001 qui
2232 4931 2503 4988 interfecti
2530 4942 2676 4999 sunt,
2700 4934 2859 4989 simul
2881 4935 2990 4989 sint
3018 4934 3307 4990 numerati.
3331 4932 3388 4988 lu
3411 4933 3521 4990 Re-

1947 5034 2072 5092 gum
2112 5034 2243 5076 vero
2290 5023 2399 5079 vivi
2462 5031 2669 5079 tantum
2700 5025 2944 5082 denotati
2979 5035 3131 5094 sunt,
3177 5027 3319 5085 sicut
3356 5041 3521 5098 supe-

1950 5111 2065 5166 rius
2092 5111 2518 5173 demonstratum
2543 5125 2646 5172 est.

2025 5198 2168 5255 Misit
2189 5218 2391 5272 quoque
2418 5205 2659 5275 angelum
2686 5206 2741 5260 in
2776 5205 3127 5276 Hierusalem,
3156 5217 3210 5262 ut
3235 5216 3521 5278 percuteret

1950 5303 2087 5341 eam.
2116 5289 2347 5361 Cumque
2374 5304 2749 5367 percuteretur,
2776 5295 2900 5349 vidit
2930 5296 3186 5355 Dominus
3204 5310 3252 5353 et
3282 5297 3519 5357 νηὲδενιηβ

1947 5387 2021 5431 est
2045 5394 2203 5448 super
2229 5383 2587 5450 magnitudine
2611 5382 2758 5451 mali,
2785 5394 2832 5437 et
2864 5386 3133 5456 imperavit
3162 5384 3345 5454 angelo
3370 5423 3384 5445 ,
3428 5382 3519 5451 qui

1946 5467 2262 5537 percutiebat
2288 5485 2306 5522 :
2339 5470 2559 5541 Sufﬁcit,
2576 5473 2693 5542 jam
2719 5485 2874 5528 cesset
2900 5492 3083 5529 manus
3112 5485 3222 5539 tua.
3247 5474 3397 5540 Quod
3421 5487 3516 5525 au-

1945 5562 2054 5612 tem
2074 5559 2291 5635 dicitur,
2314 5560 2600 5631 Dominum
2614 5565 2816 5621 vidisse
2839 5566 3185 5623 etmisertum
3203 5577 3340 5626 esse,
3365 5561 3517 5617 aiunt

1944 5649 2153 5706 Hebraei
2187 5652 2397 5707 Sadoch
2427 5657 2757 5713 sacerdotem
2788 5656 3066 5712 infulatum
3093 5656 3376 5711 Dominum
3422 5653 3514 5709 do-
