3870 6146
310 392 419 465 579

956 382 1021 439 B.
1060 376 1314 436 RABAM
1353 371 1571 430 MAURI
1610 365 1932 424 ARCHIEP.
1975 360 2286 421 MOGUNT.
2328 359 2615 418 OPERUM
2647 354 2828 414 PARS
2863 354 2906 410 ῐ.

3473 349 3588 406 581)

310 517 594 581 precatum
629 503 817 567 misse,
843 510 899 555 et
938 498 1204 552 imitatum
1244 492 1409 546 fuisse
1453 490 1631 544 Aaron
1679 486 1971 567 patrem‘A
1994 474 2206 531 molavit
2248 473 2322 527 ibi
2362 474 2620 581 viqtimas.
2660 463 3093 581 Tabernaculum;
3120 460 3578 581 autept'Domini,

314 576 493 665 suum,
530 606 585 653 et
625 595 769 650 illius
792 604 982 662 preces
1005 597 1061 643 et
1102 585 1443 640 devotionem
1474 580 1762 635 Dominum
1806 576 1897 630 vi-

316 694 458 749 disse
492 699 545 744 et
570 687 850 743 misertum
881 682 1060 736 fuisse.

388 782 555 835 Porro
582 775 797 847 angelus
832 772 1037 827 Domini
1083 767 1252 822 stabat
1275 767 1437 836 juxta
1484 777 1667 816 aream
1693 756 1892 814 Ornam

314 869 562 931 Jebusari,
599 846 875 933 levansque
902 858 1071 914 David
1098 856 1276 911 oculos
1314 870 1460 920 suos,
1492 850 1620 906 vidit
1648 846 1893 919 angelum

322 960 416 1014 Dei
444 966 700 1012 astantem
731 955 869 1007 inter
897 961 1089 1004 terram
1132 957 1187 1001 et
1225 943 1433 1007 caelum,
1475 950 1523 995 et
1563 939 1892 1009 evaginatum

317 1053 550 1125 gladium
602 1051 662 1103 in
707 1062 868 1101 manu
925 1044 1084 1115 ejus,
1142 1049 1189 1094 et
1241 1052 1450 1092 versum
1497 1042 1682 1087 contra
1736 1028 1897 1083 Jeru-

316 1145 516 1209 salem;
563 1150 611 1196 et
653 1137 947 1194 ceciderunt
994 1144 1103 1187 tam
1148 1130 1256 1201 ipse
1285 1144 1443 1200 quam
1490 1125 1721 1196 majores
1768 1128 1896 1174 natu

319 1234 491 1290 Israel
513 1232 679 1288 vestiti
694 1228 877 1283 ciliciis
901 1224 1051 1296 proni
1066 1223 1119 1275 in
1136 1231 1348 1275 terram.
1368 1217 1615 1287 Dixitque
1633 1210 1811 1265 David
1828 1208 1897 1262 ad

319 1326 603 1382 Dominum
627 1338 647 1376 :
669 1318 856 1374 Nonne
883 1334 974 1387 ego
999 1329 1136 1377 sum,
1167 1312 1255 1383 qui
1274 1309 1415 1382 jussi
1454 1316 1508 1360 ut
1533 1310 1898 1359 numeraretur

319 1415 541 1489 populus
557 1415 591 1467 ?‘
608 1413 740 1483 Ego,
768 1410 858 1481 qui
882 1406 1089 1479 peccavi
1113 1418 1130 1456 .'
1162 1419 1277 1473 ego,
1303 1400 1392 1472 qui
1421 1397 1618 1453 malum
1645 1394 1763 1464 feci.
1790 1391 1899 1446 Iste

320 1523 448 1577 grex
475 1504 611 1576 quid'
631 1498 982 1556 commeruit?
1022 1494 1240 1550 Domine
1268 1491 1410 1545 Deus
1450 1504 1615 1551 meus,
1647 1494 1893 1545 vertatur,

322 1576 552 1661 obsecro,
587 1609 776 1647 manus
806 1599 898 1644 tua
920 1591 1085 1643 inme
1126 1595 1175 1640 et
1218 1585 1274 1638 in
1317 1582 1528 1637 domum
1559 1578 1724 1650 patris
1754 1576 1854 1629 mei
1880 1591 1899 1629 :

322 1684 545 1756 populus
590 1692 761 1736 autem
792 1691 912 1734 tuus
943 1694 1045 1732 non
1082 1674 1425 1748 percutiatur.
1468 1665 1696 1740 Angelus
1727 1676 1901 1720 autem

324 1776 537 1831 Domini
581 1774 822 1846 praecepit
862 1771 1002 1837 C‘ad,
1027 1780 1082 1823 ut
1126 1768 1316 1823 diceret
1351 1764 1539 1829 David,
1569 1773 1625 1817 ut
1655 1763 1902 1817 ascende-

1992 568 2131 642 quod
2166 566 2359 637 fecerat
2391 563 2596 633 Moyses
2623 563 2677 615 in
2695 563 2920 623 deserto,
2949 568 2995 610 et
3035 553 3210 609 altare
3241 553 3586 610 holocausta—

1994 640 2115 710 rum
2153 672 2215 709 ea
2255 662 2555 723 tempestate
2594 658 2708 704 erat
2734 650 2791 702 in
2837 644 3041 700 excelso
3093 640 3346 707 Gabaon;
3378 651 3429 696 et
3478 660 3587 697 non

1992 745 2267 819 prrevaluit
2298 743 2469 798 David
2502 743 2577 796 ire
2603 742 2672 795 ad
2694 739 2881 803 altare,
2907 747 2961 790 ut
2989 736 3059 789 ibi
3090 736 3380 789 obsecraret
3407 732 3592 788 Domi-

1995 856 2151 904 num;
2197 836 2357 891 nimio
2398 835 2535 888 enim
2581 832 2754 901 fuerat
2800 830 2988 882 timore
3028 826 3357 897 perterritus,
3404 826 3591 880 videns

1994 929 2230 1000 gladium
2268 924 2438 995 angeli
2469 922 2703 978 Domini.
2752 921 3021 975 Debuerat
3054 915 3197 972 enim
3226 915 3394 970 David
3427 914 3590 984 juxta

1996 1021 2049 1076 id
2076 1019 2220 1091 quod
2246 1020 2299 1073 in
2323 1018 2440 1089 lege
2466 1023 2795 1087 praeceptum
2824 1021 2910 1067 est
2945 1012 2998 1065 in
3041 1009 3199 1063 altari
3233 1008 3445 1063 Domini
3489 1024 3593 1063 co-

1999 1128 2116 1168 ram
2143 1108 2493 1166 tabernaculo
2515 1106 2736 1162 foederis
2761 1104 2969 1160 hostias
2993 1099 3304 1165 immolare;
3339 1099 3434 1155 sed
3453 1114 3594 1169 pro—

1998 1210 2125 1272 pter
2153 1199 2494 1269 repenti‘num
2533 1210 2721 1251 casum
2753 1195 2985 1265 spatium
3018 1191 3144 1247 illuc
3168 1191 3424 1261 pergendi
3476 1206 3591 1244 non

1996 1291 2222 1354 habuit;
2282 1289 2396 1342 sive
2424 1287 2590 1342 etiam
2645 1285 2698 1339 in
2752 1291 2990 1338 mentem
3039 1281 3113 1335 illi
3165 1296 3272 1333 non
3323 1280 3588 1334 occurrit.

1997 1380 2247 1435 Gladium
2294 1393 2423 1448 ergo
2471 1375 2646 1446 angeli
2702 1370 2909 1429 Domini
2954 1372 3166 1443 plagam
3197 1370 3391 1424 mortis
3432 1369 3592 1433 dicit,

1998 1488 2160 1541 quam
2192 1471 2451 1525 Dominus
2478 1468 2721 1540 angelico
2765 1466 3071 1521 ministerio
3114 1464 3166 1520 in
3192 1464 3440 1519 homines
3482 1463 3591 1517 mi—

2125 1560 2181 1613 ln
2218 1560 2404 1614 Exodo
2439 1535 2578 1628 ergo
2616 1557 2815 1628 legitur
2860 1555 3121 1610 Dominus
3151 1554 3494 1608 descendisse
3535 1552 3597 1607 in

2001 1646 2295 1718 Egyptum
2325 1688 2340 1712 ,
2382 1655 2436 1700 et
2475 1645 2774 1715 peremisse
2802 1645 3163 1714 primogenita
3214 1640 3600 1713 .Egypiiorum

2003 1735 2203 1807 (Exod.
2236 1734 2334 1807 ιιι)
2361 1753 2374 1789 :
2408 1736 2503 1789 sed
2529 1743 2585 1789 et
2611 1734 2717 1789 hoc
2746 1749 2844 1803 per
2887 1733 3249 1788 ministerium
3292 1730 3600 1801 angelicum

327 1821 535 1831 ,-.......
581 1821 818 1846 ,νηητη
1527 1821 1538 1829 ,

327 1875 424 1929 ret,
451 1872 837 1933 exstrueretque
866 1859 1032 1914 altare
1073 1856 1298 1913 Domino
1326 1853 1434 1908 Deo
1468 1853 1531 1907 in.
1561 1868 1687 1906 area
1719 1848 1901 1905 Ornan

2031 1827 2145 1881 icut
2171 1834 2227 1881 et
2275 1824 2440 1889 istud,
2471 1825 2675 1879 factum
2727 1823 2985 1887 creditur,
3016 1822 3143 1892 quia
3190 1821 3445 1876 divinitas
3490 1836 3602 1874 non

326 1956 560 2013 Jebustei
578 1997 597 2021 ,
630 1963 739 2009 etc.

395 2047 454 2101 in
494 2047 703 2116 Regum
732 2057 944 2114 quoque
971 2042 1046 2095 ita
1085 2039 1347 2109 scriptum
1376 2045 1461 2093 est
1496 2052 1512 2090 :
1552 2032 1686 2088 Erat
1731 2041 1905 2087 autem

330 2133 546 2205 angelus
575 2131 791 2187 Domini
805 2130 966 2201 juxta
1000 2143 1179 2183 aream
1214 2125 1466 2189 Jebustei,
1495 2132 1602 2179 etc.
1631 2120 1716 2194 (II
1751 2120 1901 2191 Reg.,

329 2223 503 2294 xxw).
537 2222 779 2291 Denique
824 2236 1056 2274 areauna
1096 2218 1485 2286 interpretatur
1513 2231 1659 2280 area,
1706 2222 1761 2267 et
1805 2210 1908 2266 0r-

330 2328 437 2366 nan
481 2310 670 2367 Latine
715 2318 952 2373 resonat,
984 2308 1159 2362 lumen
1196 2308 1363 2362 nobis.
1394 2305 1541 2361 Bene
1567 2319 1695 2375 ergo
1738 2303 1909 2379 David

329 2418 456 2459 cum
478 2403 764 2458 Dominum
793 2415 891 2469 pro
915 2398 1140 2465 oﬁ'ensa,
1173 2412 1277 2467 qua
1308 2396 1571 2466 peccavit,
1603 2394 1766 2450 vellet
1789 2394 1906 2466 pla-

330 2509 481 2557 care,
511 2492 681 2548 altare
702 2489 922 2559 jubetur
942 2491 995 2545 in
1011 2493 1253 2546 Areauna
1279 2488 1363 2542 vel
1388 2486 1534 2543 Orne
1568 2494 1907 2551 construere,

332 2592 395 2637 ut
422 2583 546 2637 inde
580 2579 952 2649 unusquisque
987 2576 1241 2647 conjiciat
1280 2578 1406 2647 quia
1461 2577 1619 2631 aliter
1655 2576 1911 2631 divinitas
1950 2610 1963 2619 ι

334 2672 403 2727 ab
445 2670 665 2725 homine
691 2668 895 2739 placari
938 2682 1045 2722 non
1088 2673 1284 2735 potest,
1333 2664 1525 2720 nisi'in
1562 2680 1691 2719 area
1732 2663 1913 2719 cordis

337 2764 420 2819 sui
452 2779 550 2834 per
584 2762 764 2817 lumen
797 2768 957 2816 recta:
995 2759 1120 2814 ﬁdei
1149 2767 1203 2815 et
1228 2774 1370 2814 vera:
1400 2757 1705 2813 dilectionis
1741 2756 1914 2811 altare

338 2853 413 2908 illi
441 2853 630 2909 devote
659 2849 977 2906 humilitatis
1006 2849 1320 2913 constituat,
1358 2849 1413 2903 in
1438 2862 1546 2918 quo
1586 2845 1913 2902 sacriﬁcium

339 2944 443 3014 pia:
469 2940 824 2998 confessionis
861 2956 926 2996 ac
951 2940 1127 2997 laudis
1170 2940 1283 2994 Deo
1325 2938 1656 3008 acceptabile
1699 2936 1911 2993 offerat.

341 3034 494 3101 Quod
533 3041 679 3089 recte
704 3048 803 3104 per
826 3032 1072 3087 eumdem
1097 3033 1416 3102 prophetam
1454 3032 1509 3085 in
1552 3030 1775 3100 psalmis
1804 3044 1916 3083 ma-

342 3125 646 3188 nifestatur.
684 3125 775 3179 ubi
806 3124 1005 3178 dicitur
1027 3139 1095 3178 ex
1124 3138 1354 3192 persona
1401 3122 1613 3177 Domini
1651 3141 1663 3176 :
1698 3120 1917 3191 Sacriﬁ-

2005 1917 2251 1973 localiter
2294 1927 2562 1980 movetur,
2613 1915 2709 1971 sed
2739 1932 2809 1971 ex
2859 1915 3148 1984 semetipsa
3198 1929 3415 1983 semper
3455 1912 3599 1967 idem

2006 2025 2234 2065 manens
2280 2019 2483 2065 aeterna
2529 2016 2797 2080 potestate
2845 2006 3030 2062 omnia
3080 2006 3335 2077 disponit,
3367 2005 3507 2077 regit
3544 2015 3604 2059 et

2009 2100 2295 2172 gubernat.

2588 2166 2821 2224 CAPUT
2859 2165 3025 2220 XXII.

2007 2259 2172 2333 Dogeo
2194 2263 2335 2333 quod
2379 2261 2549 2333 David
2576 2260 2801 2333 decrevit
2824 2257 3017 2312 ibidem
3042 2256 3307 2333 wdiﬁcnre
3349 2258 3605 2333 templum

2084 2326 2332 2398 Doniino,
2357 2332 2572 2413 quodet
2611 2330 2810 2413 factum
2835 2336 2916 2413 est.
2951 2345 3045 2398 per
3068 2326 3406 2413 Salomonem
3429 2326 3607 2413 filium

2081 2420 2253 2462 suum.
2289 2397 2380 2455 cui
2402 2402 2543 2455 dedit
2567 2397 2804 2469 sumptus
2828 2408 2876 2451 et
2897 2397 3161 2469 impensas
3183 2399 3462 2469 plurimas.
3503 2397 3608 2469 Ubi

2084 2472 2269 2527 David
2307 2469 2581 2527 Salomoni
2624 2467 2871 2539 prtecepit
2910 2467 2979 2539 de
3007 2468 3402 2539 constructione
3424 2467 3608 2536 templi

2083 2542 2317 2606 Domini,
2343 2551 2390 2595 et
2409 2542 2455 2595 ei
2496 2536 2968 2610 assignavit‘varia‘
2996 2538 3345 2610 instrumenta
3373 2536 3611 2610 innare,

2083 2622 2134 2667 et
2164 2621 2400 2692 argento,
2428 2621 2496 2692 et_
2517 2606 2640 2673 tere,
2665 2618 2713 2662 et
2743 2606 2905 2677 ferro,
2949 2607 3009 2692 in
3028 2607 3189 2692 lignis
3213 2616 3277 2687 et.
3303 2606 3609 2692 lapidibus”,

2083 2698 2201 2752 quae
2228 2676 2337 2752 ipse
2374 2679 2444 2734 ad
2476 2680 2573 2733 hoc
2609 2686 3030 2758 congregaverat,
3058 2687 3106 2730 et
3137 2676 3391 2758 plurimos
3436 2677 3613 2745 artiﬁ-

2086 2745 2169 2805 ces
2219 2745 2373 2822 atque
2417 2745 2777 2804 ccenzentarios
2802 2745 2872 2799 ad
2894 2762 3023 2816 opus
3050 2745 3246 2817 templi.

2088 2842 2132 2915 (1
2158 2842 2293 2896 Ρη.
2349 2839 2512 2912 xm.)
2558 2839 2810 2909 Dixitque
2856 2836 3027 2891 David
3078 2854 3096 2890 :
3140 2834 3271 2891 "(re
3302 2847 3377 2892 est
3420 2838 3631 2892 domus.

2014 2931 2136 2997 Dei,
2181 2939 2229 2983 et
2265 2929 2363 2982 hoc
2400 2926 2569 2982 altare
2607 2926 2662 2981 in
2710 2925 3076 2980 holocaustum
3113 2922 3305 2980 Israel.
3355 2926 3424 2980 Et
3471 2944 3613 2997 prae-

2018 3024 2177 3094 eepit,
2206 3030 2263 3075 ut
2292 3027 2737 3092 congregarentur
2764 3017 3016 3089 proselyti
3067 3018 3131 3072 de
3159 3028 3301 3072 terra
3334 3017 3538 3084 Israel,
3563 3030 3614 3072 et

2020 3113 2291 3171 constituit
2310 3114 2359 3168 ei
2380 3112 2603 3166 latomos
2625 3111 2695 3164 ad
2719 3109 2993 3164 cwdendos
3018 3108 3218 3180 lapides
3242 3120 3291 3165 et
3315 3109 3616 3180 poliendas,

344 3219 484 3271 cium
512 3216 686 3271 laudis
723 3216 1086 3284 honoriﬁcabit
1116 3233 1197 3270 me
1222 3213 1394 3288 (Psal.
1445 3215 1617 3287 χιιι).
1640 3215 1710 3270 Et
1738 3215 1867 3271 item
1901 3234 1913 3269 :

2031 3214 2077 3260 ut
2107 3203 2465 3273 wdiﬁcaretur.
2485 3202 2673 3256 domus
2698 3200 2933 3254 Domini.
2960 3200 3017 3255 In
3046 3199 3138 3255 illo
3164 3200 3432 3269 siquidem
3456 3201 3581 3257 loco
3600 3242 3618 3267 ,

346 3304 701 3376 Sacriﬁcium,
730 3307 922 3377 inquit,
969 3306 1079 3361 Deo
1119 3308 1334 3378 spiritus
1362 3306 1741 3363 contribulatus
1766 3322 1785 3360 :
1829 3324 1921 3364 car

348 3398 625 3450 contritum
652 3405 701 3451 et
722 3395 1058 3451 humiliatum
1098 3395 1240 3451 Deus
1271 3413 1376 3450 non
1399 3396 1593 3467 spernit
1625 3395 1802 3468 (Psal.
1841 3394 1916 3469 ι).

350 3487 491 3542 Area
505 3487 873 3558 Areanna,vel
902 3502 1028 3543 area
1056 3487 1223 3555 Orne,
1249 3490 1364 3558 ipsa
1390 3496 1475 3544 est
1497 3487 1745 3545 videlicet
1789 3488 1921 3545 Ilie-

349 3580 606 3636 rusalem.

419 3670 574 3725 Dedit
597 3686 718 3740 ergo
742 3669 915 3725 David
942 3669 1124 3725 Ornan
1151 3686 1246 3741 pro
1273 3669 1387 3725 loco
1409 3671 1565 3725 siclbs
1587 3675 1712 3724 auri
1733 3671 1925 3740 Iustis-

351 3763 470 3819 simi
498 3763 742 3834 ponderis
769 3773 1055 3827 sexcentos,
1098 3772 1145 3816 et
1179 3762 1457 3831 aediﬁcavit
1505 3763 1578 3816 ibi
1621 3765 1788 3817 altare
1816 3762 1927 3816 Do-

351 3854 525 3919 mino,
566 3852 850 3923 obtulitque
894 3853 1199 3910 holocausta
1238 3863 1286 3907 et
1331 3852 1576 3924 paciﬁca.
1614 3852 1674 3907 In
1718 3852 1923 3923 Regum

353 3957 484 3997 vero
520 3942 595 3997 ita
624 3942 887 4011 scriptum
927 3950 1053 3996 est:
1095 3940 1241 3995 Emit
1270 3957 1391 4012 ergo
1448 3940 1620 3996 David
1661 3958 1839 3995 aream
1879 3949 1928 3995 et

356 4033 503 4087 boves
530 4034 732 4104 argenti
760 4031 903 4086 siclis
923 4033 1301 4104 quinquaginta
1322 4030 1407 4103 (II
1430 4031 1557 4103 Reg.
1584 4031 1755 4106 xxw).
1774 4031 1928 4087 Unde

355 4121 565 4178 Πεδιιωί
594 4131 879 4178 autumant
903 4122 1126 4193 intelligi
1152 4122 1372 4187 debere,
1398 4122 1456 4176 in
1480 4122 1584 4177 hac
1607 4120 1927 4178 diversitate

357 4229 727 4283 numerorum,
744 4217 910 4272 boves
929 4218 1136 4289 argenti
1158 4215 1306 4271 siclis
1327 4216 1734 4288 quinquaginta,
1751 4230 1930 4270 aream

2022 3302 2086 3350 ut
2108 3293 2317 3348 Hebraei
2344 3299 2643 3355 autumant,
2669 3290 2958 3360 aliquando
2992 3290 3294 3359 contigerat
3332 3290 3619 3346 Abraham

2022 3383 2219 3442 oﬂ‘erre
2246 3399 2404 3439 suum
2432 3382 2601 3437 ﬁlium
2630 3382 2801 3447 Isaac,
2836 3380 3083 3447 quando,
3102 3398 3225 3436 cum
3247 3379 3364 3451 jam
3387 3394 3621 3453 paratus

2024 3486 2173 3534 esset
2212 3477 2463 3533 occidere
2510 3476 2681 3531 ﬁlium
2729 3483 2784 3530 et
2827 3476 2882 3530 in
2912 3474 3285 3531 holocaustum
3330 3476 3619 3543 exhibere,

2025 3570 2321 3641 improviso
2383 3570 2528 3624 aries
2587 3568 2837 3638 apparuit
2884 3574 2940 3622 et
2983 3576 3154 3623 altare
3211 3568 3639 3634 circumstetit,.

2026 3676 2187 3733 quem
2225 3659 2502 3714 Abraham
2530 3674 2627 3729 pro
2655 3657 2764 3712 ﬁlio
2803 3658 2944 3713 sicut
2981 3658 3334 3728 pnediximus
3376 3658 3615 3714 immolav

2024 3750 2104 3804 vit
2137 3749 2292 3821 (Gen.
2325 3748 2484 3822 χχιι).
2517 3746 2875 3819 Congregatis
2924 3748 3211 3820 proselytis
3240 3750 3307 3803 de
3357 3757 3504 3804 terra
3546 3750 3628 3805 ls-

2026 3841 2161 3907 rael,
2193 3841 2423 3896 latomos
2447 3838 2515 3893 ad
2543 3838 2865 3893 scindendos
2893 3836 3101 3907 lapides
3128 3848 3183 3893 et
3205 3837 3489 3909 poliendos
3514 3841 3626 3897 Da-

2029 3933 2118 3988 vid
2150 3931 2433 3987 constituit
2478 3929 2644 4000 :quia
2690 3928 2756 3983 de
2796 3937 2945 3983 terra
2973 3928 3230 3984 Ecclesiae
3260 3928 3501 3985 artiﬁces
3529 3930 3626 3986 do-

2030 4043 2152 4082 mus
2196 4025 2292 4080 Dei
2336 4024 2668 4094 Redemptor
2705 4031 2891 4078 noster
2942 4021 3125 4092 elegit,
3168 4020 3269 4092 qui
3313 4023 3630 4079 inconditos

2031 4133 2213 4174 mores
2247 4116 2525 4172 hominum
2553 4114 2731 4171 securi
2780 4113 3184 4183 Scripturarum
3227 4113 3532 4182 caederent,
3572 4125 3633 4170 et

2032 4207 2253 4263 dolabra
2280 4204 2430 4259 verbi
2456 4203 2554 4258 Dei
2582 4218 2676 4259 eos
2700 4203 2957 4273 polirent,
2973 4210 3245 4271 quatenus
3266 4214 3391 4273 apte
3421 4205 3476 4259 in
3498 4206 3632 4261 aedi-

355 4320 489 4362 vero
519 4308 788 4363 sexcentis
817 4307 935 4362 auri
962 4314 1197 4377 emptam
1234 4322 1375 4362 esse.
1406 4305 1512 4361 Alii
1541 4314 1720 4363 autem
1747 4305 1935 4363 dicunt
2036 4298 2290 4353 ﬁcatione
2319 4295 2586 4367 spirituali
2614 4296 2715 4351 sibi
2746 4296 2976 4350 invicem
3004 4310 3103 4365 per
3123 4293 3414 4363 iuncturas
3440 4297 3635 4351 diver-

359 4397 416 4453 in
441 4398 543 4455 hac
572 4398 825 4455 distantia
852 4398 1170 4469 emptionis,
1211 4398 1286 4463 id,
1322 4397 1466 4468 quod
1487 4398 1541 4452 in
1562 4396 1701 4453 libro
1722 4396 1933 4467 Regum
2037 4405 2127 4446 sas
2157 4387 2282 4443 ﬁdei
2308 4394 2363 4441 et
2391 4386 2677 4442 charitatis
2721 4386 3099 4451 convenirent,
3130 4385 3284 4454 juxta
3312 4385 3443 4440 illud
3484 4388 3632 4456 quod

361 4489 437 4546 ibi
489 4498 700 4545 tantum
752 4491 1140 4561 quinquaginta
1192 4490 1340 4545 siclis
1395 4504 1523 4544 area
1586 4498 1764 4558 empta
1815 4504 1934 4544 esse
1962 4547 2011 4561 _
2036 4499 2137 4555 per
2172 4481 2311 4538 Osee
2339 4480 2582 4538 dicitur:
2625 4477 2812 4533 Dolavi
2854 4479 2908 4532 in
2954 4477 3237 4548 prophetis,
3279 4486 3327 4530 et
3364 4477 3537 4531 occidi
3575 4479 3635 4533 in

362 4590 834 4647 commemoratur,
866 4581 1202 4636 solummodo
1242 4580 1546 4649 exprimere
1570 4580 1749 4636 locum
1798 4580 1935 4634 alta-

362 4674 473 4736 ris.
518 4674 610 4729 ubi
658 4673 854 4728 obtulit
895 4673 1309 4727 holocaustum:
1343 4671 1475 4727 illud
1503 4687 1654 4738 vero,
1696 4673 1838 4741 quod
1884 4673 1939 4727 in

364 4762 813 4835 Paralipomenon
846 4768 1053 4828 narrat,
1092 4761 1364 4816 sexcentis
1386 4760 1534 4816 siclis
1570 4760 1689 4815 auri
1715 4774 1938 4832 compa-

366 4862 542 4909 ratam
589 4869 792 4919 aream,
835 4853 1011 4911 locum
1062 4852 1369 4924 signiﬁcare
1421 4853 1583 4906 totius
1624 4850 1829 4920 templi,
1885 4851 1942 4906 in

368 4957 477 5011 quo
530 4941 785 4998 Salomon
833 4950 1018 5014 postea
1066 4941 1325 5013 templum
1371 4941 1656 4998 aediﬁcavit
1703 4948 1758 4998 et
1803 4942 1941 4997 atria

371 5045 509 5102 ejus.

446 5120 517 5177 Et
550 5122 805 5178 invocavit
849 5122 1154 5190 Dominum,
1204 5134 1252 5178 et
1286 5121 1547 5178 exaudivit
1583 5139 1701 5177 eum
1739 5122 1795 5176 in
1829 5122 1948 5192 igne

371 5212 440 5268 de
465 5212 588 5269 coelo
613 5230 769 5285 super
794 5213 961 5269 altare
982 5214 1295 5270 holocausti.
1327 5214 1440 5269 Sub
1462 5214 1639 5287 Moyse
1663 5224 1871 5270 tantum
1893 5224 1950 5270 et

373 5301 545 5360 David
567 5310 622 5359 et
647 5302 934 5360 Salomone
952 5314 1005 5359 et
1029 5304 1144 5360 Elia
1168 5321 1329 5376 super
1351 5305 1520 5360 altare
1542 5305 1787 5361 ascendit
1811 5304 1949 5376 ignis

377 5410 411 5452 e
436 5395 574 5453 coelo
603 5394 724 5468 (III
746 5395 874 5468 Reg.
916 5394 1095 5469 xvtn).
1138 5394 1250 5453 Sub
1284 5396 1476 5452 Manue
1502 5404 1684 5451 autem
1713 5394 1949 5467 Angelus

380 5491 449 5549 de
473 5500 625 5564 petra
652 5493 829 5565 erupit
852 5493 908 5547 in
939 5492 1155 5549 ﬂamma
1187 5493 1337 5566 (Iud.
1362 5496 1499 5561 xm).

2040 4576 2208 4632 verbis
2233 4574 2337 4629 oris
2358 4573 2498 4637 mei;
2525 4580 2573 4625 et
2589 4570 2798 4643 judicia
2825 4586 2941 4624 mea
2982 4569 3134 4641 quasi
3163 4569 3257 4623 tua:
3276 4569 3630 4639 egredientur.

2045 4671 2184 4739 Quia
2209 4668 2621 4724 misericordiam
2647 4664 2783 4731 volo,
2808 4674 2856 4719 et
2875 4680 2980 4720 non
3008 4663 3367 4733 sacriﬁcium;
3391 4672 3443 4717 et
3465 4664 3636 4717 scien-

2041 4765 2171 4819 tiam
2199 4761 2298 4817 Dei
2326 4759 2442 4832 plus
2467 4773 2627 4831 quam
2654 4756 3021 4811 holocaustum
3048 4754 3194 4827 (Ose.
3272 4773 3300 4811 ν
3340 4753 3383 4823 ).

2118 4852 2344 4909 Ferrum
2372 4867 2575 4924 quoque
2601 4848 2886 4920 plurimum
2917 4847 2986 4901 ad
3024 4846 3203 4901 clavos
3232 4845 3557 4916 januarum,
3585 4857 3634 4899 et

2045 4943 2115 4998 ad
2145 4939 2512 4997 commissuras
2538 4948 2693 5009 atque
2710 4938 2999 5009 juncturas
3024 4934 3335 5007 prwparavit
3358 4933 3534 4989 David
3548 4951 3568 4999 ;
3587 4944 3636 4988 et

2053 5034 2176 5090 teris
2199 5032 2403 5103 pondus
2431 5028 2828 5086 innumerabile.
2868 5027 3035 5099 Ligna
3061 5043 3263 5097 quoque
3286 5027 3500 5081 cedrino
3532 5044 3640 5083 non

2052 5134 2291 5197 poterant
2340 5122 2612 5188 testimari,
2641 5138 2758 5192 quis
2806 5118 3016 5176 Sidonii
3056 5129 3106 5172 et
3144 5117 3288 5188 Tyrii
3333 5118 3642 5188 deportave-

2054 5227 2177 5271 runt
2198 5216 2267 5269 ad
2294 5213 2482 5269 David.
2514 5212 2650 5280 Quid
2680 5221 2787 5278 est,
2817 5210 2960 5282 quod
2990 5208 3159 5264 David
3201 5207 3479 5264 Salomoni
3525 5207 3642 5262 ﬁlio

2054 5320 2154 5361 suo
2176 5304 2497 5378 praeparavit
2513 5310 2866 5373 consumptus
2887 5301 2956 5356 ad
2977 5299 3265 5355 aedilicium
3290 5297 3483 5353 domus
3507 5296 3607 5351 Dei
3622 5338 3638 5361 ,

2053 5396 2160 5452 nisi
2186 5395 2329 5467 quod
2353 5395 2539 5450 Patres
2558 5392 2771 5448 Veteris
2798 5390 3156 5456 Testamenti,
3184 5405 3250 5443 ex
3273 5387 3462 5459 quibus
3484 5383 3646 5441 σιω-ε-

2048 5497 2163 5543 stus
2187 5487 2472 5543 secundum
2499 5502 2710 5540 carnem
2740 5485 2990 5554 originem
3028 5482 3180 5538 duxit
3210 5480 3389 5553 (Rom.
3417 5477 3520 5546 ιι),
3546 5478 3647 5532 do-

456 5583 815 5656 Prarcepitque
841 5583 1098 5640 Dominus
1126 5583 1331 5654 angelo,
1359 5591 1408 5637 et
1434 5581 1680 5636 convertit
1720 5577 1956 5650 gladium
2053 5580 2227 5633 cendo
2251 5584 2415 5646 atque
2454 5576 2727 5645 operando
2764 5575 3121 5629 instrumenta
3162 5568 3527 5640 competentia
3571 5567 3645 5622 ad

382 5692 539 5730 suum
573 5677 628 5729 in
657 5678 918 5748 vaginam.
959 5673 1212 5730 Protinus
1244 5692 1365 5745 ergo
1402 5672 1571 5729 David
1600 5672 1774 5728 videns
1817 5673 1957 5744 quod
2056 5669 2470 5727 aediﬁcationem
2491 5666 2753 5737 spiritalis
2776 5664 2988 5720 aediﬁcii
3008 5664 3374 5735 parabant,ut
3391 5660 3650 5716 veniente

385 5764 681 5822 exaudisset
708 5784 826 5826 eum
852 5765 1103 5823 Dominus
1127 5766 1182 5820 in
1210 5780 1336 5819 area
1370 5760 1552 5819 Ornan
1578 5762 1831 5831 Jebustei,
1857 5763 1957 5818 im-

2061 5759 2181 5833 ipso
2209 5774 2334 5830 rege
2375 5766 2582 5825 nostro,
2614 5770 2738 5812 vere
2764 5756 2974 5813 scilicet
2995 5755 3243 5827 pacilico,
3275 5768 3469 5809 eorum
3510 5764 3650 5821 sup-
