3870 6146
259 317 358 377 381

1177 311 1542 375 COMMENT.'
1566 312 1634 370 IN
1669 308 2222 369 PARALIPOMENA.
2261 342 2331 354 —
2364 310 2495 368 ΜΒ.
2536 312 2598 369 Il.

3414 313 3526 377 582

256 432 564 506 plementis,
591 433 695 488 hoc
722 437 825 496 est,
841 445 1030 487 eorum
1053 434 1510 497 attestationibus,
1527 431 1687 487 ﬁdem
1710 445 1841 487 con-
1868 427 1919 485 A
1945 427 2314 499 glori/icabunt
2342 442 2527 481 nomen
2556 434 2704 480 tuum
2729 440 2747 477 :
2775 429 3024 498 quoniam
3048 445 3267 502 magnus
3289 447 3344 487 es
3371 440 3448 497 tu,
3467 445 3517 487 et

256 524 504 581 ﬁrmaret
550 519 851 593 Evangelii,
882 528 936 576 et
966 521 1263 577 Ecclesiam
1302 537 1455 576 suam
1482 521 1648 576 variis
1672 535 1837 575 orna-

257 615 454 672 mentis
486 614 896 682 Scripturarum
927 614 1229 668 decoraret.
1260 612 1595 687 Praeparavit
1623 626 1840 682 quoque

257 706 457 762 ferrum
507 705 800 776 plurimum
837 706 904 759 ad
949 705 1130 761 clavos
1174 706 1464 777 januarum
1494 714 1550 760 et
1589 706 1656 760 ad
1682 720 1835 760 com-

253 799 518 854 missuras
545 806 712 869 atque
750 799 1055 867 juncturas,
1087 812 1209 853 cum
1240 798 1364 854 ﬁdei
1407 798 1720 852 ﬁrmitatem
1751 812 1838 852 sa-

258 892 357 947 eris
378 890 729 960 dogmatibus
756 891 1051 955 ordinavit,
1078 900 1347 960 quatenus
1367 890 1632 947 intrantes
1652 889 1708 944 in
1735 888 1834 943 Ec-

256 982 471 1038 clesium
522 981 736 1037 timoris
767 981 861 1036 Dei
909 980 1114 1037 aculeis
1157 982 1578 1051 conﬁgerentur,
1620 988 1675 1035 ct
1701 979 1837 1035 dile-

256 1072 446 1128 ctionis
476 1078 530 1127 et
557 1071 836 1126 societatis
865 1070 1068 1125 findere
1095 1086 1192 1140 per
1216 1071 1461 1129 eamdem
1499 1070 1659 1125 ﬁdem
1692 1068 1834 1123 invi-

257 1177 362 1217 cem
414 1170 788 1215 necterentur.
850 1161 1003 1218 Unde
1046 1161 1187 1216 idem
1239 1161 1529 1221 Psalmista
1578 1168 1835 1230 precatur

255 1249 537 1304 Dominum
573 1248 760 1303 dicens
790 1267 803 1302 :
849 1248 1064 1320 Conﬁge
1095 1250 1280 1302 timore
1307 1259 1397 1305 tua
1424 1266 1609 1303 carnes
1643 1266 1785 1308 meas
1811 1265 1831 1303 :

256 1357 284 1394 ι
301 1339 526 1410 judiciis
560 1340 698 1393 enim
727 1342 830 1392 tuis
873 1339 1025 1393 timui
1055 1336 1226 1411 (Psal.
1258 1338 1471 1412 CXVIII).
1508 1340 1575 1395 Et
1609 1338 1736 1395 alibi
1767 1338 1833 1393 de

255 1432 359 1502 ipsa
390 1431 616 1502 speciali
648 1432 986 1486 Hierusalem
1016 1432 1272 1501 loquitur,
1304 1432 1491 1487 dicens
1523 1450 1535 1485 :
1569 1431 1830 1486 Hierusa-

254 1524 361 1589 lem,
391 1541 515 1595 qua:
552 1523 851 1591 adiﬁcatur
871 1532 927 1576 ut
952 1523 1156 1588 civitas,
1182 1523 1333 1593 cujus
1356 1523 1692 1593 participatio
1713 1522 1831 1591 ejus

252 1616 302 1669 in
326 1615 558 1681 idipsum
587 1611 683 1681 (Ps
702 1612 759 1666 ll.
789 1611 957 1685 CXXI).
988 1612 1058 1668 Et
1082 1613 1241 1684 paulo
1269 1622 1392 1683 post
1418 1632 1430 1667 :
1482 1612 1607 1667 Fiat
1634 1630 1740 1684 pars
1771 1613 1829 1667 in

253 1707 432 1761 uirtute
482 1716 594 1770 tua,
624 1715 673 1760 et
702 1705 1028 1760 abundantia
1057 1708 1113 1760 in
1164 1707 1398 1761 turribus
1443 1707 1568 1760 tuis.
1613 1705 1830 1777 Praepa-

251 1799 381 1852 ravit
403 1807 461 1853 et
489 1812 588 1863 aes,
611 1812 736 1852 cum
758 1797 1018 1853 lectiones
1049 1813 1259 1854 sonora:
1281 1807 1337 1854 et
1364 1800 1576 1856 cantica
1607 1800 1827 1870 spirita-
1852 1779 1900 1839 B

250 1888 313 1945 lia
338 1889 409 1943 ab
457 1889 593 1959 ipsis
616 1890 822 1944 sanctis
851 1889 1105 1944 Patribus
1143 1891 1212 1945 ad
1257 1891 1674 1949 instructionem
1694 1906 1826 1947 san-

247 1989 341 2037 ctze
364 1982 627 2038 Ecclesia:
672 1983 887 2040 condita
921 1991 1065 2038 sunt.
1098 1982 1433 2053 Prcharavit
1465 1992 1520 2038 et
1561 1983 1705 2056 ligna
1731 1999 1825 2039 ce-

249 2072 416 2136 drina.
444 2089 570 2128 cum
598 2074 747 2128 viros
782 2072 1072 2128 virtutibus
1116 2073 1292 2129 claros
1334 2074 1389 2128 in
1420 2074 1551 2145 ipsis
1582 2073 1827 2143 Scriptu-

246 2162 316 2216 ris
335 2163 451 2219 suis
487 2163 558 2216 ad
587 2162 895 2233 exemplum
936 2161 1177 2219 ﬁdelium
1208 2163 1553 2219 inseruerunt
1581 2182 1594 2218 :
1639 2163 1828 2237 quales

246 2249 462 2306 luerunt
488 2251 647 2316 Abel,
680 2251 846 2318 Enos,
876 2259 930 2306 et
954 2252 1159 2317 Enoch,
1188 2260 1245 2306 et
1271 2251 1406 2316 Noe,
1438 2260 1494 2313 et
1516 2252 1823 2319 Abraham,

243 2343 503 2397 etcaneri
549 2344 911 2415 patriarcha};
957 2345 1049 2414 qui
1093 2343 1504 2405 ambulaverunt
1553 2361 1678 2401 cum
1722 2346 1827 2402 Do-

244 2434 408 2498 mino,
441 2442 498 2489 et
543 2434 793 2489 translati
841 2442 967 2489 sunt
1001 2450 1032 2489 a
1077 2435 1300 2499 mundo,
1348 2451 1577 2504 quorum
1599 2436 1825 2507 iustitiae

242 2526 562 2582 oblivionem
601 2543 709 2581 non
737 2535 1102 2596 acceperunt:
1138 2527 1315 2597 qualis
1343 2527 1553 2599 Moyses
1596 2536 1652 2582 et
1694 2544 1822 2598 pro-

241 2618 435 2688 phetae,
460 2617 555 2688 qui
596 2618 1079 2687 prwnuntiaverunt
1130 2618 1195 2673 de
1239 2619 1462 2674 adventu
1503 2620 1638 2690 justi
1681 2618 1821 2692 (Act.

242 2707 355 2778 vn),
386 2716 439 2763 et
470 2709 578 2778 piis
608 2710 949 2782 dogmatibus
970 2719 1332 2775 sacramenta,
1365 2727 1485 2781 quae
1510 2726 1654 2767 nunc
1679 2710 1825 2766 salu-

239 2798 407 2854 briter
434 2810 625 2855 saneta
661 2808 808 2854 tenet
835 2800 1094 2867 Ecclesia,
1126 2801 1441 2871 pmconiati
1467 2808 1612 2867 sunt,
1635 2800 1825 2870 quales

239 2900 291 2944 et
313 2892 493 2946 caeteri
510 2892 670 2961 justi,
705 2893 795 2961 qui
818 2909 910 2959 per
938 2892 1096 2961 ﬁdem
1127 2895 1359 2951 vicerunt
1394 2910 1573 2963 regna,
1619 2895 1821 2964 operati

238 2990 353 3033 sunt
382 2980 663 3047 iustitiam,
692 2981 869 3050 adepti
896 2991 1018 3035 sunt
1045 2985 1499 3053 repromissionem
1531 2982 1688 3054 (Heb.
1718 2984 1819 3057 XI).

237 3067 361 3125 Bm
388 3086 519 3140 ergo
567 3070 711 3142 ligna
744 3070 962 3142 Sydonii
993 3080 1047 3126 et
1074 3072 1220 3144 Tyrii
1249 3073 1315 3129 ad
1347 3073 1685 3131 Hierusalem
1723 3077 1823 3131 de-

237 3138 631 3227 formaverunt,
662 3138 799 3232 quia
825 3178 930 3217 non
963 3138 1133 3222 solum
1163 3163 1579 3232 praedicantibus
1601 3176 1816 3236 aposto-
1848 3138 1893 3200 Ο

236 3246 299 3304 lis
344 3259 400 3305 et
439 3250 634 3320 primis
685 3253 751 3306 de
798 3249 982 3313 Iudaea
1013 3252 1287 3325 Evangelii
1323 3255 1818 3325 dispensatoribus,

236 3355 423 3396 verum
455 3343 624 3398 etiam
658 3342 790 3413 ipsis
820 3344 1149 3409 doctoribus,
1196 3346 1287 3416 qui
1327 3346 1396 3401 de
1429 3349 1670 3418 gentium
1719 3365 1818 3420 ρον

236 3431 363 3499 pulo
388 3431 453 3485 ad
484 3448 623 3503 opus
653 3432 804 3487 verbi
834 3432 990 3488 electi
1020 3444 1162 3498 sunt,
1186 3436 1320 3491 tales
1348 3437 1453 3491 viri
1482 3438 1547 3494 ad
1569 3440 1816 3497 notitiam

238 3522 491 3581 Ecclesia:
540 3535 928 3597 pervenerunt,
962 3537 1022 3582 ut
1055 3544 1241 3584 eorum
1269 3530 1608 3587 documentis
1653 3540 1818 3603 atque

237 3616 492 3685 exemplis
521 3618 717 3673 domus
746 3616 844 3672 Dei
872 3617 1112 3688 quotidie
1140 3635 1207 3675 ex
1236 3620 1374 3677 vivis
1398 3621 1665 3697 lapidibus
1688 3639 1820 3680 cou~

236 3713 554 3761 strueretur.

306 3796 376 3851 Et
402 3799 536 3853 dixit
562 3798 736 3855 Dauid
757 3816 775 3854 :
807 3798 1057 3856 Salomon
1079 3802 1223 3883 ﬁlius
1249 3820 1393 3859 meus
1410 3806 1667 3877 parvulus
1685 3824 1819 3879 puer

236 3895 306 3938 est
339 3897 389 3940 et
416 3887 675 3943 delicatus
714 3904 734 3942 :
760 3889 948 3949 domus
992 3902 1167 3946 autem
1215 3910 1373 3964 quam
1416 3896 1672 3969 azdiﬁcari
1701 3897 1815 3951 volo

236 3975 479 4045 Domino,
507 3981 631 4035 talis
656 3999 766 4036 esse
794 3983 960 4051 debet,
986 3995 1041 4038 ut
1070 3987 1125 4040 in
1153 3987 1354 4041 cunctis
1380 3970 1675 4058 regionibus
1716 4006 1815 4043 nov

236 4070 480 4126 minetur.
508 4071 835 4144 Prteparabo
880 4093 1001 4147 ergo
1044 4080 1221 4133 omnia
1269 4081 1582 4134 necessaria.
1630 4080 1698 4134 Et
1749 4081 1812 4135 ob

234 4158 367 4213 Itane
415 4176 636 4216 causam
691 4173 812 4217 ante
843 4174 1062 4221 mortem
1098 4183 1251 4222 suam
1297 4186 1473 4223 omnes
1501 4170 1815 4240 praeparauit

236 4250 514 4320 Mensas.
580 4252 890 4325 Vocavitque
944 4256 1279 4313 Salomonem
1324 4258 1496 4329 ﬁlium
1545 4278 1723 4328 suum,
1765 4271 1815 4317 et

234 4344 476 4413 prtecepit
510 4345 561 4398 ei
601 4353 658 4397 ut
683 4345 967 4413 aediﬁcaret
996 4348 1210 4403 domum
1238 4349 1452 4409 Domini
1485 4350 1596 4405 Deo
1618 4349 1809 4407 Israel.

235 4427 385 4497 Quod
400 4440 588 4487 autem
613 4432 783 4488 David
799 4434 1053 4491 Salomon
1077 4436 1243 4492 ﬁlium
1260 4454 1418 4495 suum
1440 4455 1666 4514 puerum
1690 4456 1815 4511 par-

230 4519 414 4576 vulum
439 4536 567 4578 esse
591 4523 725 4578 dicit
750 4532 805 4579 et
828 4526 1138 4592 delicatum,
1171 4529 1388 4584 domum
1419 4538 1621 4596 autem,
1649 4546 1811 4601 quam

234 4612 505 4669 adiﬁcare
534 4615 899 4686 disposuerat,
938 4633 1190 4690 magnam
1231 4619 1467 4675 futuram
1497 4637 1513 4677 :
1544 4623 1814 4695 signiﬁcat

229 4706 377 4773 quod
403 4707 744 4774 temporibus
772 4709 973 4764 veteris
995 4711 1303 4765 testamenti
1331 4710 1562 4766 obscura
1589 4712 1689 4766 fuit
1716 4728 1813 4767 no-

231 4795 354 4849 titia
395 4797 792 4853 incarnationis
819 4799 1018 4855 Christi
1049 4801 1116 4857 ad
1145 4802 1625 4872 tequiparationem
1671 4804 1813 4858 veri-

230 4888 359 4943 tatis
386 4888 687 4959 Evangelii,
724 4890 779 4944 in
810 4907 917 4960 qua
945 4892 1124 4946 omnia
1163 4901 1291 4951 sunt
1320 4892 1601 4949 manifeste
1627 4892 1809 4948 decla-

227 4986 371 5042 rata,
402 4995 526 5050 quae
554 4979 610 5034 in
659 4980 776 5049 lege
801 4996 899 5052 per
937 4981 1163 5052 ﬁguram
1195 4982 1344 5038 fuere
1391 4983 1675 5048 denotata;
1700 4984 1815 5038 sive

223 5066 417 5133 etiam,
450 5071 596 5139 quod
624 5086 689 5126 eo
719 5079 960 5143 tempore
987 5089 1188 5144 parvus
1221 5091 1479 5131 numerus
1508 5074 1670 5129 fuerit
1690 5090 1814 5130 cre-

223 5155 499 5223 dentium,
533 5161 627 5230 qui
656 5163 897 5217 membra
931 5173 1058 5219 sunt
1085 5164 1324 5231 Christi,
1354 5166 1423 5221 ad
1453 5166 1788 5238 comparatio

221 5264 358 5305 nem
385 5250 650 5314 ﬁdelium,
677 5251 768 5322 qui
796 5251 962 5307 futuri
993 5262 1149 5308 erant
1176 5255 1275 5310 sub
1305 5271 1445 5310 novo
1468 5264 1808 5310 testamento.

218 5339 384 5395 Tunc
409 5341 555 5395 enim
592 5341 713 5409 fuit,
741 5342 885 5414 quod
913 5345 1173 5413 scriptum
1197 5354 1281 5401 est
1306 5363 1318 5399 :
1351 5345 1524 5400 Notus
1546 5347 1599 5400 in
1618 5346 1811 5400 Iudaea

218 5431 489 5505 (tantum)
538 5433 703 5500 Deus,
759 5444 808 5489 et
861 5436 918 5489 in
955 5435 1128 5490 Israel
1178 5454 1426 5507 magnum
1478 5454 1665 5491 nomen
1699 5437 1811 5507 ejus

216 5523 403 5591 (Psal.
436 5525 634 5597 Luv);
674 5534 728 5579 et
755 5542 918 5592 nunc,
950 5528 1092 5597 quod
1126 5528 1265 5583 idem
1300 5529 1562 5598 propheta
1611 5528 1666 5582 in
1706 5527 1812 5583 alio

212 5615 437 5689 psalmo
464 5616 817 5684 praecinebat,
846 5617 1032 5673 dicens
1059 5636 1072 5672 :
1106 5616 1296 5673 Omnes
1319 5628 1516 5689 gentes,
1550 5635 1813 5690 quascun-

208 5712 319 5777 ne
350 5705 548 5777 fecisti,
581 5707 785 5763 venient
811 5717 859 5762 et
884 5708 1177 5764 adorabunt
1204 5727 1383 5765 coram
1406 5720 1475 5779 te,
1506 5708 1748 5776 Domine,
1763 5719 1812 5765 et

1838 4490 1893 4550 D

1942 519 2142 588 faciens
2169 516 2453 571 mirabilia.
2489 516 2568 570 Tu
2594 534 2645 571 es
2678 517 2818 571 Deus
2850 518 2991 576 solus
3016 517 3189 592 (Psal.
3211 522 3432 595 Lxxxv).
3458 523 3521 579 Et

1941 610 2012 666 ob
2038 611 2175 665 hanc
2210 625 2430 665 causam
2459 618 2583 663 ante
2626 619 2853 665 mortem
2890 627 3045 667 suam
3093 628 3282 670 omnes
3311 615 3526 684 paravit

1942 703 2236 773 impensas,
2291 719 2413 759 cum
2461 704 2728 773 quomodo
2758 705 2929 760 sancti
2960 705 3080 770 viri,
3123 706 3414 764 virtutibus
3456 723 3522 763 ac

1941 796 2220 866 sapientiae
2244 794 2441 852 decore
2466 795 2735 866 praeclari,
2768 796 2821 851 in
2845 797 3133 853 aedilicium
3166 799 3407 868 spiritale
3427 800 3523 855 do-

1938 901 2059 940 mus
2081 884 2176 940 Dei
2202 885 2554 956 pertinerent,
2587 886 2673 941 lex
2697 894 2754 941 et
2770 888 3048 956 prophetae
3074 889 3357 958 aequaliter
3375 902 3524 959 pra-

1938 975 2167 1031 dicendo
2195 978 2655 1031 demonstrabant.
2674 976 2756 1032 An
2787 993 2891 1031 non
2906 977 3117 1050 Moyses
3135 980 3404 1050 impensas
3424 981 3520 1038 do-

1937 1081 2059 1121 mus
2071 1067 2164 1122 Dei
2183 1066 2526 1135 praeparavit,
2544 1066 2634 1133 qui
2663 1066 2728 1120 ad
2748 1066 2886 1122 ﬁlios
2914 1068 3075 1125 Israel
3106 1069 3159 1125 in
3178 1069 3515 1127 Deuterono-

1936 1160 2044 1214 mlo
2094 1158 2304 1213 locutus
2329 1166 2433 1223 est,
2481 1159 2707 1213 dicens:
2763 1157 2806 1212 Ο
2850 1158 3042 1225 Israel,
3082 1161 3208 1233 quid
3255 1161 3514 1218 Dominus

1935 1250 2077 1305 Deus
2108 1260 2227 1305 tuus
2252 1250 2376 1321 petit
2406 1267 2441 1303 a
2489 1262 2557 1314 te,
2606 1251 2707 1304 nisi
2736 1259 2793 1303 ut
2824 1251 3006 1305 timeas
3035 1250 3318 1306 Dominum
3344 1251 3516 1308 Deum

1934 1350 2100 1405 tuum,
2132 1352 2181 1397 et
2206 1340 2440 1396 ambules
2467 1343 2520 1396 in
2550 1342 2645 1396 viis
2674 1341 2810 1410 ejus,
2839 1352 2885 1396 et
2915 1341 3106 1415 diligas
3135 1359 3278 1409 eum,
3309 1360 3372 1399 ac
3401 1360 3517 1398 ser-

1932 1432 2041 1486 vias
2069 1430 2296 1486 Domino
2329 1430 2437 1484 Deo
2467 1440 2556 1489 tuo
2584 1431 2639 1486 in
2662 1441 2769 1487 toto
2797 1432 2952 1486 corde
2980 1442 3091 1497 tuo,
3113 1442 3161 1486 et
3189 1433 3246 1487 in
3266 1442 3376 1486 tota
3401 1434 3517 1487 ani-

1932 1538 2018 1575 ma
2049 1531 2162 1586 tua,
2208 1521 2577 1591 custodiasque
2606 1521 2861 1575 mandata
2903 1520 3138 1587 Domini,
3185 1530 3232 1576 et
3273 1537 3519 1577 caaremo—

1932 1612 2046 1666 nias
2080 1611 2191 1681 ejus
2220 1610 2397 1679 (Deut.
2431 1609 2520 1682 It)?
2551 1609 2682 1664 Filii
2704 1621 2863 1665 estote
2893 1610 3103 1665 Domini
3133 1612 3230 1667 Dei
3250 1610 3518 1667 veri.Non

1931 1719 2017 1758 vos
2063 1701 2323 1766 incidetis,
2372 1717 2462 1755 nec
2496 1700 2701 1771 facietis
2745 1700 3012 1755 calvitium
3059 1718 3218 1771 super
3258 1711 3466 1757 mortuo
3495 1717 3517 1757 :

1926 1795 2174 1864 quoniam
2199 1794 2423 1865 populus
2466 1803 2681 1848 sanctus
2710 1810 2763 1847 es
2804 1792 3028 1848 Domino
3062 1794 3169 1849 Deo
3217 1803 3305 1849 tuo
3334 1794 3514 1865 (Deut.

1929 1884 2064 1953 xw).
2097 1883 2188 1940 Sic
2218 1892 2273 1939 et
2302 1884 2488 1949 Isaias,
2521 1885 2763 1954 nunquid
2789 1885 2934 1941 enim
2966 1895 3215 1957 sumptus
3243 1902 3516 1957 praepara-

1927 1976 2008 2031 vit
2028 1980 2095 2031 ad
2123 1979 2546 2036 construendum
2575 1976 2793 2031 domum
2822 1976 2941 2041 Dei,
2972 1978 3064 2047 qui
3092 1976 3272 2033 futuro
3306 1978 3508 2048 populo

1927 2068 2265 2124 credentium
2294 2082 2391 2136 per
2419 2067 2720 2138 prophetiae
2759 2067 3008 2137 spiritum
3040 2082 3108 2122 ex
3144 2082 3374 2138 persona
3402 2068 3510 2123 Do-

1926 2158 2057 2216 mini
2086 2157 2196 2211 ait:
2222 2156 2381 2220 Audi,
2408 2156 2572 2211 Iacob
2597 2173 2739 2212 serue
2756 2174 2923 2222 meus,
2946 2167 2995 2211 et
3028 2155 3213 2219 Israel,
3240 2173 3393 2227 quem
3411 2155 3514 2211 ele-

1925 2247 1997 2318 gi.
2047 2246 2176 2303 Htec
2220 2247 2349 2301 dicit
2395 2247 2652 2302 Dominus
2701 2247 2904 2318 faciens
2948 2256 2997 2301 et
3046 2247 3282 2317 formans
3326 2257 3407 2312 te,
3446 2246 3511 2300 ab

1925 2349 2072 2394 utero
2097 2338 2387 2393 auxiliator
2411 2348 2531 2393 tuus
2554 2352 2571 2390 :
2597 2337 2723 2393 Noli
2751 2339 2930 2392 timere
2949 2378 2962 2402 ,
2984 2335 3151 2391 Iacob
3176 2352 3318 2390 serve
3342 2350 3511 2399 meus,

1924 2439 1973 2485 et
2002 2430 2301 2495 rectissime,
2331 2446 2483 2501 quem
2510 2428 2640 2499 elegi
2665 2444 2684 2483 :
2713 2427 2982 2498 effundam
3007 2428 3146 2481 enim
3189 2441 3381 2498 aquam
3417 2440 3509 2479 su-

1923 2537 2018 2595 per
2037 2521 2315 2588 sitientem.
2346 2529 2395 2576 et
2424 2522 2623 2590 fluenta
2640 2537 2798 2591 super
2825 2520 3056 2585 aridam,
3083 2518 3355 2589 effundam
3388 2515 3510 2588 Spi-

1925 2614 2085 2673 ritum
2116 2630 2289 2669 meum
2317 2629 2475 2684 super
2496 2629 2671 2668 semen
2696 2620 2865 2679 tuum,
2899 2611 3303 2668 benedictionem
3337 2625 3509 2667 meam

1924 2727 2082 2781 super
2126 2711 2311 2781 stipem
2359 2718 2506 2764 tuam
2550 2708 2687 2781 (Isa.
2722 2708 2891 2782 xuv).
2923 2709 2991 2763 Et
3036 2709 3231 2764 iterum
3280 2725 3294 2762 :
3331 2705 3514 2773 Muri,

1925 2802 2120 2872 inquit,
2152 2801 2230 2859 tui
2257 2817 2434 2859 coram
2466 2800 2634 2854 oculis
2664 2801 2791 2854 meis
2820 2815 3039 2869 semper.
3081 2798 3346 2855 Venerunt
3371 2806 3514 2853 stru-

1925 2902 2092 2947 ctores
2119 2892 2219 2957 tui,
2249 2892 2571 2947 destruentes
2596 2902 2665 2959 te,
2705 2901 2752 2946 et
2779 2892 3093 2962 dissipantes
3135 2908 3167 2947 a
3194 2901 3245 2947 te
3273 2890 3507 2945 exibunt.

1925 2989 2067 3043 Leva
2095 2989 2152 3044 in
2179 2988 2402 3042 circuitu
2425 2987 2604 3041 oculos
2633 2996 2773 3055 tuos,
2801 2997 2847 3043 et
2871 2987 2989 3042 vide
3014 3000 3034 3039 :
3068 3003 3248 3041 omnes
3277 2985 3365 3040 isti
3386 3000 3512 3039 con-

1923 3080 2124 3151 gregati
2148 3088 2289 3145 sunt,
2331 3087 2577 3134 venerunt
2601 3079 2713 3133 tibi.
2757 3077 2877 3134 Viro
2913 3095 3030 3149 ego,
3064 3078 3193 3132 dicit
3229 3075 3509 3143 Dominus,

1924 3171 2049 3242 quia
2093 3169 2331 3224 omnibus
2360 3168 2464 3235 his,
2517 3168 2651 3223 velut
2696 3179 3024 3233 ornamento,
3053 3167 3284 3222 vestieris
3306 3174 3355 3219 et
3396 3166 3506 3220 cir-

1922 3260 2192 3315 cumdabis
2216 3259 2310 3315 tibi
2337 3276 2445 3325 eos,
2472 3260 2626 3331 quasi
2650 3276 2845 3331 sponsa
2872 3257 3007 3330 (Isa.
3036 3255 3208 3329 XLIX).
3241 3257 3309 3311 Et
3334 3254 3462 3311 alibi
3489 3274 3503 3311 :

1922 3348 2207 3414 Habitabo,
2242 3350 2438 3419 inquit,
2467 3350 2524 3403 in
2549 3348 2677 3415 illis,
2706 3359 2754 3405 et
2781 3348 3060 3404 ambulabo
3094 3350 3150 3405 in
3176 3352 3251 3406 eis
3278 3368 3295 3407 :
3324 3361 3372 3406 et
3404 3351 3508 3422 ipsi

1920 3451 2073 3499 erunt
2098 3443 2226 3496 milii
2254 3440 2501 3514 populus,
2528 3451 2576 3496 et
2606 3457 2700 3513 ego
2725 3457 2842 3496 sum
2867 3441 2942 3496 eis
2984 3442 3041 3498 in
3068 3441 3353 3501 Dominum
3386 3441 3507 3515 (Le-

1920 3535 2008 3590 uit.
2040 3533 2212 3607 sxw).
2245 3533 2385 3589 Hinc
2413 3542 2470 3588 et
2495 3531 2762 3588 Ieremias
2806 3531 2886 3587 ait
2926 3550 2940 3587 :
2972 3531 3108 3587 Ecce
3133 3532 3243 3591 dies
3284 3533 3503 3595 venient.

1919 3628 2045 3682 dicit
2069 3626 2350 3693 Dominus,
2378 3634 2428 3682 et
2461 3626 2651 3697 feriam
2677 3627 2858 3681 domui
2882 3625 3054 3681 Israel
3076 3637 3125 3681 et
3152 3626 3333 3680 domui
3355 3623 3505 3680 Iuda

1918 3718 2087 3789 foedus
2113 3734 2325 3784 nouum,
2354 3735 2458 3775 non
2481 3717 2768 3776 secundum
2787 3727 3000 3789 pactum
3021 3717 3161 3789 quod
3186 3718 3356 3786 pepigi
3382 3733 3501 3770 cum

1915 3809 2152 3880 patribus
2198 3810 2382 3865 uestris
2428 3811 2485 3864 in
2528 3810 2613 3865 die
2655 3827 2761 3877 qua
2796 3809 3118 3881 apprehendi
3154 3824 3367 3862 manum
3416 3824 3505 3863 eoo

1917 3915 2057 3963 rum,
2093 3907 2151 3952 ut
2187 3898 2459 3953 educerem
2508 3915 2595 3953 eos
2635 3900 2700 3953 de
2745 3908 2885 3953 terra
2918 3897 3136 3967 /Egypti
3187 3911 3206 3949 :
3250 3905 3462 3967 pactum
3483 3935 3498 3959 ,

1914 3988 2054 4064 quod
2081 3988 2290 4041 irritum
2317 3987 2572 4057 fecerunt,
2602 3996 2653 4042 et
2682 4004 2775 4059 ego
2810 3987 3111 4040 dominatus
3141 4002 3259 4040 sum
3285 4000 3467 4040 eorum
3485 4023 3502 4051 ,

1913 4078 2041 4132 dicit
2062 4077 2336 4133 Dominus.
2366 4076 2472 4132 Sed
2494 4078 2590 4131 hoc
2618 4078 2717 4132 erit
2748 4085 2979 4148 pactum,
3009 4075 3147 4148 quod
3169 4075 3356 4145 feriam
3381 4091 3502 4130 cum

1913 4169 2069 4223 domo
2099 4166 2290 4223 Israel.
2344 4166 2473 4222 Post
2500 4167 2611 4221 dies
2632 4165 2771 4232 illos,
2803 4165 2930 4223 dicit
2955 4164 3236 4230 Dominus,
3265 4164 3402 4218 dabo
3428 4163 3502 4218 lev-

1913 4276 2028 4331 gem
2050 4275 2219 4314 meam
2241 4260 2298 4319 in
2316 4259 2597 4313 visceribus
2619 4274 2822 4323 eorum,
2846 4267 2893 4311 et
2921 4257 2974 4311 in
2996 4257 3154 4311 corde
3177 4272 3357 4311 eorum
3377 4256 3505 4311 scri-

1915 4349 2034 4404 bam
2054 4366 2171 4407 eam
2196 4364 2216 4409 :
2249 4357 2298 4403 et
2323 4364 2416 4419 ego
2440 4365 2530 4403 ero
2569 4349 2643 4402 eis
2685 4348 2741 4402 in
2768 4346 3076 4412 Dominum,
3104 4356 3152 4400 et
3198 4347 3301 4417 ipsi
3347 4356 3501 4401 erunt

1915 4440 2045 4495 mihi
2070 4440 2124 4499 in
2152 4436 2437 4510 populum;
2466 4445 2515 4492 et
2559 4453 2663 4492 non
2688 4436 2889 4491 docebit
2921 4434 3064 4489 ultra
3091 4436 3173 4490 vir
3203 4436 3500 4506 prox-imum

1916 4547 2088 4593 suum,
2117 4539 2167 4583 et
2194 4530 2275 4583 uir
2301 4528 2518 4599 fratrem
2556 4545 2730 4594 suum,
2760 4527 2938 4582 dicens
2961 4540 2980 4579 :
3009 4526 3271 4598 Cognosce
3318 4526 3503 4581 Domi-

1918 4635 2086 4676 num:
2118 4637 2295 4677 omnes
2340 4622 2480 4678 enim
2518 4630 2827 4691 cognoscent
2868 4636 2949 4675 me
2995 4636 3029 4675 η
3066 4619 3283 4676 mimmo
3319 4633 3500 4672 eorum

1917 4728 2080 4784 usque
2101 4712 2169 4766 ad
2183 4713 2491 4777 maximum,
2508 4712 2583 4765 ait
2609 4710 2862 4765 Dominus
2879 4726 2897 4766 :
2913 4709 3037 4780 quia
3049 4707 3376 4780 prapitiabor
3392 4708 3499 4764 ini-

1916 4803 2202 4875 quitatibus
2229 4820 2432 4867 eorum,
2449 4812 2496 4857 et
2508 4802 2707 4873 peccati
2731 4817 2911 4855 eorum
2927 4816 3031 4854 non
3050 4800 3499 4858 memoraboram-

1917 4892 2056 4964 ptius
2071 4892 2124 4963 (J
2128 4909 2202 4946 er.
2218 4893 2392 4964 XXXI).
2412 4891 2505 4946 His
2520 4907 2648 4960 ergo
2673 4891 2925 4946 omnibus
2938 4890 3266 4947 testimoniis
3279 4889 3499 4946 demon-

1918 4990 2124 5039 stratur
2148 4983 2365 5038 domum
2387 4981 2625 5038 cmlestis
2652 4980 2865 5037 aediﬁcii
2890 4982 3049 5052 longo
3079 4989 3324 5044 tempore
3369 4991 3498 5038 ante

1915 5090 2039 5131 esse
2062 5074 2400 5144 praedictam,
2430 5073 2524 5128 sed
2544 5073 2598 5126 in
2622 5073 2854 5129 adventu
2870 5071 3076 5129 Christi
3090 5073 3493 5130 Domininostri

1914 5165 2186 5221 veraciter
2205 5177 2325 5218 esse
2356 5161 2679 5232 completam
2706 5178 2719 5214 ε
2752 5162 2878 5232 quia
2914 5162 3029 5233 ipse
3055 5162 3282 5220 veniens
3308 5179 3408 5234 per
3434 5179 3495 5219 se

1913 5254 2345 5311 benedictionem
2375 5253 2581 5319 tribuit,
2606 5253 2700 5322 qui
2725 5261 2852 5309 ante
2880 5253 3055 5324 legem
3084 5252 3236 5309 dedit
3256 5268 3353 5324 per
3381 5268 3495 5308 ser-

1914 5364 2065 5414 vum,
2091 5357 2148 5404 et
2192 5348 2276 5404 sui
2313 5347 2560 5403 notitiam
2585 5363 2686 5417 per
2729 5348 3001 5419 Evangelii
3029 5348 3491 5418 praedicationem,

1916 5440 2223 5497 illustrante
2270 5440 2506 5512 Spiritus
2537 5441 2710 5497 sancti
2758 5443 2950 5512 gratia,
2998 5441 3117 5497 sine
3137 5453 3491 5510 personarum

1917 5531 2234 5601 acceptione
2280 5530 2532 5586 omnibus
2556 5530 2823 5585 contulit:
2855 5546 3000 5585 nunc
3025 5529 3231 5583 scilicet
3258 5528 3312 5581 in
3349 5526 3488 5591 ﬁde,

1916 5621 2260 5693 postmodum
2286 5629 2466 5675 autem
2487 5620 2542 5673 in
2569 5619 2739 5689 ipsius
2760 5620 2928 5675 verita
2937 5619 3004 5672 tis
3017 5614 3486 5684 contemplatione.

1991 5709 2235 5782 Dixitque
2264 5708 2435 5764 David
2474 5708 2544 5763 ad
2576 5707 2907 5764 Salomonem
2934 5723 2953 5763 :
2988 5702 3095 5759 Fili
3130 5704 3223 5776 nti,
3252 5704 3488 5771 uolunta.
