3870 6146
352 375 459 433 385
1010 372 1071 428 Β.
1115 368 1369 426 RABAN]
1411 368 1629 426 MAURI
1663 365 1983 423 ARCHlEP.
2023 356 2329 421 MOGU‘NI'.
2370 364 2656 423 OPERUM
2694 367 2879 424 PARS
2916 367 2956 423 Ι.
3497 377 3608 436 584

353 491 420 545 tis
450 502 576 543 mea:
619 480 740 556 fuit,
771 494 825 539 ut
874 483 1189 553 wdiﬁcarem
1229 470 1441 536 domum
1479 482 1677 535 nomini
1704 477 1917 533 Domini
1944 477 1995 536 Α
2019 475 2170 530 vulus
2195 476 2332 531 enim
2359 487 2517 533 natus
2546 488 2621 533 est
2651 479 2820 547 nobis,
2842 490 2891 534 et
2915 478 3089 535 Filius
3129 487 3287 538 datus
3327 494 3403 541 est
3426 488 3611 559 nobis;

355 581 452 634 Dei
475 578 575 633 mei
596 591 615 629 :
642 576 732 631 sed
754 576 924 646 factus
946 582 1018 628 est
1049 589 1216 627 sermo
1245 571 1453 625 Domini
1481 571 1548 624 ad
1577 588 1677 635 me,
1704 570 1879 623 dicens
1903 586 1921 623 :

358 668 582 724 Multum
602 666 905 736 sanguinem
933 662 1186 732 eﬂudisti,
1204 671 1253 715 et
1277 660 1504 732 plurima
1530 660 1662 715 bella
1688 659 1923 725 bellasti;

358 777 458 814 non
480 758 669 829 poteris
692 755 955 824 (ediﬁcare
976 754 1188 807 domum
1214 744 1411 806 nomini
1435 768 1565 815 meo,
1594 760 1739 804 tanta
1759 751 1924 821 eﬂ'usa

355 850 606 921 sanguine
641 860 817 902 coram
861 863 960 899 me.
995 844 1134 912 Quid
1160 852 1247 898 ost
1274 844 1416 913 quod
1456 840 1625 897 David
1655 843 1783 898 dicit
1823 841 1923 896 sibi

355 942 696 995 interdictam
727 954 756 992 a
783 936 1011 992 Domino
1034 937 1225 992 damus
1248 937 1342 991 Dei
1371 934 1781 993 aediﬁcationem
1802 953 1928 1008 pro-

355 1040 475 1103 pter
517 1032 670 1086 multi
716 1030 993 1101 sanguinis
1022 1027 1358 1095 eﬁ‘usi‘onem,
1395 1030 1499 1085 nisi
1525 1031 1668 1100 quod
1700 1031 1927 1089 deman-

356 1129 493 1175 strat
521 1120 731 1175 Judtnos
756 1127 979 1190 propter
1020 1119 1293 1175 carnalem
1336 1120 1738 1175 observantiam
1763 1121 1925 1191 legis,

357 1227 421 1267 ac
450 1211 856 1280 sanguinolenta
884 1223 1065 1279 opera,
1091 1210 1433 1265 victimarum
1458 1212 1790 1282 corporalem
1817 1230 1930 1268 ma—

356 1300 668 1363 ctatianem,
700 1313 806 1354 non
843 1315 999 1370 posse
1026 1301 1284 1370 spiritalis
1305 1301 1515 1357 aediﬁcii
1546 1304 1803 1375 templum
1828 1305 1930 1361 Da-

356 1390 503 1445 mino
547 1390 838 1459 reparare?
864 1389 1002 1444 Dum
1046 1391 1189 1445 enim
1235 1392 1427 1447 attenti
1464 1394 1789 1463 appetebant
1825 1403 1931 1449 ter—

356 1496 510 1547 rena,
540 1482 720 1536 minus
762 1480 975 1537 solliciti
1005 1480 1217 1537 fuerant
1260 1483 1326 1537 ad
1352 1485 1640 1553 quazrenda
1667 1484 1926 1540 cmlestia.

357 1574 486 1630 Sive
514 1575 677 1629 etiam
707 1573 975 1642 signiﬁcat
1001 1574 1145 1643 ipsas
1168 1572 1399 1640 Iudaeos,
1433 1576 1524 1647 qui
1555 1576 1786 1646 pollutas
1811 1591 1926 1630 ma.

357 1678 460 1719 nus
487 1665 758 1720 habebant
791 1662 1051 1736 sanguine
1082 1666 1465 1737 praphetarum
1516 1683 1579 1723 ac
1610 1668 1779 1738 ipsius
1822 1666 1931 1723 Da-

360 1753 524 1820 mini,
552 1754 658 1809 itan
681 1770 839 1825 posse
857 1763 1077 1825 propter
1097 1755 1431 1811 ferocitatem
1462 1758 1637 1813 cordis
1666 1758 1748 1813 sui
1777 1758 1931 1814 Citri-

2026 576 2072 618 et
2106 567 2275 636 factus
2297 579 2372 623 est
2396 571 2719 640 principatus
2740 588 2896 641 super
2921 571 3196 628 humerum
3238 576 3381 646 ejus;
3404 582 3605 638 vocabi-

2026 665 2114 710 tur
2134 675 2318 713 nomen
2342 660 2476 729 ejus,
2504 661 2862 727 Admirabilis,
2886 662 3249 733 Consiliarius,
3278 668 3414 725 Deus
3433 673 3611 742 fortis,

2030 744 2193 799 Pater
2215 747 2381 817 futuri
2410 749 2610 814 steculi,
2660 749 2907 812 Princeps
2957 755 3123 821 pacis.
3176 757 3610 829 Multiplicabitur

2026 835 2141 904 ejus
2164 837 2457 905 imperium,
2485 849 2530 891 et
2552 839 2696 909 pacis
2720 857 2822 893 non
2858 843 2951 894 erit
2975 842 3097 911 ﬁnis
3130 842 3294 916 (Isai.
3338 849 3446 916 ιι).
3492 851 3611 922 Ipse

2027 934 2101 977 est
2127 941 2232 993 pax
2254 936 2432 980 nostra
2467 928 2644 1010 (juxta
2694 928 2842 984 Pauli
2890 934 3323 1008 attestationem)
3366 942 3456 1010 qui
3494 942 3610 1010 fecit

2028 1024 2248 1082 utraque
2289 1008 2449 1069 unum
2486 1006 2711 1088 (Ephes.
2745 1019 2848 1091 tt);
2893 1026 2985 1091 qui
3022 1023 3075 1078 in
3116 1006 3407 1098 Evangelia
3454 1006 3612 1093 disci-

2028 1099 2169 1168 pulis
2189 1102 2264 1155 ait
2298 1121 2310 1155 :
2345 1103 2539 1158 Pacem
2570 1123 2736 1161 meam
2763 1109 2830 1161 do
2858 1111 2993 1165 vobis
3010 1126 3028 1163 :
3050 1130 3231 1182 pacem
3258 1134 3426 1173 meam
3457 1122 3609 1177 relin-

2029 1214 2131 1268 quo
2156 1198 2293 1251 vobis
2317 1197 2507 1269 (Ioan.
2532 1202 2676 1272 xrv).
2712 1203 2811 1269 Qui
2841 1206 3061 1260 veniens
3103 1208 3155 1261 in
3202 1213 3481 1279 mundum,
3518 1234 3611 1285 pa-

2029 1303 2137 1342 cem
2162 1289 2463 1358 prtedicavit
2490 1291 2570 1346 his
2596 1295 2685 1364 qui
2712 1312 2889 1366 prope,
2911 1308 2957 1351 et
2994 1315 3175 1367 pacem
3216 1303 3296 1356 his
3334 1307 3424 1376 qui
3468 1306 3611 1378 longe

2030 1376 2264 1447 fuerunt,
2295 1382 2544 1450 quoniam
2569 1400 2661 1452 per
2688 1385 2857 1453 ipsum
2882 1386 3130 1443 habemus
3158 1408 3424 1447 accessum
3464 1398 3609 1451 ambo

2029 1470 2085 1523 in
2115 1485 2219 1522 uno
2243 1472 2433 1540 spiritu
2457 1473 2526 1525 ad
2556 1473 2766 1528 Patrem
2796 1476 3021 1547 (Ephcs.
3049 1480 3147 1551 ιι).

2058 1568 2063 1571 ‘
2103 1556 2241 1627 Ipse,
2285 1558 2482 1628 inquit,
2511 1561 2789 1629 (ediﬁcabit
2824 1565 3035 1621 domum
3081 1572 3288 1625 nomini
3311 1590 3460 1640 meo,
3504 1596 3613 1650 qua:

2032 1648 2052 1720 (
2088 1657 2319 1705 testante
2339 1651 2631 1723 Apostalo)
2665 1654 2849 1711 domus
2889 1675 3069 1715 sumus
3109 1679 3223 1728 nos,
3252 1665 3301 1719 si
3319 1666 3483 1735 ﬁdem
3516 1648 3616 1739 τῇτ-

2034 1755 2173 1793 mam
2204 1756 2365 1812 usque
2395 1744 2465 1796 ad
2506 1745 2664 1813 ﬁnem
2709 1748 3073 1806 retinuerimus
3101 1751 3294 1824 (Hebr.
3320 1758 3437 1829 ιιι).
3470 1759 3616 1817 Unde

358 1843 427 1898 sti
458 1809 749 1915 agnoscere
793 1809 1070 1917 pietatem,
1119 1847 1213 1917 qui
1255 1849 1388 1904 venit
1416 1849 1472 1903 in
1515 1855 1653 1903 nunc
1680 1850 1933 1904 mundum
1965 1809 2008 1869 Β
2040 1840 2369 1887 memoratus
2389 1835 2627 1904 gentium
2662 1836 2950 1907 Apostolus
2975 1843 3042 1895 ad
3072 1844 3215 1914 ipsas
3253 1857 3443 1918 gentes
3483 1852 3614 1906 scri-

356 1943 646 2000 peccatores
676 1935 844 1990 salvos
885 1936 1059 2005 facere
1086 1936 1139 2010 (Ι
1189 1937 1324 1992 Tim.
1375 1939 1436 2010 ι),
1466 1941 1746 1995 credentes
1781 1942 1835 1995 in
1880 1957 1937 1997 se

357 2022 424 2075 ab
457 2022 603 2076 omni
633 2022 753 2079 labe
784 2026 997 2094 peccati
1032 2026 1317 2093 mundare,
1345 2037 1394 2083 et
1426 2029 1600 2098 facere
1636 2030 1736 2084 sibi
1767 2048 1937 2101 pupu-

357 2110 464 2165 lum
499 2115 887 2185 acceptabilem,
926 2126 1230 2173 sectatorem
1262 2119 1513 2174 bonarum
1545 2138 1759 2195 operum
1804 2122 1933 2195 (Tit.

358 2202 439 2273 tt).
473 2203 628 2270 Unde
655 2205 770 2275 ipsa
793 2204 1005 2262 Veritas
1025 2207 1079 2262 in
1109 2208 1401 2280 Evangelia
1421 2211 1599 2265 eidem
1621 2212 1817 2282 papula
1839 2213 1938 2269 sub

364 2295 579 2349 nomine
627 2294 959 2352 Hierusalem
990 2298 1341 2368 improperat,
1390 2299 1623 2355 dicens:
1678 2300 1935 2356 Hierusa-

363 2385 483 2451 lent,
539 2385 892 2451 Hierusalem,
939 2404 1056 2460 qua:
1083 2390 1275 2443 occidis
1324 2391 1619 2461 prophetas,
1652 2400 1701 2446 et.
1729 2392 1934 2463 lapidas

357 2491 442 2530 eos
466 2477 554 2546 qui
584 2477 652 2530 ad
687 2486 734 2531 te
774 2478 920 2532 missi
960 2488 1103 2543 sunt,
1129 2481 1329 2550 quoties
1357 2478 1494 2534 volui
1524 2498 1837 2552 congregare
1870 2483 1936 2552 ﬁ-

356 2566 454 2620 lios
480 2575 614 2630 tuos,
645 2567 1081 2637 quemadmodum
1105 2571 1305 2640 gallina
1328 2585 1601 2644 congregat
1624 2574 1793 2643 pullos
1812 2594 1935 2632 suos

356 2656 453 2710 sub
485 2656 599 2712 alas
625 2674 769 2723 suas,
801 2670 848 2714 et
880 2660 1134 2715 noluisti?
1162 2660 1296 2716 Ecce
1322 2661 1631 2733 relinquetur
1658 2667 1797 2721 vobis
1841 2668 1936 2722 do-

363 2765 478 2803 mus
505 2760 673 2804 vestra
703 2751 906 2806 deserta
937 2751 1151 2823 (Matth.
1179 2753 1358 2825 χχιιι).
1389 2752 1516 2810 Haec
1541 2771 1669 2828 ergo
1704 2759 1934 2830 dignitas

359 2839 473 2894 veri
513 2839 609 2896 Dei
642 2841 825 2911 templi
855 2841 1150 2898 aadiﬁcandi
1177 2844 1402 2913 paciﬁca
1436 2855 1622 2903 nostra
1658 2862 1933 2906 reservata

356 2937 442 2984 est
469 2947 482 2984 :
515 2932 581 2986 de
608 2947 715 3002 qua
745 2934 812 2987 ad
840 2932 1008 2989 David
1032 2935 1146 3006 ipse
1174 2935 1431 2993 Dominus
1459 2940 1534 2993 ait
1563 2959 1576 2994 :

434 3020 604 3076 Filius
631 3024 721 3093 qui
752 3034 997 3079 nascetur
1031 3026 1145 3092 tibi,
1173 3030 1272 3082 erit
1302 3030 1381 3083 vir
1423 3032 1807 3101 quietissimus:
1844 3034 1930 3104 fa-

354 3116 491 3168 ciam
522 3117 658 3169 enim
684 3132 801 3169 eum
828 3119 1147 3187 requiescere
1178 3121 1242 3173 ab
1286 3122 1525 3177 omnibus
1555 3126 1780 3179 inimicis
1817 3127 1927 3182 suis
1957 3157 2001 3220 ο

356 3222 449 3276 per
481 3207 785 3271 circuitum,
815 3216 861 3261 et
885 3208 946 3262 ob
972 3209 1107 3263 hanc
1128 3226 1342 3265 causam
1363 3215 1613 3283 paciﬁcus
1640 3217 1928 3286 vocabitur,

357 3305 409 3348 et
436 3312 616 3364 pacem
641 3305 688 3349 et
731 3296 893 3350 otium
921 3297 1055 3352 dabo
1080 3299 1136 3353 in
1165 3298 1336 3355 Israel
1361 3307 1561 3359 cunctis
1593 3306 1772 3362 diebus
1796 3309 1932 3379 ejus.

359 3382 481 3453 Ipse
509 3383 787 3453 wdiﬁcabit
814 3384 1025 3440 domum
1050 3390 1248 3444 nomini
1277 3406 1413 3457 meo,
1445 3403 1492 3447 et
1525 3410 1635 3465 ipse
1674 3398 1773 3450 erit
1806 3400 1935 3454 mihi

356 3474 417 3526 in
442 3471 636 3541 ﬁlium,
666 3482 715 3527 et
739 3490 830 3543 ego
854 3492 942 3529 ero
965 3476 1045 3530 illi
1066 3478 1121 3531 in
1141 3486 1363 3548 patrem,
1386 3481 1708 3556 ﬁrmaboque
1741 3487 1933 3543 solium

280 3598 285 3604 ι
362 3563 507 3631 regni
542 3563 657 3633 ejus
707 3581 862 3635 super
905 3565 1076 3621 Israel
1116 3570 1173 3621 in
1200 3579 1474 3627 veternum.
1521 3572 1577 3627 In
1606 3576 1816 3645 psalmo
1848 3593 1935 3633 se-

362 3652 697 3722 ptuagesimo
722 3655 916 3724 primo,
943 3657 1028 3710 cui
1059 3658 1244 3713 titulus
1268 3669 1370 3726 est,
1401 3659 1648 3718 Psalmus
1680 3666 1735 3720 in
1771 3666 1934 3723 Salo-

360 3758 586 3810 monem,
624 3745 926 3801 manifestis
978 3749 1281 3818 mysteriis,
1334 3751 1541 3821 paciﬁci
1589 3757 1781 3822 nostri,
1833 3758 1934 3814 hoc

358 3839 466 3916 est,
494 3832 705 3889 Domini
727 3831 854 3890 Iesu
883 3835 1104 3903 Christi,
1131 3840 1393 3911 propheta
1420 3842 1589 3898 David
1609 3847 1935 3916 przenuntiat

369 3914 682 3981 adventum,
713 3918 804 3971 ubi
838 3920 977 3970 inter
996 3920 1100 3973 alia
1123 3922 1254 3977 dicit
1276 3939 1292 3979 :
1312 3921 1527 3978 Orietur
1549 3914 1798 3984 in'diebus
1820 3932 1936 4001 ejus

360 4007 575 4076 iustitia
599 4017 648 4061 et
666 4008 992 4063 abundantia
1011 4013 1159 4079 pacis
1194 4014 1358 4069 donec
1381 4017 1675 4073 extollatur
1698 4021 1848 4076 luna.
1868 4023 1936 4079 Et
1963 4024 1981 4031 ’

366 4099 449 4154 sic
472 4112 709 4169 quoque.
741 4099 963 4157 Orietur
990 4103 1044 4157 in
1072 4104 1160 4161 die
1186 4107 1240 4160 in
1267 4115 1511 4179 tempore
1534 4122 1737 4167 sancta:
1759 4114 1937 4171 incar-

368 4190 625 4254 nationis,
661 4191 880 4260 quando
927 4201 1046 4248 erat
1104 4205 1260 4264 partu
1309 4195 1550 4267 Virginis
1600 4202 1931 4260 nasciturus.

364 4277 586 4335 Iustitia
638 4282 784 4337 enim
834 4281 1070 4339 Verbum
1127 4285 1309 4344 Patris
1370 4299 1476 4357 est,
1516 4293 1663 4361 quod
1713 4309 1931 4352 omnem

363 4380 672 4428 creaturam
693 4384 746 4429 et
764 4379 1081 4447 temporalia
1113 4381 1239 4437 fecit
1270 4384 1548 4454 universa,
1568 4387 1635 4443 de
1656 4403 1766 4459 quo
1798 4390 1934 4462 legi-

365 4472 486 4517 tur:
520 4463 720 4523 Veritas
742 4471 806 4523 de
822 4479 965 4525 terra
991 4481 1221 4538 ortaest,
1239 4484 1289 4530 et
1305 4477 1611 4546 justitia‘de
1629 4482 1756 4536 caelo
1780 4497 1935 4553 pros-

361 4557 506 4620 pexit
524 4556 696 4627 (Psal.
727 4559 994 4633 (LXXXIV).
1019 4566 1273 4622 Addidit:
1295 4567 1361 4621 Et
1391 4570 1722 4628 abundantia
1747 4576 1901 4644 pacis

359 4647 525 4704 donec
548 4653 1003 4721 extollaturlluna.
1031 4654 1096 4711 Et
1125 4657 1211 4713 hic
1242 4673 1460 4729 quoque
1490 4664 1927 4723 subaudiendum

360 4751 466 4806 est,
494 4745 718 4801 orietur.
754 4745 1102 4801 Abundantla
1138 4763 1266 4819 ergo
1289 4753 1439 4821 pacis
1461 4764 1543 4809 est
1576 4758 1698 4810 dum
1732 4759 1927 4830 religio

359 4832 800 4892 Christianorum
819 4847 935 4895 toto
963 4840 1097 4897 orbe
1124 4842 1420 4900 dilatatur:
1441 4846 1604 4902 donec
1635 4846 1927 4906 extollatur

362 4918 510 4985 luna,
530 4922 687 4989 dixit,
715 4925 765 4980 id
788 4932 1152 4998 eshquamliu
1193 4937 1549 5002 protendatur
1582 4948 1636 4994 et
1664 4952 1928 5012 augeatur

348 5000 628 5077 Ecclesia,
652 5024 748 5070 aut
768 5020 1101 5078 constitutus
1128 5027 1637 5093 prtedcstinatorum
1666 5047 1924 5089 numerus

359 5103 715 5172 compleatur.
738 5107 807 5164 Et
829 5111 991 5180 paulo
1007 5124 1133 5169 ante
1158 5116 1210 5169 in
1227 5118 1414 5173 eodem
1446 5122 1653 5189 psalmo
1686 5144 1700 5178 :
1740 5123 1924 5179 Susci-

356 5194 528 5283 piunt,
548 5195 753 5283 inquit,
774 5213 973 5283 mortles
994 5221 1172 5274 pacem
1203 5210 1395 5279 popula
1422 5224 1511 5265 tuo
1545 5213 1714 5277 (Psal.
1747 5220 1921 5283 Lxxt).

355 5274 460 5330 Per
483 5285 680 5330 montes
709 5277 1076 5350 signiﬁcantur
1104 5274 1327 5352 apostoli
1348 5296 1402 5338 et
1422 5274 1716 5355 prophetas,
1745 5293 1833 5361 qui
1861 5274 1927 5348 ad

355 5384 585 5438 superna
615 5370 842 5427 ﬁrmiter
872 5372 1064 5428 elevati
1114 5376 1319 5432 cmlesti
1369 5379 1555 5449 gratias
1595 5383 1922 5451 proximam.

351 5457 448 5516 Isti
469 5475 599 5532 ergo
620 5460 754 5516 tales
780 5476 988 5531 pacem,
1019 5464 1073 5518 id
1097 5470 1199 5529 est,
1230 5464 1501 5523 Christum
1540 5472 1838 5541 suscipiunt
1867 5476 1929 5528 ﬁ-

353 5550 456 5607 deli
487 5553 681 5625 papulo
710 5554 1128 5624 prtedicandum.
1161 5556 1279 5626 Ipse
1299 5561 1443 5615 enim
1468 5561 1676 5617 Domini
1703 5566 1927 5634 populus

354 5647 454 5701 εει.
484 5644 577 5711 qui
608 5643 657 5699 ei
683 5645 928 5711 credidit,
949 5653 1005 5699 et
1020 5645 1286 5715 spirituali
1309 5663 1366 5703 se
1386 5653 1794 5707 conversatione
1817 5663 1927 5709 tra-

355 5728 539 5783 ctavit.
575 5730 651 5786 De
676 5733 779 5789 hoc
806 5732 1032 5803 paciﬁca
1058 5733 1308 5791 lsaiasita
1332 5737 1538 5805 scribit,
1562 5740 1774 5795 dicens:
1797 5740 1928 5797 Par-

2038 1920 2171 1977 bens
2200 1923 2272 1977 ait
2299 1938 2313 1976 :
2344 1923 2486 1995 Ergo
2502 1926 2618 1995 jam
2641 1945 2744 1983 non
2767 1932 2890 1984 estis
2914 1931 3137 2002 hospites
3176 1945 3224 1990 et
3269 1932 3504 2005 adventa,
3532 1944 3616 1996 sed

2022 2016 2162 2069 estis
2184 2016 2315 2070 cives
2338 2027 2660 2085 sanctorum,
2687 2029 2735 2074 et
2761 2022 3032 2079 domestici
3056 2024 3174 2093 Dei,
3217 2031 3615 2100 supertediﬁcati

2036 2120 2192 2175 super
2223 2108 2624 2178 fundamentum
2647 2114 3002 2185 apostolorum
3022 2128 3069 2172 et
3088 2121 3487 2190 prophetarum,
3510 2126 3614 2196 ipso

2038 2214 2242 2252 summa
2270 2199 2516 2270 angulari
2547 2202 2719 2275 lapide
2765 2205 2971 2262 Christo
3005 2208 3158 2277 Iesu,
3206 2212 3261 2266 in
3303 2231 3409 2285 quo
3458 2204 3618 2271 omnis

2036 2287 2318 2357 (ediﬁcatio
2350 2301 2649 2348 constructa
2677 2298 2860 2352 crescit
2905 2296 2959 2353 in
3000 2300 3244 2370 templum
3288 2314 3531 2359 sanctum
3566 2307 3618 2360 in

2036 2377 2296 2434 Domino:
2321 2382 2375 2436 in
2415 2398 2516 2454 quo
2564 2394 2612 2439 et
2657 2403 2743 2440 vos
2793 2389 3131 2459 ardiﬁcamini
3171 2393 3223 2446 in
3265 2394 3619 2450 habitaculum

2036 2470 2133 2524 Dei
2155 2474 2209 2525 in
2232 2470 2432 2541 Spiritu
2462 2486 2642 2530 sancto
2666 2468 2887 2549 (Ephes.
2920 2479 3011 2551 ιι).

2106 2558 2175 2613 Ει
2198 2561 2325 2630 ipse,
2353 2561 2547 2634 inquit,
2570 2563 2666 2618 erit
2693 2566 2820 2618 mihi
2848 2566 2900 2619 in
2927 2567 3119 2634 filium,
3148 2579 3195 2622 et
3228 2587 3319 2641 ego
3347 2588 3436 2623 ero
3473 2571 3550 2625 illi
3571 2574 3621 2626 in

2035 2660 2256 2721 patrem,
2280 2654 2603 2726 ﬁrmaboque
2632 2655 2821 2710 solium
2845 2659 2986 2728 regni
3014 2660 3128 2729 ejus
3150 2679 3306 2732 super
3355 2662 3528 2718 Israel
3570 2664 3620 2718 in

2035 2751 2307 2797 internum.
2362 2741 2497 2800 Huic
2533 2749 2815 2802 sententia:
2859 2752 3157 2805 concordat
3194 2751 3444 2813 Psalmus
3480 2765 3622 2810 octa-

2035 2832 2270 2901 gesimus
2293 2843 2535 2902 octavus,
2577 2836 2666 2890 ubi
2692 2852 2757 2892 ex
2778 2854 3007 2908 persona
3032 2839 3241 2896 Domini
3268 2845 3338 2897 ita
3365 2845 3620 2916 scriptum

2035 2933 2118 2978 est
2143 2942 2156 2978 :
2192 2923 2311 2995 Ipse
2331 2926 2584 2984 invocabit
2614 2943 2694 2982 me
2727 2945 2745 2981 :
2773 2928 2935 2982 Pater
2958 2947 3103 2985 meus
3130 2949 3181 2986 es
3204 2943 3280 2997 tu,
3313 2934 3457 2990 Deus
3484 2953 3621 2990 meus

2034 3024 2081 3068 et
2106 3027 2372 3086 susceptor
2390 3017 2576 3071 salutis
2597 3035 2759 3087 mete;
2784 3030 2830 3073 et
2855 3038 2948 3091 ego
2993 3018 3394 3094 primogenitum
3435 3045 3620 3097 ponam

2032 3104 2202 3172 illum,
2226 3107 2484 3161 excelsum
2504 3125 2613 3179 prta
2637 3109 2837 3179 regibus
2860 3124 3032 3166 terrae.
3060 3114 3124 3167 In
3141 3125 3393 3169 a'ternum
3412 3118 3622 3172 servabo

2036 3195 2117 3250 illi
2146 3198 2561 3253 misericordiam
2600 3212 2790 3266 meam,
2816 3211 2862 3256 et
2889 3212 3250 3259 testamentum
3280 3224 3452 3261 meum
3474 3210 3624 3278 ﬁdele

2036 3288 2154 3357 ipsi,
2178 3297 2227 3342 et
2250 3304 2441 3358 ponam
2464 3290 2518 3343 in
2544 3290 2793 3357 sarculum
2816 3292 2998 3347 saeculi
3018 3311 3190 3349 semen
3217 3296 3353 3366 ejus,
3387 3308 3436 3350 et
3478 3299 3620 3352 thro-

2038 3390 2163 3430 num
2192 3377 2308 3447 ejus
2335 3379 2468 3431 sicut
2496 3378 2606 3432 dies
2634 3379 2768 3433 caeli.
2804 3380 2870 3433 Et
2896 3381 2997 3437 hoc
3022 3398 3052 3435 a
3080 3381 3252 3437 forma
3296 3386 3443 3439 servi
3488 3388 3620 3441 diei-

2037 3474 2145 3521 tur.
2177 3465 2236 3522 ln
2262 3468 2347 3522 his
2371 3476 2601 3537 quatuor
2630 3470 2874 3525 versibus
2899 3471 3140 3528 absolute
3179 3473 3482 3530 debellatur
3526 3479 3623 3531 ini-

2036 3561 2214 3629 quitas
2239 3559 2545 3616 Iudaeorum
2570 3570 2625 3617 et
2642 3563 3037 3620 htereticorum.
3068 3568 3206 3635 Quid
3229 3569 3377 3624 enim
3399 3572 3619 3627 eviden-

2037 3650 2162 3714 tius,
2198 3651 2327 3720 quid
2355 3651 2589 3721 planius,
2619 3662 2820 3710 utesse
2853 3658 3106 3711 credatur
3148 3657 3307 3724 ﬁlius,
3350 3662 3445 3731 qui
3474 3663 3622 3717 invo-

2036 3748 2122 3793 cat
2150 3749 2379 3810 patrem,
2402 3751 2457 3797 et
2482 3758 2696 3798 rursum
2724 3746 2977 3800 credatur
3004 3761 3122 3802 esse
3146 3762 3299 3816 puer,
3322 3751 3417 3819 qui
3441 3752 3622 3822 appel-

2035 3831 2110 3886 lat
2131 3832 2494 3891 ﬁliumiNam
2529 3837 2774 3905 quamvis
2819 3838 2933 3893 htec
2980 3839 3086 3894 duo
3130 3842 3349 3896 nomina
3398 3844 3620 3899 relativa

2035 3922 2135 3976 sibi
2160 3922 2288 3989 sint,
2322 3939 2596 3993 unumque
2633 3924 2861 3981 suﬁiciat
2891 3928 3015 3993 dici,
3050 3940 3108 3984 ut
3142 3933 3427 3988 amborum
3451 3936 3620 3990 virtus

2033 4013 2470 4085 passitiutelligi,
2505 4022 2682 4071 tamen
2725 4033 2785 4071 ut
2829 4034 3044 4074 omnem
3092 4024 3403 4092 scrupulum
3443 4027 3615 4080 ambi-

2033 4105 2250 4173 guitatis
2266 4107 2594 4172 excluderet,
2618 4118 2845 4179 utraque
2874 4114 3068 4181 posuit,
3108 4123 3339 4186 utraque
3361 4115 3619 4186 ﬁrmavit,

2031 4203 2086 4247 et
2113 4195 2287 4249 adhuc
2314 4211 2419 4250 non
2442 4196 2639 4251 desinit
2671 4196 2976 4254 Judreorum
3020 4202 3209 4256 insana
3249 4204 3471 4261 deviare
3491 4223 3618 4275 pra-

2031 4288 2219 4352 tervia,
2249 4288 2375 4342 dum
2397 4291 2597 4345 erroris
2632 4290 2731 4345 fuit
2772 4308 2935 4347 causa
2972 4294 3199 4350 sublata.
3234 4296 3390 4362 Quod
3437 4308 3618 4354 autem

2030 4379 2273 4449 sequitur
2297 4396 2317 4435 :
2346 4380 2419 4434 Et
2452 4399 2544 4452 ego
2584 4383 2982 4455 primogenitum
3022 4404 3213 4457 ponam
3243 4389 3416 4455 illum,
3451 4392 3617 4446 excel-

2028 4486 2143 4524 sum
2176 4487 2285 4541 pra:
2308 4473 2511 4543 regibus
2544 4484 2719 4541 terrte,
2745 4479 3189 4544 perscrutandum
3227 4489 3281 4536 et
3314 4484 3476 4539 nobis
3514 4496 3618 4549 est,

2038 4577 2204 4631 quare
2234 4562 2389 4630 dixit,
2428 4567 2845 4638 primogenitum,
2877 4572 3031 4642 quasi
3070 4589 3199 4629 vero
3229 4574 3391 4631 Pater
3411 4580 3494 4633 sic
3529 4595 3619 4650 ge-

2038 4653 2155 4707 nuit
2178 4654 2604 4711 substantialiter
2622 4657 2840 4725 Filium,
2864 4668 2923 4714 ut
2940 4663 3361 4733 subsequeretur
3379 4679 3433 4723 et
3456 4671 3613 4725 alius.

2037 4742 2105 4796 Et
2123 4742 2225 4798 hoc
2249 4744 2530 4801 locutionis
2560 4748 2726 4818 genus
2740 4749 3030 4822 Scriptum
3051 4755 3244 4812 divinae
3264 4768 3479 4813 constat
3499 4777 3618 4818 esse

2034 4835 2333 4903 proprium,
2382 4836 2521 4892 sicut
2566 4847 2649 4893 est
2688 4851 2742 4893 et
2772 4841 2897 4896 illud
2920 4843 2974 4897 in
3009 4844 3297 4917 Evangelia
3322 4850 3390 4906 de
3416 4850 3614 4923 Joseph

2035 4935 2089 4983 et
2117 4927 2300 4993 Maria,
2329 4930 2419 4985 ubi
2447 4930 2521 4985 ait
2546 4953 2558 4986 :
2584 4931 2652 4986 Et
2680 4950 2781 4987 non
2807 4938 3039 5005 cognovit
3060 4955 3196 5004 eam,
3221 4941 3385 4996 donec
3414 4947 3613 5013 peperit

2032 5020 2200 5089 ﬁlium
2233 5036 2385 5075 suum
2424 5025 2819 5095 primogenitum
2851 5027 3072 5097 (Matth.
3093 5031 3162 5102 t).
3200 5026 3452 5102 Nunquid
3482 5052 3618 5091 con-

2033 5126 2264 5180 sequens
2290 5113 2394 5166 erit
2431 5124 2491 5168 ut
2517 5115 2667 5186 virgo
2707 5131 2919 5188 semper
2953 5117 3117 5173 Maria
3161 5130 3280 5191 past
3322 5123 3615 5179 Dominum

2032 5201 2305 5258 Christum
2346 5204 2572 5259 alterum
2625 5209 2897 5276 peperisse
2944 5207 3109 5265 ﬁlium
3165 5212 3455 5267 credatur?
3504 5214 3612 5269 Sed

2031 5294 2167 5349 bene
2190 5295 2383 5349 dicitur
2404 5297 2790 5366 primogenitus,
2820 5301 3066 5369 quamvis
3094 5301 3239 5357 salus
3252 5302 3513 5371 probetur
3543 5318 3609 5358 ex

2025 5382 2202 5437 Patris
2225 5384 2527 5439 substantia
2559 5386 2768 5451 genitus
2789 5404 2803 5444 ;
2823 5386 2944 5455 Ipse
2965 5387 3108 5441 enim
3133 5388 3303 5441 dicit:
3338 5386 3451 5459 Ego
3481 5405 3597 5444 sum

2028 5474 2183 5539 alpha
2200 5484 2248 5527 et
2265 5491 2467 5546 omega,
2498 5477 2699 5543 primus
2724 5487 2772 5532 et
2790 5479 3118 5537 novissimus.
3142 5479 3351 5534 initium
3374 5489 3427 5534 et
3451 5481 3599 5546 linis.

2026 5567 2278 5637 princeps
2300 5579 2347 5622 ct
2383 5568 2538 5639 origo
2566 5568 2756 5635 David,
2797 5581 2854 5625 ιιι
2880 5571 3072 5624 merita
3103 5587 3285 5628 sermo
3310 5573 3410 5626 iste
3442 5587 3601 5641 quae-

2030 5662 2259 5715 stionem
2282 5661 2482 5718 habere
2512 5679 2618 5719 non
2643 5665 2854 5730 debeat,
2877 5666 3092 5732 ιιιιιιιιάο
3117 5665 3293 5736 ipsum
3318 5673 3371 5720 et
3393 5667 3607 5736 princi-

2030 5754 2172 5820 piznu
2205 5769 2324 5809 csse
2351 5765 2563 5813 constat
2591 5768 2641 5813 et
2667 5758 2847 5813 tinem.
2884 5757 3103 5825 Portam,
3129 5761 3461 5817 constituam
3500 5760 3604 5820 («li-

3778 5513 3819 5577 κ,
