3870 6146
207 227 305 284 585

1136 221 1489 279 COMMENT.
1522 220 1588 279 IN
1616 220 2185 309 ’I’ARALIPOMENA.
2221 252 2290 261 —
2328 221 2455 277 LIB.
2497 218 2560 277 II.
2590 282 2595 287 ,

3376 213 3483 275 336

206 343 290 406 cit,
320 338 464 394 sicut
494 339 549 391 in
578 340 817 393 secundo
848 336 1056 406 psalmo
1080 339 1191 391 ait:
1220 337 1332 408 Ego
1376 347 1551 391 autem
1599 338 1800 391 consti-
1828 342 1879 401 Α
1904 335 2066 407 legem
2090 345 2183 389 aut
2206 337 2521 408 prophetas;
2545 354 2648 391 non
2677 338 2788 392 veni
2807 342 3021 403 solvere,
3048 348 3138 394 sed
3182 341 3490 415 adimplere.

207 440 345 483 tutus
384 444 503 481 sum
541 443 636 481 rex
655 424 718 480 ab
747 426 850 496 eo('
864 424 1122 482 excelsum
1153 444 1262 497 pra:
1290 425 1493 497 regibus
1524 425 1800 498 terra),si-

1898 427 2064 480 Amen
2084 427 2269 497 quippe
2293 426 2409 479 dico
2437 426 2605 480 vobis:
2633 427 2741 480 iota
2767 445 2926 483 unum
2950 439 3040 482 aut
3069 446 3203 486 unus
3232 449 3366 504 apex
3387 450 3495 492 non

209 529 293 575 cut
336 519 389 572 in
429 517 834 586 septuagesimo
873 517 1048 587 primo
1092 518 1302 588 psalmo
1344 517 1546 572 dictum
1587 524 1670 571 est
1694 536 1708 572 :
1735 517 1802 571 Et
1896 516 2178 586 prreteribit
2216 534 2249 570 a
2288 516 2396 585 lege
2432 517 2594 571 donec
2632 519 2807 571 omnia
2839 518 2970 587 ﬁant
3023 518 3246 592 (Matth.
3292 521 3379 596 v).
3427 525 3494 580 Et

213 608 509 663 adorabunt
558 623 674 661 eum
737 624 914 661 omnes
976 624 1118 678 reges
1181 618 1355 661 terrae.
1405 606 1464 661 In
1513 616 1796 673 aeternum,

212 698 397 765 inquit,
430 697 661 751 servabo
695 694 771 749 illi
819 696 1247 750 misericordiam
1296 710 1495 761 meam,
1540 704 1597 751 et
1639 703 1803 750 testa-

214 799 448 842 mentum
471 803 651 841 meum
679 786 836 842 ﬁdele
860 787 983 855 ipsi.
1010 786 1079 840 Et
1104 786 1205 841 hoc
1231 803 1261 840 a
1284 785 1457 842 forma
1471 788 1669 842 dicitur
1689 804 1799 842 ser-

216 880 430 950 vi,quia
464 879 897 934 misericordiam
944 877 1121 933 Patris
1161 887 1363 933 mterno
1406 879 1655 934 videlicet
1706 880 1800 933 ho-

218 986 335 1026 nore
362 970 628 1039 suscepit,
656 970 741 1024 cui
768 981 1027 1049 perpetua
1053 970 1177 1024 data
1204 977 1289 1023 est
1328 976 1567 1040 potestas
1588 970 1642 1023 in
1664 969 1803 1023 cado

218 1073 263 1118 et
288 1063 340 1116 in
370 1071 517 1115 terra
544 1061 564 1132 (
582 1059 775 1115 Matth.
798 1059 1028 1131 xxvm).
1059 1060 1467 1115 Testamentum
1497 1078 1624 1117 vero
1647 1062 1802 1117 ﬁdele

217 1162 287 1208 est
314 1152 413 1217 illi,
457 1152 674 1221 quando
694 1166 1030 1221 quaecunque
1064 1153 1342 1222 propheta:
1393 1153 1458 1207 de
1504 1151 1620 1222 ipso
1666 1168 1804 1222 pra:-

219 1247 485 1310 dixerunt,
512 1243 860 1313 integerrima
890 1243 1117 1297 veritate
1143 1242 1409 1312 completa
1433 1250 1580 1297 sunt.
1610 1243 1678 1296 Et
1705 1259 1802 1312 po-

222 1355 355 1402 nam,
385 1334 587 1406 inquit,
616 1337 670 1390 in
702 1336 954 1390 steculum
990 1334 1171 1389 stvculi
1199 1351 1373 1388 semen
1418 1335 1556 1404 ejus,
1585 1345 1631 1388 et
1660 1334 1803 1387 thro-

224 1446 335 1482 num
362 1429 485 1498 ejus
506 1430 642 1482 sicut
680 1428 793 1482 dies
816 1425 949 1479 caeli.
995 1426 1260 1481 Smculum
1303 1426 1483 1480 saeculi
1535 1425 1803 1496 signiﬁcat

220 1520 591 1574 mternitatem.
633 1517 828 1572 Semen
862 1534 988 1571 vero
1018 1517 1185 1572 David
1220 1515 1468 1572 Christus
1494 1527 1577 1571 est
1622 1516 1804 1570 Domi-

223 1627 335 1675 nus,
383 1610 482 1679 qui
528 1610 580 1664 in
619 1618 821 1664 aeterna
864 1609 1033 1679 gloria
1073 1608 1388 1673 collocatur,
1442 1615 1633 1678 regnat
1677 1624 1799 1662 cum

1901 606 2027 661 alibi
2055 624 2068 660 :
2099 604 2318 672 Caelum,
2350 609 2541 679 inquit,
2573 620 2619 663 et
2642 619 2781 663 terra
2808 613 3290 670 transilmnt:verba
3317 627 3491 671 autent
3527 679 3534 686 ,

1900 713 2013 750 mea
2062 714 2165 751 non
2223 697 2729 772 transibunt(Marc.
2772 701 2924 772 xm).
2976 701 3142 773 Ligna
3190 713 3245 760 et
3290 707 3495 776 lapides

1900 797 2159 858 praeterea
2211 791 2381 845 David
2431 794 2754 862 praeparavit
2796 795 2865 849 ad
2906 796 3157 855 universa
3220 797 3490 867 impendia

1899 879 2276 946 aediﬁciorum,
2312 882 2439 951 quia
2471 883 2710 939 diversas
2744 885 3019 940 hominum
3051 902 3334 957 personas,
3359 905 3496 960 quas

1901 968 2167 1039 lignorum
2202 979 2255 1023 et
2282 970 2519 1040 lapidum
2544 975 2760 1027 nomina
2808 983 2997 1028 notant
3039 976 3339 1048 (lignorum
3390 981 3498 1035 sci-

1902 1056 2026 1111 licet
2054 1068 2275 1129 propter
2323 1061 2609 1115 elationem
2652 1063 2867 1127 mentis,
2912 1074 2966 1118 et
2994 1065 3227 1135 lapidum
3272 1077 3497 1139 propter

1905 1150 2162 1203 duritiam
2186 1151 2397 1214 cordis)
2425 1151 2506 1205 lex
2538 1160 2591 1205 et
2621 1153 2912 1222 prephetee,
2941 1155 3118 1209 securi
3151 1156 3300 1211 verbi
3347 1160 3495 1214 deci-
3544 1196 3553 1209 ι

1902 1239 2079 1293 dendo
2111 1248 2166 1294 et
2212 1240 2480 1309 poliendo,
2534 1241 2598 1294 ad
2650 1244 3107 1298 constructionem
3161 1245 3351 1302 domus
3398 1249 3497 1304 Dei

1904 1328 2280 1384 decentissime
2303 1332 2704 1399 praeparabant.
3342 1381 3347 1385 .

1976 1416 2152 1472 Habes
2174 1436 2376 1491 quoque
2394 1422 2648 1491 plurimos
2677 1423 2921 1492 artiﬁces,
2951 1424 3171 1480 [atomos
3201 1440 3246 1480 et
3273 1446 3497 1487 crumen-

1904 1509 2088 1573 tarios,
2113 1512 2340 1579 artiﬁces
2359 1530 2562 1585 quoque
2582 1513 2842 1584 lignorum
2877 1519 3110 1570 onmium
3154 1520 3371 1586 artium,
3424 1524 3495 1578 ad

1905 1598 2203 1667 faciendum
2236 1619 2363 1672 opus
2388 1604 2817 1672 prudentissimos
2857 1606 2911 1658 in
2964 1625 3126 1661 auro‘
3172 1620 3220 1662 et
3258 1622 3496 1681 argento,

223 1699 372 1755 Patre
424 1707 480 1754 et
529 1698 734 1768 Spiritu
769 1708 958 1754 sanclo
993 1712 1090 1767 per
1119 1698 1301 1751 omnia
1342 1697 1535 1751 sagcula
1582 1698 1802 1752 smculo—
1834 1720 1878 1778 Β
1906 1708 2009 1744 tere
2038 1703 2084 1745 et
2113 1693 2275 1761 ferro.
2310 1694 2563 1750 Artiﬁces
2596 1682 2789 1751 domus
2817 1697 2913 1752 Dei
2942 1700 3327 1767 praedicatores
3372 1713 3503 1760 sunt

221 1807 353 1846 rum.
385 1792 642 1847 Thronus
672 1799 853 1845 autem
880 1791 994 1860 ejus
1019 1797 1257 1860 potestas
1284 1796 1368 1844 est
1390 1788 1555 1843 futuri
1578 1787 1799 1857 judicii:

221 1897 331 1951 qua:
360 1891 510 1937 tanta
541 1883 768 1938 veritate
793 1882 1095 1951 peragenda
1131 1888 1233 1944 est,
1276 1888 1335 1932 ut
1384 1879 1587 1933 sanctis
1633 1879 1806 1932 omni-

218 1973 311 2028 bus
333 1973 541 2028 cmlesti
558 1971 809 2027 claritate
833 1971 1166 2041 prtel‘ulgeat.
1201 1968 1491 2024 Sciendum
1514 1984 1643 2023 sane
1671 1969 1805 2023 alios

219 2065 468 2119 essedies
491 2064 648 2130 istos,
689 2064 784 2133 qui
828 2063 929 2118 sibi
975 2062 1177 2117 vicaria
1231 2060 1563 2116 revolutione
1612 2077 1802 2115 succe-

218 2154 372 2220 dunt;
400 2162 457 2209 et
482 2154 632 2209 illum
662 2154 923 2217 futurum,
962 2154 1054 2223 qui
1095 2152 1350 2208 continua
1377 2152 1495 2206 luce
1515 2161 1805 2222 perpetuus

219 2255 313 2310 est,
341 2246 410 2301 de
435 2260 546 2315 quo
574 2245 627 2298 in
663 2243 992 2315 octogesimo
1027 2243 1187 2297 tertio
1223 2242 1434 2313 psalmo
1458 2242 1659 2296 dictum
1688 2250 1799 2297 est:

220 2337 349 2403 Quia
375 2335 568 2390 melior
592 2346 667 2390 est
692 2336 803 2389 dies
852 2352 955 2390 una
998 2336 1055 2389 in
1102 2335 1253 2389 atriis
1295 2335 1398 2387 tuis
1427 2349 1583 2404 super
1614 2332 1799 2387 millia.

218 2435 315 2489 Aut
335 2434 537 2489 merito
563 2433 679 2488 dies
706 2432 827 2488 coeli
856 2433 927 2487 sit
947 2431 1143 2497 dictus,
1192 2430 1283 2502 qui
1334 2428 1544 2499 objecta
1596 2427 1804 2484 telluris

218 2526 464 2581 tenebras
488 2540 596 2580 non
618 2532 798 2595 potest
817 2523 1018 2577 habere
1041 2529 1336 2577 nocturnas

287 2606 418 2670 Ecce
440 2632 535 2686 ego
558 2615 612 2668 in
632 2623 937 2684 paupertate
968 2629 1082 2666 mea
1106 2611 1399 2683 pratparavi
1422 2612 1679 2680 impensas
1704 2610 1800 2663 (lo-

218 2722 324 2759 mus
350 2705 587 2769 Domini,
640 2704 758 2757 auri
803 2703 1001 2758 talenta
1042 2710 1246 2756 centum
1293 2702 1481 2760 millia,
1508 2710 1556 2754 et
1601 2700 1802 2770 argenti

216 2792 352 2847 mille
392 2794 586 2860 millia,
638 2794 955 2848 talentorum
1004 2793 1126 2847 aeris
1170 2809 1288 2847 vero
1329 2802 1375 2846 et
1407 2791 1535 2860 ferri
1580 2807 1683 2843 non
1728 2799 1801 2844 est

216 2884 438 2953 pondus,
481 2885 713 2937 vincitur
756 2884 893 2938 enim
942 2900 1188 2937 numerus
1230 2880 1585 2935 multitudine.
1640 2879 1802 2950 Ligna

217 2983 262 3027 et
307 2974 508 3039 lapides
561 2975 857 3045 prtcparavi
903 2975 975 3028 ad
1017 2975 1258 3028 universa
1302 2973 1586 3044 impendia.
1649 2973 1800 3039 Quod

1906 1781 2103 1847 sancti,
2128 1784 2218 1851 qui
2255 1785 2543 1854 aliquando
2564 1785 2910 1851 latomorum,
2933 1788 3220 1858 aliquando
3249 1808 3378 1849 vero
3398 1810 3501 1851 caa-

1905 1873 2315 1938 menlariorum,
2347 1874 2633 1944 aliquando
2670 1876 2832 1931 etiam
2875 1882 3360 1949 earpentariorum,
3422 1895 3500 1942 at-

1904 1975 2009 2029 que
2052 1961 2326 2018 fabrorum
2359 1967 2478 2020 auri
2508 1974 2563 2019 et
2589 1969 2820 2038 argenti,
2858 1977 2913 2022 et
2940 1979 3258 2026 caeterorum
3309 1978 3509 2046 metalz.

1902 2052 2077 2108 lorum
2110 2058 2328 2111 nomine
2355 2066 2577 2128 propter
2602 2058 2846 2113 diversas
2897 2062 3140 2118 actiones
3185 2081 3473 2139 nuncupan

1904 2152 2011 2209 tur,
2048 2147 2172 2215 quia
2200 2148 2353 2218 juxta
2385 2149 2697 2217 qualitatem
2720 2150 3031 2211 auditorum
3065 2153 3285 2211 formari
3299 2159 3499 2217 debent

1904 2252 2183 2292 sermones
2209 2239 2639 2308 praedicandum.
2673 2240 2845 2294 Aliter
2890 2242 3034 2296 enim
3096 2245 3320 2302 docendi
3367 2260 3498 2306 sunt

1903 2328 2197 2397 sapientes,
2252 2337 2415 2398 atque
2444 2329 2601 2385 aliter
2636 2330 2983 2399 insipientes;
3044 2334 3202 2389 aliter
3251 2342 3490 2408 superbi,

1904 2417 2063 2472 aliter
2086 2419 2340 2484 humiles,
2363 2428 2417 2476 et
2442 2420 2598 2476 aliter
2631 2421 2821 2489 fortes,
2871 2434 3032 2495 atque
3086 2428 3245 2484 aliter
3293 2433 3492 2491 inﬁrmi

1901 2519 2027 2564 sunt
2060 2511 2352 2568 imbuendi.

1975 2597 2233 2672 Praecepit
2256 2620 2461 2674 quoque
2500 2604 2669 2659 David
2713 2609 2914 2662 cunctis
2956 2611 3277 2691 principibus
3326 2614 3498 2672 lsrue.

1903 2697 1959 2741 ut
1982 2690 2293 2759 adjuvarent
2316 2690 2653 2749 Salomonem
2693 2696 2866 2765 ﬁlium
2895 2715 3048 2752 suum
3080 2714 3099 2752 :
3130 2704 3364 2772 cernitis,
3412 2708 3499 2764 in-

1901 2778 2103 2848 quiens,
2136 2781 2276 2850 quod
2298 2779 2552 2837 Dominus
2584 2783 2727 2838 Deus
2752 2796 2916 2841 vester
2937 2790 3198 2844 vobiscum
3218 2794 3310 2856 sit,
3330 2805 3378 2849 et
3402 2796 3498 2853 de-

1906 2869 2041 2923 derit
2080 2869 2221 2924 vobis
2243 2873 2469 2941 requiem
2494 2890 2588 2943 per
2621 2876 2922 2943 circuitum,
2951 2890 2997 2933 et
3020 2883 3296 2938 tradiderit
3318 2902 3494 2945 omnes

1902 2960 2141 3015 inimicos
2164 2963 2220 3015 in
2246 2979 2459 3017 manum
2516 2976 2761 3030 vestram,
2793 2980 2840 3022 et
2868 2971 3103 3040 subjecta
3125 2974 3192 3026 sit
3222 2986 3361 3030 terra
3406 2996 3497 3033 co-

220 3064 379 3118 David
403 3066 460 3118 in
482 3074 800 3135 paupertate
827 3081 884 3120 se
911 3065 1038 3120 dicit
1061 3065 1331 3134 impensas
1356 3064 1546 3118 domus
1589 3062 1799 3117 Domini
1828 3066 1871 3129 C
1904 3070 2016 3107 ram
2047 3053 2272 3107 Domino
2298 3065 2346 3108 el
2372 3071 2549 3109 coram
2568 3058 2761 3128 populo
2786 3059 2919 3129 ejus.
2944 3060 3180 3119 Prwbete
3194 3081 3314 3135 ergo
3334 3070 3496 3125 corda

214 3167 572 3224 prmparasse,
605 3155 732 3208 licet
776 3155 891 3209 haec
936 3156 1100 3210 verba
1145 3154 1500 3209 humilitatem
1555 3153 1671 3221 ejus
1730 3154 1807 3207 in-

218 3244 451 3309 sinuent,
509 3253 688 3298 tamen
739 3244 1037 3314 ﬁguraliter
1091 3244 1399 3313 significant
1449 3243 1801 3314 indigentiam

217 3334 409 3391 littera:
435 3335 646 3405 legalis,
674 3350 793 3407 qua:
832 3335 1069 3389 scientia:
1103 3333 1383 3403 multiplici
1413 3333 1647 3387 deservit
1672 3332 1802 3386 Novi

220 3425 571 3481 Testamenti.
605 3425 738 3479 Nam
779 3426 892 3496 ipsa
920 3432 1137 3494 propter
1165 3424 1536 3478 inﬁrmitatem
1561 3431 1614 3477 et
1645 3424 1805 3477 inuti-

221 3520 421 3574 litatem
441 3518 563 3589 ejus
588 3517 719 3571 nihil
753 3518 821 3571 ad
854 3516 1137 3588 perfectum
1182 3516 1425 3580 adduxit,
1477 3514 1617 3570 sicut
1655 3515 1803 3583 Apo-

219 3609 385 3664 stolus
410 3616 667 3671 testatur,
694 3608 878 3662 dicens
907 3624 919 3660 :
951 3606 1053 3660 Lex
1072 3607 1208 3661 enim
1250 3616 1324 3659 est
1354 3603 1621 3675 exemplar
1662 3621 1806 3657 vero-

218 3715 334 3752 rum
365 3708 523 3769 atque
552 3694 857 3761 cmlestium,
882 3695 1121 3749 umbram
1144 3693 1340 3748 habens
1384 3694 1683 3763 futurorum
1709 3694 1801 3746 bo-

217 3804 422 3855 norum,
470 3806 577 3843 non
620 3788 734 3859 ipsa
770 3788 1063 3858 exprimens
1112 3785 1389 3856 imaginem
1429 3801 1601 3839 rerum
1633 3781 1800 3855 (Heb.

216 3877 493 3944 vn;Heb.
520 3894 588 3944 ις
614 3875 735 3931 Gal.
776 3874 870 3948 tv)
907 3891 926 3941 ,'
972 3891 1132 3945 quam
1187 3884 1241 3929 et
1290 3873 1601 3928 elementum
1644 3874 1805 3943 hujus

215 3967 395 4020 mundi
424 3965 552 4021 alibi
575 3965 909 4036 nuncupavit
955 3962 1100 4035 (Col.
1128 3965 1223 4035 ιι).
1279 3961 1469 4019 Omnis
1516 3963 1661 4018 enim
1717 3977 1805 4018 res

219 4064 430 4111 terrena
468 4057 517 4111 si
562 4062 911 4125 comparetur
950 4052 1276 4119 etnlestibus,
1310 4061 1365 4109 et
1406 4052 1721 4123 temporalia
1757 4054 1802 4108 si

212 4146 570 4218 adaquentur
614 4147 857 4212 aeternis,
890 4145 1045 4216 quasi
1072 4160 1241 4215 parva
1267 4157 1387 4200 esse
1416 4146 1687 4200 videntur.
1735 4143 1806 4201 Et

216 4248 393 4295 tamen
440 4246 740 4303 structura,
791 4253 910 4308 quae
937 4238 990 4291 in
1018 4237 1183 4291 altum
1225 4252 1445 4308 surgere
1489 4237 1699 4301 nititur,
1747 4242 1801 4292 et

212 4328 268 4382 in
294 4329 403 4385 imo
422 4328 779 4384 fundamenta
808 4326 1034 4383 collocet
1055 4342 1276 4383 necesse
1297 4336 1400 4393 est,
1432 4337 1487 4383 et
1509 4330 1586 4383 sic
1616 4329 1682 4382 ad
1708 4344 1802 4383 ex-

1862 3160 1869 3169 ’
1909 3154 2073 3198 vestra
2095 3154 2141 3198 et
2174 3147 2382 3200 animos
2410 3157 2623 3213 vestras,
2659 3159 2712 3202 ut
2734 3153 2984 3221 qucuratis
3015 3152 3293 3211 Dominum
3331 3158 3495 3215 Deum

1906 3245 2151 3303 vestrum,
2179 3248 2226 3290 et
2264 3239 2560 3309 consurgite
2584 3249 2633 3292 et
2670 3241 2928 3310 a’di/icate
2968 3249 3330 3303 sanctuarium
3385 3250 3494 3307 Do-

1907 3327 2048 3380 mino
2086 3326 2216 3379 Deo.
2249 3326 2403 3392 Quod
2438 3328 2608 3383 David
2636 3333 2893 3402 praecepit
2915 3336 3126 3391 eunetis
3158 3338 3496 3410 principibus

1905 3413 2070 3470 Israel
2091 3424 2150 3469 ut
2173 3415 2491 3484 adjuvarent
2510 3417 2855 3475 Salomonem
2881 3422 3047 3478 ﬁlium
3069 3440 3226 3481 suum
3252 3428 3306 3482 in
3329 3445 3493 3500 opem

1907 3507 2116 3576 templi,
2153 3508 2390 3575 ostendit
2418 3510 2562 3578 quod
2589 3510 2672 3566 lex
2701 3520 2755 3566 et
2787 3515 3065 3583 propheta:
3105 3516 3263 3573 ﬁrma
3308 3532 3497 3578 aucto-

1907 3598 2071 3654 ritate
2099 3600 2366 3654 docebant
2388 3610 2447 3655 ut
2471 3617 2661 3657 omnes
2693 3606 2784 3673 qui
2812 3606 3177 3677 principatum
3198 3609 3365 3667 Israel
3392 3614 3497 3670 rite

1908 3698 2176 3758 gererent,
2202 3691 2303 3745 hoc
2327 3700 2432 3756 est,
2470 3694 2563 3762 qui
2586 3695 2814 3749 scientia
2843 3706 2896 3749 et
2923 3698 3213 3755 virtutibus
3238 3703 3292 3756 in
3319 3704 3496 3760 Eccle-

1908 3778 1990 3832 sia
2017 3779 2339 3845 eminereut,
2379 3796 2571 3837 verum
2603 3781 2948 3840 Salomonem
2966 3786 3020 3839 in
3042 3787 3277 3853 aediﬁcio,
3300 3803 3496 3850 domus

1909 3868 2205 3937 spiritualis
2229 3869 2570 3940 adjuvarent,
2603 3880 2752 3928 recte
2776 3875 2982 3931 scilicet
3017 3878 3261 3934 docendo
3273 3896 3338 3938 ac
3352 3881 3492 3941 bene

1907 3957 2158 4013 vivendo.
2190 3957 2344 4015 Unde
2372 3960 2581 4033 Moyses
2608 3963 2676 4018 ad
2702 3964 2848 4033 ipsos
2872 3964 3013 4023 ﬁlios
3032 3967 3200 4026 Israel
3225 3971 3332 4027 ait:
3356 3971 3496 4030 Pro-

1914 4050 2129 4104 phetam
2155 4049 2297 4103 vobis
2335 4053 2612 4106 suscitabit
2642 4054 2894 4110 Dominus
2929 4057 2993 4112 de
3017 4058 3279 4127 fratribus
3311 4064 3494 4119 vestris

1915 4147 2179 4206 tanquam
2205 4156 2313 4201 nte;
2337 4142 2508 4211 ipsum
2536 4147 2786 4200 audietis.
2814 4145 2882 4203 Et
2912 4151 3033 4215 erit,
3063 4154 3357 4224 quicunque
3390 4171 3493 4209 non

1916 4231 2152 4285 audierit
2162 4233 2465 4300 praphetam
2478 4235 2648 4303 illum,
2659 4243 3096 4296 exterminabitur
3108 4245 3287 4299 anima
3303 4246 3415 4314 ejus
3428 4247 3496 4300 de

1905 4315 2094 4387 populo
2122 4333 2218 4371 suo
2250 4317 2438 4389 (Deut.
2471 4321 2659 4394 xvm).
2692 4320 2781 4378 Sic
2803 4333 2859 4379 et
2882 4325 2996 4395 ipse
3021 4327 3190 4384 David
3238 4340 3494 4402 mysticos

209 4421 439 4478 οειείοη
461 4423 819 4493 provehatur,
848 4420 1183 4493 pmmmvi;
1207 4421 1376 4476 David
1400 4421 1671 4492 impensas
1701 4421 1799 4475 (ιο-
1828 4424 1882 4485 D
1907 4416 2220 4485 operatores
2244 4417 2298 4463 et
2326 4411 2604 4467 ministros
2631 4413 2812 4483 templi
2846 4415 3054 4493 Domini
3082 4417 3372 4478 instituens
3414 4424 3496 4480 dio

208 4527 337 4568 mus
356 4513 589 4579 Domini,
624 4514 745 4567 auri
774 4512 971 4567 talenta
999 4521 1216 4568 centum
1247 4512 1431 4577 millia,
1484 4520 1541 4566 et
1588 4512 1799 4581 argenti

209 4603 360 4658 mille
400 4603 570 4659 millia
621 4602 965 4667 talentorum,
1017 4618 1140 4658 cum
1181 4611 1361 4672 patres
1395 4603 1594 4657 veteris
1640 4610 1802 4663 testa-

206 4694 380 4749 menti
422 4696 476 4749 in
515 4695 737 4765 scriptis
783 4695 1001 4760 suiset
1042 4710 1234 4750 sensus
1276 4692 1697 4765 profunditatem
1748 4701 1803 4746 et

202 4787 410 4856 eloquii
434 4796 776 4842 venustatem
804 4787 1020 4855 copiose
1035 4787 1365 4851 inserebant,
1385 4802 1615 4856 quorum
1635 4786 1801 4841 etiam

198 4875 597 4944 perfectionem
650 4874 874 4946 perfecti
919 4877 1127 4931 numeri
1168 4877 1558 4931 demonstrant.
1612 4874 1800 4930 Cente~

202 4968 426 5020 uarium
450 4957 579 5037 ergo
595 4981 878 5020 numerum
896 4976 950 5020 et
962 4967 1319 5022 millenarium
1344 4965 1613 5036 perfectos
1640 4982 1799 5021 nemo

193 5072 333 5110 esse
362 5054 607 5126 ambigit.
632 5055 896 5112 Similiter
941 5066 997 5112 et
1034 5058 1089 5113 in
1136 5051 1319 5112 talenti
1371 5058 1603 5123 nomine,
1655 5058 1798 5128 quod

193 5145 426 5199 exteris
447 5146 775 5214 ponderibus
805 5147 1186 5218 magnitudinis
1210 5148 1511 5218 prteminet,
1538 5147 1799 5218 perfectio

192 5235 454 5302 ejusdem
486 5236 564 5290 rei
592 5237 913 5291 ostenditur.
940 5237 1091 5304 Quod
1118 5253 1247 5293 vero
1276 5240 1398 5292 teris
1426 5248 1480 5292 et
1510 5237 1639 5292 ferri
1668 5239 1799 5293 dicit

193 5344 315 5381 non
347 5341 471 5381 esse
493 5328 723 5396 pondus,
746 5329 1010 5399 signiﬁcat
1030 5330 1334 5385 divinorum
1362 5331 1793 5388 testimoniorum

193 5417 529 5473 ﬁrmitatem
560 5435 667 5475 non
691 5432 811 5476 esse
840 5422 1231 5488 testimabilem,
1259 5422 1384 5491 quia
1414 5429 1628 5476 constat
1675 5438 1795 5476 eam

190 5520 333 5562 esse
363 5506 880 5565 incommutabilem.
912 5510 1065 5566 Unde
1109 5509 1360 5567 Salvator
1406 5510 1463 5565 in
1508 5511 1798 5582 Evangelio

193 5599 270 5653 ad
289 5597 601 5666 discipulos
629 5599 704 5654 ait
728 5616 743 5655 :
777 5599 952 5655 Nolite
974 5611 1160 5671 putare
1182 5603 1428 5672 quoniam
1453 5603 1566 5656 veni
1603 5601 1799 5656 solvere

1905 4500 1980 4555 cit
2003 4499 2058 4553 in
2084 4499 2316 4556 Psalmis
2345 4518 2358 4553 :
2396 4501 2592 4571 A/ferte
2613 4502 2865 4572 Domino,
2884 4489 3131 4577 ﬁliiDei,
3175 4512 3360 4583 alferte
3384 4516 3497 4572 Do-

1904 4593 2047 4646 mino
2074 4592 2213 4661 ﬁlios
2238 4594 2480 4648 arietum.
2513 4596 2710 4665 A/ferte
2738 4597 2959 4653 Domino
2994 4604 3184 4671 patriw
3229 4609 3488 4677 gentium,

1904 4683 2087 4752 a/ferte
2133 4682 2355 4738 Domino
2396 4685 2617 4755 gloriam
2662 4698 2708 4739 et
2749 4686 3017 4756 honorem,
3053 4693 3235 4761 aﬂ‘erte
3267 4695 3493 4755 Domino

1904 4772 2125 4842 gloriam
2148 4774 2345 4827 nomini
2374 4775 2507 4843 ejus.
2544 4774 2730 4829 Tollite
2747 4777 2943 4832 hostias
2970 4791 3018 4833 et
3047 4781 3256 4838 introite
3277 4786 3330 4839 in
3353 4791 3491 4844 atria
3556 4836 3559 4837 ,

1906 4863 2294 4931 ejus;adorate
2343 4863 2625 4918 Dominum
2649 4867 2703 4919 in
2733 4867 2857 4922 aula
2903 4881 3088 4926 sancta
3138 4874 3251 4944 ejus
3298 4876 3487 4948 (Psal.

1904 4954 2131 5023 xxvm).
2167 4954 2302 5010 Huic
2322 4962 2377 5009 et
2399 4970 2495 5024 per
2525 4956 2718 5011 Isaiam
2769 4959 2899 5013 dicit
2929 4975 2943 5014 :
2978 4960 3147 5033 Prope
3185 4966 3287 5036 [cci
3324 4969 3491 5039 justi.

1903 5049 2033 5102 tiam
2059 5063 2249 5110 meam,
2295 5062 2397 5100 non
2420 5046 2769 5117 elongabitur,
2793 5060 2841 5104 et
2862 5051 3008 5106 salus
3034 5069 3148 5109 mea
3178 5072 3284 5111 non
3309 5075 3490 5116 mom-

1902 5139 2060 5193 bitur.
2098 5137 2242 5191 Dabo
2264 5138 2318 5191 in
2346 5137 2475 5192 Sion
2501 5138 2744 5204 salutem,
2774 5151 2823 5195 et
2844 5140 3014 5197 Israel
3038 5144 3261 5213 gloriam
3296 5166 3488 5207 meam.

1903 5230 2039 5283 Ecce
2063 5246 2156 5299 ego
2178 5228 2380 5282 locutus
2400 5245 2538 5294 sum,
2563 5240 2611 5283 et
2645 5233 2823 5286 vocavi
2867 5249 3007 5300 eum,
3044 5236 3245 5292 adduxi
3272 5256 3410 5306 eum,
3439 5252 3487 5296 et

1903 5322 2097 5375 directa
2126 5329 2200 5374 est
2230 5336 2313 5373 vta
2343 5319 2477 5389 ejus.
2512 5321 2752 5375 Accedite
2793 5322 2865 5377 ad
2910 5314 3050 5390 eum,
3097 5335 3148 5380 et
3186 5328 3384 5395 audite,
3430 5332 3488 5385 in

1902 5429 2021 5467 voce
2047 5411 2410 5465 exsultationis
2441 5412 2766 5476 annuntiate,
2808 5413 3045 5468 auditum
3082 5415 3241 5484 facite
3283 5416 3402 5481 hoc,
3432 5426 3487 5474 et

1904 5503 2035 5571 ferte
2061 5500 2193 5554 illud
2221 5516 2380 5571 usque
2401 5499 2471 5554 ad
2495 5509 2782 5553 extremum
2812 5510 2984 5554 terrte.
3024 5500 3209 5568 Dicite,
3256 5500 3486 5560 Redimct

1906 5593 2161 5648 Dominus
2199 5609 2402 5648 servum
2441 5608 2594 5646 suum
2634 5591 2801 5646 Jacob
2862 5588 3025 5661 (Isai.
3049 5606 3204 5658 XLVI;
3250 5609 3418 5652 stvut
3432 5603 3484 5667 ).
