3870 6146
318 325 426 387 387

989 326 1052 381 Β.
1093 313 1346 379 RABANI
1380 317 1600 376 naua!
1637 308 1958 374 ARCHlEP.
1995 312 2308 371 uocum.
2339 290 2625 368 OPERUM
2664 311 2845 367 rans
2883 301 2925 364 t.

3476 287 3585 357 383

317 444 455 499 Ilinc
473 449 527 496 ct
547 457 645 513 per
664 420 988 494 Hieremiam
1012 435 1210 490 dicitur
1238 451 1251 486 :
1284 433 1417 486 Ecce
1439 429 1549 485 dies
1573 433 1792 494 venient,
1817 427 1889 482 ait
1917 437 1969 496 Α
2069 425 2446 494 Numeratique
2492 435 2611 478 sunt
2655 424 2844 478 Levita:
2874 440 2905 477 a
2950 421 3019 475 50
3044 422 3198 474 annis
3231 428 3278 472 et
3323 434 3507 486 supra,
3536 425 3586 470 et

318 537 598 598 Dominus,
625 542 672 585 et
697 529 954 584 suscitabo
980 525 1148 579 David
1170 541 1377 595 germen
1390 525 1616 593 justum,
1641 533 1688 577 et
1714 538 1900 592 regna-

320 627 390 678 bit
425 640 534 686 rex,
560 632 605 674 et
633 621 837 689 sapiens
869 617 990 680 erit,
1017 625 1062 668 et
1105 615 1259 684 faciet
1281 613 1545 684 judicium
1576 623 1623 666 et
1635 613 1901 682 justitiam

319 714 374 767 in
409 723 548 764 terra
604 709 670 763 In
700 707 881 760 diebus
905 705 1008 759 illis
1031 705 1320 758 salvabitur
1345 703 1513 767 Juda,
1539 712 1584 756 et
1611 701 1777 755 Israel
1809 700 1904 754 ha-

321 798 500 852 bitabit
534 795 870 863 confidenter.
917 793 983 845 Et
1014 792 1110 845 hoc
1145 801 1220 844 est
1263 807 1448 844 nomen
1497 807 1598 860 quo
1650 789 1904 843 vocabunt

319 902 435 940 eum
457 901 476 938 :
504 884 756 937 Dominus
771 883 954 953 justus
975 892 1168 935 noster.
1201 879 1391 933 Audite
1414 879 1625 932 verbum
1670 877 1902 941 Domini,

321 975 504 1027 domus
554 972 740 1026 Israel.
798 971 929 1026 Ha'c'
981 972 1106 1024 dicit
1157 962 1718 1023 Dominus:Judicate
1754 982 1906 1019 mane

312 1065 598 1134 judicium,
625 1072 672 1117 et
693 1064 858 1116 eruite
889 1064 934 1116 vi
970 1075 1269 1132 Oppressum
1302 1059 1364 1113 de
1386 1075 1544 1112 manu
1574 1055 1906 1111 calumnian-

320 1157 407 1218 tis,
433 1171 495 1207 ne
525 1154 658 1223 forte
701 1155 1020 1225 egrediatur,
1060 1163 1115 1207 ut
1146 1154 1302 1222 ignis,
1354 1149 1641 1220 indignatio
1691 1165 1828 1213 mea,
1859 1157 1906 1200 et

321 1245 686 1310 succendatur,
717 1255 763 1298 et
796 1262 896 1297 non
926 1247 989 1300 sit
1010 1247 1100 1315 qui
1123 1245 1441 1313 exstinguat.
1477 1242 1612 1295 Ecce
1653 1258 1746 1311 ego
1786 1256 1908 1293 con-

323 1343 516 1388 vertam
543 1336 921 1387 conversionem
957 1333 1410 1387 tabernaculorum
1457 1331 1640 1393 Iacob,
1691 1339 1739 1385 et
1791 1329 1909 1384 tecti

323 1424 437 1492 ejus
469 1423 765 1487 miserebor,
799 1434 844 1476 et
867 1421 1217 1491 azdiﬁcabitur
1240 1421 1419 1474 civitas
1447 1421 1502 1472 in
1539 1419 1740 1472 excelso
1787 1434 1907 1482 suo,

323 1525 369 1566 et
399 1513 640 1582 templum
670 1513 829 1582 juxta
854 1514 1088 1566 ordinem
1118 1526 1272 1565 suum
1323 1509 1632 1578 fundabitur
1669 1519 1717 1562 et
1766 1525 1912 1579 egre-

325 1605 497 1656 dietur
521 1603 584 1656 de
610 1605 682 1656 eis
712 1604 828 1657 laus
865 1618 1065 1674 voxque
1091 1603 1448 1666 laudantium,
1472 1612 1520 1655 et
1556 1600 1910 1670 multiplicabo

325 1711 410 1746 eos
438 1704 483 1746 et
516 1711 618 1747 non
640 1695 968 1758 minuentur;
1003 1704 1050 1747 et
1081 1693 1385 1764 gloriﬁcabo
1424 1710 1532 1758 eos,
1581 1702 1628 1745 et
1679 1709 1781 1746 non
1830 1701 1912 1744 at-

326 1786 695 1839 tenuabuntur.
727 1786 792 1839 Et
819 1797 971 1840 erunt
994 1786 1094 1854 ﬁlii
1143 1785 1277 1854 ejus,
1321 1786 1453 1838 sicut
1494 1802 1525 1836 a
1555 1783 1830 1852 principio,
1861 1792 1908 1835 et

330 1886 486 1928 cretus
515 1876 628 1944 ejus
651 1891 825 1930 coram
864 1893 943 1930 me
989 1876 1327 1946 permanebit.
1384 1874 1451 1927 Et
1474 1874 1690 1927 visitabo
1736 1873 1919 1926 adver-

328 1983 443 2028 sum
475 1984 649 2023 omnes
683 1969 771 2038 qui
803 1967 1058 2020 tribu/ant
1082 1981 1220 2020 eum.
1252 1965 1322 2018 Et
1347 1966 1444 2019 erit
1477 1963 1587 2017 dua:
1607 1961 1722 2033 ejus
1750 1979 1812 2016 ex
1837 1979 1917 2024 eo,

331 2074 379 2118 et
415 2063 671 2134 principes
692 2058 756 2112 de
795 2051 966 2110 medio
1011 2057 1126 2126 ejus
1173 2056 1512 2126 producetur,
1555 2064 1603 2108 et
1650 2052 1920 2124 applicabo

331 2161 518 2227 eum‘et
557 2149 765 2203 accedet
789 2147 856 2200 ad
886 2164 986 2200 me.
1021 2146 1152 2212 Quis
1177 2149 1313 2199 enim
1336 2147 1430 2200 iste
1459 2157 1533 2200 est
1576 2147 1664 2215 qui
1700 2145 1920 2215 applicet

333 2257 423 2294 cor
443 2256 618 2303 suum,
653 2249 699 2292 et
727 2237 1096 2308 appmpinquet
1127 2235 1296 2288 mihi?
1333 2237 1404 2288 ait
1448 2235 1724 2288 Dominus.
1757 2233 1921 2287 Eritis

336 2332 464 2385 mihi
486 2332 538 2384 in
561 2329 830 2398 populum,
852 2337 899 2382 et
926 2345 1017 2398 ego
1051 2345 1138 2381 ero
1162 2327 1302 2381 vobis
1324 2327 1377 2380 in
1397 2327 1678 2380 Dominum
1703 2325 1918 2397 (larem.

338 2436 491 2484 mn,
518 2434 760 2483 xx1,xxx
785 2419 825 2488 ).
893 2418 1066 2473 Simili
1121 2418 1279 2472 modo
1323 2425 1378 2470 et
1411 2418 1594 2471 caueri
1649 2417 1925 2487 propheta:

336 2513 439 2567 hoc
465 2510 716 2564 dicebant
738 2509 914 2572 dictis,
959 2508 1167 2576 hocque
1214 2506 1608 2576 persuadebant
1637 2505 1922 2574 exemplis,

339 2614 400 2657 ut
437 2599 705 2656 Salvatori
758 2600 992 2652 venienti
1039 2599 1268 2668 quisque
1329 2599 1508 2654 cordis
1559 2598 1925 2653 habitaculum

341 2698 688 2761 praepararet,
711 2696 766 2742 et
797 2688 850 2741 in
881 2696 1057 2741 mente
1084 2703 1177 2742 sua
1200 2689 1563 2742 sanctuarium
1607 2688 1815 2742 Domini
1847 2703 1926 2741 re-

341 2792 428 2838 cta
461 2782 564 2836 ﬁde
586 2789 642 2835 et
669 2782 808 2834 bona
840 2779 1112 2833 voluntate
1140 2788 1500 2844 construeret,
1529 2787 1794 2848 quatenus
1821 2778 1926 2834 illis

342 2873 774 2930 introduceretur
810 2885 934 2924 arca
970 2867 1188 2925 {cedetis
1231 2869 1465 2933 Domini,
1506 2870 1608 2924 hoc
1654 2877 1756 2932 est,
1795 2868 1928 2922 ﬁdes

345 2960 732 3017 incarnationis
770 2959 994 3024 Christi,
1037 2974 1273 3028 vasaque
1321 2959 1550 3015 Domino
1590 2966 1925 3023 consecrata,

345 3062 652 3108 sanctorum
700 3051 941 3106 virorum
994 3051 1177 3120 utique
1224 3050 1548 3121 exemplum,
1595 3060 1651 3104 et
1698 3048 1927 3102 miriﬁca

349 3142 508 3197 facta.
537 3140 679 3196 Vasa
705 3141 850 3196 enim
880 3140 976 3195 Dei
1003 3148 1126 3194 sunt
1159 3141 1351 3194 anima:
1377 3149 1711 3202 sanctorum,
1732 3139 1784 3192 in
1808 3137 1927 3208 qui-
1954 3137 2000 3198 C

347 3233 447 3287 bus
475 3233 736 3299 sapientia
773 3231 955 3285 divina
1001 3229 1267 3294 consistit,
1321 3245 1385 3284 ac
1434 3229 1644 3282 diversa
1694 3227 1928 3297 Spiritus

349 3322 522 3376 sancti
552 3321 876 3375 charismata
908 3321 1272 3375 continentur.
1315 3317 1466 3374 Unde
1508 3334 1606 3388 per
1639 3317 1927 3388 quemdam

351 3412 658 3484 Sapientem
691 3413 889 3466 dicitur
920 3413 1143 3466 :Anima
1161 3411 1298 3482 justi
1324 3411 1468 3466 sedes
1515 3420 1590 3465 est
1636 3410 1924 3480 sapientiw.

350 3504 417 3559 Et
452 3505 580 3558 item
621 3521 633 3556 :
673 3503 1124 3574 Spiritus,inquit,
1151 3504 1361 3557 Domini
1377 3503 1586 3572 replevit
1610 3503 1783 3556 orbem
1829 3513 1931 3555 ter-

352 3611 553 3659 rarum,
579 3603 626 3647 et
667 3593 782 3658 hoc,
821 3595 958 3665 quod
989 3595 1214 3648 continet
1254 3593 1447 3658 omnia,
1471 3593 1740 3646 scientiam
1778 3591 1931 3644 habet

353 3683 487 3738 vocis
524 3683 688 3754 (Sap.
728 3685 802 3754 ι).

921 3752 1146 3808 CAPUT
1177 3750 1361 3806 XXIII.

358 3843 434 3898 Ds
463 3860 522 3898 eo
545 3843 684 3914 quod
711 3842 882 3914 David
897 3842 1164 3914 constituit
1201 3841 1533 3914 Salomonem
1577 3844 1748 3914 [ilium
1777 3860 1932 3899 suum

430 3911 599 3984 regem
634 3929 789 3982 super
815 3911 1003 3984 Israel,
1040 3922 1086 3965 et
1111 3913 1436 3984 congregavit
1471 3911 1647 3969 omnes
1669 3915 1930 3984 principes

431 3980 620 4062 Israel,
662 3980 716 4062 et.
733 3983 1037 4062 sacerdotes.
1062 3980 1222 4062 atque
1244 3980 1472 4062 Ifevitas,
1519 3980 1742 4038 auorum
1765 3980 1931 4055 oﬁicia

428 4067 520 4121 per
544 4051 750 4121 singula
786 4051 1074 4104 ministeria
1098 4051 1205 4121 ipse
1227 4051 1502 4121 disposuit.

429 4157 470 4229 (Ι
509 4156 640 4210 Pan.
668 4156 850 4227 XXIII.)
869 4156 1042 4226 Igitur
1069 4157 1242 4210 David
1264 4175 1420 4212 senex
1440 4168 1488 4211 et
1517 4158 1700 4228 plenus
1726 4159 1960 4214 dierum.

361 4264 528 4318 regem
557 4247 820 4301 constituit
850 4245 1182 4300 Salomonem
1204 4246 1372 4316 [ilium
1395 4265 1550 4302 suum
1567 4265 1725 4318 super
1738 4248 1930 4314 Israel,

360 4347 408 4390 et
434 4338 759 4408 congregavit
796 4353 971 4390 omnes
1009 4337 1263 4408 principes
1289 4337 1459 4393 Israel
1487 4349 1536 4394 et
1565 4342 1862 4394 sacerdotes
1885 4352 1933 4395 et

366 4427 582 4482 Levitas.
616 4428 751 4494 Quid
776 4437 879 4492 est,
902 4429 1044 4497 quod
1071 4429 1240 4483 David
1263 4445 1423 4483 senex
1448 4431 1705 4499 etplenus
1725 4432 1933 4486 dierum

363 4532 545 4588 regem
571 4518 849 4573 constituit
873 4517 1234 4580 Salomonem,
1259 4519 1361 4572 nisi
1387 4519 1530 4588 quod
1552 4529 1674 4588 post
1699 4520 1934 4589 comple-

364 4609 560 4664 tionem
604 4609 801 4662 veteris
840 4604 1167 4661 Testamenti
1217 4607 1518 4662 incarnatio
1577 4612 1930 4677 prtenuntiata

361 4699 621 4754 successit
660 4696 976 4759 Salvatoris,
1029 4712 1150 4765 quae
1187 4697 1422 4752 humano
1460 4698 1644 4767 generi
1695 4700 1931 4769 regimen

365 4797 526 4845 rectte
548 4787 694 4854 ﬁdei,
727 4797 834 4843 tam
863 4787 1163 4842 intellectus
1193 4803 1258 4842 ac
1284 4798 1484 4844 sancta:
1507 4791 1933 4846 conversationis

365 4877 432 4931 ad
461 4879 871 4946 promerendam
905 4885 1162 4931 aeternam
1209 4877 1596 4932 beatitudinem
1641 4878 1932 4946 conferret,

359 4966 512 5036 juxta
563 4968 692 5021 illud
749 4966 898 5020 Pauli
929 4967 1187 5037 Apostoli,
1221 4969 1309 5037 qui
1341 4971 1582 5025 scribens
1621 4971 1684 5025 ad
1719 4969 1939 5025 Galatas

364 5057 443 5110 ait
473 5073 486 5108 :
519 5054 803 5128 Postquam
844 5063 981 5112 venit
1009 5059 1276 5130 plenitudo
1311 5063 1577 5132 temporis,
1611 5064 1751 5117 misit
1797 5064 1937 5118 Deus

366 5145 566 5200 Filium
590 5163 743 5200 suum
765 5147 961 5216 factum
993 5167 1056 5203 ea;
1091 5151 1326 5216 muliere,
1381 5151 1578 5221 factum
1601 5153 1694 5206 sub
1731 5153 1858 5222 lege,
1883 5164 1937 5207 ut

365 5255 475 5301 eos,
523 5237 613 5306 qui
662 5239 755 5290 sub
818 5238 926 5307 lege
965 5251 1135 5306 erant,
1177 5241 1470 5307 redimeret,
1509 5251 1563 5294 ut
1606 5241 1936 5311 adoptionem

365 5329 597 5399 ﬁliorum
647 5329 1442 5403 reciperemus(Galat.tv).|lluc
1467 5346 1598 5400 ergo
1625 5331 1933 5400 congregati

365 5427 492 5474 sunt
534 5432 722 5473 omnes
748 5420 1016 5488 principes
1062 5419 1248 5484 Israel,
1298 5420 1605 5476 sacerdotes
1635 5428 1794 5488 atque
1836 5417 1936 5472 Le-

367 5510 509 5574 vita,
547 5525 668 5564 cum
702 5509 894 5580 singuli
943 5511 1159 5566 ordines
1179 5511 1519 5565 diVersorum
1535 5507 1837 5562 ofﬁciorum
1867 5508 1935 5562 ad

368 5601 645 5656 servitium
664 5601 861 5657 Christi
889 5603 1350 5675 congregabantur
1395 5601 1591 5672 utejus
1633 5601 1934 5656 ministerio

370 5690 525 5760 digne
551 5689 919 5764 fungerentur.

1999 521 2192 574 inventi
2229 530 2348 573 sunt
2398 519 2596 579 58.000
2645 518 2895 570 virorum.
2950 513 3033 567 Ea:
3074 514 3155 566 Itis
3184 511 3333 566 electi
3384 516 3591 564 suntet

2001 609 2268 664 distributi
2327 609 2380 662 in
2445 605 2788 660 ministerium
2836 603 3023 656 domus
3097 601 3309 654 Domini
3361 597 3588 661 24,000.

2010 700 2418 770 Prtepositorutn
2465 707 2695 751 autemet
2723 695 2972 748 Judicum
3001 691 3184 754 6,000.
3230 690 3399 744 Porro
3423 688 3594 752 4,000

1996 794 2278 864 janitores,
2304 802 2351 844 et
2384 791 2598 844 totidem
2629 789 2813 858 psaltaz
2865 797 3114 839 canentes
3146 783 3371 836 Domino
3404 782 3456 834 in
3503 798 3594 833 or-

2005 884 2176 953 ganis,
2195 899 2310 951 qua
2322 882 2512 951 fecerat
2543 877 2712 931 David
2732 878 2800 929 ad
2820 875 3133 929 canendum.
3152 873 3289 940 Quid
3319 880 3422 935 est,
3446 871 3598 940 quod

2008 971 2220 1025 Levitas
2253 969 2322 1022 50
2353 969 2508 1022 annis
2537 975 2592 1022 et
2639 981 2819 1035 supra,
2873 965 2975 1018 nisi
3006 964 3132 1033 quia
3162 963 3398 1016 ostendit
3446 962 3594 1031 quod

2007 1077 2192 1118 omnes
2245 1061 2336 1130 qui
2392 1059 2696 1114 ministerio
2755 1058 2963 1111 Domini
3015 1057 3329 1124 funguntur,
3391 1062 3597 1107 sancta:

2009 1155 2291 1210 Trinitatis
2315 1153 2472 1208 ﬁdem
2502 1168 2624 1206 cum
2649 1151 3032 1221 adimpletione
3069 1149 3443 1202 mandatorum
3476 1161 3598 1200 ser-

2008 1261 2137 1300 vare
2166 1247 2380 1300 debent.
2418 1237 2568 1299 Unde
2589 1251 2643 1298 et
2679 1243 2894 1296 inventa
2934 1250 3059 1295 sunt
3087 1241 3150 1294 de
3179 1240 3264 1294 his
3291 1238 3379 1307 qui
3421 1253 3598 1290 annu-

2010 1337 2205 1392 merati
2259 1343 2386 1390 sunt
2431 1333 2632 1389 38.000
2661 1333 2920 1396 virorum,
2954 1331 3078 1400 quia
3124 1331 3370 1398 quisquis
3409 1336 3601 1382 sancta

2013 1428 2116 1482 ﬁde
2141 1442 2206 1481 ac
2231 1426 2386 1479 bonis
2411 1423 2666 1493 operibus
2689 1437 2857 1491 usque
2886 1423 2939 1475 in
2981 1422 3139 1476 ﬁnem
3188 1421 3296 1474 Deo
3334 1419 3597 1482 deservit,

2013 1517 2076 1571 ad
2105 1515 2520 1570 resurrectionis
2547 1514 2798 1584 gratiam,
2824 1523 2879 1566 et
2905 1513 2970 1566 ad
3002 1521 3260 1566 aeternam
3305 1509 3603 1566 beatitudi-

2013 1621 2158 1670 nem,
2208 1620 2327 1674 qua:
2352 1603 2633 1658 octonario
2658 1619 2883 1656 numero
2930 1603 3230 1671 signantur,
3286 1600 3598 1670 pertinebit.

2015 1694 2167 1763 Quod
2199 1704 2379 1748 autem
2407 1709 2470 1747 ex
2504 1693 2588 1747 his
2619 1694 2709 1761 qui
2755 1693 2910 1748 electi
2952 1702 3100 1754 sunt,
3131 1701 3185 1744 et
3237 1690 3512 1744 distributi
3544 1689 3603 1741 in

1941 1791 1986 1849 B
2015 1786 2372 1842 ministerium
2429 1785 2620 1838 domus
2677 1785 2890 1838 Domini
2938 1782 3138 1847 93,000
3181 1781 3602 1844 ordinabantur,

2019 1879 2285 1949 signiﬁcat
2312 1893 2470 1932 veros
2501 1877 2777 1932 ministros
2805 1876 3005 1932 Christi
3054 1874 3188 1929 lucis
3215 1873 3470 1942 operibus
3505 1872 3602 1925 de-

2021 1972 2146 2025 bere
2177 1971 2402 2034 instare,
2442 1978 2496 2022 et
2545 1983 2575 2022 a
2607 1968 2691 2022 via
2727 1967 2950 2035 justitice
2997 1983 3101 2020 non
3130 1966 3418 2021 declinare.
3462 1963 3602 2016 Nam

2019 2061 2086 2114 54
2119 2061 2265 2115 horis
2297 2070 2438 2115 totus
2464 2074 2560 2130 per
2589 2059 2874 2114 circuitum
2906 2057 3210 2112 illustratur
3234 2056 3398 2116 orbis,
3431 2062 3486 2108 et
3518 2066 3606 2108 te-

2021 2151 2309 2207 nebrarum
2365 2149 2583 2220 pellitur
2611 2149 2819 2203 umbra.
2879 2148 3032 2204 Unde
3062 2148 3312 2202 Salvator
3342 2147 3391 2199 in
3419 2146 3607 2199 Evan-

2021 2245 2160 2315 gelio
2187 2244 2253 2297 72
2284 2243 2574 2314 discipulos
2601 2243 2667 2296 ad
2703 2241 3101 2312 praedicandum
3139 2241 3286 2295 misit
3334 2239 3487 2312 (Luc.
3522 2243 3608 2308 ιι),

2021 2339 2145 2406 quia
2177 2344 2377 2390 sancta:
2409 2333 2691 2387 Trinitatis
2715 2332 2870 2386 ﬁdem
2897 2347 3019 2385 cum
3046 2331 3183 2386 lucis
3212 2329 3466 2400 operibus
3495 2329 3612 2382 cui-

2023 2443 2127 2497 que
2155 2427 2222 2481 ad
2262 2425 2529 2495 justitiam
2561 2423 2804 2478 sufﬁcere
2838 2422 3213 2476 demonstrare
3260 2419 3458 2481 voluit;
3521 2429 3614 2474 ter

2023 2516 2189 2570 vicies
2211 2515 2355 2568 enim
2384 2523 2440 2568 et
2460 2523 2652 2582 quater
2680 2513 2816 2567 terni
2843 2507 2912 2566 72
2961 2511 3186 2565 faciunt.
3234 2509 3351 2576 Quo
3379 2525 3485 2562 nua
3509 2522 3613 2560 ero

2024 2617 2080 2660 et
2103 2606 2404 2675 linguarum
2434 2603 2720 2659 diversitas
2751 2619 2814 2657 ac
2837 2602 3098 2657 librorum
3125 2599 3336 2655 Veteris
3363 2599 3616 2668 Novith

2027 2698 2357 2752 Testamenti
2387 2697 2556 2751 series
2583 2694 3080 2765 comprehenditur.
3101 2693 3167 2745 At
3191 2691 3614 2762 praepositorum

2027 2797 2082 2844 et
2109 2786 2350 2856 judicum
2394 2785 2557 2850 6,000
2597 2800 2716 2840 esse
2770 2783 3166 2839 describuntur.
3220 2781 3285 2834 Et
3335 2780 3464 2848 quid
3512 2791 3616 2848 per

2029 2880 2131 2935 hoc
2199 2878 2459 2942 innuitur,
2493 2877 2595 2930 nisi
2623 2876 2766 2946 quod
2802 2889 2960 2929 nemo
2997 2873 3156 2943 hujus
3187 2867 3394 2926 ordinis
3429 2868 3616 2939 digni—

2032 2981 2195 3025 tatem
2226 2977 2478 3038 appetere
2504 2967 2686 3031 debet,
2727 2967 2819 3036 qui
2841 2957 3229 3034 perfectionem
3256 2960 3517 3016 doctrina:
3549 2971 3618 3010 ac

2030 3063 2291 3116 virtutum
2319 3057 2516 3113 habere
2533 3072 2636 3110 non
2666 3056 2848 3111 studet
2878 3057 2904 3111 7
2962 3053 3190 3109 Senario
3211 3051 3354 3106 enim
3384 3062 3619 3104 numero

2031 3151 2264 3206 mundus
2297 3157 2509 3202 creatus
2539 3156 2641 3212 est,
2674 3154 2730 3200 et
2765 3154 2918 3200 sexta
2955 3145 3042 3199 die
3072 3145 3234 3199 homo
3254 3141 3428 3195 factus
3454 3135 3613 3210 (Cen.

2032 3240 2095 3312 ι),
2147 3255 2252 3309 qua
2277 3247 2331 3293 et
2359 3238 2682 3306 Redemptor
2708 3244 2891 3289 noster
2918 3243 3077 3290 natus
3109 3249 3227 3288 esse
3254 3230 3615 3302 dignoscitur.

2032 3331 2182 3388 Unde
2219 3331 2437 3400 dignum
2469 3337 2552 3383 est
2579 3337 2637 3382 ut
2667 3327 2758 3396 qui
2792 3341 2850 3381 se
2888 3325 3076 3380 recolit
3106 3342 3134 3378 a
3171 3322 3410 3394 perfecto
3453 3337 3617 3376 crea-

2033 3431 2148 3476 tore
2178 3431 2418 3476 creatum
2446 3418 2744 3488 perfectum
2762 3425 2923 3486 atque
2946 3417 3303 3484 redemptum,
3324 3410 3622 3482 perfectio-

2030 3513 2114 3567 nis
2141 3511 2330 3582 ipsius,
2362 3511 2654 3565 secundum
2683 3506 3059 3577 possibilitatis
3086 3522 3196 3560 sua:
3233 3505 3473 3568 modum,
3519 3503 3623 3556 lia-

2031 3607 2160 3659 bere
2193 3613 2365 3660 curet.
2390 3603 2556 3656 Porro
2582 3609 2814 3671 quatuor
2836 3599 3003 3652 millia
3014 3597 3279 3666 janitorcs
3307 3605 3362 3650 et
3387 3595 3623 3648 totidem

2033 3696 2220 3768 psaltze
2260 3704 2518 3749 canentes
2543 3690 2772 3746 Domino
2795 3691 2848 3744 in
2880 3689 3100 3759 organis
3131 3687 3489 3741 constituente
3508 3685 3621 3738 Da-

2032 3785 2142 3850 vid,
2167 3783 2335 3848 fuerc,
2385 3791 2444 3836 ut
2468 3781 2842 3836 ostenderetur
2870 3779 3010 3848 quod
3057 3777 3104 3831 is
3129 3777 3217 3846 qui
3235 3775 3490 3842 janitoris
3537 3775 3625 3828 κει

2033 3877 2219 3948 psallat
2240 3873 2644 3942 oﬁiciumdigne
2674 3871 2786 3926 vult
2812 3885 2996 3938 agere,
3020 3867 3386 3938 evangelicam
3413 3867 3624 3920 doctri-

2035 3984 2159 4022 nam
2199 3976 2360 4036 atque
2401 3965 2652 4019 mandata
2674 3963 2831 4018 debet
2856 3962 3149 4026 custodire,
3197 3960 3322 4029 quia
3366 3959 3457 4027 qui
3506 3976 3622 4024 non

2035 4059 2179 4114 illius
2213 4058 2455 4127 sequitur
2493 4055 2800 4126 vestigium,
2842 4067 3117 4124 nunquam
3153 4050 3219 4104 ad
3261 4050 3429 4120 ipsius
3451 4047 3622 4104 oﬁicii

2033 4150 2299 4220 pertinget
2321 4148 2612 4220 fastigium.

2109 4241 2176 4295 Et
2217 4240 2480 4293 distribuit
2529 4256 2616 4293 eos
2657 4236 2826 4292 David
2860 4253 2952 4307 per
3005 4237 3137 4290 vices
3181 4234 3415 4305 ﬁliarum
3469 4231 3624 4294 Levi,

2037 4329 2232 4385 Cerson
2270 4329 2499 4384 videlicet
2527 4339 2576 4382 et
2600 4328 2768 4383 Caath
2791 4338 2836 4382 et
2869 4326 3089 4392 Merari,
3115 4336 3219 4380 etc.
3255 4324 3407 4391 Quod
3445 4324 3626 4377 David

2038 4423 2254 4478 Levitas
2279 4423 2570 4478 secundum
2599 4435 2883 4474 numerum
2913 4419 3075 4472 trium
3101 4417 3332 4472 ﬁliorum
3347 4414 3473 4470 Levi
3503 4415 3626 4468 dis-

1961 4483 2010 4541 D
2039 4515 2249 4577 tribuit,
2283 4512 2549 4582 signiﬁcat
2599 4511 2740 4579 quod
2776 4519 2952 4565 textus
2982 4508 3116 4577 legis
3145 4506 3338 4562 divinae
3359 4545 3373 4568 ,
3403 4519 3469 4558 ac
3492 4519 3627 4572 pro-

2037 4607 2322 4675 phetarum
2348 4603 2503 4657 lectio
2524 4601 2801 4656 ministros
2825 4599 3056 4663 Domini,
3080 4597 3173 4666 qui
3204 4594 3452 4664 acquisiti
3493 4602 3629 4647 sunt

2035 4713 2132 4766 per
2169 4697 2398 4766 gratiam
2439 4694 2533 4747 Dei
2590 4702 2645 4747 et
2685 4692 2851 4746 additi
2913 4692 2980 4745 ad
3011 4689 3242 4744 ﬁdelium
3305 4699 3624 4748 numerum,

2036 4797 2238 4845 sanctae
2283 4785 2565 4840 Trinitatis
2620 4783 2776 4837 ﬁdem
2821 4796 3039 4836 servare
3065 4781 3220 4835 docet
3239 4792 3362 4830 cum
3390 4789 3627 4830 exsecu-

2039 4882 2182 4934 tione
2210 4879 2486 4932 virtutum.
2544 4875 2653 4930 Hoc
2678 4875 2820 4930 enim
2865 4874 3102 4943 ipsorum
3129 4879 3342 4941 patrum
3395 4869 3625 4922 nomina

2043 4974 2432 5025 demonstrant.
2475 4967 2607 5021 Nam
2645 4966 2771 5019 Levi
2821 4966 3207 5034 interpretatur
3229 4960 3468 5022 additus,
3503 4959 3626 5013 sive

2041 5070 2370 5130 assumptus;
2416 5059 2646 5121 Gerson,
2690 5057 2887 5110 advena
2913 5056 3005 5118 ibi,
3063 5053 3146 5107 vel
3181 5051 3364 5121 ejectio
3398 5065 3626 5112 eorum;

2041 5153 2228 5215 Caath,
2249 5150 2469 5204 molares
2497 5151 2694 5211 dentes,
2723 5147 2837 5201 sive
2860 5147 3138 5215 patienter;
3155 5143 3370 5206 Mer-ari,
3402 5158 3628 5194 amarus

2042 5245 2121 5296 vel
2169 5243 2558 5297 amaritudinis.
2615 5240 2804 5295 Omnis
2837 5240 3003 5302 enim,
3055 5237 3144 5306 qui
3193 5243 3506 5304 assumptus
3535 5245 3630 5287 est

2041 5335 2197 5388 domo
2238 5333 2443 5386 Domini
2476 5342 2526 5387 et
2559 5333 2772 5386 additus
2807 5331 2969 5384 οωιυὶ
2997 5338 3304 5383 sanctorum
3352 5325 3628 5380 imbutus-

2041 5438 2144 5491 que
2169 5422 2522 5475 sacramentis
2548 5419 2949 5480 ecclesiasticis,
2980 5418 3210 5488 primum
3235 5415 3393 5469 debet
3421 5415 3627 5482 ejicere

2043 5529 2073 5566 a
2100 5524 2277 5565 mente
2301 5527 2396 5564 sua
2433 5526 2648 5565 omnem
2679 5509 3069 5563 immunditiam
3112 5514 3270 5574 atque
3296 5503 3625 5572 spurcitiam

2045 5601 2314 5665 vitiorum,
2365 5609 2418 5654 et
2449 5599 2760 5655 renuntiate
2795 5597 3158 5667 voluptatibus
3193 5594 3378 5648 mundi
3425 5603 3486 5647 ut
3521 5592 3623 5646 ﬁat

2046 5694 2098 5746 in
2124 5701 2260 5746 terra
2305 5706 2428 5746 cum
2452 5690 2717 5759 Propheta
2767 5687 2966 5760 advena
2992 5697 3041 5742 et
3084 5685 3390 5756 peregrinus
3437 5681 3621 5754 (Psal.
