3870 6146
231 251 340 311 sse

1166 240 1520 303 COMMENT.
1557 241 1623 297 IN
1661 239 2217 298 PARALIPOMENA.
2257 273 2328 284 —
2365 243 2496 300 LIB.
2535 243 2598 301 Il.

3399 247 3506 310 £90

243 371 562 432 nummo;
575 375 698 415 cum
718 357 978 430 Apostolo
1008 357 1204 412 mundo
1226 358 1509 425 cruciﬁxus
1543 355 1688 422 (Gal.
1720 355 1818 427 v1).
1850 353 1900 416 Α
1926 365 2092 410 rentes
2120 357 2412 412 ministrate
2439 358 2492 411 in
2514 357 2620 426 ﬁde
2649 368 2815 411 vestra
2844 360 3174 430 virtutem,in
3193 370 3379 418 virtute
3405 384 3503 421 au-

235 452 446 514 Deiude
497 451 847 510 mortalitatis
891 451 1269 506 discretionem
1309 453 1363 504 In
1419 449 1830 505 conversatione

244 551 455 607 studeat
474 547 700 611 habere,
727 553 783 600 et
821 549 1057 613 quatuor
1086 543 1344 597 virtutum
1373 540 1632 612 quadriga
1661 541 1828 595 vitam

245 657 394 698 suam
412 640 654 694 honeste
697 637 918 701 ducere,
961 645 1124 704 atque
1167 635 1235 690 ad
1261 634 1502 689 cmlestia
1530 634 1828 703 provehere
1848 676 1879 693 κ

248 735 503 792 decertet,
540 728 596 783 id
647 734 753 791 est,
805 726 1111 796 prudentia,
1136 725 1371 795 justitia,
1417 725 1736 780 fortitudine
1774 732 1830 778 et

250 821 603 893 temperantia
635 837 650 881 ;
705 819 1085 890 patienterque
1117 820 1345 874 adversa
1373 827 1568 873 cuncta
1611 818 1823 883 toleret,

249 915 419 969 sciens
467 927 528 966 se
559 919 769 966 certam
801 910 1104 964 mercedem
1129 924 1228 979 pro
1250 910 1375 973 hoc,
1421 909 1469 962 si
1495 908 1827 978 persuaserit

249 1016 294 1060 et
316 1001 778 1075 perseveraverit,
831 1000 887 1054 in
938 997 1120 1053 futuro
1148 1006 1514 1067 accepturum.
1545 996 1825 1053 Postremo

250 1111 363 1150 cum
411 1092 662 1147 fervente
708 1091 894 1146 animo
947 1088 1125 1143 discat
1175 1097 1428 1158 appetere
1477 1087 1740 1153 cmlestia,
1771 1096 1826 1142 et

250 1181 534 1253 praesentia
593 1186 788 1235 cuncta
838 1177 964 1232 vilia
1017 1177 1250 1234 aestimet
1304 1185 1360 1232 et
1420 1193 1624 1232 amara.
1685 1177 1826 1232 Hoc-

249 1289 344 1342 que
397 1271 564 1326 modo
623 1270 818 1341 dignus
868 1269 1122 1324 minister
1157 1268 1372 1323 Domini
1403 1269 1458 1322 in
1513 1284 1642 1323 vero
1693 1277 1823 1322 tem-

249 1366 330 1434 plo
378 1365 478 1418 Dei
509 1362 676 1434 (quod
724 1369 806 1416 est
831 1360 1092 1433 Ecclesia)
1138 1369 1190 1416 et
1218 1358 1367 1416 utilis'
1393 1362 1690 1430 apparebit.

315 1455 706 1524 Separatusque
740 1461 818 1506 est
849 1453 1028 1506 Aaron
1071 1459 1126 1505 ut
1178 1453 1497 1506 ministraret
1540 1453 1594 1507 in
1639 1463 1823 1510 sancta

249 1556 569 1608 sanctorum,
619 1554 669 1598 et
713 1543 813 1612 ﬁlii
841 1543 955 1610 eius
995 1545 1050 1596 in
1093 1545 1480 1613 sempiternum,
1511 1554 1556 1597 et
1593 1543 1824 1598 adoleret

246 1641 513 1690 incensum
552 1635 782 1688 Domino
812 1635 1098 1688 secundum
1135 1636 1294 1688 ritum
1333 1651 1486 1688 suum
1519 1652 1581 1688 ac
1607 1635 1820 1689 benedi-

1929 448 2030 498 lem
2069 446 2339 499 scientiam
2365 487 2380 511 ,
2439 447 2492 500 in
2527 447 2744 500 scientia
2789 457 2960 502 autem
2990 451 3356 506 abstinentiam
3386 494 3401 520 ,
3448 456 3506 510 in

1927 537 2240 591 abstinentia
2281 548 2454 592 autem
2508 540 2812 609 patientiam
2846 581 2859 605 ,
2915 542 2969 594 in
3012 543 3266 612 patientia
3330 555 3504 600 autem

1924 628 2188 696 pietatem,
2213 629 2268 683 in
2312 631 2500 700 pietate
2527 640 2699 684 autem
2747 649 2975 686 amorem
3026 633 3406 703 fraternitatis,
3452 639 3508 692 in

1927 733 2102 769 amore
2150 727 2322 771 autem
2357 717 2703 788 fraternitatis
2763 723 3090 776 charitatem.
3154 723 3284 778 Htec
3332 736 3506 780 autem

1926 809 2102 861 omnia
2139 809 2186 861 si
2224 809 2481 864 vobiscum
2508 812 2680 864 adsint
2725 821 2772 866 et
2797 822 3058 882 superent,
3089 831 3191 867 non
3232 830 3420 869 vacuos
3456 823 3506 869 et

1925 899 2036 950 sine
2085 899 2260 967 fructu
2297 919 2384 955 vos
2433 904 2746 958 constituent
2791 905 2848 957 in
2903 905 3116 959 Domini
3163 906 3327 960 nostri
3370 905 3501 961 Iesu

1926 983 2121 1038 Christi
2147 989 2456 1058 cognitione.
2500 989 2599 1044 Cui
2629 993 2764 1045 enim
2802 1009 2904 1046 non
2949 1007 3140 1062 prtesto
3191 1004 3312 1049 sunt
3362 997 3506 1062 ha‘c,

1925 1098 2095 1135 ca’cus
2121 1092 2195 1136 est
2243 1094 2289 1137 et
2324 1097 2714 1153 manutentans,
2741 1089 3043 1144 oblivionem
3074 1094 3332 1163 accipiens
3374 1113 3504 1165 pur-

1924 1172 2150 1240 gationis
2218 1186 2441 1228 veterum
2493 1193 2708 1231 suorum
2755 1179 3082 1236 delictorum.
3136 1182 3500 1257 Quapropter,

1925 1262 2137 1330 fratres,
2163 1266 2329 1334 magis
2358 1267 2600 1336 satagite,
2646 1280 2699 1320 ut
2729 1286 2821 1339 per
2851 1271 2983 1324 bona
3014 1289 3167 1342 opera
3193 1284 3384 1326 certam
3417 1294 3501 1329 ve-

1927 1363 2085 1406 stram
2116 1356 2436 1410 vocationem
2473 1358 2702 1426 faciatis.
2738 1361 2867 1415 Ha’c
2918 1365 3054 1416 enim
3109 1365 3358 1433 facientes
3403 1385 3506 1423 non

1923 1445 2200 1514 peccabitis
2232 1447 2515 1518 aliquando
2540 1450 2807 1508 :Sicenim
2836 1454 3166 1508 abundanter
3189 1457 3504 1511 ministrabi-

1925 1543 2012 1586 tur
2034 1535 2171 1588 vobis
2203 1537 2447 1591 introitus
2483 1539 2534 1593 in
2564 1550 2814 1594 a’ternum
2860 1559 3074 1612 regnum
3104 1543 3316 1599 Domini
3344 1548 3507 1600 nostri

1929 1624 2222 1682 Saluatoris
2250 1628 2377 1683 Iesu
2400 1627 2594 1684 Christi
2627 1631 2712 1703 (II
2739 1629 2883 1686 Petr.
2909 1633 2968 1703 ι).

240 1737 374 1780 τεῖρε
412 1726 612 1779 nomini
642 1725 756 1794 ejus
793 1725 848 1778 in
884 1733 1206 1795 perpetuum.
1254 1723 1390 1790 Quid
1419 1739 1514 1794 per
1549 1724 1731 1778 Aaron
1760 1738 1824 1778 ac
1849 1699 1901 1761 Β
1998 1717 2144 1772 Dixit
2185 1722 2322 1775 enim
2364 1721 2580 1776 David:
2619 1723 2863 1795 Requiem
2894 1727 3034 1781 dedit
3081 1729 3334 1784 Dominus
3367 1730 3508 1786 Deus

245 1819 377 1873 filios
402 1817 522 1886 ejus
551 1817 746 1872 melius
772 1832 934 1888 quam
965 1815 1214 1871 Christus
1239 1825 1294 1871 et
1325 1816 1566 1870 membra
1596 1815 1714 1884 ejus
1741 1816 1824 1870 in-

243 1908 406 1978 telligi
431 1915 684 1979 possunt,
723 1908 878 1977 cujus
906 1914 990 1962 est
1017 1907 1380 1962 sacerdotium
1431 1906 1821 1994 sempiternum

249 1997 412 2068 (Psal.
434 1998 552 2068 cu)
576 1999 600 2052 ?
628 1997 730 2053 Hic
757 2012 887 2063 ergo
921 2005 1203 2066 separatus
1229 2006 1333 2052 est.
1387 2004 1447 2049 ut
1488 1995 1824 2050 ministraret

243 2089 292 2141 in
321 2097 515 2142 sancto
544 2095 857 2140 sanctorum
885 2125 900 2150 ,
941 2085 1065 2155 quia
1104 2084 1250 2139 solus
1298 2085 1414 2138 sine
1442 2084 1650 2154 peccati
1702 2101 1820 2138 ma-

245 2177 353 2232 cula
381 2177 662 2237 inventus,
698 2175 1000 2229 caelestium
1039 2183 1371 2230 secretorum
1393 2174 1698 2244 penetravit
1727 2190 1817 2228 ar—

246 2285 397 2334 cana,
451 2277 502 2321 et
534 2267 710 2338 (juxta
739 2265 891 2320 Pauli
923 2263 1317 2336 testimonium)
1363 2263 1457 2318 alii
1485 2265 1692 2336 quidem
1709 2265 1821 2318 sine

237 2358 589 2428 jurejurando
645 2356 940 2410 sacerdotes
992 2356 1120 2425 facti
1150 2365 1290 2421 sunt,
1343 2355 1427 2408 hic
1475 2364 1652 2408 autem
1702 2371 1819 2409 cum

237 2449 584 2519 jurejurando
610 2464 703 2518 per
735 2463 850 2502 eum
874 2448 963 2517 qui
989 2447 1122 2501 dixit
1145 2447 1214 2500 ad
1236 2445 1388 2500 illum
1415 2461 1436 2501 :
1469 2447 1681 2501 Iuravit
1705 2446 1818 2500 Do-

243 2539 404 2592 minus
437 2548 485 2591 et
512 2554 616 2590 non
662 2537 922 2606 paenitebit
947 2553 1065 2591 eum
1095 2550 1114 2588 :
1151 2535 1229 2589 Tu
1258 2553 1310 2590 es
1322 2535 1566 2590 sacerdos
1591 2537 1646 2589 in
1669 2545 1820 2590 ceter-

246 2648 377 2684 num.
423 2628 492 2682 In
540 2639 744 2682 tantum
781 2629 1013 2683 melioris
1057 2629 1354 2683 testamenti
1384 2645 1603 2699 sponsor
1645 2628 1818 2699 factus

243 2729 309 2772 est
341 2718 524 2773 Iesus.
566 2717 636 2771 Et
663 2717 754 2771 alii
792 2719 1000 2788 quidem
1021 2720 1194 2788 plures
1226 2719 1355 2788 facti
1381 2729 1502 2773 sunt
1525 2718 1819 2772 sacerdotes

244 2808 426 2860 idcirco
475 2807 618 2878 quod
669 2818 830 2862 morte
883 2809 1281 2878 prohiberentur
1336 2825 1642 2879 permanere
1670 2823 1689 2860 :
1734 2809 1817 2862 hic

245 2907 426 2961 autern,
464 2897 608 2967 quod
644 2907 851 2951 maneat
877 2899 932 2950 in
962 2909 1212 2953 retentum
1236 2901 1609 2970 sempiternum
1655 2901 1816 2954 habet

243 2990 611 3043 sacerdotium.
671 2986 818 3043 Unde
866 3000 914 3044 et
954 2990 1156 3044 salvare
1199 2991 1252 3043 in
1302 3001 1610 3061 perpetuum
1650 3001 1816 3062 potest

226 3081 957 3149 accedentespersemetipsum
980 3080 1048 3133 ad
1080 3079 1272 3144 Deum,
1309 3097 1510 3150 semper
1539 3082 1708 3135 vivens
1747 3083 1817 3135 ad

245 3168 678 3237 interpellandum
714 3185 807 3238 pro
835 3170 980 3223 nobis
1011 3167 1167 3239 (Heb.
1193 3169 1310 3238 vn).
1360 3169 1511 3224 Unde
1540 3170 1817 3226 incensum

247 3262 495 3315 orationis
519 3259 642 3329 ejus
679 3275 890 3331 semper
901 3261 1161 3331 placabile
1176 3271 1259 3316 est
1282 3262 1422 3333 apud
1445 3263 1634 3318 Deum.
1661 3263 1814 3330 Quod

247 3364 365 3404 vero
398 3352 650 3421 sequitur
678 3369 691 3404 :

313 3439 476 3510 Moysi
512 3457 718 3512 quoque
753 3441 976 3494 hominis
1003 3440 1131 3508 Dei,
1181 3441 1281 3509 ﬁlii
1315 3445 1645 3496 annumerati
1694 3453 1814 3498 sunt

249 3529 294 3581 in
321 3531 450 3583 tribu
480 3530 604 3583 Levi
630 3571 645 3596 ,
684 3538 788 3584 etc.
831 3530 1127 3601 Significat,
1157 3546 1262 3585 non
1309 3547 1510 3601 paucos
1539 3532 1605 3586 de
1647 3533 1815 3602 priori

249 3618 423 3688 populo
451 3620 519 3672 ad
553 3619 978 3674 ecclesiasticum
1007 3619 1367 3674 sacerdotium
1398 3620 1700 3690 pertinere,
1747 3622 1816 3676 si-

251 3716 328 3760 cut
352 3706 637 3762 manifeste
683 3709 737 3762 in
763 3707 987 3762 Actibus
1031 3707 1396 3778 apostolorum
1427 3711 1493 3764 de
1541 3710 1814 3779 primitiva

250 3795 295 3848 in
323 3795 656 3852 Hierusalem
695 3797 1095 3852 demonstratur
1131 3799 1387 3864 Ecclesia,
1415 3799 1506 3854 ubi
1556 3801 1813 3869 scriptum

250 3897 358 3941 est:
399 3888 626 3943 Verbum
656 3897 829 3942 autem
856 3888 1068 3942 Domini
1117 3889 1396 3954 crescebat,
1425 3899 1473 3942 et
1498 3889 1812 3960 multiplica-

252 3977 389 4031 batur
433 3996 686 4032 numerus
727 3978 1102 4048 discipulorum
1148 3981 1204 4034 in
1259 3979 1588 4034 Hierusalem
1640 3981 1811 4036 valde.

255 4064 403 4119 lulta
445 4068 586 4120 enim
619 4067 774 4121 turba
827 4069 1156 4123 sacerdotum
1186 4070 1454 4124 obediebat
1498 4070 1627 4138 ﬁdei
1671 4072 1808 4143 (Act.

251 4157 332 4222 vi).
361 4156 489 4212 Post
521 4159 627 4212 hoc
657 4173 892 4229 quoque,
915 4161 1244 4216 enumeratis
1284 4161 1616 4232 principibus
1655 4162 1721 4217 de
1747 4162 1811 4216 6-

250 4244 321 4300 liis
351 4247 503 4313 Levi,
542 4249 892 4318 subsequitur
922 4250 1203 4322 Scriptura
1231 4253 1414 4308 dicens
1441 4271 1453 4307 :

314 4336 378 4391 Hi
402 4339 504 4406 ﬁlii
543 4337 668 4393 Levi
696 4341 748 4393 in
770 4342 1163 4410 cognationibus
1191 4353 1240 4397 et
1283 4344 1498 4414 familiis
1528 4347 1637 4400 suis
1661 4349 1811 4418 prin—

1926 1807 2095 1864 Israel
2117 1812 2308 1882 populo
2344 1831 2460 1879 suo,
2494 1825 2542 1868 et
2587 1815 2959 1871 habitationem
2989 1817 3324 1875 Hierusalem
3345 1839 3508 1893 usque

1923 1897 1977 1952 in
2005 1908 2256 1954 aeternum
2279 1914 2300 1954 .’
2325 1920 2418 1956 nec
2450 1904 2547 1957 erit
2576 1907 2727 1974 ofﬁcii
2773 1905 3088 1973 Levitarum,
3122 1919 3177 1962 ut
3204 1910 3342 1964 ultra
3375 1929 3504 1982 por-

1922 1998 2029 2044 tent
2052 1991 2448 2047 tabernaculum
2490 2004 2539 2048 et
2567 1997 2740 2050 omnia
2782 2015 2903 2052 vasa
2951 1999 3063 2069 ejus
3094 1997 3164 2054 ad
3196 2004 3504 2058 ministran-

1921 2081 2066 2135 dum.
2093 2070 2338 2160 Quandiu
2368 2101 2497 2154 ergo
2524 2085 2618 2139 lilii
2641 2086 2806 2141 Israel
2839 2089 2889 2141 in
2923 2091 3137 2146 deserto
3179 2091 3420 2160 fuerunt,
3452 2104 3508 2150 et

1921 2173 2138 2240 quando
2165 2181 2364 2227 terram
2411 2173 2664 2229 Chanaan
2695 2176 2848 2232 bellis
2885 2180 3160 2247 possidere
3189 2194 3502 2252 coeperunt,

1923 2261 2328 2316 tabernaculum
2380 2263 2590 2317 Domini
2627 2280 2723 2335 per
2769 2267 2976 2322 diversa
3033 2270 3151 2324 loca
3207 2272 3501 2332 ferebatur.

1922 2351 2210 2422 Postquam
2237 2363 2414 2407 autem
2442 2356 2698 2424 templum
2735 2359 3055 2414 aediﬁcatum
3081 2372 3164 2416 est
3187 2405 3202 2428 ,
3251 2381 3355 2420 non
3401 2366 3503 2422 fuit

1920 2443 2227 2497 necessaria
2256 2445 2372 2499 haec
2396 2443 2634 2499 locorum
2666 2448 2920 2513 mutatio;
2961 2450 3056 2504 sed
3079 2451 3132 2504 in
3164 2454 3279 2522 ipso
3300 2457 3498 2524 templo

1920 2531 2132 2588 Domini
2165 2533 2520 2588 sanctificatio
2547 2535 2758 2589 Domini
2788 2545 2870 2590 est
2916 2538 3130 2605 collata,
3163 2543 3390 2612 nid'stice
3431 2547 3505 2600 si-

1920 2623 2183 2694 gnificans
2211 2627 2350 2692 quod
2379 2624 2552 2679 cultus
2583 2635 2744 2694 atque
2783 2628 3128 2685 observantia
3161 2633 3372 2689 Veteris
3401 2635 3503 2690 Te-

1919 2716 2172 2769 stamenti
2198 2716 2368 2769 variis
2405 2716 2590 2786 figuris
2637 2717 2914 2773 imitabilis
2954 2737 3018 2775 ac
3071 2723 3283 2778 diversa
3315 2727 3368 2780 in
3420 2743 3504 2784 se-

1921 2804 2148 2874 metipso
2177 2820 2391 2875 semper
2415 2805 2534 2860 fuit.
2562 2807 2694 2861 Cum
2719 2817 2897 2863 autem
2939 2813 3009 2865 ad
3035 2813 3382 2884 Evangelium
3413 2834 3504 2874 ac-

1919 2897 2106 2960 cessit,
2128 2893 2243 2962 jam
2289 2896 2486 2949 ibidem
2517 2897 2862 2952 stabilitatem
2917 2911 3094 2956 motus
3123 2905 3205 2958 sui
3256 2906 3497 2964 invenit:

1919 2989 2042 3058 quia
2073 2987 2158 3042 lex-
2183 3006 2275 3058 per
2302 2989 2516 3059 Moysen
2561 2992 2687 3044 data
2729 3003 2840 3059 est,
2886 2997 3058 3065 gratia
3098 3008 3146 3051 et
3182 3002 3366 3056 veritas
3412 3020 3504 3062 per

1919 3078 2100 3133 Iesum
2131 3079 2394 3135 Christum
2423 3083 2564 3151 facta
2603 3094 2677 3138 est
2716 3083 2896 3156 (Ioan.
2937 3091 2998 3158 ι).
3039 3088 3199 3172 quta
3228 3105 3499 3166 praecepta

1919 3187 2132 3242 quoque
2157 3174 2321 3228 David
2351 3175 2645 3232 novissima
2677 3181 3050 3248 supputabitur
3076 3200 3333 3242 numerus
3359 3187 3498 3245 lilio-

1918 3279 2038 3318 rum
2068 3264 2195 3320 Levi
2251 3281 2282 3320 a
2313 3267 2501 3337 viginti
2548 3271 2737 3336 annis,
2786 3280 2842 3326 et
2885 3288 3076 3344 supra;
3119 3287 3172 3331 et
3205 3287 3364 3333 erunt
3400 3283 3501 3338 sub

1919 3373 2080 3412 manu
2111 3358 2341 3412 filiorum
2381 3358 2562 3416 Aaron
2619 3362 2672 3416 in
2719 3364 2920 3418 cultum
2961 3366 3152 3422 domus
3189 3369 3398 3427 Domini
3441 3374 3498 3429 in

1917 3444 2215 3512 vestibulis,
2241 3457 2296 3503 et
2327 3449 2379 3503 in
2421 3451 2657 3514 exedris,
2686 3461 2740 3507 et
2775 3455 2972 3510 inloco
3000 3459 3412 3530 purificationis,
3442 3471 3500 3519 et

1918 3540 1971 3593 in
1993 3540 2321 3605 sanctuario,
2354 3550 2409 3594 et
2443 3543 2710 3598 universis
2753 3548 3007 3614 operibus
3046 3551 3328 3606 ministerii
3365 3563 3498 3608 tem-

1915 3632 1987 3701 pli
2019 3633 2252 3686 Domini.
2283 3631 2650 3690 Distribuente
2684 3635 2852 3691 David
2876 3638 3076 3694 Levita:
3103 3658 3132 3694 a
3173 3643 3359 3714 viginti
3400 3662 3500 3702 an-

1916 3722 2000 3776 nis
2023 3721 2179 3790 juxta
2205 3733 2529 3793 praeceptum
2557 3726 2689 3796 legis
2714 3726 2814 3780 sub
2843 3743 3004 3783 manu
3037 3729 3267 3785 filiorum
3288 3732 3495 3800 Aaron,

1915 3811 2019 3865 hoc
2045 3821 2151 3877 est,
2180 3815 2516 3869 sacerdotum
2555 3816 2609 3870 in
2639 3817 2840 3872 cultum
2877 3819 3066 3873 domus
3115 3820 3326 3877 Domini
3351 3824 3500 3879 ordi-

1915 3904 2198 3968 nabantur,
2229 3916 2289 3958 ut
2337 3907 2572 3961 minores
2602 3908 2872 3964 discerent
2900 3908 3198 3977 majoribus
3235 3914 3456 3971 obedire
3479 3957 3499 3986 ,

1914 4001 1970 4046 et
2003 3992 2234 4061 majores
2262 4010 2293 4048 a
2323 3997 2619 4052 minoribus
2648 3997 2813 4068 adjuti
2843 4001 3053 4070 dignius
3076 4003 3310 4060 ofﬁcium
3337 4024 3497 4065 suum

1913 4083 1967 4137 in
1998 4085 2297 4141 ministerio
2319 4087 2510 4142 domus
2537 4088 2747 4144 Domini
2788 4102 3005 4161 possent
3036 4095 3274 4164 explere.
3309 4098 3401 4154 Sic
3441 4109 3497 4154 et

1914 4173 1966 4226 in
2003 4173 2244 4228 Ecclesia
2289 4177 2541 4245 prtesenti
2591 4180 2828 4240 minores
2852 4183 3050 4250 gradus
3077 4183 3372 4253 majoribus
3399 4203 3499 4257 per

1914 4263 2269 4319 humilitatem
2299 4282 2512 4336 seraper
2537 4269 2735 4323 debent
2761 4272 3006 4337 subesse,
3039 4282 3096 4328 et
3120 4275 3352 4346 majores
3397 4294 3496 4348 per

1915 4355 2231 4410 cbaritatem
2273 4359 2570 4414 minoribus
2602 4360 2703 4416 rite
2747 4377 3008 4431 praeesse,
3047 4374 3102 4420 et
3144 4367 3218 4422 ita
3252 4371 3494 4427 omnium

1284 4411 1294 4414 _
1661 4411 1672 4418 _
2331 4411 2342 4412 κ
2602 4411 2699 4416 --η
2747 4411 3008 4431 rm---”
3049 4411 3102 4420 υ-
3144 4411 3210 4422 .--

252 4433 366 4498 cipes
389 4447 482 4501 per
509 4433 645 4486 vices
679 4442 728 4486 et
757 4450 1030 4489 numerum
1073 4437 1301 4506 capitum
1330 4437 1655 4508 singulorum
1674 4481 1688 4503 ,
1721 4443 1816 4520 qui
1836 4411 1890 4471 D
1921 4447 2158 4501 membra
2189 4457 2345 4502 erant
2368 4448 2420 4502 in
2456 4464 2606 4519 pace.
2645 4451 2796 4517 Quod
2832 4461 3010 4507 autem
3039 4455 3170 4510 dicit
3197 4474 3210 4510 :

250 4519 491 4584 faciebant
523 4537 682 4590 opera
708 4522 983 4575 ministerii
1003 4523 1189 4578 domus
1214 4524 1426 4579 Domini
1455 4545 1487 4580 a
1514 4529 1692 4598 viginti
1715 4519 1810 4584 an;

250 4610 316 4663 nis
335 4622 378 4663 et
401 4628 583 4682 supra.
615 4613 753 4679 Quid
774 4611 888 4677 est,‘
903 4615 1046 4684 quod
1068 4631 1098 4669 a
1123 4616 1311 4686 viginti
1337 4619 1493 4673 annis
1541 4628 1596 4675 et
1622 4636 1807 4690 supra,

247 4699 361 4753 dicit
410 4702 688 4758 ministros
744 4703 933 4759 domus
983 4705 1191 4761 Domini
1239 4719 1654 4778 annumeratos,
1705 4715 1808 4770 nisi

247 4794 372 4858 quod
403 4796 660 4858 ostendit,
692 4811 880 4851 omnes
933 4799 1024 4866 qui
1074 4799 1372 4854 ministerio
1407 4803 1617 4857 Domini
1660 4804 1808 4876 fungi

251 4883 520 4950 voluerint,
548 4885 785 4956 deealogi
839 4887 1234 4944 observantiam
1276 4891 1329 4944 in
1365 4891 1572 4948 duobus
1612 4909 1814 4963 prace-

244 4977 340 5043 ptis
363 4981 646 5036 cbaritatis
690 4997 910 5039 servare
948 4985 1164 5051 debere,
1193 4995 1249 5041 et
1292 4990 1585 5044 secundum
1622 4969 1825 5048 eorum.

239 5066 351 5132 jura
380 5072 738 5127 ministerium
772 5074 1197 5132 ecclesiasticum
1223 5075 1452 5149 gerere?
1482 5083 1606 5150 quia
1634 5085 1689 5138 in
1727 5087 1809 5139 his

242 5161 431 5217 duobus
464 5167 755 5234 prteceptis,
785 5167 890 5222 hoc
919 5175 1024 5232 est,
1053 5167 1109 5223 in
1137 5169 1420 5226 dilectione
1465 5173 1557 5228 Dei
1600 5186 1656 5230 et
1680 5191 1806 5245 pro-

244 5251 386 5316 simi,
415 5255 656 5308 universa
687 5256 871 5326 pendet
901 5255 984 5311 lea:
1029 5265 1079 5312 et
1107 5260 1369 5328 praphette
1400 5261 1614 5332 (Matth.
1645 5265 1802 5337 xx").

243 5339 512 5400 Plenitudo
533 5364 654 5418 ergo
695 5348 842 5419 legis,
860 5348 1014 5419 juxta
1065 5350 1214 5406 Pauli
1243 5357 1593 5422 sententiam,
1619 5368 1694 5412 est
1723 5359 1806 5412 di-

238 5431 380 5489 lectio
406 5436 575 5501 (Rom.
606 5445 750 5511 xm).
783 5440 935 5496 Unde
980 5441 1230 5513 princeps
1265 5446 1648 5513 apostolorum,
1679 5464 1807 5518 quo-

241 5528 389 5583 modo
412 5531 464 5584 in
493 5531 610 5602 ipsa
638 5533 901 5590 cbaritate
941 5536 1303 5591 serviendinm
1337 5538 1407 5592 sit
1447 5537 1580 5604 Deo,
1609 5541 1801 5607 docet,

239 5614 450 5673 dicens:
495 5619 595 5676 Vos
619 5629 811 5689 autem,
841 5623 1032 5692 fratres
1057 5665 1071 5689 ,
1115 5641 1295 5678 curam
1331 5642 1532 5680 omnem
1580 5629 1805 5684 subinte-

1988 4539 2055 4594 lu
2083 4539 2346 4594 vestibulis
2371 4552 2421 4595 et
2451 4542 2678 4596 exedris.
2712 4544 3045 4600 Vestibulum
3079 4555 3164 4603 est
3190 4547 3341 4605 locus
3369 4559 3496 4608 ante

1917 4630 2083 4695 fores,
2114 4633 2258 4702 quod
2299 4633 2493 4687 dicitur
2529 4634 2771 4704 porticus
2817 4635 2896 4690 vel
2936 4637 3112 4691 aditus
3141 4638 3330 4696 domus
3383 4643 3494 4712 pri-

1914 4729 2074 4785 vatm,
2099 4720 2180 4774 vel
2201 4721 2464 4790 spatium:
2497 4723 2618 4777 inde
2661 4724 2886 4789 dictum,
2912 4724 3052 4793 quod
3081 4741 3146 4782 eo
3190 4729 3492 4785 vestiuntur

1915 4812 2060 4868 fores
2109 4814 2288 4883 templi
2333 4814 2417 4867 vel
2454 4815 2812 4882 quorumlibet
2857 4817 3226 4874 aetliliciorum.
3271 4821 3493 4878 Exedrze

1915 4903 2127 4974 quoilue
2161 4913 2285 4957 sunt
2311 4903 2527 4958 thalami
2572 4905 2652 4958 vel
2703 4904 2967 4970 cubicula,
2994 4922 3114 4975 quae
3169 4909 3489 4968 habitationi

1912 4994 2222 5049 Levitarum
2259 5001 2420 5064 atque
2462 4995 2796 5049 sacerdotum
2821 4994 3036 5052 fuerant
3062 5009 3392 5069 praeparata;
3433 5003 3489 5059 in

1911 5087 1996 5141 bis
2017 5100 2144 5156 ergo
2171 5085 2370 5141 Levita:
2416 5085 2787 5141 ministrantes
2818 5089 3190 5156 excubabant,
3224 5104 3491 5162 quatenus

1910 5177 2163 5232 docerent
2191 5177 2303 5232 veri
2341 5177 2522 5245 templi
2551 5177 2761 5232 Domini
2791 5177 3066 5235 ministros
3091 5183 3293 5236 aditum
3322 5185 3490 5253 ipsius

1910 5269 2192 5338 diligenter
2215 5270 2522 5333 observare,
2546 5277 2600 5322 et
2625 5269 2812 5337 dignos
2834 5285 3074 5339 quosque
3103 5271 3484 5338 intromittere,

1911 5360 2158 5429 indignos
2195 5375 2326 5415 vero
2371 5358 2497 5413 inde
2533 5360 2768 5428 abjicere
2805 5369 2968 5430 atque
3013 5361 3274 5431 repellere
3297 5403 3313 5427 ,
3359 5363 3484 5432 quia

1909 5450 2143 5521 claviger
2173 5449 2410 5504 caelestis
2446 5449 2670 5520 pervigil
2711 5464 2924 5519 semper
2948 5465 3065 5506 esse
3089 5450 3250 5506 debet
3274 5459 3330 5505 et
3357 5466 3485 5505 cau-

1909 5549 1993 5595 tus
2011 5539 2066 5593 in
2092 5539 2362 5595 omnibus.
3297 5612 3308 5625 .

1979 5629 2285 5689 Sacerdotes
2319 5641 2492 5686 autem
2527 5647 2682 5699 super
2704 5647 2863 5700 panes
2905 5629 3293 5699 propositionis,
3321 5641 3370 5686 et
3411 5631 3482 5686 ad
