3870 6146
259 343 354 402 591

259 432 447 515 δέτιιὶίῶ
466 453 803 524 sacriﬁcium,
826 448 892 504 ad
921 447 1111 518 lagana
1133 453 1179 498 et
1200 455 1404 512 azyma,
1427 447 1474 492 et
1494 436 1833 507 sartaginem,
1863 433 1915 493 Α

260 561 309 605 et
336 550 403 603 ad
434 545 756 603 torrendum.
792 550 836 595 et
862 554 1015 608 super
1044 550 1193 590 omne
1222 531 1425 604 pondus
1453 539 1606 599 atque
1634 542 1833 580 mensu-

264 656 397 694 ram.
429 638 579 705 Quod
632 635 685 689 in
725 631 1042 703 quibusdam
1080 622 1355 681 codicibus
1377 620 1578 675 habet:
1610 618 1679 671 ad
1725 616 1833 685 fer~

265 739 458 784 ventem
516 724 740 780 similam
768 734 788 773 :
821 728 875 774 et
918 720 971 772 in
1009 714 1365 787 quibusdam:
1417 710 1486 764 ad
1533 706 1862 762 torrendum-

265 816 622 875 tantummodo
655 831 673 869 :
721 827 874 868 error
913 817 1016 865 est.
1050 807 1108 861 ln
1151 805 1375 859 Hebraeo
1416 814 1523 854 non
1574 795 1739 853 habet
1783 797 1838 849 in

268 910 528 971 hocloeo,
559 905 785 961 similam
814 941 830 967 ,
883 916 1003 971 qute
1056 896 1231 953 simila
1285 891 1557 966 paululum
1595 887 1840 956 superius

267 1000 573 1062 nominata;
604 996 717 1059 sed,
750 993 818 1047 ad
850 989 1152 1045 torrendum
1192 982 1570 1045 tantummodo,
1600 978 1836 1049 ponitur,

264 1099 324 1143 ut
350 1087 659 1149 subaudias,
682 1085 870 1152 spicas.
919 1081 1177 1134 Primitice
1207 1076 1349 1131 enim
1375 1071 1590 1143 quando
1632 1068 1838 1123 delere-

264 1179 461 1233 bantur
490 1176 758 1246 spicarum
794 1172 1158 1231 terrebantur,
1209 1173 1263 1220 et
1296 1164 1462 1234 grana
1488 1157 1844 1215 comedeban-

267 1276 353 1321 tur
377 1287 388 1321 :
421 1267 562 1335 quod
592 1279 761 1336 genus
786 1261 889 1316 cibi
922 1261 1078 1330 vulgo
1104 1272 1320 1328 graneas
1341 1260 1552 1307 vocant.
1577 1249 1685 1303 Nec
1697 1247 1841 1302 enim

266 1369 321 1413 et
348 1358 496 1421 illud,
526 1357 667 1425 quod
698 1355 750 1408 in
782 1353 1097 1422 quibusdam
1128 1347 1402 1403 codicibus
1427 1343 1657 1413 legitur:
1690 1354 1835 1410 super

268 1463 416 1499 omne
443 1444 645 1514 pondus
681 1450 728 1496 et
768 1455 1064 1495 mensuram
1094 1478 1108 1503 ,
1146 1438 1200 1490 in
1231 1434 1456 1490 Hebraeo
1493 1430 1688 1484 dicitur
1736 1443 1844 1482 non

270 1535 456 1590 haberi
487 1534 714 1604 pondus,
749 1532 841 1586 sed
867 1538 1073 1584 tantum
1104 1540 1429 1581 mensuram.
1458 1522 1573 1576 Hoc
1599 1521 1742 1575 enim
1766 1519 1842 1573 si-

271 1625 513 1698 gniﬁcari
556 1631 747 1693 putant
776 1630 826 1676 et
851 1636 912 1674 ea
934 1634 1053 1689 quae
1079 1618 1179 1672 sub
1201 1615 1439 1670 brachiis
1465 1614 1577 1667 suis
1599 1609 1846 1665 manibus

273 1725 365 1769 aut
398 1715 616 1770 funibus
644 1713 956 1774 metiuntur,
981 1719 1030 1765 et
1059 1726 1122 1764 ea
1151 1724 1271 1778 qua:
1301 1706 1465 1760 vasis.
1493 1701 1844 1758 Sacerdotium

271 1805 414 1859 enim
452 1816 581 1858 cura
609 1809 727 1856 erat
747 1808 805 1855 ut
830 1801 1011 1854 omnia
1042 1776 1513 1868 quso—ministeriis
1544 1790 1726 1861 templi
1755 1789 1850 1843 de-
1879 1776 1924 1833 Β

270 1901 456 1965 putata
485 1899 662 1957 erant,
693 1901 815 1960 apte
848 1897 903 1945 et
938 1887 1331 1944 rationabiliter
1355 1895 1410 1942 et
1437 1882 1730 1939 secundum
1760 1896 1848 1935 or—

271 1986 448 2041 dinem
470 2001 534 2040 ac
559 1982 1108 2037 mensuram‘ﬁerent.

341 2076 531 2132 Levita:
561 2091 681 2145 ergo
715 2084 771 2128 ut
806 2083 939 2128 stent
981 2088 1135 2126 mane
1163 2071 1232 2125 ad
1279 2068 1629 2138 conﬁtendum
1678 2076 1725 2121 et
1782 2065 1851 2119 ad

271 2167 562 2221 canendum
606 2164 848 2228 Domino,
879 2163 1215 2232 similiterque
1247 2160 1314 2214 ad
1351 2174 1613 2230 vesperam
1649 2166 1755 2211 tam
1797 2157 1852 2210 in

271 2257 533 2312 oblatione
559 2253 981 2308 holocaustorum
1011 2252 1248 2314 Domini,
1277 2267 1435 2322 quam
1469 2249 1523 2303 in
1553 2248 1781 2302 sabbatis
1804 2256 1851 2300 et

272 2347 506 2402 kalendis
540 2357 588 2401 et
622 2328 1036 2400 solemnitatibus
1059 2343 1270 2413 reliquis
1292 2342 1450 2411 juxta
1489 2356 1761 2394 numerum
1805 2348 1854 2392 et

271 2438 608 2493 creremonias
634 2435 1045 2505 uniuscujusque
1074 2434 1152 2487 rei
1186 2432 1386 2502 jugiter
1406 2446 1581 2484 coram
1610 2429 1850 2483 Domina.

270 2526 405 2581 Cum
431 2525 737 2580 sacerdotes
763 2538 827 2577 ea
859 2536 978 2591 quae
1020 2520 1387 2591 suprascripta
1414 2525 1557 2580 sunt,
1587 2517 1853 2582 fecerunt,

272 2625 399 2670 tunc
427 2614 627 2669 Levitae
659 2614 724 2667 ad
771 2612 1089 2675 canendum,
1113 2620 1168 2665 et
1194 2610 1259 2664 ad
1307 2618 1502 2665 caetera
1530 2648 1545 2670 ,
1601 2623 1722 2679 qua:
1752 2608 1855 2663 sibi

272 2707 478 2761 credita
513 2712 657 2768 sunt,
687 2702 859 2758 oﬁicia
917 2702 1280 2765 commoveri,
1339 2716 1371 2755 a
1418 2700 1587 2755 David
1622 2699 1857 2755 ordinati

273 2802 418 2850 sunt.
448 2794 599 2850 Unde
621 2794 695 2848 ita
725 2794 778 2846 in
828 2792 1178 2861 sequentibus
1233 2791 1493 2862 scriptum
1520 2798 1607 2845 est
1634 2807 1647 2843 :
1685 2787 1859 2860 Igitur

275 2884 445 2939 David
475 2895 523 2938 et
553 2885 887 2954 magistratus
915 2884 1167 2937 exercitus
1198 2889 1595 2953 segregaverunt
1627 2881 1681 2934 in
1702 2880 1858 2936 mini-

276 2978 491 3032 sterium
516 2975 653 3045 ﬁlios
682 2976 938 3046 Asaph,et
969 2973 1164 3039 Eman,
1188 2984 1234 3028 et
1254 2972 1495 3036 Idithun,
1513 2972 1602 3043 qui
1640 2972 1859 3042 prophe-

279 3079 445 3124 tarent
484 3070 538 3122 in
565 3070 782 3122 citharis
809 3076 857 3121 et
896 3066 1157 3137 psalteriis
1183 3074 1231 3119 et
1276 3062 1549 3135 cymbalis,
1572 3062 1860 3118 secundum

280 3114 443 3124 ...,,...
566 3114 781 3122 -.-η-η,
809 3114 853 3121 --
897 3114 1155 3137 μην---
1186 3114 1228 3119 ,,

280 3174 551 3213 numerum
575 3172 726 3210 suum
757 3156 997 3210 dedicato
1043 3156 1141 3208 sibi
1169 3154 1333 3223 ofﬁcio
1359 3154 1655 3207 servientes.
1706 3150 1859 3218 Quod
1887 3114 1932 3176 Ο

284 3259 466 3306 autem
507 3263 601 3304 eos
642 3248 772 3303 dicit
818 3262 975 3301 mane
1004 3255 1061 3302 et
1084 3261 1313 3316 vespere
1338 3254 1482 3301 stare
1508 3246 1576 3300 ad
1603 3246 1865 3299 conﬁten-

281 3340 409 3394 dum
434 3338 680 3401 Domino,
714 3338 818 3393 hoc
840 3346 945 3404 est,
970 3336 1073 3392 illis
1096 3338 1267 3401 boris,
1294 3336 1511 3406 quando
1532 3335 1864 3392 offerebatur

281 3434 411 3503 juge
439 3430 763 3487 sacriﬁcium
806 3430 1102 3486 secundum
1129 3429 1264 3501 legis
1303 3435 1592 3500 prmeepta,
1622 3437 1677 3482 et
1704 3428 1757 3481 in
1788 3427 1867 3483 fe—

284 3520 641 3584 stivitatibus,
659 3521 761 3576 huc
777 3530 880 3586 est,
896 3522 1134 3577 sabbatis
1147 3518 1456 3574 'etltaleudis
1469 3521 1853 3575 etsolemnita-

289 3612 434 3666 tibus
461 3611 703 3681 reliquis,
732 3613 782 3666 in
814 3613 1013 3683 quibus
1037 3612 1269 3684 singulis
1290 3611 1597 3682 specialiter
1617 3610 1853 3681 deputa-

290 3712 356 3757 tas
380 3713 513 3758 sunt
556 3705 859 3759 oblationes
895 3705 1125 3760 Domino
1156 3705 1466 3765 oﬁerendm.
1504 3705 1655 3773 juxta
1686 3704 1852 3758 ritum

288 3790 421 3860 legis
446 3804 564 3858 quae
590 3788 787 3843 tradita
813 3796 899 3844 est
937 3788 1060 3843 ﬁliis
1088 3789 1252 3845 Israel
1301 3803 1398 3860 per
1426 3802 1646 3842 manum
1674 3787 1866 3859 Moysi.

293 3878 516 3949 Mystice
533 3886 712 3932 autem
737 3878 790 3932 in
814 3877 1012 3933 Levitis
1031 3893 1095 3933 ac
1117 3877 1433 3936 cantoribus
1454 3879 1645 3933 domus
1659 3876 1870 3931 Domini

292 3969 623 4040 signiﬁcatur
644 3978 831 4025 sancta
856 3970 1120 4036 Ecclesia,
1150 3986 1271 4042 qua:
1310 3987 1416 4027 non
1447 3971 1618 4026 solum
1648 3969 1873 4039 privatis

294 4062 446 4127 locis,
476 4076 541 4115 ac
571 4059 807 4116 decretis
831 4062 1183 4131 temporibus,
1209 4062 1300 4117 sed
1334 4063 1389 4116 iu
1431 4060 1579 4117 omni
1610 4060 1726 4114 loco
1748 4073 1772 4124 ,‘
1819 4068 1875 4115 et

296 4151 352 4206 in
372 4151 519 4206 omni
543 4159 805 4222 tempore,
829 4167 1043 4221 semper
1060 4160 1116 4207 et
1136 4153 1335 4223 ubique
1360 4151 1544 4207 laudat
1564 4149 1870 4205 Dominum.

300 4240 450 4297 Unde
470 4248 526 4294 et
550 4240 604 4294 in
632 4240 887 4309 psalterio
915 4240 1258 4312 tripudiando
1278 4256 1398 4296 cum
1412 4241 1677 4310 Propheta
1705 4241 1870 4296 dicit:

298 4332 609 4386 Denedicam
623 4331 850 4387 Domino
875 4334 929 4387 in
957 4336 1097 4387 omni
1114 4344 1374 4405 tempore;
1401 4350 1601 4405 semper
1624 4332 1740 4387 laus
1760 4334 1875 4403 ejus

298 4423 352 4475 in
387 4438 476 4476 ore
497 4438 609 4476 meo
634 4422 808 4495 (Psal.
839 4427 1053 4495 χχχιιι).
1077 4426 1158 4480 Ad
1194 4441 1361 4497 quam
1403 4434 1458 4480 et
1484 4424 1773 4495 Apostolus
1798 4423 1876 4479 lo-

297 4515 500 4585 quitur,
532 4515 716 4570 dieens
743 4534 761 4570 :
794 4516 971 4571 Nolite
991 4518 1241 4572 inebriari
1280 4520 1418 4584 vine,
1445 4521 1501 4573 in
1529 4535 1630 4589 quo
1671 4531 1744 4573 est
1785 4519 1872 4573 lu-

298 4605 475 4668 auria,
505 4604 596 4658 sed
622 4604 908 4675 implemini
953 4604 1154 4675 Spiritu
1181 4617 1384 4672 sancto,
1419 4606 1682 4677 loquentes
1708 4608 1876 4662 vobis-

303 4695 532 4764 metipsis
560 4694 614 4747 in
638 4693 839 4764 psalmo
865 4705 910 4748 et
946 4695 1149 4766 hymnis
1171 4706 1218 4751 et
1244 4697 1461 4750 canticis
1489 4698 1873 4768 spiritualibus,

299 4790 570 4834 cantantes
623 4790 671 4836 et
716 4781 994 4852 psallentes
1047 4784 1102 4837 in
1138 4784 1380 4839 cordibus
1429 4786 1629 4851 vestris,
1653 4785 1876 4841 Domino

302 4871 502 4939 gratias
530 4880 740 4941 agentes
789 4889 989 4944 semper
1010 4891 1104 4944 pro
1149 4875 1388 4930 omnibus
1435 4876 1487 4931 in
1537 4877 1743 4931 nomine
1771 4877 1879 4932 Do-

306 4958 434 5010 mini
458 4961 624 5014 nostri
659 4960 789 5014 Jesu
816 4958 1013 5016 Christi
1040 4962 1253 5034 (Ephes.
1282 4963 1356 5033 v).

867 5092 1092 5149 CAPUT
1119 5094 1305 5151 XXIV.

306 5177 384 5231 De
412 5177 591 5248 viginti
617 5190 853 5257 quatuor
877 5183 1118 5257 fortibus,
1152 5186 1338 5257 quibus
1369 5186 1535 5257 David
1557 5187 1695 5256 ﬁlios
1724 5187 1878 5243 Elea-

378 5197 384 5226 :
412 5197 588 5248 vtgmn
660 5197 850 5235 uatuor
877 5197 1118 5252 fortibus,
1152 5197 1338 5257 qmbus
1369 5197 1534 5241 David
1557 5197 1695 5256 ﬁlios
1724 5197 1878 5243 Elea-

378 5264 490 5309 zar,
516 5258 563 5301 et
592 5197 738 5371 [alios
782 5250 1019 5305 Ithamar
1039 5254 1275 5308 distinxit
1315 5256 1384 5309 ad
1409 5257 1732 5312 serviendum
1771 5257 1878 5311 Deo

378 5320 432 5371 in
455 5328 590 5371 temp
612 5336 642 5371 0
673 5319 882 5371 Domini
910 5339 1001 5371 per
1024 5325 1156 5371 vices
1185 5341 1325 5371 suas.

372 5320 432 5371 in
455 5319 642 5389 templo
673 5319 882 5374 Domini
910 5339 1001 5391 per
1024 5325 1156 5377 vices
1185 5341 1325 5378 suas.

382 5408 431 5480 (l
476 5407 608 5463 ΡΑιι.
654 5410 838 5483 xstv.)
894 5409 1061 5466 Porro
1097 5413 1223 5482 ﬁliis
1267 5414 1445 5469 Aaron
1496 5432 1579 5469 me
1624 5428 1884 5485 portiones

308 5509 477 5552 erunt.
507 5497 635 5555 Filii
656 5497 834 5556 Aaron
859 5518 877 5557 :
922 5501 1136 5567 Nadab,
1167 5505 1300 5558 Abiu
1323 5515 1372 5560 et
1397 5505 1642 5571 Eleazar,
1660 5518 1706 5561 et
1732 5507 1886 5563 Itha-

311 5606 446 5645 mar.
473 5592 669 5648 Mortui
691 5606 812 5650 sunt
834 5606 1009 5650 autem
1047 5595 1237 5650 Nadab
1263 5608 1311 5652 et
1353 5597 1499 5652 Abiu'
1522 5609 1643 5653 ante
1684 5610 1885 5671 patrem

311 5696 461 5736 suum
484 5687 684 5757 absque
712 5687 889 5744 liberis
909 5706 929 5742 :
957 5689 1348 5762 sacerdotioque
1378 5690 1585 5759 functus
1610 5701 1684 5745 est
1730 5690 1888 5746 Elea-

908 336 970 389 B.
1008 286 1271 388 RABANII
1299 320 1518 381 MAURI
1558 312 1874 375 aucnmr.
1916 307 2224 369 uocum.
2265 302 2546 361 orntum
2589 300 2766 360 usus
2807 295 2843 360 ι.

3411 285 3524 358 393

1940 436 2033 476 sar
2057 431 2105 476 et
2140 420 2403 474 Ithamar.
2431 417 2496 471 Et
2537 417 2715 471 divisit
2745 428 2830 469 eos
2873 413 3062 476 David,
3102 402 3159 464 id
3184 418 3283 473 est,
3309 410 3523 465 Sadoch

1935 512 1999 565 de
2028 508 2156 579 filiis
2186 508 2438 566 Eleazar.
2473 516 2522 558 et
2560 504 2856 559 Ahimelech
2895 501 2960 556 de
2994 499 3124 571 'ﬁliis
3161 499 3529 563 Ithamar,’se-=

1936 603 2164 657 cundum
2212 601 2343 655 vices
2378 614 2503 653 suas
2544 607 2592 651 et
2632 596 3018 651 ministerium:
3064 590 3359 662 inventique
3405 600 3529 644 sunt

1938 692 2107 768 multo
2128 692 2302 761 plures
2332 687 2433 758 ﬁlii
2483 688 2710 741 Eleazar
2740 687 2796 739 in
2820 684 3140 756 principibus
3175 683 3302 768 viris
3328 720 3345 747 ,
3369 698 3532 753 quam

1937 784 2037 854 ﬁlii
2060 766 2319 837 Ithamar.
2343 779 2532 833 Divisit
2566 788 2741 830 autem
2766 778 2863 841 cis,
2891 775 2988 827 hoc
3021 782 3096 827 est
3126 772 3251 841 ﬁliis
3279 766 3530 839 Eleazar,

1938 875 2195 947 principes
2242 889 2334 943 per
2371 869 2601 941 famiiias
2645 868 2890 931 sedecim,
2921 877 2967 919 et
3006 864 3134 935 ﬁliis
3173 863 3417 917 Ithamar
3440 878 3534 933 per

1941 963 2174 1034 familias
2203 972 2251 1016 et
2286 962 2473 1015 domus
2502 972 2643 1013 suas‘
2672 967 2805 1012 octo.
2838 955 3010 1010 Porro
3063 953 3240 1008 divisit
3284 963 3537 1023 utrasque

1940 1055 2081 1107 inter
2100 1070 2154 1107 se
2180 1052 2412 1121 familias
2443 1049 2686 1120 fortibus.
2719 1047 2888 1101 Erant
2933 1046 3073 1099 civim
3102 1046 3360 1098 principes
3400 1061 3535 1097 san-

1943 1143 2152 1207 ctuarii,
2184 1152 2233 1196 et
2256 1138 2519 1212 principes
2544 1140 2662 1203 Dei,
2684 1148 2791 1192 tam
2837 1138 2902 1191 de
2944 1136 3072 1205 ﬁliis
3113 1135 3342 1189 Eleazar
3375 1149 3542 1204 quam

1943 1232 2006 1286 de
2027 1231 2154 1302 ﬁliis
2190 1231 2452 1285 Ithamar.
2497 1229 2636 1295 Quid
2669 1236 2751 1282 est
2798 1224 2947 1295 quod
2990 1225 3167 1279 David
3209 1223 3544 1278 distribuens

1944 1321 2335 1378 sacerdotalem
2358 1308 2646 1391 originem,
2664 1328 2950 1386 utramque
2970 1316 3210 1379 domum,
3238 1323 3294 1369 et
3311 1313 3545 1368 Eleazar

1944 1413 2194 1467 videlicet
2216 1418 2270 1464 et
2286 1411 2543 1475 Ithamar,
2567 1418 2623 1465 et
2643 1408 2931 1464 sacerdotii
2950 1407 3314 1461 ministerium
3329 1415 3386 1458 et
3405 1419 3545 1473 pon-

1946 1505 2184 1560 tiﬁcatus
2206 1503 2523 1575 dignitatem
2560 1501 2851 1565 ordinavit,
2872 1499 2980 1554 nisi
3023 1498 3166 1568 quod
3210 1497 3547 1564 Redemptor

1947 1609 2133 1655 noster
2155 1614 2262 1653 non
2290 1598 2462 1652 solum
2486 1613 2552 1651 ex
2584 1595 2805 1660 Judaeis,
2836 1582 3035 1650 verum
3067 1610 3130 1648 ex
3160 1593 3408 1664 gentibus
3435 1592 3552 1646 εις-ι

1946 1691 2047 1761 git,
2074 1688 2167 1758 qui
2194 1689 2502 1743 sacerdotio
2542 1686 2914 1741 ecclesiastico
2960 1672 3552 1754 digne‘fungerentur?

1948 1774 2138 1837 Potest
2168 1781 2366 1851 quippe
2414 1781 2469 1833 iu
2500 1779 2727 1834 Eleazar
2747 1818 2762 1842 ,
2812 1778 3026 1832 seniore
3062 1762 3173 1831 ﬁlio
3221 1776 3399 1830 Aaron
3426 1773 3549 1843 (qui

1949 1874 2341 1942 interpretatur
2393 1870 2535 1924 Deus
2564 1884 2709 1923 meus
2756 1868 2989 1938 adjutor,
3025 1868 3138 1922 sive
3179 1866 3280 1920 Dei
3322 1865 3544 1935 adjutus

1951 1964 2109 2027 rium,
2143 1971 2199 2017 et
2238 1962 2389 2032 prior
2438 1976 2536 2031 per
2583 1959 2983 2015 successionem
3039 1958 3272 2035 ﬁliorum
3321 1966 3553 2011 suorum

1952 2072 2220 2113 summum
2275 2055 2638 2110 sacerdotium
2692 2052 2923 2108 tenendo
2974 2051 3271 2106 Laviticam
3316 2050 3554 2120 Stirpem

1954 2146 2193 2220 regebat)
2220 2145 2576 2203 ecclesiastici
2604 2142 2895 2200 sacerdotii
2927 2159 2994 2198 ac
3020 2137 3271 2197 sacriﬁcii
3297 2141 3554 2211 spiritum

1953 2243 2020 2296 lis
2048 2240 2220 2310 accipi
2247 2239 2439 2310 ﬁgura
2470 2255 2482 2291 :
2524 2237 2667 2308 quod
2712 2225 2875 2307 prius
2912 2237 3110 2307 legitur
3142 2250 3240 2307 per
3267 2228 3560 2291 Melchise-a

1954 2333 2089 2387 decb
2116 2333 2279 2403 panis'
2320 2328 2375 2386 et
2406 2331 2516 2386 vini
2556 2320 2794 2385 oblatum
2831 2344 2952 2385 esse
2997 2318 3324 2383 sacriﬁcium
3369 2328 3387 2396 (
3402 2326 3559 2398 quod

1956 2421 2212 2475 nimirum
2233 2410 2477 2491 corporis
2501 2429 2556 2474 et
2583 2414 2861 2489 sanguinis
2886 2416 3087 2474 Christi
3117 2416 3440 2488 praeferebat
3468 2431 3563 2471 sa-

1955 2512 2327 2584 cramentum)
2352 2526 2523 2583 ‘quam
2554 2526 2651 2583 per
2694 2513 2875 2566 Aaron
2909 2526 2971 2565 ac
3020 2508 3562 2565 Leviticamtribum

1956 2601 2223 2671 pecudum
2253 2602 2651 2657 victimationcs
2676 2589 2977 2656 institutas
3016 2609 3071 2654 et
3110 2598 3315 2655 hostias
3342 2599 3563 2653 animaa

1959 2694 2089 2749 lium
2117 2691 2270 2766 (Gen.
2303 2693 2438 2765 11v).
2467 2693 2641 2758 Unde,
2666 2692 2821 2763 juxta
2854 2692 3005 2747 Pauli
3061 2691 3410 2755 sententiam,
3455 2691 3558 2758 qui

1958 2788 2188 2843 decimas
2209 2788 2429 2858 accepit,
2469 2786 2759 2840 decimatas
2804 2796 2920 2838 est:
2973 2785 3146 2838 adhuc
3175 2783 3321 2837 enim
3340 2780 3463 2836 Levi
3498 2783 3563 2833 in

1959 2877 2149 2931 lumbis
2187 2876 2353 2947 patris
2401 2875 2626 2929 Abrahae
2664 2884 2797 2942 erat,
2835 2875 3046 2947 quando
3083 2872 3381 2927 obviavit‘ei
3412 2870 3568 2925 Mela

1961 2964 2231 3019 chisedech
2265 2956 2453 3038 (Hebr.
2478 2963 2601 3036 vn).
2640 2963 2901 3018 Similiter
2926 2972 2979 3016 ct
3001 2952 3258 3027 lthamar,
3274 2960 3368 3030 qui
3389 2961 3575 3015 inter-

1961 3064 2211 3127 pretatur
2254 3071 2490 3123 amarus,
2528 3066 2584 3110 et
2610 3070 2707 3126 per
2740 3054 2910 3109 David
2962 3054 3029 3109 ad
3070 3053 3285 3107 culmen
3330 3052 3571 3106 honoris

1963 3148 2188 3205 Levitici
2217 3151 2497 3215 ascendit,
2529 3165 2715 3206 eorum
2754 3158 2910 3220 typus
2940 3157 3045 3213 est,
3067 3147 3160 3218 qui
3202 3136 3299 3218 per
3325 3142 3570 3203 Redema

1964 3250 2171 3312 ptorem
2201 3253 2443 3297 nostrum
2476 3243 2544 3297 de
2583 3252 2742 3313 gente
2780 3239 2964 3297 Iudaea
2993 3250 3048 3296 et
3090 3238 3298 3311 ﬁgurati
3330 3239 3467 3310 legis
3494 3257 3572 3296 ac

1964 3338 2409 3392 ceremoniarum
2455 3337 2800 3393 observantia
2843 3338 2910 3392 ad
2946 3336 3233 3394 veritatem
3278 3337 3574 3409 Evangelii

1965 3434 2020 3481 et
2041 3426 2176 3482 Novi
2207 3428 2536 3483 Tcstamenti
2565 3428 2811 3484 translati
2839 3437 2965 3483 sunt
2987 3429 3210 3483 cultum.
3244 3426 3412 3484 Recte
3432 3446 3577 3499 ergo

1967 3515 2063 3579 ibi,
2105 3533 2340 3581 amarus,
2368 3532 2499 3588 gens
2518 3515 2697 3572 Judaza
2722 3527 3065 3587 nuncupatur
3093 3532 3107 3573 :
3132 3519 3257 3588 quia
3283 3516 3412 3573 licet
3452 3519 3579 3589 pri;

1969 3606 2224 3677 mogeniti
2254 3607 2373 3662 loco
2404 3624 2434 3662 a
2482 3608 2723 3665 Domino
2756 3609 3046 3680 eligeretur
3071 3650 3087 3676 ,
3136 3626 3202 3667 ac
3244 3610 3577 3683 angelorum

1969 3699 2243 3767 obsequiis
2272 3714 2333 3753 ac
2359 3698 2480 3754 cibo
2504 3697 2709 3756 caelesti
2734 3700 2869 3755 bene
2895 3700 3086 3756 fuisset
3108 3702 3355 3768 educata,
3383 3710 3577 3756 tamen

1972 3788 2389 3844 amaritudinem
2414 3790 2698 3860 protervis:
2723 3806 2833 3846 sua:
2862 3807 3138 3862 nunquam
3166 3791 3408 3862 perfecte
3431 3794 3582 3845 ami-

1972 3878 2061 3933 sit.
2094 3878 2244 3933 Unde
2276 3879 2326 3933 ei
2349 3895 2447 3949 per
2473 3881 2790 3948 prophetam
2822 3881 2934 3951 ipse
2957 3880 3216 3937 Dominus
3244 3878 3373 3937 dicit
3402 3901 3417 3936 :
3451 3881 3581 3954 Ego

1971 3967 2179 4035 quidem
2207 3976 2256 4020 te
2304 3966 2539 4036 plantavi
2571 3968 2771 4022 vineam
2804 3987 2973 4023 meam
3024 3971 3263 4037 electam,
3296 3988 3449 4025 omne
3490 3990 3585 4025 se-

1973 4074 2088 4113 men
2113 4075 2308 4113 verum.
2344 4056 2619 4125 Quomodo
2663 4077 2910 4115 conversa
2954 4079 3010 4116 es
3060 4062 3113 4116 in
3158 4062 3584 4117 amaritudinem

1974 4150 2090 4204 vitis
2119 4148 2305 4203 aliena;
2336 4148 2468 4220 (Jer.
2498 4148 2604 4221 ll)?
2632 4149 2698 4204 Et
2721 4151 2849 4204 item
2878 4170 2891 4205 :
2931 4150 3263 4223 Exspectavi,
3289 4153 3485 4223 inquit,
3520 4163 3589 4208 ut

1978 4242 2168 4309 faceret
2197 4258 2343 4306 uvas,
2377 4250 2425 4295 et
2452 4240 2573 4310 fecit
2600 4240 2871 4297 labruscas
2896 4242 3030 4313 (Isa.
3056 4243 3132 4312 v).
3182 4243 3263 4300 Ob
3308 4244 3412 4299 hoc
3459 4246 3589 4299 nti-

1978 4347 2083 4401 que
2109 4331 2291 4401 plures
2318 4346 2385 4385 ex
2417 4331 2540 4386 ﬁliis
2568 4331 2813 4398 Eleazar,
2842 4349 3003 4403 quam
3053 4350 3121 4390 ex
3157 4332 3283 4390 ﬁliis
3328 4324 3589 4389 lthamar

1977 4421 2135 4478 electi
2164 4426 2289 4474 sunt
2307 4420 2373 4474 ad
2400 4421 2759 4475 sacerdotium
2794 4440 2806 4475 :
2840 4423 2967 4492 quia
2988 4420 3169 4490 plures
3194 4423 3294 4493 ﬁlii
3350 4423 3590 4478 desertae

1980 4512 2145 4583 magis
2172 4529 2327 4581 quam
2357 4512 2471 4582 ejus
2496 4516 2613 4583 qua."
2642 4512 2793 4567 habet
2824 4514 2989 4567 virum
3022 4512 3146 4585 (Jsa
3176 4552 3194 4567 .
3228 4512 3361 4579 Liv).
3392 4514 3591 4584 Atque

1982 4603 2097 4672 ipsa
2123 4602 2357 4672 quau‘di'u
2373 4611 2489 4657 erat
2508 4602 2720 4667 sterilis,
2744 4604 2935 4674 peperit
2956 4596 3170 4674 septem,
3192 4615 3240 4658 et
3261 4621 3378 4676 qua:
3407 4604 3591 4660 multa

1980 4694 2039 4747 in
2092 4692 2217 4765 filiis
2261 4694 2533 4762 inﬁrmata
2573 4702 2648 4748 est
2688 4693 2748 4765 (I
2780 4694 2905 4765 Reg.
2936 4696 3036 4766 ιι).
3090 4696 3408 4767 Septenario
3443 4690 3592 4768 ergo

1982 4800 2212 4842 numero
2246 4795 2466 4856 propter
2502 4785 2869 4855 septiformem
2900 4788 3159 4857 Spiritum
3181 4789 3452 4844 universm
3475 4790 3593 4844 Ea:-

1987 4876 2165 4933 clesize
2188 4885 2272 4934 est
2316 4877 2523 4947 signata
2554 4876 2814 4948 perfectio
2847 4896 2859 4931 :
2893 4889 3113 4951 propter
3156 4880 3300 4950 quod
3326 4889 3379 4934 et
3409 4879 3597 4935 Joan-

1991 4984 2087 5024 nes
2112 4967 2400 5039 Apostolus
2428 4969 2494 5023 ad
2531 4978 2736 5038 septem
2773 4968 2962 5025 scribit
3004 4970 3280 5035 ecclesias,
3312 4976 3367 5024 et
3417 4972 3594 5024 modo

1991 5074 2050 5113 se
2085 5059 2375 5116 ostendens
2398 5059 2468 5115 ad
2516 5061 2675 5114 unius
2703 5060 3086 5129 plenitudinem
3118 5046 3353 5114 scribere
3385 5059 3592 5131 (Apoc.

1994 5151 2054 5219 ι).
2076 5149 2145 5206 Et
2162 5140 2217 5204 tu
2232 5147 2541 5204 Proverbiis
2554 5149 2858 5205 Salomonis
2878 5151 2982 5205 hoc
3005 5136 3159 5204 antea
3183 5148 3553 5223 praeﬁgurans
3576 5171 3590 5205 :

1997 5240 2267 5307 Sapientia
2293 5239 2392 5294 sibi
2414 5224 2690 5309 (ediﬁcavit
2716 5241 2951 5307 domum,
2980 5253 3026 5295 et
3055 5241 3284 5311 suffulsit
3320 5232 3595 5296 eam‘co-

1994 5328 2186 5382 lamnis
2237 5339 2428 5399 septem
2468 5327 2650 5399 (Prov.
2703 5333 2803 5402 Ix).
2852 5330 3022 5386 Porro
3056 5331 3107 5386 id
3151 5329 3292 5400 quod
3341 5328 3397 5385 in
3452 5330 3602 5387 ﬁliis

1997 5418 2218 5473 Eleazar
2246 5420 2538 5491 principes,
2565 5432 2660 5492 per
2687 5421 2940 5490 familias,
2972 5423 3207 5479 sedecim
3256 5422 3463 5479 fuerint
3486 5442 3597 5481 or-

1993 5510 2182 5575 dinati,
2200 5519 2255 5566 et
2279 5512 2334 5566 in
2360 5512 2485 5569 ﬁliis
2505 5514 2743 5569 Ithamar
2774 5516 3147 5571 tantummodo
3174 5526 3319 5581 octo,
3343 5517 3413 5571 ad
3431 5531 3597 5572 eatu-

1993 5603 2115 5659 dem
2145 5604 2591 5673 signiﬁcationem
2608 5607 2860 5678 respicit,
2886 5607 3031 5678 quod
3057 5608 3309 5662 nimirum
3326 5607 3601 5664 Ecclesia

1993 5693 2062 5748 ad
2086 5696 2455 5763 operationem
2492 5711 2775 5768 synagoga
2826 5698 3092 5767 duplicem
3124 5698 3285 5753 habet
3318 5712 3605 5768 gratiam.
