3870 6146
251 258 355 310 595

1175 254 1526 309 COMMENT.
1571 255 1635 307 IN
1677 253 2222 308 PARALIPOMENA.
2261 284 2325 291 ——
2368 253 2491 306 LIB.
2534 253 2597 305 ll.

3356 252 3377 263 ’
3397 256 3501 311 39}

248 371 303 423 In
332 368 570 423 sedecim
601 382 731 437 ergo
758 366 946 436 duplex
975 374 1187 420 constat
1211 367 1540 430 octonarius,
1561 376 1616 421 et
1636 368 1689 420 in
1715 366 1830 435 lege
1857 370 1904 424 Α
1935 362 2106 431 psisse
2164 364 2307 430 ipsas
2364 372 2537 416 sortes
2566 402 2579 427 ,
2655 360 2923 431 signiﬁcat
2984 363 3257 418 doctorem
3319 366 3506 419 ordino

245 467 435 511 octava
470 458 558 510 die
594 455 828 509 carnalis
878 455 1221 510 circumcisio
1248 456 1331 521 agi
1361 456 1532 508 fuerat
1565 455 1827 509 instituta.

246 551 299 603 tn
330 548 624 619 Evangelia
652 557 707 602 et
729 547 979 617 specialis
1007 548 1349 604 circumcisio
1377 548 1642 613 cordium,
1671 556 1723 601 ct
1747 547 1829 599 lu-

245 650 361 692 tcra
387 655 679 709 corporum
714 639 901 694 eodem
934 652 1157 692 numero
1190 654 1448 707 expressa
1478 648 1561 693 est
1590 654 1833 693 resurre-

243 738 364 795 ctio.
390 737 615 805 quando
646 734 702 790 hi
720 735 811 804 qui
835 736 1264 806 evangelicarum
1287 743 1411 790 octo
1436 735 1830 789 beatitudinum

242 828 453 896 species
477 828 583 882 rite
619 827 672 880 in
706 827 809 881 hac
851 828 960 880 vita
992 838 1367 890 servaverunt,
1408 828 1473 880 ad
1500 835 1715 880 atterunt
1741 840 1830 879 re-

242 916 637 970 munerationis
694 916 748 969 in
791 916 1001 971 caelesti
1053 932 1220 986 regno
1280 918 1645 972 conscendant
1696 933 1833 987 prae-

242 1008 429 1061 minm.
462 1007 619 1074 Quod
654 1009 797 1060 enim
827 1006 1211 1077 subiungitur:
1248 1007 1412 1060 Erant
1452 1009 1587 1061 enim
1641 1009 1832 1076 princi-

239 1114 324 1164 pes
348 1095 648 1148 sanctuarii
686 1104 734 1147 et
769 1095 1027 1164 principes
1050 1095 1167 1160 Dei,
1196 1104 1303 1149 tam
1332 1097 1395 1149 de
1425 1096 1549 1163 ﬁliis
1582 1096 1829 1161 Eleazar,

239 1202 393 1252 quam
424 1184 492 1237 de
529 1183 658 1251 ﬁliis
691 1182 970 1237 Ithamar:
1012 1185 1281 1248 ostendit,
1335 1186 1477 1253 quod
1524 1200 1682 1238 nemo
1731 1186 1832 1238 rite

242 1277 487 1346 pervenit
519 1276 587 1330 ad
614 1276 978 1329 ministerium
1021 1276 1339 1340 sanctuarii,
1373 1285 1427 1329 et
1457 1276 1522 1329 ad
1564 1276 1833 1345 principa-

244 1376 350 1418 tzz-m
382 1365 695 1426 sacerdotii,
728 1365 830 1419 nisi
858 1381 956 1434 per
982 1365 1301 1420 electionem
1330 1364 1692 1420 ordinationis
1713 1365 1827 1418 Dei.

247 1457 393 1511 Unde
416 1457 511 1511 hic
537 1456 842 1510 excluditur
868 1457 1046 1510 omnis
1071 1456 1335 1524 superbia:
1357 1456 1549 1519 fastus,
1575 1463 1629 1507 et
1657 1455 1833 1508 omnis

242 1553 471 1598 terrena:
501 1545 814 1613 cupiditatis
840 1544 1091 1609 allectus,
1125 1560 1225 1600 nec
1259 1559 1366 1599 non
1418 1554 1472 1598 et
1522 1544 1834 1599 simoniaca:

242 1637 408 1704 pestis
434 1636 707 1700 εγω-ἰήλω
741 1651 915 1705 neque
945 1635 1037 1689 ulli
1090 1635 1214 1690 licet
1262 1635 1367 1690 hoc
1412 1632 1637 1704 pecunia
1670 1648 1832 1703 appe-

244 1737 375 1791 tere,
407 1728 553 1795 quod
576 1726 754 1781 divina
778 1726 999 1796 largitas
1019 1726 1312 1782 humilibus
1336 1727 1575 1797 gratuito
1602 1740 1831 1780 munere

240 1818 378 1871 solet
412 1817 682 1871 conferre.
715 1816 824 1872 Nec
853 1819 969 1873 sine
1003 1819 1261 1888 mysterio
1290 1819 1422 1874 illud
1458 1828 1546 1874 est
1583 1819 1727 1889 quod
1754 1818 1832 1873 di-

242 1909 382 1961 citur
418 1907 590 1961 David
624 1917 877 1976 utrasque
929 1907 1160 1963 lamilias
1186 1908 1329 1964 inter
1356 1924 1415 1964 se
1442 1909 1693 1965 divisisse
1719 1925 1833 1965 sor-

246 2000 423 2061 tibus;
459 2014 652 2053 verum
674 2000 776 2054 ista
800 2015 919 2054 sors
940 2000 996 2054 in
1009 1998 1304 2068 Scripturis
1331 2000 1527 2056 divinis
1553 2009 1661 2055 tam
1691 2015 1833 2069 saepe

242 2100 723 2155 commemoratur,
751 2102 810 2145 ut
839 2106 1090 2161 magnum
1118 2092 1303 2147 nescio
1328 2092 1472 2161 quod
1499 2092 1664 2147 divini
1689 2091 1833 2161 judi-

241 2183 305 2237 cii
334 2192 553 2251 gestare
582 2184 830 2237 videatur
859 2199 1139 2237 arcanum.
1175 2182 1446 2252 Scriptum
1477 2192 1561 2238 est
1603 2184 1746 2238 enim
1776 2184 1829 2238 in

244 2272 506 2335 Levitieo,
540 2288 705 2327 unam
751 2282 953 2327 sortem
1001 2273 1226 2327 Domino
1274 2272 1420 2336 dari,
1480 2282 1536 2326 et
1582 2288 1749 2327 unam
1800 2289 1830 2326 a

242 2366 513 2435 pompeio,
552 2366 604 2419 id
640 2374 744 2430 est,
776 2365 1161 2420 transmissori.
1200 2358 1336 2422 item
1366 2363 1576 2435 Moyses
1603 2366 1831 2435 quibus-

242 2458 362 2511 dam
393 2458 647 2539 tribubus
682 2458 836 2512 trans
862 2457 1150 2513 Jordanem
1191 2468 1392 2524 terram
1435 2466 1583 2513 sorte
1626 2456 1827 2511 divisit.

240 2546 362 2600 Jesu
394 2563 618 2616 quoque
651 2547 791 2601 titius
820 2546 948 2602 Jesu
969 2549 1116 2605 Nave
1140 2557 1341 2603 terram
1397 2548 1832 2618 repromissionis

245 2638 364 2692 tiliis
408 2639 575 2692 lsrael
619 2646 766 2693 sorte
804 2638 964 2694 missa
997 2638 1289 2693 distribuit.
1323 2638 1456 2692 Sors
1495 2653 1710 2707 quoque
1749 2637 1832 2692 Jo-

246 2746 363 2782 nam
401 2729 642 2798 prodidit
677 2728 932 2782 latentem
988 2727 1137 2798 (Jon.
1224 2737 1284 2799 ι).
1328 2728 1396 2781 Et
1442 2729 1495 2781 in
1544 2728 1833 2782 Salomone

244 2817 475 2886 legitur:
508 2817 959 2872 Contradictiones
985 2818 1181 2871 cohibet
1214 2835 1352 2882 sors,
1377 2828 1423 2871 et
1447 2818 1583 2872 inter
1601 2828 1832 2886 potentes

242 2908 450 2975 deﬁniat
490 2905 676 2977 (Prov.
718 2906 893 2976 xvtn).
923 2907 981 2960 in
1010 2906 1158 2961 Novo
1192 2921 1408 2976 quoque
1446 2906 1830 2970 Testamento,

244 2996 294 3048 id
318 3006 433 3065 est,
459 2996 514 3049 in
544 2995 768 3050 Actibus
794 2996 1181 3065 apostolorum,
1206 3011 1325 3050 sors
1359 2994 1639 3050 Matthiam
1692 2995 1832 3049 desi-

242 3084 423 3153 gnavit
448 3084 767 3154 Apostolum
799 3086 936 3151 (Act.
970 3084 1030 3157 ι).
1075 3084 1274 3139 Paulus
1319 3085 1482 3139 etiam
1510 3084 1655 3140 idem
1708 3099 1834 3154 apo-

245 3172 413 3227 stolus
435 3174 685 3227 scribens
730 3173 797 3227 ad
843 3173 1101 3242 Ephesios
1137 3185 1274 3228 sorte
1307 3189 1367 3229 se
1401 3173 1533 3228 dicit
1579 3183 1834 3229 vocatum

244 3263 531 3316 secundum
562 3263 887 3332 propositum
915 3262 1027 3331 ejus
1056 3264 1143 3333 qui
1181 3266 1359 3317 omnia
1384 3274 1630 3334 operatur
1654 3280 1838 3318 secun-

244 3356 370 3409 dum
398 3353 680 3409 consilium
722 3353 1005 3408 voluntatis
1048 3371 1160 3408 sua:
1206 3354 1420 3425 (Ephes.
1450 3354 1511 3426 ι).
1564 3353 1657 3411 Sic
1691 3356 1836 3410 enim

246 3448 313 3500 ad
347 3445 697 3502 Colossenses
724 3446 964 3501 scribens
986 3447 1114 3501 dicit
1140 3466 1153 3499 :
1193 3445 1426 3512 Gratias,
1453 3450 1651 3518 inquit,
1680 3466 1837 3518 agen—

247 3551 320 3594 tes
346 3539 456 3594 Deo
494 3536 669 3603 Patri,
694 3541 783 3609 qui
807 3540 1019 3593 idoneos
1044 3557 1136 3593 nos
1158 3540 1277 3609 fecit
1302 3540 1355 3593 in
1372 3550 1519 3610 parte
1536 3541 1692 3595 sortis
1712 3558 1837 3596 san-

248 3639 448 3681 ctorum
476 3629 532 3681 in
562 3628 758 3681 lumine
790 3627 926 3699 (Col.
960 3629 1020 3699 I).
1076 3627 1180 3683 Sed
1218 3646 1339 3683 cum
1378 3632 1543 3684 multa
1595 3631 1839 3701 legantur

248 3727 357 3770 tam
407 3719 461 3771 in
484 3717 668 3771 Veteri
700 3733 865 3787 quam
922 3718 976 3771 in
1019 3717 1169 3773 Novo
1210 3720 1560 3774 Testamento
1601 3722 1838 3776 sortibus

245 3806 415 3861 fuisse
443 3808 644 3873 divisa,
676 3823 836 3862 nemo
865 3823 1031 3863 ausus
1058 3818 1141 3863 est
1168 3825 1369 3880 negare
1408 3827 1506 3880 per
1541 3827 1663 3865 eam
1704 3814 1837 3866 divi-

243 3896 392 3950 nitus
423 3911 545 3951 esse
568 3906 952 3964 monstratum,
984 3902 1126 3968 quod
1154 3917 1305 3956 ineas
1348 3901 1542 3957 devota
1580 3889 1839 3972 petitione

243 3992 475 4061 supplici
504 3992 815 4062 postulavit.
844 3994 1046 4049 Tamen
1091 4011 1200 4050 non
1241 4006 1444 4053 temere
1486 4015 1588 4054 nec
1633 4002 1835 4057 indiffe-

242 4097 433 4135 renter
460 4083 696 4137 sortibus
716 4094 799 4137 est
826 4085 1172 4151 credendum,
1202 4102 1325 4141 cum
1348 4088 1627 4159 privilegia
1655 4090 1837 4161 singu-

240 4172 447 4233 lorum,
472 4182 527 4226 ut
553 4171 913 4244 Hieronymus
939 4176 1032 4241 ait,
1064 4192 1406 4233 communem
1457 4179 1630 4251 legem
1660 4182 1838 4237 facere

240 4278 345 4316 non
376 4264 607 4330 possint.
639 4263 751 4319 Nec
788 4266 1043 4321 divinitus
1092 4268 1435 4338 aliquomodo
1481 4273 1549 4327 ab
1601 4275 1836 4327 humana

1934 456 2279 521 omnia,qu;n
2332 455 2381 507 in
2437 454 2548 522 lege
2597 455 2984 523 comprehensa
3039 466 3203 522 sunt,
3250 456 3507 527 mysteria

1932 559 2065 613 pure
2092 553 2147 597 et
2167 544 2380 598 sincere
2418 560 2601 598 coram
2636 544 2743 597 Deo
2772 553 2827 597 et
2879 546 3185 601 hominibus
3210 548 3375 602 verbo
3427 563 3509 601 re-

1931 642 2033 687 ctae
2085 634 2208 687 lidei
2256 644 2489 688 tractare
2521 674 2536 699 ,
2593 642 2752 701 atque
2803 636 2870 690 ad
2929 636 3178 690 notitiam
3207 637 3511 691 auditorum

1932 727 2245 795 perducere.
2276 725 2428 793 Quod
2461 728 2598 780 bene
2643 728 2753 796 ipsa
2798 728 3014 781 nemina
3066 742 3162 796 per
3197 728 3514 796 interpreta-

1934 818 2105 872 tiones
2138 820 2430 873 ostendunt
2461 838 2472 871 :
2505 834 2633 872 nam
2660 818 2924 883 Semeias,
2950 818 3167 872 audiens
3195 818 3511 882 Dominum;

1929 908 2248 971 Natbanael,
2278 910 2475 962 donum
2505 908 2600 961 Dei
2631 919 2796 973 recte;
2849 909 3064 963 Sadoch
3084 950 3099 975 ,
3140 909 3360 977 justus;
3386 912 3514 965 Abi-

1930 998 2160 1061 melcch,
2210 998 2538 1064 fratermeus
2564 1014 2684 1061 retr;
2723 1004 2777 1049 et
2828 997 3111 1060 Abiathar,
3140 1009 3289 1066 pater
3335 1016 3514 1068 supcr—

1929 1086 2090 1153 ﬂuus,
2130 1086 2534 1153 interpretatur.
2569 1084 2670 1151 Qui
2719 1100 2849 1155 ergo
2895 1086 2997 1141 rite
3046 1087 3196 1142 audit
3230 1088 3515 1143 Dominum

1933 1185 2079 1229 recte
2118 1176 2375 1230 discendo
2418 1176 2589 1244 legem
2620 1177 2765 1246 ejus,
2811 1188 2867 1232 et
2908 1180 3209 1234 obcdiendo
3250 1182 3516 1235 mandatis

1933 1266 2095 1327 illius,
2130 1266 2242 1334 ipse
2271 1266 2415 1319 tilius
2437 1276 2518 1320 est
2543 1267 2667 1321 doni
2697 1267 2812 1332 Dei,
2841 1268 2966 1337 quia
2993 1268 3133 1322 hanc
3156 1271 3385 1340 gratiam
3408 1285 3514 1323 non

1932 1359 2033 1412 nisi
2064 1373 2128 1411 ex
2162 1359 2303 1411 dono
2331 1358 2494 1413 habet
2533 1359 2735 1415 divino.
2779 1358 2979 1430 Sicque
3009 1362 3190 1416 scriba
3243 1362 3431 1425 doctus
3463 1364 3515 1416 in

1933 1466 2097 1518 regno
2150 1450 2432 1513 emtorum,
2474 1460 2529 1505 et
2582 1453 2832 1508 minister
2875 1454 2989 1507 veri
3044 1454 3225 1523 templi
3260 1453 3520 1508 describit

1932 1542 2096 1596 ritum
2127 1544 2415 1597 sacerdotii
2449 1558 2631 1598 coram
2667 1560 2812 1614 rege,
2860 1544 3115 1599 videlicet
3167 1544 3382 1600 Christo
3420 1559 3517 1599 seu

1935 1625 2137 1694 populo
2157 1626 2467 1682 Christiano
2488 1628 2709 1699 (Matth.
2734 1646 2826 1686 χιιι
2847 1649 2862 1696 ;
2882 1631 3044 1699 Apoc.
3069 1631 3128 1700 t).
3148 1630 3249 1696 Qui
3265 1631 3403 1685 bene
3417 1645 3508 1687 rex

1862 1705 1905 1763 Β
1933 1723 2112 1785 potest
2134 1716 2262 1782 dici,
2298 1720 2421 1786 quia
2455 1734 2653 1786 corpus
2683 1732 2763 1776 est
2786 1723 3014 1786 Christi,
3046 1732 3101 1777 et
3142 1722 3304 1776 vitam
3348 1736 3506 1775 suam

1932 1811 2036 1864 rite
2116 1811 2271 1881 regit.
2352 1826 2659 1880 stnqnemet
2725 1815 2895 1882 ipsius
2959 1817 3100 1870 bene
3170 1815 3505 1871 dominatur.

1935 1898 2037 1966 Qui
2071 1900 2236 1955 etiam
2272 1900 2398 1955 licet
2430 1916 2496 1954 ex
2544 1900 2811 1970 superﬂuo
2852 1910 3025 1970 patre,
3075 1901 3180 1956 hoc
3209 1909 3294 1956 est
3332 1902 3519 1972 gentili

1933 1993 2152 2061 populo,
2182 1991 2252 2045 sit
2286 1991 2484 2054 editus,
2518 2000 2697 2045 tamen
2729 1991 3119 2047 sacerdotalem
3167 1992 3310 2048 sicut
3339 1999 3394 2045 et
3429 2006 3518 2046 re-

1934 2084 2076 2154 giam
2113 2083 2279 2138 habet
2320 2083 2634 2153 dignitatem
2663 2095 2718 2137 et
2759 2082 2899 2139 Iusti
2926 2085 3144 2139 nomine
3173 2085 3366 2139 merito
3392 2099 3520 2140 cen—

1934 2182 2099 2229 SBltll'.

2003 2261 2181 2317 Eat-ivit
2209 2273 2383 2316 autent
2422 2280 2537 2318 sors
2585 2264 2756 2332 prima
2794 2264 3034 2329 Joiarib,
3077 2267 3308 2331 secunda
3333 2266 3517 2328 Jedei,

1933 2355 2088 2408 tertia
2114 2352 2327 2413 Harirn,
2357 2365 2547 2424 quarta
2587 2353 2812 2421 Seorim,
2845 2357 3029 2427 quinta
3058 2355 3282 2409 .llelchia
3305 2396 3321 2422 ,
3370 2367 3521 2411 sexta

1934 2444 2193 2510 Maiman,
2220 2447 2440 2515 septima
2485 2446 2674 2511 Arcas,
2712 2455 2896 2500 octava
2934 2446 3114 2510 Abias,
3154 2463 3292 2500 nona
3332 2447 3519 2512 Jesua,

1932 2533 2133 2589 decima
2157 2533 2434 2601 Sechenia,
2449 2536 2724 2590 undecima
2748 2536 2974 2602 Eliasib,
2991 2537 3302 2611 duodecima
3322 2537 3521 2601 Jacim,

1933 2625 2306 2680 terdiadecima
2344 2626 2592 2696 Hoppha,
2620 2627 2824 2683 decima
2844 2637 3034 2697 quarta
3075 2627 3291 2695 Isbaab,
3315 2630 3520 2687 decima

1933 2718 2113 2787 quinta
2141 2716 2325 2787 Belga,
2352 2718 2559 2772 decima
2595 2729 2744 2772 sexta
2766 2717 3001 2784 Emmer,
3048 2719 3249 2774 decima
3298 2721 3521 2790 septima

1936 2806 2127 2873 Hesir,
2164 2807 2367 2862 decim
2395 2817 2581 2862 octava
2599 2859 2602 2862 .
2622 2808 2839 2879 Aphses,
2865 2809 3068 2867 decima
3096 2826 3238 2865 nona
3277 2807 3520 2875 Pheteia,

1933 2898 2179 2967 vigesima
2206 2896 2484 2953 Hezechiel
2506 2940 2520 2962 ,
2553 2900 2799 2968 vigesima
2839 2899 3244 2969 primalachin,
3275 2901 3524 2970 vigesima

1934 2988 2163 3042 secunda
2212 2984 2436 3055 Gatnul,
2483 2990 2732 3059 vigesima
2774 2991 2931 3044 tertia
2961 2990 3194 3047 Dalaian
3217 3032 3230 3057 ,
3279 2993 3524 3062 vigesima

1936 3088 2124 3148 quarta
2153 3077 2461 3133 Mahazian.
2500 3078 2603 3133 Ha;-
2642 3081 2776 3134 rices
2816 3097 2996 3135 eorum
3042 3083 3329 3137 secundum
3374 3084 3527 3137 uini-

1936 3170 2094 3224 steria
2123 3187 2239 3234 sua,
2265 3181 2320 3223 ut
2367 3172 2730 3241 ingrediantur
2768 3172 2979 3227 domum
3011 3173 3245 3242 Domini,
3290 3185 3338 3229 et
3362 3176 3526 3246 juxta

1938 3264 2096 3316 ritum
2117 3279 2269 3316 suum
2294 3264 2389 3317 sub
2417 3280 2577 3317 manu
2601 3263 2779 3318 Aaron
2813 3266 2983 3335 patris
3008 3283 3209 3334 eorum,
3235 3268 3369 3322 sicut
3391 3284 3523 3339 pric-

1935 3364 2141 3424 ceperat
2192 3354 2446 3408 Dominus
2498 3354 2636 3409 Deus
2691 3354 2884 3411 Israel.
2951 3356 3092 3425 Quid
3143 3367 3227 3415 est
3268 3360 3412 3430 quod
3471 3360 3523 3414 in

1936 3446 2121 3516 viginti
2151 3455 2386 3514 quatuor
2414 3458 2590 3502 sortes
2620 3449 2859 3505 Levitica
2906 3452 3102 3516 tribus,
3131 3463 3187 3508 et
3215 3454 3522 3509 sacerdota-

1937 3534 2004 3590 lis
2030 3539 2163 3591 ordo
2192 3537 2536 3592 distribuitur
2559 3580 2573 3604 ,
2624 3540 2731 3595 nisi
2768 3542 2911 3610 quod
2943 3545 3179 3597 ostendit
3226 3544 3523 3599 Ecclesium

1933 3625 2257 3681 catholicam
2280 3630 2670 3685 sacerdotalem
2695 3641 2750 3686 et
2774 3634 2981 3704 regiam
3008 3634 3322 3705 dignitatem
3348 3635 3520 3703 plani-

1938 3724 2021 3772 tcr
2049 3718 2268 3784 habere,
2306 3729 2361 3776 et
2405 3722 2538 3791 legis
2569 3731 2732 3792 atque
2761 3724 3037 3795 Evangelii
3071 3725 3373 3779 doctrinam
3410 3743 3526 3795 per-

1936 3806 2582 3880 fecteservare(1Petr.
2643 3814 2726 3884 ιι).
2789 3814 2938 3869 lianc
2994 3815 3243 3870 videlicet
3290 3815 3526 3872 Joannes

1937 3902 2210 3968 apostolus
2235 3913 2288 3957 et
2310 3904 2638 3973 evangelista
2669 3905 2723 3958 in
2735 3905 3057 3976 Apocalypsi
3082 3922 3180 3962 sua
3209 3909 3309 3961 sub
3334 3909 3521 3963 eodem

1937 4009 2184 4058 numero,
2218 3996 2320 4049 hoc
2346 4003 2449 4060 est,
2474 3994 2749 4050 vicenario
2780 4005 2833 4049 et
2870 3998 3218 4066 quaternario
3248 3999 3300 4051 in
3329 4000 3527 4053 circui-

1938 4097 1994 4139 tu
2048 4087 2191 4140 sedis
2226 4086 2319 4139 Dci
2360 4088 2461 4140 sub
2508 4087 2681 4156 figura
2737 4087 3009 4142 seniorum
3060 4088 3339 4142 sedentem
3391 4090 3525 4143 vidit

1937 4192 2099 4245 super
2128 4177 2351 4231 thronos
2373 4178 2562 4247 viginti
2583 4186 2816 4247 quatuor
2845 4178 3527 4248 (Apoc.iv);utostenderct

1940 4268 2244 4321 universam
2258 4267 2351 4321 Dei
2371 4266 2663 4321 Ecclesiam
2674 4308 2687 4331 ,
2708 4282 2827 4336 qua:
2840 4281 2939 4336 per
2949 4268 3220 4334 geminum
3235 4278 3496 4323 testamen
3507 4300 3524 4308 -

239 4354 567 4409 curiositate
595 4356 791 4409 tentari
816 4356 997 4423 debet,
1039 4357 1193 4427 juxta
1220 4361 1363 4428 quod
1408 4363 1665 4432 scriptum
1700 4374 1783 4420 est
1818 4386 1830 4419 :
1860 4387 1913 4445 Β
1942 4371 2053 4435 tum
2082 4362 2148 4416 de
2174 4361 2499 4428 patriarchis
2522 4368 2580 4415 et
2619 4361 2878 4430 apostolis
2921 4369 3175 4431 generata
3202 4370 3304 4427 est,
3330 4375 3525 4432 perpe—

245 4441 373 4495 d‘on
424 4444 642 4500 temabis
682 4445 968 4500 Dominum
1009 4448 1176 4502 Deum
1214 4460 1361 4503 tuum
1406 4450 1583 4521 (Deut.
1615 4455 1709 4525 Vl).
1740 4457 1843 4513 Ve-

238 4549 576 4605 rumtamen,
624 4542 769 4611 quod
796 4541 840 4596 si
866 4542 957 4610 qui
989 4542 1316 4598 necessitate
1366 4543 1543 4613 aliqua
1582 4551 1842 4617 compulsi

240 4626 539 4681 Dominum
588 4635 781 4697 putent
832 4630 1102 4696 sortibus,
1149 4632 1396 4701 exemplo
1442 4635 1839 4705 apostolorum,

239 4732 365 4771 esse
398 4717 816 4782 consulendum,
846 4718 1083 4783 videant,
1114 4720 1218 4775 hoc
1244 4720 1389 4789 ipsos
1425 4726 1699 4792 apostolos
1736 4743 1841 4783 non

236 4811 343 4864 nisi
376 4808 613 4864 collecto
647 4808 880 4864 fratrum
922 4821 1068 4865 cmtu
1095 4853 1109 4877 ,
1159 4822 1215 4866 et
1260 4815 1509 4881 precibus
1550 4818 1612 4871 ad
1668 4819 1838 4874 Deum

232 4902 379 4954 tusis
411 4900 609 4968 egisse.

310 4991 711 5060 Descripsitque
742 5007 829 5045 eos
853 4991 1088 5045 Semeias
1107 5033 1121 5055 ,
1145 4992 1288 5060 ﬁlius
1316 4994 1639 5063 Nathanael,
1668 5001 1839 5055 scriba

232 5079 474 5140 Lerites,
505 5094 680 5133 coram
712 5096 828 5148 rege
871 5089 918 5133 et
970 5082 1323 5152 principibus,
1373 5093 1423 5136 ct
1455 5084 1627 5141 Sadoc
1667 5106 1840 5144 sacer-

230 5172 383 5231 dote,
418 5179 473 5221 et
501 5169 813 5233 Abimelech,
835 5169 948 5238 ﬁlio
972 5171 1261 5238 Abiathar,
1316 5176 1732 5249 principibusque
1758 5182 1841 5250 [a-

231 5262 527 5325 mijiarum
553 5259 961 5315 sacerdotalium
1008 5272 1059 5315 et
1112 5262 1501 5319 Leviticarum:
1545 5287 1703 5324 unam
1751 5274 1845 5325 do-

231 5372 417 5417 mum,
452 5370 571 5423 quia
598 5372 718 5408 cum
751 5360 953 5413 caneris
1001 5372 1221 5429 privaret
1248 5402 1261 5426 ,
1313 5362 1583 5427 Eleazar;
1615 5375 1660 5417 et
1717 5364 1841 5417 alte-

232 5466 353 5501 rum
387 5455 637 5511 domum,
668 5465 786 5517 qua!
824 5452 918 5504 sub
944 5470 998 5505 se
1043 5455 1262 5507 habebat
1306 5468 1538 5519 crateras,
1583 5458 1841 5512 Ithamar.

230 5539 401 5607 Quod
462 5536 746 5603 Semeias,
799 5542 941 5596 titius
1004 5542 1341 5609 Nathanael,
1405 5548 1579 5599 scriba
1634 5547 1845 5600 Levites

235 5646 443 5688 coram
481 5645 606 5701 rege
625 5642 683 5684 et
704 5632 1035 5701 principibus
1060 5629 1397 5690 sacerdotum
1426 5638 1621 5691 dicitur
1645 5638 1846 5690 descri-

632 5725 905 5783 ΡΔτιιοί..
952 5725 1116 5785 CIX.

1947 4454 2163 4508 tualiter
2222 4469 2345 4508 cum
2416 4453 2632 4508 Christo
2694 4466 2938 4524 regnare.
3001 4453 3289 4509 Sedentem
3346 4463 3523 4509 autem

1942 4546 2119 4600 cernit
2137 4554 2357 4615 propter
2378 4544 2721 4616 iudiciariam
2741 4544 2858 4613 ejus
2879 4546 2932 4599 in
2945 4546 3163 4600 Christo
3187 4546 3523 4617 dignitatem.

1946 4636 2220 4692 Sedcbunt
2281 4638 2425 4691 enim
2479 4646 2535 4691 et
2589 4637 2908 4708 judicabunt
2972 4639 3222 4693 universa
3286 4639 3527 4696 membra

1944 4728 2151 4784 scilicet
2190 4727 2245 4781 in
2277 4744 2383 4781 uno
2410 4737 2465 4782 et
2512 4743 2608 4797 per
2653 4743 2820 4781 unum
2868 4737 3050 4797 caput.
3098 4727 3363 4782 Caeterum
3391 4743 3529 4797 qum

1951 4816 2112 4871 modo
2156 4826 2411 4887 poterunt
2457 4819 2627 4873 sancti
2660 4818 2711 4870 in
2738 4818 2942 4887 judicio
2971 4819 3161 4873 sedere
3196 4827 3403 4873 stantes
3456 4819 3523 4872 al

1959 4909 2195 4964 dextram
2217 4908 2448 4976 judicis?
2487 4908 2719 4962 Possunt
2746 4910 2911 4962 etiam
2952 4909 3142 4979 viginti
3186 4917 3416 4978 quatuor
3444 4926 3529 4965 se-

1952 5000 2134 5055 niores
2160 5000 2214 5053 in
2241 5000 2349 5055 illis
2372 5000 2617 5071 intelligi,
2645 5002 2736 5069 qui
2768 5000 3150 5070 perfectionem
3180 5005 3382 5072 operis,
3407 5020 3530 5073 quae

1952 5093 2167 5148 senario
2198 5109 2423 5147 numero
2447 5093 2875 5159 commendatur,
2906 5095 3050 5149 clara
3094 5093 3367 5163 Evangelii
3395 5110 3541 5163 μνία-ο

1953 5185 2219 5239 dicatione
2284 5194 2678 5239 consummant.
2748 5184 2880 5239 Nam
2924 5194 3115 5255 quater
3173 5188 3287 5239 seni
3342 5186 3527 5257 viginti

1953 5285 2184 5344 quatuor
2203 5275 2423 5329 faciunt.
2446 5276 2549 5329 Nec
2578 5292 2682 5330 non
2708 5287 2763 5331 et
2787 5277 3003 5331 eosdem
3034 5277 3273 5331 seniores
3300 5276 3526 5329 amictus

1952 5366 2290 5420 vestimentis
2317 5366 2489 5430 albis,
2543 5375 2597 5421 et
2644 5368 2699 5422 in
2750 5368 3018 5437 capitibus
3058 5381 3242 5420 eorum
3296 5379 3527 5417 coronas

1952 5475 2145 5513 aureas
2172 5462 2371 5515 habere
2394 5461 2679 5529 prtedirtus
2724 5462 2995 5530 apostolus
3024 5467 3431 5517 commemorat,
3466 5467 3528 5509 ut

1953 5552 2315 5613 demonstret,
2365 5553 2481 5605 illos
2538 5554 2693 5607 hmis
2740 5554 2993 5620 operibus
3046 5552 3255 5604 indutos
3305 5550 3529 5616 perenni

1954 5635 2151 5689 mentis
2178 5637 2433 5689 memoria
2464 5637 2651 5704 gaudia
2703 5652 2931 5706 superna
2983 5634 3322 5706 «pensitares.
3374 5631 3529 5704 Saepe

2474 5767 2499 5772 -
2872 5731 2942 5788 13
