3870 6146
359 312 503 392 5‘5‘
1002 323 1057 377 Β.
1098 316 1350 375 RABANI
1389 314 1605 371 MAURI
1644 306 1960 368 ARCIIIEP.
2005 304 2310 362 MOGU‘NT.
2356 302 2640 360 OPERUM
2681 298 2859 354 PARS
2895 301 2933 354 ι.
3507 293 3621 352 396

363 450 508 506 enim
535 443 726 514 capitis
754 439 967 495 nomine
992 450 1144 491 mens
1163 433 1298 489 solet
1318 430 1560 501 intelligi.
1578 427 1729 495 Quod
1758 432 1936 480 autem
1967 426 2016 483 Α
2044 429 2242 484 menta,
2284 420 2385 473 hoc
2408 427 2511 479 cst,
2540 418 2747 471 cithara
2773 425 2827 471 et
2854 414 3169 486 psalterium
3192 420 3246 465 et
3270 408 3515 480 cymbala
3543 409 3626 463 si--

362 539 498 593 dicit
524 510 622 590 has
667 533 813 586 vices
857 526 1151 582 secundum
1195 521 1496 577 ministeria
1544 532 1640 574 sua
1690 524 1744 570 et
1787 513 1939 583 juxta
2043 512 2317 584 gnilicent,
2347 511 2594 581 superius
2628 510 2831 564 dictum
2856 515 2959 563 est.

369 630 531 684 ritum
559 636 714 681 suum
740 620 839 675 sub
869 631 1028 671 manu
1059 629 1180 669 esse
1205 612 1385 667 Aaron
1414 610 1584 680 patris
1609 620 1820 668 eorum.
1848 618 1944 672 βοΐ
2116 608 2242 663 Fuit
2271 618 2445 662 autem
2476 623 2720 661 numerus
2749 620 2928 658 eorum
2954 618 3071 678 cum
3102 599 3354 670 fratribus
3381 598 3517 661 suis,
3538 597 3631 666 qui

371 732 560 773 nomen
615 713 793 767 Aaron
840 705 1104 779 signiﬁcat
1155 701 1464 775 Ροιιῑίῧοθῐῐι
1494 740 1509 765 9
1561 698 1654 768 qui
1701 704 1943 751 exu‘ema
2043 700 2346 755 erudiebant
2388 698 2647 750 canticum
2685 694 2897 751 Domini
2933 693 3102 746 cuncti
3134 690 3389 753 doctores,
3416 687 3635 740 ducenti

369 819 580 878 quoque
602 808 747 857 sorte
767 778 972 854 electus
1001 796 1191 851 ordine
1228 793 1361 848 vicis
1398 806 1508 847 sum
1536 787 1748 844 caeteris
1772 784 1947 839 ῐηὶηθ-
2048 792 2308 861 octoginta
2335 799 2470 844 octo.
2503 789 2640 859 Apte
2669 789 2918 843 doctores
2944 784 3141 840 cantici
3170 782 3383 836 Domini
3410 778 3637 835 ducenti

370 871 517 952 ribus
539 892 794 965 gradibus
815 896 1077 960 praeerat,
1123 895 1175 941 et
1206 882 1544 954 disponebat,
1562 896 1683 950 qua:
1704 875 1947 932 facienda

2086 882 2318 953 ctoginta
2366 888 2490 935 octo
2533 894 2653 934 esse
2700 878 2973 940 dicuntur,
3014 883 3073 928 ut
3120 872 3439 928 ostendatur
3487 871 3641 939 ipsos

370 996 522 1043 erant
547 985 600 1038 in
623 984 782 1038 domo
810 980 923 1035 Dei.
955 978 1123 1032 Erant
1151 976 1319 1040 enim,
1359 982 1421 1028 ut
1461 970 1708 1041 superius
1747 968 1949 1022 dictum

370 1087 472 1144 est,
505 1075 775 1149 principes
815 1069 1110 1127 sanctuarii
1138 1077 1194 1123 et
1218 1066 1489 1138 principes
1516 1063 1633 1126 Dei,
1662 1069 1768 1115 tam
1800 1059 1866 1113 de
1892 1056 1951 1110 ﬁ-

374 1173 459 1225 liis
488 1170 712 1224 Eleazar
749 1180 911 1235 quam
961 1162 1026 1217 de
1072 1159 1195 1213 ﬁliis
1235 1158 1489 1212 Ithamar.
1517 1154 1595 1208 De
1626 1152 1713 1206 his
1742 1162 1955 1219 quoque

375 1260 613 1317 sortibus
648 1256 913 1326 Josephus
942 1251 1125 1306 taliter
1163 1254 1348 1303 narrat
1378 1285 1394 1311 ,
1449 1244 1674 1298 dicens:
1710 1258 1729 1292 ι
1763 1238 1957 1293 Divisit

375 1357 554 1405 autem
585 1362 678 1402 eos
721 1325 818 1416 per
861 1340 1257 1412 generationes,
1288 1344 1342 1391 et
1371 1346 1662 1405 segregans
1708 1344 1776 1385 ex
1810 1325 1956 1382 tribu

375 1438 685 1496 sacerdotes
710 1414 737 1502 ,⁷
774 1432 1052 1489 inveniens
1101 1443 1286 1485 eorum
1337 1423 1714 1495 generationes
1770 1414 1959 1488 viginti

376 1540 629 1603 quatuor.
661 1529 742 1583 Ex
789 1528 948 1583 domo
972 1523 1190 1596 quidem
1218 1520 1442 1594 Elgazar
1504 1516 1741 1573 sedecim
1785 1521 1841 1569 et
1895 1512 1961 1568 de

375 1625 615 1681 Ithamar
636 1626 781 1684 octo,
805 1623 859 1673 et
896 1613 1219 1686 prmcipiens
1267 1618 1328 1664 ut
1368 1620 1702 1677 unaquaeque
1730 1616 1958 1676 genera-

380 1716 456 1770 tio
481 1711 814 1767 ministraret
848 1705 959 1761 Deo
984 1719 1082 1775 per
1106 1702 1222 1757 dies
1241 1707 1364 1756 octo
1390 1713 1420 1752 a
1447 1698 1674 1753 sabbato
1696 1706 1864 1763 usque
1890 1692 1957 1746 ad

2051 974 2245 1029 merito
2274 973 2523 1027 doctores
2552 969 2747 1024 divinae
2777 967 2952 1021 laudis
2985 964 3088 1019 dici
3116 978 3276 1032 posse
3295 1002 3310 1027 ,
3340 961 3431 1031 qui
3464 975 3639 1014 cano-

2050 1078 2174 1119 ncm
2219 1062 2525 1116 divinorum
2576 1058 2834 1112 librorum
2880 1070 3041 1110 sensu
3096 1051 3418 1121 Evangelico
3466 1044 3641 1117 etp‘a-

2052 1163 2206 1209 nunt.
2250 1153 2452 1220 Quater
2490 1151 2635 1204 enim
2672 1147 3010 1217 septuaginta
3053 1145 3159 1199 duo
3204 1143 3432 1197 ducenta
3483 1148 3643 1194 octo—

2054 1246 2204 1316 ginta
2240 1252 2362 1298 octo
2399 1242 2604 1297 faciunt
2649 1257 2663 1293 :
2715 1239 2884 1293 libros
2933 1244 3112 1289 autem
3158 1232 3369 1288 Veteris
3412 1242 3472 1285 et
3506 1229 3642 1283 Novi

2056 1334 2388 1390 Testamenti
2428 1331 2766 1402 septuaginta
2805 1329 2941 1383 duos
2982 1340 3102 1382 esse
3147 1324 3397 1379 omnibus
3449 1329 3644 1376 notum

2057 1434 2158 1481 est.
2189 1424 2257 1479 Et
2293 1425 2413 1479 idco
2439 1436 2661 1477 necesse
2697 1428 2781 1475 est
2815 1427 2873 1473 ut
2900 1419 3207 1488 quicunque
3247 1415 3428 1469 divino
3465 1411 3649 1465 ollicio

2058 1517 2207 1589 fungi
2238 1516 2339 1571 rite
2366 1515 2628 1580 voluerit,
2666 1521 2898 1583 quatuor
2929 1507 3313 1581 principalibus
3348 1502 3652 1560 virtutibus

2059 1624 2280 1679 operam
2305 1607 2473 1671 dans,
2502 1603 2837 1659 meditationi
2878 1598 3203 1671 evangelica:
3230 1596 3498 1652 doctrinm
3530 1610 3650 1648 ma-

2062 1701 2207 1755 xime
2244 1697 2553 1760 incumbat,
2593 1702 2647 1749 et
2685 1693 2979 1749 secundum
3018 1690 3134 1760 ejus
3168 1702 3444 1751 normam,
3478 1685 3652 1755 ,qnitl—

390 1804 674 1860 sabbatum
713 1816 727 1853 :
777 1804 833 1852 et
891 1771 1001 1850 ita-
1027 1793 1268 1849 omnium
1314 1788 1690 1862 generationes
1758 1792 1958 1839 sortem

2086 1790 2193 1862 [uid
2217 1787 2486 1852 didicerit,
2513 1785 2598 1840 vel
2627 1782 2888 1855 quidquid
2914 1780 3177 1845 docuerit,
3209 1778 3446 1833 formare
3471 1783 3652 1831 curet.

383 1910 661 1966 accepere,
692 1897 957 1965 praesente
978 1888 1145 1942 David
1170 1895 1225 1942 et
1266 1884 1478 1941 Sadoch
1512 1892 1568 1939 et
1589 1881 1854 1937 Abiatbar
1875 1894 1963 1934 sa—
2135 1879 2492 1949 Miseruntque
2541 1884 2706 1930 sortes
2747 1889 2841 1944 per
2882 1872 3018 1926 vices
3065 1886 3191 1924 suas
3228 1884 3293 1923 ea:
3327 1883 3500 1935 tequo,
3546 1875 3657 1918 tam

381 1961 713 2043 cordotibus—
736 1989 793 2038 et
836 1978 1170 2051 principibus
1211 1975 1497 2030 universis.
1547 1973 1613 2027 Et
1646 1973 1817 2042 prima
1846 1966 1967 2038 qui-
2064 1971 2237 2040 major
2263 1986 2420 2042 quam
2444 1969 2638 2031 minor,
2669 1967 2853 2020 doctus
2884 1965 3082 2035 pariter
3105 1971 3152 2016 et
3181 1961 3445 2024 indoctus,
3479 1966 3537 2013 et
3568 1973 3657 2012 re-

385 2079 505 2134 dem
537 2073 814 2147 generatio
862 2070 1230 2126 conscendens
1288 2067 1487 2136 scripta
1533 2073 1618 2120 est
1656 2062 1863 2133 prima,
1911 2065 1967 2114 et
2065 2059 2230 2130 liqua.
2284 2059 2340 2112 In
2385 2056 2639 2112 omnibus
2684 2053 2965 2111 ordinibus
3008 2051 3313 2107 necessaria
3355 2059 3441 2105 est
3492 2057 3659 2103 cauta

387 2168 625 2225 secunda
650 2164 858 2237 pariter
905 2169 961 2217 et
985 2160 1143 2215 tertia
1170 2167 1225 2212 et
1253 2161 1647 2224 consequenter
1681 2164 1853 2221 usque
1899 2147 1966 2202 ad

390 2259 695 2317 vicesimam
718 2261 988 2326 quartam.
1025 2250 1092 2305 Et
1115 2249 1233 2303 haec
1257 2245 1450 2302 divisio
1476 2241 1777 2315 permansit
1798 2251 1969 2308 usque

388 2353 456 2407 ad
486 2355 806 2421 praesentem
834 2344 995 2401 diem.
1024 2340 1177 2397 Fecit
1214 2347 1395 2395 autem
1436 2352 1503 2392 ex
1562 2334 1705 2389 tribu
1745 2330 1964 2387 Levita-

391 2420 511 2496 rum
536 2447 719 2510 partes
748 2433 940 2504 viginti
982 2439 1215 2502 quatuor
1260 2436 1316 2483 et
1365 2426 1542 2482 sortiti
1574 2425 1763 2479 eodem
1811 2420 1972 2475 modo

395 2527 808 2585 conscendere:
869 2527 1033 2589 utque
1083 2516 1378 2573 secundum
1419 2511 1781 2569 sacerdotium
1848 2515 1972 2563 octo

392 2617 584 2672 diebus
608 2613 710 2682 ipsi
740 2622 956 2681 quoque
1003 2606 1410 2670 ministrarent,
1462 2601 1709 2656 instituit.
1741 2598 1848 2653 Eos
1878 2611 1973 2651 au-

398 2715 507 2762 tem
530 2703 623 2775 qui
647 2708 804 2757 erant
828 2714 894 2754 ex
917 2697 1156 2770 germine
1180 2694 1372 2767 Moysi,
1394 2694 1492 2749 hos
1521 2689 1847 2747 eminentius
1870 2689 1971 2742 ho-

394 2794 607 2853 noravit
637 2810 651 2847 :
691 2792 820 2848 fecit
841 2797 1020 2845 autem
1054 2803 1149 2844 eos
1174 2786 1424 2843 custodes
1474 2784 1850 2838 thesaurorum
1879 2777 1975 2833 Dei

397 2894 558 2955 atque
583 2896 861 2946 vasorum,
893 2893 1014 2950 quas
1068 2892 1224 2947 reges
1262 2875 1373 2930 Deo
1427 2872 1609 2928 dicare
1656 2868 1971 2937 continget:

393 2952 659 3044 iussitque
676 2966 928 3023 omnibus
949 2964 1017 3020 de
1040 2963 1186 3019 tribu
1211 2961 1340 3017 Levi
1386 2957 1548 3015 simul
1586 2965 1642 3012 et
1681 2952 1977 3011 sacerdoti-

400 3068 520 3130 bus,
570 3069 631 3116 ut
659 3060 749 3115 die
773 3066 1042 3126 noctuque
1067 3055 1178 3110 Deo
1208 3052 1514 3115 servirent,
1567 3050 1707 3106 sicut
1746 3047 1795 3103 ei
1833 3060 1974 3118 prte-

400 3161 617 3229 ceperat
640 3152 868 3224 Moyses.
900 3170 920 3204 ι

965 3259 1193 3318 CAPUT
1241 3257 1406 3314 XXV.

405 3384 483 3439 De
509 3398 568 3437 eo
595 3378 733 3452 quod
768 3375 930 3452 David
953 3381 1004 3452 _et
1040 3366 1658 3452 magistratuslexetzcitus
1686 3380 1982 3452 segregave-

476 3434 677 3507 runt'in
710 3444 1055 3501 ministerium
1085 3434 1297 3495 D'omini
1322 3439 1461 3505 filios
1491 3437 1666 3507 Asaph
1694 3434 1982 3507 et:IIeman

476 3504 771 3578 etplditltun
791 3556 805 3581 ,
840 3516 927 3586 qui
949 3520 1219 3586 cantarent
1248 3504 1549 3586 innicitharis
1573 3504 1617 3560 et
1646 3504 1906 3577 psalteriis
1933 3512 1980 3557 et

479 3588 728 3663 cymbalis
754 3579 930 3640 coram
958 3598 1081 3636 arca
1111 3579 1340 3634 Domini.

480 3701 523 3773 (I
540 3700 672 3755 Pan.
695 3693 847 3765 xxv.)
860 3693 1034 3764 Igitur
1048 3689 1217 3745 David
1232 3697 1279 3743 et
1296 3696 1632 3759 magistratus
1646 3685 1900 3740 exercitus
1914 3699 1988 3736 se-

408 3799 744 3866 gregaverunt
769 3788 826 3841 in
858 3783 1203 3839 ministerium
1230 3781 1368 3850 ﬁlios
1393 3779 1591 3849 Asaph,
1617 3787 1665 3832 et
1688 3776 1916 3841 Heman,
1939 3783 1987 3829 et

411 3884 650 3946 ldithun,
699 3880 786 3950 qui
820 3875 1183 3949 prophetarent
1231 3872 1287 3926 in
1325 3870 1545 3926 citharis
1571 3879 1619 3923 et
1655 3867 1913 3939 psalteriis
1939 3876 1988 3921 et

408 3972 681 4046 cymbalis,
695 3968 977 4024 secundum
995 3979 1266 4018 numerum
1280 3979 1433 4017 suum
1450 3960 1689 4014 dedicato
1708 3959 1808 4013 sibi
1824 3959 1988 4029 oﬁicio

412 4063 710 4125 servientes,
734 4066 787 4111 et
813 4055 1038 4127 reliqua.
1067 4052 1239 4124 Elegit
1259 4050 1426 4106 David
1452 4065 1518 4104 ac
1543 4048 1845 4119 segregavit
1867 4063 1990 4102 cum

413 4149 714 4206 senioribus
747 4144 931 4216 populi
978 4152 1089 4198 tres
1138 4140 1411 4211 principes
1456 4147 1771 4203 cantorum,
1812 4137 1992 4207 Asapll

416 4242 623 4298 scilicet
658 4250 713 4295 et
745 4238 951 4293 Heman
992 4243 1047 4290 et
1071 4233 1314 4297 ldithun,
1342 4241 1402 4286 ut
1434 4232 1535 4302 ipsi
1564 4247 1687 4287 cum
1725 4231 1847 4286 ﬁliis
1881 4230 1994 4285 suis

412 4332 799 4403 proplietarent
825 4327 880 4381 in
908 4324 1134 4382 citharis
1162 4330 1218 4378 et
1242 4322 1515 4393 psalteriis
1540 4330 1596 4376 et
1624 4320 1888 4393 cymbalis
1916 4335 1996 4375 se-

414 4423 649 4477 cundum
693 4420 1006 4488 deputatum
1053 4415 1158 4472 sibi
1205 4414 1467 4478 cilicium,
1517 4420 1577 4467 ut
1619 4413 1990 4483 praesignaret,

415 4511 541 4581 quia
580 4524 740 4565 verus
778 4507 943 4563 David
966 4547 981 4572 ,
1018 4521 1114 4561 rex
1152 4514 1207 4560 et
1243 4505 1500 4559 Dominus
1536 4513 1737 4567 noster,
1774 4518 1990 4558 omnem

421 4601 662 4658 ordinem
710 4596 1064 4654 ecclesiastici
1106 4594 1391 4648 ministerii
1439 4593 1495 4646 in
1537 4602 1727 4648 sancta
1761 4592 1995 4647 Trinita-

420 4692 487 4745 tis
521 4689 627 4744 ﬁde
664 4685 1017 4742 ministranda
1055 4696 1212 4738 suum
1246 4679 1480 4736 ollicium
1513 4695 1675 4751 agere
1710 4681 1854 4746 vult;
1897 4696 1996 4735 nec

418 4783 558 4838 alius
607 4779 659 4836 ei
711 4778 899 4834 laudes
948 4775 1107 4846 digne
1153 4785 1349 4828 canere
1392 4779 1598 4841 potest,
1654 4772 1760 4827 nisi
1814 4773 1905 4841 qui
1943 4771 1996 4825 in

419 4871 759 4927 confessione
776 4865 955 4924 Patris
975 4874 1033 4922 et
1045 4864 1166 4919 Filii
1181 4871 1236 4919 et
1256 4862 1491 4934 Spiritus
1512 4861 1684 4917 sancti
1705 4879 1800 4933 per
1815 4862 1995 4928 ﬁdem,

421 4973 477 5018 et
503 4977 657 5034 spem
683 4970 742 5018 et
768 4959 1102 5017 cbaritatem‘
1131 4956 1283 5011 illum
1326 4956 1527 5011 laudat.
1561 4954 1711 5023 Quod
1750 4964 1804 5011 et
1835 4957 1996 5011 trium

422 5052 801 5125 praedictorum
838 5049 1145 5120 principum
1170 5046 1388 5101 nomina
1422 5046 1864 5115 interpretatione
1901 5061 1998 5100 sua

356 5172 373 5183 -
424 5150 547 5212 apte
571 5141 963 5196 demonstrant.
1002 5134 1138 5190 Nam
1171 5133 1392 5205 Asaph,
1429 5133 1707 5204 colligens,
1732 5134 2000 5205 interpre-

428 5242 601 5299 tatur;
650 5230 854 5287 Heman
879 5270 893 5295 ,
932 5245 1024 5283 cor
1059 5244 1274 5292 eorum;
1318 5235 1374 5281 et
1406 5226 1642 5292 ldithun,
1681 5227 1999 5281 transiliens.

427 5326 527 5393 Qui
560 5325 704 5380 enim
740 5330 920 5377 mente
954 5319 1131 5392 sagaci
1157 5318 1459 5374 divinorum
1490 5317 1749 5372 librorum
1782 5325 2000 5372 senten-

429 5419 531 5471 tias
551 5413 770 5483 colligit,
798 5423 960 5482 atque
986 5410 1293 5466 transiliens
1310 5423 1524 5464 omnem
1557 5416 1891 5462 terrenarum
1915 5422 2002 5460 re-

433 5525 549 5563 rum
577 5506 954 5576 cupiditatem,
995 5518 1089 5559 eas
1124 5502 1417 5558 secundum
1456 5500 1738 5555 charitatis
1764 5500 2001 5569 regulam

432 5597 678 5653 rimando
720 5595 1034 5651 tractaverit
1065 5612 1079 5649 :
1111 5594 1202 5649 hic
1234 5591 1475 5662 profecto
1510 5590 1705 5644 divina:
1737 5589 2005 5659 majestati

435 5689 627 5756 dignus
664 5688 848 5742 laudes
890 5684 1215 5741 decantabit.
1258 5681 1394 5749 Quid
1430 5688 1609 5733 autem
1648 5679 1759 5747 ipsa
1799 5680 2003 5733 instru-

2066 2151 2291 2216 electio,
2327 2166 2397 2205 ne
2435 2148 2573 2204 forte
2610 2147 2733 2218 quis
2766 2161 2865 2217 per
2903 2144 3251 2215 petulantiam
3288 2156 3440 2198 suam
3475 2141 3658 2197 eccle-

2070 2242 2273 2298 siastici
2302 2241 2511 2296 ordinis
2536 2241 2761 2311 gradum
2789 2238 2919 2292 dare
2944 2245 3038 2291 aut
3062 2235 3307 2304 accipere
3334 2240 3659 2303 prmsumat.

2072 2334 2226 2391 Unde
2253 2333 2362 2399 hic,
2389 2331 2563 2401 major
2583 2338 2640 2386 et
2663 2330 2861 2394 minor,
2889 2328 3079 2382 doctus
3100 2326 3303 2396 pariter
3321 2333 3377 2378 et
3406 2324 3665 2378 indoctus

2072 2433 2133 2479 ut
2147 2423 2382 2479 sortibus
2395 2422 2729 2492 subiaceant,
2744 2420 2918 2475 docet.
2936 2403 3071 2472 Hinc
3094 2414 3359 2470 etPaulus
3381 2414 3452 2468 ad
3468 2413 3663 2467 Timo-

2075 2516 2255 2570 theum
2282 2515 2525 2569 scribens
2551 2513 2655 2567 ait:
2674 2509 2865 2564 Manus
2879 2511 2980 2563 cito
2998 2506 3188 2562 nemini
3213 2503 3551 2574 imposueris,
3572 2519 3664 2555 ne—

2072 2624 2170 2678 que
2186 2604 2646 2661 communicaveris
2659 2602 2883 2673 peccatis
2906 2598 3092 2652 alienis
3108 2595 3157 2667 (1
3176 2594 3307 2648 Tim.
3324 2592 3399 2663 v).
3419 2592 3501 2645 Tu
3514 2609 3664 2661 ergo,

2075 2700 2176 2770 fili,
2204 2700 2500 2768 confortare
2530 2698 2583 2750 in
2614 2695 2806 2767 gratia,
2836 2710 2953 2764 qua:
2985 2702 3057 2746 est
3085 2692 3140 2744 in
3176 2688 3381 2743 Christo
3415 2686 3550 2740 Jesu
3572 2725 3587 2748 ,
3616 2694 3665 2737 et

2076 2806 2194 2859 qua:
2223 2787 2418 2843 audisti
2457 2804 2490 2840 a
2519 2803 2601 2840 me
2633 2802 2726 2855 per
2754 2784 2944 2838 multos
2979 2793 3130 2836 testes
3152 2822 3166 2846 ,
3197 2780 3306 2833 lucc
3350 2775 3668 2831 commenda

2075 2876 2341 2949 fidelibus,
2364 2875 2454 2946 qui
2480 2874 2654 2929 idonei
2674 2882 2823 2927 erunt
2849 2881 2897 2925 et
2927 2870 3060 2925 alios
3085 2870 3268 2922 docere
3290 2865 3374 2937 (11
3404 2863 3548 2917 Tim.
3581 2862 3667 2933 it).

2078 2967 2218 3022 Hinc
2244 2974 2297 3021 et
2324 2980 2419 3034 per
2458 2963 2696 3034 singulos
2744 2961 2962 3017 ordines
3000 2957 3285 3014 instrueris
3315 2954 3434 3026 (sic)
3482 2954 3669 3015 docet,

2079 3056 2311 3128 qualiter
2323 3056 2691 3126 unusquisque
2714 3052 2994 3124 pervenire
3009 3049 3337 3121 adgradum,
3354 3053 3408 3099 et
3428 3044 3673 3115 qualiter

2004 3116 2049 3177 Ε
2082 3150 2136 3204 in
2172 3164 2237 3204 eo
2268 3147 2579 3203 conversari
2607 3146 2817 3209 debeat,
2840 3145 2963 3214 quia
2985 3141 3345 3214 periculosum
3375 3147 3464 3193 est
3491 3136 3671 3206 quod-

2082 3238 2213 3293 libet
2237 3253 2373 3293 onus
2402 3237 2583 3291 subire
2606 3235 2773 3297 velle,
2802 3233 2943 3305 quod
2976 3248 3034 3289 se
3062 3233 3162 3287 scit
3188 3231 3406 3286 omnino
3435 3228 3673 3283 suﬁ‘erre

2085 3344 2193 3383 non
2218 3344 2399 3399 posse.
2445 3326 2785 3381 Enumeratis
2813 3339 2942 3395 ergo
2964 3322 3320 3391 ianitoribus,
3363 3327 3412 3374 el
3456 3319 3674 3385 origine

2084 3435 2292 3484 eorum,
2324 3418 2567 3487 sequitur
2594 3416 2894 3487 Scriptura,
2932 3415 3117 3469 dicens
3148 3430 3161 3466 :

2644 3547 2871 3603 CAPUT
2915 3546 3102 3602 XXVI.

2088 3643 2164 3697 De
2195 3641 2521 3711 janitoribus
2551 3650 2597 3693 et
2641 3635 3367 3711 principibus”custodiarum
3419 3632 3679 3692 Domini;

2157 3704 2257 3782 qui
2281 3727 2456 3763 omnes
2496 3704 2656 3782 fortes
2691 3704 3399 3782 divisiAuicibuslministeria
3439 3720 3548 3782 siut
3582 3719 3678 3755 ea:-

2158 3772 2398 3852 plebant,
2440 3772 2800 3833 et'thesauros
2835 3778 3020 3831 domus
3058 3776 3271 3829 Domini
3308 3772 3677 3843 providebant.

2163 3870 2206 3942 (Ι
2230 3870 2363 3924 Ρη.
2390 3869 2561 3939 XXVI.)
2589 3866 2660 3921 Ili
2682 3868 2836 3921 divisi
2863 3875 2982 3920 sunt
3008 3868 3065 3919 in
3085 3865 3364 3935 janitores,
3389 3872 3447 3916 ut
3472 3878 3683 3933 semper

2090 3961 2346 4030 principes
2366 3958 2721 4012 custodiarum
2742 3958 2875 4010 sicut
2896 3964 2945 4010 et
2970 3956 3158 4026 fratres
3181 3968 3381 4017 eorum,
3406 3954 3686 4007 ministra-

2092 4059 2203 4103 rent
2227 4050 2283 4103 in
2309 4050 2463 4102 domo
2485 4048 2718 4101 Domini.
2748 4045 2926 4100 Missa:
2950 4056 3072 4099 sunt
3098 4061 3220 4115 ergo
3247 4054 3410 4098 sortes
3439 4060 3507 4097 ει
3529 4059 3684 4113 α’ῳιο

2093 4147 2142 4192 et
2162 4139 2338 4209 parvis
2360 4149 2408 4191 et
2430 4139 2634 4206 magnis
2657 4153 2749 4207 per
2774 4135 3005 4206 familias
3027 4152 3152 4189 suas
3178 4136 3232 4188 in
3256 4149 3688 4205 unamquamque

2093 4236 2383 4297 portarum.
2406 4226 2602 4281 Cecidit
2626 4242 2746 4296 ergo
2771 4242 2884 4280 sors
2912 4224 3183 4279 orientalis
3214 4223 3474 4279 Sclemirc.
3508 4224 3687 4278 Porro

2094 4313 2369 4369 Zacharia:
2394 4313 2504 4382 ﬁlio
2530 4313 2668 4383 ejus,
2692 4316 2800 4368 uiro
2830 4314 3234 4383 prudentissimo
3260 4323 3307 4367 et
3335 4314 3546 4367 erudito
3565 4330 3689 4367 sor-

2097 4405 2190 4458 tito
2235 4404 2415 4475 obtigit
2464 4404 2620 4474 plaga
2669 4403 3105 4475 septentrionalis.
3136 4403 3435 4457 Obededom
3474 4420 3595 4457 vero
3640 4412 3688 4456 et

2097 4493 2224 4563 ﬁliis
2252 4493 2365 4563 ejus
2396 4493 2464 4546 ad
2495 4502 2733 4547 austrum
2768 4508 2788 4547 :
2817 4494 2872 4546 in
2911 4508 3014 4563 qua
3054 4502 3201 4563 parte
3237 4491 3426 4545 domus
3450 4500 3565 4544 erat
3597 4509 3686 4545 sc-

2098 4584 2305 4638 niorum
2342 4582 2640 4637 concilium.
2671 4582 2918 4653 Seppltim
2957 4593 3006 4636 et
3053 4581 3201 4635 Hosa
3241 4581 3311 4634 ad
3360 4581 3689 4635 occidentem

2090 4676 2250 4745 juxta
2277 4685 2514 4745 portam,
2542 4692 2658 4746 qute
2686 4675 2828 4728 ducit
2857 4675 2927 4727 ad
2955 4675 3091 4728 viam
3120 4673 3469 4735 ascensionis,
3502 4682 3688 4726 custo-

2098 4767 2190 4820 dia
2218 4776 2400 4821 contra
2428 4766 2738 4820 custodiam.
2778 4765 2860 4818 Ad
2891 4765 3140 4819 orientem
3179 4780 3298 4818 vero
3337 4762 3536 4817 Levitte
3570 4780 3688 4826 sex,

2099 4869 2149 4913 et
2176 4860 2244 4912 ad
2266 4858 2560 4930 aquilonem
2583 4867 2808 4927 quatuor
2825 4873 2918 4927 per
2940 4857 3114 4920 diem;
3138 4865 3291 4926 atque
3316 4855 3387 4908 ad
3410 4854 3690 4908 meridiem

2100 4947 2339 5001 similiter
2366 4951 2420 5001 in
2447 4946 2553 5009 die,
2581 4954 2831 5016 quatuor,
2854 4954 2902 4998 et
2928 4944 3017 4997 ubi
3037 4952 3149 4998 erat
3174 4942 3479 5004 concilium,
3505 4941 3615 4995 bini
3640 4950 3693 4994 et

2099 5039 2228 5093 bini.
2261 5039 2325 5093 In
2347 5038 2548 5093 cellulis
2574 5054 2778 5108 quoque
2796 5037 3089 5106 janitorum
3112 5035 3181 5088 ad
3210 5035 3534 5088 occidentem
3555 5050 3693 5101 qua-

2103 5140 2224 5184 tuor
2245 5131 2298 5184 in
2327 5132 2432 5194 via,
2461 5128 2667 5198 binique
2705 5145 2797 5198 per
2833 5127 3068 5181 cellulas.
3113 5124 3208 5179 Has
3246 5134 3365 5179 sunt
3404 5125 3692 5178 divisiones

2097 5222 2390 5291 janitorum
2426 5220 2848 5291 ﬁliorum‘Cortc
2889 5232 2937 5276 et
2982 5219 3200 5274 Merari.
3245 5218 3522 5274 Janitores
3560 5226 3696 5273 sunt
3771 5240 3780 5249 -

2104 5322 2161 5367 et
2185 5313 2454 5383 principes
2483 5314 2851 5371 custodiarum
2882 5313 3073 5367 domus
3096 5311 3214 5375 Dei,
3239 5310 3493 5365 doctores
3515 5310 3692 5365 sancti

2109 5403 2201 5473 qui
2246 5404 2534 5457 observant
2580 5403 2856 5457 introitum
2893 5402 3177 5465 Ecclesiae,
3227 5409 3284 5455 et
3330 5400 3693 5471 singulorum,

2064 5552 2067 5557 _
2108 5495 2203 5563 qui
2233 5495 2299 5550 ad
2343 5497 2667 5563 baptismum
2707 5494 2910 5550 Christi
2944 5502 3107 5563 atque
3143 5493 3211 5547 ad
3249 5507 3436 5548 veram
3473 5491 3695 5562 religio-

2110 5603 2232 5641 nem
2273 5589 2565 5652 accedunt,
2611 5587 2771 5642 ﬁdem
2809 5595 2865 5641 et
2900 5585 3241 5640 devotionem
3281 5584 3587 5654 explorant.
3624 5581 3699 5638 Ili

2111 5682 2275 5736 etiam
2307 5696 2371 5735 ex
2402 5695 2574 5749 :equo,
2605 5688 2661 5734 et
2684 5693 2882 5748 parvus
2911 5686 2966 5731 et
2992 5691 3237 5745 magnus,
3268 5690 3369 5745 per
3393 5684 3569 5731 sortes
3589 5672 3695 5727 eli-
