3876 6136
327 295 427 351 597

1244 292 1590 348 conamur.
1636 292 1699 345 lN
1738 293 2285 348 l’AltALli’OllENA.
2322 325 2389 333 —
2429 276 2552 348 Lm.
2597 296 2656 350 ιι.

3466 310 3567 364 538

325 412 546 475 guntur,
574 402 703 473 quia
735 416 841 457 non
876 402 1171 458 secundum
1208 417 1559 471 personarum
1588 404 1897 457 considera-
1928 417 1975 471 Α
2005 404 2105 456 nisi
2136 404 2260 457 solis
2289 405 2494 460 Judtvis
2525 409 2659 461 (Act.
2687 413 2784 478 xi).
2815 411 2979 466 Recte
3005 428 3132 485 ergo
3160 417 3326 470 auStri
3356 423 3570 475 nomine

328 492 525 546 tionem
544 532 561 556 ,
590 492 686 545 sed
706 490 860 559 juxta
891 492 1219 547 intellectum
1250 493 1550 562 sapientiai,
1578 503 1633 547 ct
1660 495 1898 562 probita-

328 589 433 636 tem
464 581 620 645 viae,
665 580 719 635 in
761 581 1019 636 honorem
1060 584 1258 652 gradus
1298 591 1699 651 promoventur.
1750 581 1901 637 Unde

325 674 574 742 princeps
620 672 984 741 apostolorum
1033 672 1456 741 disceptantihus
1501 673 1785 726 adversum
1842 684 1901 725 se

326 762 521 817 Judseis
556 762 624 816 de
664 761 947 831 gentilium
992 763 1059 816 ad
1103 761 1262 839 ﬁdem
1302 762 1641 831 susceptione
1672 776 1897 831 respon-

328 855 401 907 dit
431 872 444 905 :
472 853 540 907 In
578 854 791 906 veritate
829 852 1089 923 comperi,
1119 854 1365 923 quoniam
1402 870 1505 907 non
1540 862 1615 907 est
1645 870 1897 923 persona-

328 961 439 998 rum
467 953 709 1013 acceptor
738 944 877 997 Deus
895 983 911 1007 ,
940 944 1033 997 sed
1058 944 1113 997 in
1142 944 1283 997 omni
1308 954 1455 1014 gente
1493 945 1581 1015 qui
1617 946 1756 998 timet
1788 944 1897 997 Do-

326 1033 520 1085 minum
536 1042 613 1094 ,et
635 1042 880 1101 operatur
890 1031 1175 1100 justitiam,
1199 1042 1437 1100 acceptus
1462 1043 1535 1086 est
1564 1032 1642 1085 illi
1657 1032 1792 1104 (Act.
1815 1031 1895 1102 x).

327 1120 527 1173 Cecidit
569 1135 698 1190 ergo
742 1134 860 1174 sors
913 1121 1191 1175 orientalis
1232 1120 1494 1176 Selemiae.
1539 1123 1605 1176 Et
1638 1122 1765 1191 quid
1802 1139 1899 1192 per

326 1207 643 1271 Selemiam,
675 1210 765 1277 qui
800 1209 1187 1278 interpretatur
1232 1210 1474 1263 reddente
1515 1210 1759 1277 Domino,
1793 1212 1896 1266 nisi

322 1301 549 1355 ollicium
581 1301 944 1371 apostolorum
983 1312 1038 1356 et
1070 1303 1367 1371 primorum
1396 1300 1677 1357 d‘octorum
1714 1305 1894 1359 Evan-

323 1392 444 1460 gelii
496 1392 817 1454 insinuatur,
864 1392 1060 1461 quibus
1097 1393 1376 1447 orientalis
1415 1402 1602 1463 porta,
1644 1396 1747 1450 hoc
1790 1402 1892 1460 est,

324 1485 587 1552 primitiva
615 1485 668 1537 in
699 1484 897 1539 Judaais
933 1484 1169 1540 Ecclesia
1196 1486 1635 1557 commendatur.
1666 1486 1732 1540 lii
1766 1502 1895 1559 ergo

324 1578 533 1639 merito,
567 1576 809 1628 reddente
837 1574 1082 1640 Domino,
1110 1576 1363 1630 dicuntur
1392 1594 1404 1628 :
1434 1576 1558 1645 quia
1587 1577 1727 1631 sicut
1747 1576 1892 1632 anti-

321 1665 439 1738 quis
480 1663 726 1733 patribus
760 1664 1018 1719 Dominus
1046 1665 1324 1734 promisit,
1355 1666 1428 1719 ita
1464 1666 1518 1721 in
1554 1666 1679 1721 ﬁliis
1706 1682 1893 1723 eorum

2003 493 2148 562 plebs
2168 493 2389 549 Judaica
2421 496 2697 567 ﬁguratur,
2730 515 2848 568 qua:
2874 501 3135 571 legalibus
3159 512 3214 557 ct
3242 508 3572 574 propheticis

2002 584 2285 638 sententiis
2313 584 2577 640 instructa
2605 587 2777 642 vicina
2808 588 2909 643 fuit
2936 591 3002 643 ad
3039 594 3439 663 percipiendum
3475 613 3568 652 ca-

1998 664 2166 725 lorem
2191 671 2313 726 ﬁdei
2342 687 2406 727 ac
2430 672 2601 729 lucem
2628 678 2904 747 sapientia:
2931 680 3140 734 divinae.
3173 682 3237 736 Et
3267 686 3459 740 merito
3482 688 3571 742 hic

1999 760 2302 817 Olicdcdom
2342 773 2396 819 ct
2433 765 2526 819 ﬁlii
2569 766 2684 835 ejus
2716 768 2783 823 ad
2824 771 3138 839 aperiendas
3170 783 3352 841 portas
3380 775 3569 831 domus

1998 854 2094 909 Dei
2124 856 2466 925 deputantur.
2493 868 2551 912 ut
2575 861 2789 915 nomina
2816 863 3184 918 ministrorum
3211 877 3570 936 congruersnt

1997 946 2243 1014 pc.sonis
2286 947 2401 1016 ipsa
2448 948 2740 1003 ministeria
2793 952 3187 1023 accipientium.
3234 954 3368 1008 Nam
3421 954 3568 1011 Obed

1999 1034 2390 1103 interpretatur
2424 1038 2679 1100 serviens;
2726 1046 2781 1092 et
2814 1038 3016 1105 Edoni,
3046 1044 3252 1096 rubens.
3298 1043 3397 1109 Qui
3437 1060 3566 1115 ergo

1999 1116 2205 1178 ancillze
2237 1124 2328 1178 ﬁlii
2360 1125 2573 1181 fuerunt
2605 1144 2634 1180 a
2664 1139 2843 1184 monte
2874 1129 3021 1185 Sinai
3049 1132 3100 1184 in
3128 1134 3437 1189 servitutem
3469 1152 3564 1207 ερ-

1996 1214 2169 1266 nerati
2191 1254 2205 1278 ,
2242 1223 2297 1267 et
2323 1214 2522 1283 perfusi
2551 1218 2746 1271 rubore
2782 1219 3056 1286 sanguinis
3086 1219 3314 1287 Christi,
3354 1232 3563 1278 reatum

1997 1321 2150 1359 suum
2193 1307 2245 1359 in
2283 1309 2567 1376 propatulo
2605 1309 2937 1376 habuerunt,
2981 1311 3197 1381 dignum
3235 1311 3337 1366 fuit
3370 1323 3429 1367 ut
3468 1330 3567 1384 per

1996 1397 2356 1452 humilitatem
2384 1413 2449 1452 ac
2469 1400 2973 1455 condescensiOnem
2995 1402 3372 1472 magistrorum
3402 1404 3563 1457 redu-

1996 1496 2249 1541 cerentur
2275 1488 2341 1542 ad
2361 1488 2667 1557 pristinum,
2692 1490 2831 1544 unde
2854 1490 3119 1553 decidere,
3146 1492 3419 1561 dignitatis
3438 1506 3563 1561 gra-

1994 1578 2141 1631 dum.
2164 1576 2399 1645 Quorum
2419 1578 2670 1648 pietatem
2693 1587 2747 1633 et
2768 1580 3224 1635 mansuetudinem
3251 1580 3447 1636 Paulus
3468 1596 3567 1652 per

1994 1666 2286 1740 Epistolam
2315 1668 2369 1723 in
2397 1686 2491 1725 sua
2518 1686 2746 1740 persona
2772 1673 3050 1742 expressit,
3081 1673 3264 1728 dicens
3295 1691 3308 1727 :
3338 1672 3467 1727 Cum
3494 1674 3563 1727 li-

323 1757 432 1823 ipse
456 1756 759 1825 complevit.
786 1755 937 1811 Unde
968 1756 1035 1811 de
1056 1757 1136 1811 eis
1166 1772 1261 1827 per
1281 1757 1474 1812 Isaiam
1499 1758 1693 1813 dicitur
1719 1778 1731 1813 :
1758 1757 1893 1814 Ecce
1921 1757 1966 1815 B
1995 1758 2083 1811 ber
2107 1775 2270 1812 essem
2308 1774 2372 1813 ea:
2407 1759 2674 1826 omnibus,
2716 1762 2947 1814 omnium
2994 1774 3076 1815 me
3114 1778 3317 1816 senium
3349 1762 3467 1830 feci,
3507 1773 3565 1817 ut

319 1863 407 1916 ego
440 1862 557 1899 creo
587 1845 918 1901 Hierusalem
953 1847 1344 1903 exsultationem
1366 1890 1381 1915 ,
1408 1859 1456 1903 et
1496 1850 1741 1920 populum
1778 1851 1894 1922 ejus

318 1940 584 2007 gaudium.
614 1939 907 1993 Exsultabo
930 1941 984 1994 in
1011 1939 1365 2007 Hierusalem,
1391 1952 1438 1995 et
1458 1943 1693 2012 gaudebo
1719 1944 1773 1997 in
1794 1959 1891 2013 ρο·
1934 2015 1941 2022 ἱ

317 2030 436 2097 pulo
475 2047 627 2094 meo,
669 2041 716 2083 et
751 2032 1084 2099 a'diﬁcabunt
1126 2032 1340 2097 domos,
1384 2047 1431 2088 et
1470 2035 1806 2101 habitabant,
1842 2045 1893 2090 et

316 2118 624 2186 plantabunt
669 2120 874 2185 vineas,
915 2129 963 2174 et
1000 2121 1264 2175 comedent
1288 2122 1517 2191 fructum
1538 2140 1717 2177 earum
1745 2138 1764 2175 :
1788 2141 1893 2179 non

317 2212 671 2277 plantabitur,
711 2221 757 2262 et
788 2208 928 2261 alius
973 2214 1224 2260 comedet.
1261 2206 1560 2259 Secundum
1600 2208 1740 2260 enim
1775 2206 1892 2259 dies

320 2303 444 2372 ligni
475 2311 627 2356 erant
656 2302 763 2354 dies
784 2300 964 2368 populi
986 2298 1085 2352 mei
1111 2314 1126 2350 :
1164 2307 1210 2351 et
1240 2313 1399 2366 opera
1429 2314 1680 2350 manuum
1711 2312 1891 2351 eorum

320 2396 695 2448 inreterabunt.
722 2392 889 2446 Electi
930 2393 1027 2444 mei
1051 2406 1155 2443 non
1184 2389 1498 2444 laborabunt
1528 2390 1750 2458 frustra,
1791 2407 1883 2443 ne-

320 2504 415 2555 que
436 2489 760 2557 generabant
801 2489 856 2538 in
880 2485 1327 2539 conturbationem
1348 2500 1366 2537 .'
1389 2485 1514 2554 quia
1536 2500 1708 2536 semen
1734 2485 1887 2537 bene-

320 2581 578 2633 dictorum
587 2578 795 2631 Domini
808 2576 955 2638 est,et
972 2586 1176 2647 nepotes
1190 2593 1368 2629 eurunt
1386 2593 1503 2629 cum
1519 2573 1805 2643 cistlsa.“
1817 2577 1891 2645 γ).

387 2664 558 2717 Porro
593 2662 867 2717 Zachariae
906 2664 1019 2732 filio
1060 2664 1204 2734 ejus,
1250 2665 1357 2718 viro
1399 2664 1799 2734 prudentissimo
1840 2673 1889 2718 et

317 2753 538 2816 erudito,
556 2764 695 2806 sorte
711 2753 886 2822 obtigit
914 2753 1069 2823 plaga
1092 2753 1526 2822 septentrionalis.
1552 2752 1656 2807 Per
1680 2754 1887 2809 Zacha-

319 2845 467 2905 riam,
498 2843 591 2912 qui
631 2859 830 2897 memor
857 2843 1071 2897 Domini
1112 2844 1516 2913 interpretatur,
1544 2856 1597 2898 et
1623 2842 1723 2898 fuit
1749 2843 1890 2898 ﬁlius

318 2931 596 2995 Selemiae,
642 2931 890 2987 doctores
920 2930 1194 3001 gentium,
1231 2930 1321 2999 qui
1364 2931 1432 2985 ab
1470 2929 1599 3000 ipsis
1631 2931 1890 3002 apostolis

315 3030 369 3076 ct
411 3021 603 3092 primis
652 3022 1090 3091 praedicatoribus
1137 3022 1413 3093 Evangelii
1466 3024 1534 3077 ad
1585 3024 1887 3094 prtedican-

1993 1849 2166 1920 plures
2190 1850 2548 1920 lucrifacerem
2576 1866 2594 1903 :
2623 1862 2673 1906 et
2702 1852 2873 1923 factus
2906 1869 3023 1907 sum
3046 1852 3251 1908 Juda’is
3270 1895 3284 1920 ,
3313 1864 3564 1926 tanquam

1993 1938 2244 2004 Judtrus,
2277 1949 2333 1992 ut
2360 1939 2579 1993 Judtros
2607 1940 2861 1995 lncrarer.
2894 1941 2993 1996 His
3020 1944 3109 2013 qui
3147 1943 3240 1997 sub
3280 1943 3389 2014 lege
3417 1955 3561 2011 sunt,

1993 2030 2143 2100 quasi
2166 2030 2261 2083 sub
2287 2029 2395 2099 lege
2419 2047 2599 2096 essem,
2632 2048 2750 2085 cum
2775 2033 2885 2102 ipse
2910 2048 3013 2086 non
3039 2048 3199 2086 essem
3228 2034 3321 2086 sub
3348 2034 3477 2104 lege,
3505 2045 3563 2088 ut

1992 2136 2077 2173 eos
2095 2121 2181 2189 qui
2202 2121 2295 2173 sub
2318 2120 2425 2191 lege
2439 2130 2585 2174 erant
2608 2120 2987 2190 lucrifacercm.
3006 2124 3258 2177 Omnibus
3283 2127 3457 2178 omnia
3474 2126 3560 2194 fa-

1990 2223 2103 2266 ctus
2140 2229 2287 2277 sum,
2329 2223 2382 2266 ut
2420 2230 2593 2266 omnes
2633 2212 2801 2267 salvos
2839 2215 3063 2283 facerem
3103 2214 3157 2285 (I
3196 2213 3316 2267 Cor.
3356 2216 3455 2285 ix).
3496 2217 3563 2270 Et

1989 2301 2149 2371 paulo
2180 2310 2300 2375 post
2334 2320 2347 2354 ;
2390 2300 2584 2355 Factus
2618 2308 2762 2368 Sum,
2806 2303 3007 2372 inquit,
3040 2303 3261 2372 inﬁrmis
3298 2305 3556 2372 infirmus,

1990 2403 2045 2445 ut
2082 2393 2316 2461 inﬁrmos
2351 2392 2732 2457 lucrifacerem.
2776 2393 2927 2461 Quod
2965 2402 3144 2450 autem
3175 2395 3512 2466 subjungitur
3541 2414 3555 2449 ε

1990 2481 2054 2535 1η
2085 2500 2187 2552 qua
2221 2492 2369 2552 parte
2398 2483 2584 2537 domus
2611 2494 2722 2537 erat
2757 2485 3018 2539 seniorum
3050 2486 3343 2551 concilium,
3374 2496 3557 2542 osten-

1990 2574 2066 2627 dit
2097 2575 2241 2643 quod
2271 2582 2335 2629 ex
2368 2575 2482 2644 ipsa
2511 2575 2664 2645 plebe
2689 2574 2906 2630 fuerunt
2933 2577 3154 2646 apostoli
3182 2585 3238 2631 et
3263 2578 3556 2647 propbctzn,

1989 2665 2080 2734 qui
2108 2670 2330 2736 propter
2354 2666 2717 2720 maturitatem
2748 2668 3023 2736 sapientiae
3055 2667 3296 2722 seniores
3327 2668 3427 2721 rite
3459 2684 3557 2722 no-

1990 2758 2283 2809 minantur.
2318 2756 2394 2811 De
2416 2742 2620 2826 quibus
2649 2757 2700 2810 in
2731 2758 2944 2812 cantico
2981 2757 3381 2812 Deuteronomii
3410 2757 3556 2829 Moy-

1987 2861 2075 2900 ses
2103 2847 2179 2899 ait
2215 2864 2227 2899 :
2257 2845 2533 2916 Interroga
2565 2857 2738 2917 patres
2774 2856 2912 2914 tuos,
2941 2857 2991 2902 et
3020 2849 3404 2902 annuntiabunt
3432 2851 3558 2914 tibi;

1987 2936 2212 2989 seniores
2238 2944 2385 3000 tuos,
2421 2945 2468 2989 et
2492 2936 2661 2989 dicent
2689 2936 2782 2990 tibi
2815 2934 2989 3007 (Deut.
3019 2935 3212 3007 xxxu).
3243 2936 3311 2990 Et
3343 2938 3395 2990 in
3422 2937 3555 2991 Pro-

1988 3024 2188 3078 verbiis
2230 3024 2490 3095 scriptum
2534 3032 2620 3079 est
2668 3041 2680 3077 :
2730 3023 2934 3079 Nobilis
2980 3024 3037 3078 in
3081 3025 3246 3092 portis
3290 3025 3370 3077 vir
3410 3024 3555 3092 ejus,

316 3114 438 3167 dum
466 3115 715 3182 gentibus
740 3114 970 3169 ordinati
1003 3125 1148 3179 sunt,
1174 3116 1522 3186 designantur
1552 3135 1564 3170 :
1593 3116 1767 3185 qualis
1787 3117 1888 3173 fuit

1992 3103 2193 3172 quando
2222 3104 2411 3155 sederit
2435 3118 2551 3155 cum
2572 3105 2859 3155 senioribus
2878 3114 3030 3155 terra:
3051 3107 3232 3171 (Prov.
3260 3118 3410 3164 xm,
3443 3103 3560 3171 23).

316 3202 588 3257 Barnabas
623 3212 679 3257 et
716 3196 914 3259 Saulus
947 3206 1014 3260 de
1044 3207 1267 3275 quibus,
1304 3206 1584 3262 orantibus
1612 3206 1890 3277 discipulis

314 3301 367 3346 et
400 3291 803 3361 jejunantihus,
845 3295 981 3349 dixit
1027 3296 1258 3366 Spiritus
1300 3306 1519 3355 sanctus
1556 3315 1568 3350 :
1611 3297 1890 3367 Segregate

315 3385 441 3438 mihi
470 3383 702 3441 Paulum
729 3396 777 3439 et
802 3386 1104 3442 Barnabam
1134 3390 1190 3442 in
1218 3406 1345 3459 opus
1374 3390 1443 3443 ad
1468 3390 1604 3461 quod
1632 3390 1890 3461 assumpsi

315 3491 398 3528 eos
423 3475 564 3545 (Act.
596 3475 735 3548 xm).
766 3476 870 3532 Per
896 3480 1373 3548 septentrionalem
1401 3480 1608 3550 plagam
1639 3492 1757 3550 qum
1786 3480 1887 3536 fri-

316 3568 494 3637 gidum
524 3577 740 3623 ventum
779 3571 1005 3637 emittit,
1046 3571 1218 3642 frigus
1257 3572 1587 3628 inﬁdelitatis
1611 3574 1890 3643 gentilium

317 3660 594 3730 ﬁguratur.
621 3659 727 3716 Sed
747 3678 815 3717 ex
838 3663 922 3717 his
941 3663 1156 3732 plurimi
1181 3665 1248 3718 ad
1274 3664 1434 3720 ﬁdem
1465 3666 1684 3720 veniunt
1712 3686 1725 3719 :
1750 3656 1890 3721 unde

317 3748 393 3802 eis
413 3758 570 3817 porta
594 3752 1028 3819 septentrionalis
1048 3762 1105 3807 et
1114 3751 1380 3820 janitores
1403 3753 1519 3824 ejus
1543 3756 1885 3825 deputantur.

320 3837 392 3893 De
430 3840 628 3908 quibus
659 3856 759 3910 per
791 3840 1080 3897 Jeremiam
1119 3844 1317 3898 dicitur
1357 3862 1370 3897 :
1412 3844 1532 3897 Erit
1557 3845 1668 3899 dies
1702 3846 1755 3897 in
1786 3862 1889 3915 qua

319 3929 613 3983 clamabunt
668 3931 905 3985 custodes
956 3931 1012 3985 in
1056 3944 1253 3987 montes
1298 3933 1549 4003 Ephraim
1595 3949 1613 3987 :
1657 3932 1886 4004 Surgite,

320 4023 661 4076 ostendamus
708 4024 761 4076 in
805 4022 936 4077 Sion
972 4023 1042 4077 ad
1078 4024 1358 4078 Dominum
1399 4024 1565 4078 Deum
1603 4036 1836 4079 nostrum
1869 4043 1888 4080 :

317 4116 437 4184 quia
489 4115 567 4167 sic
602 4114 727 4167 dicit
781 4113 1034 4169 Dominus
1088 4131 1108 4168 :
1154 4115 1290 4170 Ecce
1340 4132 1432 4186 ego
1485 4116 1746 4170 adducam
1801 4134 1889 4171 eos
1934 4181 1942 4188 ν

320 4202 381 4254 de
421 4212 564 4255 terra
610 4201 899 4272 aquilonis,
941 4213 990 4256 et
1047 4204 1365 4274 congregabo
1408 4220 1493 4258 eos
1538 4203 1603 4256 ab
1649 4206 1889 4259 extremis

321 4300 487 4356 teme,
515 4291 653 4344 inter
675 4296 803 4359 quos
827 4300 977 4345 erunt
1004 4308 1171 4346 cwcus
1194 4302 1241 4345 et
1267 4293 1506 4358 claudus,
1537 4298 1812 4364 pra'gnans
1840 4304 1889 4348 et

320 4387 522 4452 pariens
548 4384 727 4439 simul.
750 4382 922 4439 Castus
943 4401 1161 4454 magnus
1185 4387 1540 4439 revertentium
1561 4387 1663 4438 huc
1685 4388 1737 4439 in
1761 4387 1884 4454 fletu

1988 3193 2092 3260 Qui
2121 3204 2301 3249 autem
2321 3195 2513 3247 horum
2549 3194 2827 3248 seniorum
2890 3195 3045 3249 audit
3073 3193 3385 3258 consilium,
3427 3210 3559 3263 pro-

1987 3285 2127 3340 fecto
2150 3286 2345 3339 animm
2371 3301 2483 3339 sum
2512 3301 2699 3341 verum
2754 3285 2998 3340 inveniet
3028 3286 3352 3341 remedium.
3387 3286 3558 3342 Porro

1986 3379 2129 3447 quod
2153 3380 2402 3447 sequitur
2442 3395 2456 3431 :

2053 3469 2306 3541 Sepphim
2333 3481 2380 3525 et
2406 3470 2550 3526 Ilosa
2576 3472 2646 3525 ad
2681 3471 2991 3526 occidentem
3010 3472 3169 3541 jutrta
3191 3479 3419 3540 portam,
3445 3484 3563 3539 qua:

1981 3561 2122 3614 ducit
2143 3561 2212 3615 ad
2226 3562 2361 3614 riam
2377 3563 2693 3614 ascensionis
2706 3578 2798 3630 per
2814 3561 3192 3615 occidentalem
3212 3559 3450 3629 plagam,
3473 3558 3561 3610 ubi

1982 3652 2062 3705 sol
2087 3653 2275 3705 occidit
2312 3666 2330 3704 :
2360 3652 2713 3705 novissimum
2745 3660 2957 3719 tempus
2998 3650 3160 3718 hujus
3190 3648 3371 3701 saeculi
3395 3648 3556 3714 juxta

1983 3746 2143 3796 tinem
2164 3742 2349 3795 mundi
2370 3742 2723 3810 signiﬁcatur,
2745 3741 2966 3811 quando
2984 3738 3161 3794 futura
3179 3748 3265 3794 est
3302 3752 3558 3806 perseeu-

1985 3834 2059 3888 tio
2082 3834 2411 3888 validissima
2425 3837 2527 3888 sub
2547 3833 2907 3896 AntichriSto,
2930 3842 3002 3896 et,
3020 3834 3323 3887 secundum
3337 3842 3559 3885 senten-

1985 3927 2111 3980 tiam
2140 3925 2375 3988 Domini,
2402 3925 2912 3978 scandalizabuntur
2937 3925 3088 3978 multi
3109 3923 3329 3996 (Matth.
3357 3923 3510 3994 xxtv)
3537 3941 3554 3991 ;

1982 4033 2136 4089 atque
2155 4024 2305 4093 juxta
2324 4020 2469 4076 Pauli
2495 4021 2742 4093 :Christi]
2765 4024 3112 4089 sententiam,
3136 4023 3426 4078 abundabit
3451 4024 3560 4078 ini~

1987 4109 2193 4180 q‘uitas,
2227 4115 2276 4159 et
2313 4105 2607 4175 refrigescet
2639 4104 2868 4156 Charitas
2901 4102 3205 4157 multorum.
3238 4102 3406 4170 Hujus
3431 4121 3560 4174 ergo

1988 4203 2155 4265 porta:
2193 4193 2457 4262 janitores
2498 4199 2623 4247 sunt
2663 4192 2910 4246 doctores
2951 4190 3094 4246 illius
3134 4192 3428 4262 temporis,
3467 4193 3560 4259 qui

1989 4284 2355 4339 conculcatam
2383 4281 2846 4352 persecutionibus
2874 4282 3170 4338 Ecclesiam
3197 4283 3311 4337 suis
3335 4283 3559 4351 dogma-

1990 4374 2130 4427 tibus
2154 4372 2364 4436 levant,
2397 4379 2557 4439 atque
2595 4370 3059 4425 exhortationibus
3094 4371 3370 4425 roborant.
3409 4373 3562 4438 Quod

322 4475 535 4538 venient,
559 4484 606 4527 et
629 4475 684 4527 in
703 4474 936 4543 precibus
957 4474 1211 4528 deducam
1233 4490 1317 4527 eos
1338 4492 1428 4545 per
1448 4484 1695 4528 torrentes
1723 4493 1887 4546 aqua-
1910 4437 1963 4494 Β
1989 4467 2126 4519 bene
2165 4464 2403 4535 ipsorum
2437 4463 2733 4532 ianitorum
2767 4462 3077 4532 exprimunt
3112 4463 3347 4517 ηοωίηθο
3387 4463 3559 4518 Iule?"

324 4582 432 4619 rum
455 4568 509 4619 in
535 4568 619 4620 via
648 4577 804 4631 recta,
828 4574 876 4619 et
903 4580 1005 4619 non
1032 4566 1308 4636 impingent
1332 4568 1385 4620 in
1400 4567 1609 4638 ea(Jer.
1632 4572 1800 4641 xxxi).

391 4658 687 4712 Obededom
714 4674 830 4712 vero
856 4668 901 4712 et
928 4657 1056 4727 filiis
1090 4657 1204 4727 ejus
1245 4657 1314 4710 ad
1361 4668 1598 4711 austrum
1642 4660 1887 4726 deputata

324 4759 429 4800 erat
457 4747 697 4802 custodia
724 4757 1015 4818 portarum.
1043 4748 1110 4802 Et
1137 4747 1266 4818 quid
1292 4763 1389 4819 per
1427 4746 1754 4811 Ohededom,
1785 4749 1889 4803 nisi

326 4840 569 4894 doctores
608 4840 717 4905 illi,
752 4839 843 4909 qui
882 4838 948 4892 ad
984 4839 1381 4909 prtedicandum
1420 4837 1618 4892 Iudaeis
1658 4839 1890 4892 ordinati

326 4932 479 4985 sunt?
502 4931 578 4985 De
598 4931 792 4999 quibus
818 4928 1013 4984 Paulus
1031 4928 1272 4984 scribens
1294 4929 1360 4983 ad
1382 4928 1597 4984 Galatas
1621 4929 1696 4982 ait
1720 4948 1732 4981 :
1758 4927 1890 4982 Cum

326 5023 673 5090 cognovissent
708 5020 962 5090 gratiam,
1001 5037 1116 5091 qua:
1151 5021 1276 5072 data
1314 5030 1389 5073 est
1426 5020 1584 5084 mihi,
1621 5016 1807 5072 Petrus
1842 5026 1891 5072 et

324 5109 551 5163 Jacobus
570 5118 618 5162 et
639 5109 885 5170 Joannes,
906 5110 993 5180 qui
1014 5109 1316 5162 videbantur
1332 5109 1586 5162 columna:
1608 5126 1736 5172 esse,
1757 5110 1886 5162 dea:-

328 5209 433 5253 tras
468 5200 597 5252 mihi
637 5200 887 5253 dederunt
927 5208 975 5252 et
1017 5198 1274 5254 Barnaba:
1300 5201 1579 5264 societatis,
1612 5209 1665 5252 ut
1697 5216 1788 5252 nos
1832 5199 1887 5251 in

326 5298 513 5356 gentes,
542 5289 640 5358 ipsi
666 5300 839 5341 autem
866 5291 919 5341 in
946 5290 1387 5342 circumcisionem
1419 5286 1559 5359 (Cal.
1591 5294 1675 5357 It).
1706 5287 1779 5341 De
1802 5288 1886 5341 bis

329 5374 496 5429 Lucas
524 5376 576 5428 in
611 5375 833 5429 Actibus
866 5376 1226 5445 apostolorum
1270 5383 1481 5439 narrat,
1524 5375 1709 5429 dicens
1746 5393 1758 5427 :
1794 5373 1886 5427 Illi

326 5466 548 5531 quidem,
574 5467 664 5534 qui
689 5465 908 5534 dispersi
938 5466 1143 5534 fuerant
1168 5484 1200 5519 a
1228 5465 1577 5529 tribulatione,
1602 5480 1720 5535 qua:
1746 5466 1889 5534 facta

329 5556 494 5622 fuerat
523 5558 620 5610 sub
651 5556 932 5627 Stephano,
969 5558 1451 5627 perambulavcrunt
1479 5575 1639 5628 usque
1674 5557 1888 5610 Phaeni-

331 5660 431 5695 cem
450 5650 727 5717 etl'yprum
745 5656 791 5699 et
810 5648 1157 5712 Antiochiam,
1174 5649 1363 5701 nemini
1384 5647 1646 5718 loquentes
1659 5648 1885 5714 verbum,

1988 4562 2232 4623 pretatur
2260 4553 2404 4608 enim
2438 4552 2690 4624 Sepphim
2734 4552 2967 4619 humilis,
2996 4553 3109 4608 sive
3136 4556 3435 4623 campestris
3464 4570 3482 4606 :
3508 4562 3564 4607 et

1991 4646 2150 4709 llosa,
2179 4646 2437 4701 divinans.
2466 4646 2846 4702 Humiliahitur
2865 4646 3009 4701 enim
3037 4656 3165 4702 tunc
3193 4646 3427 4701 Ecclesia
3459 4648 3559 4700 lio-

1992 4740 2154 4793 stium
2204 4740 2693 4808 persccutionibus,
2748 4736 2873 4794 licet
2921 4749 3228 4794 sanctorum
3279 4741 3563 4793 rohoretur

1991 4832 2342 4900 dogmatibus.
2373 4829 2703 4898 Campestris
2740 4828 2969 4883 etlicitur
2993 4830 3046 4883 in
3075 4828 3415 4883 lasciviarum
3442 4845 3560 4883 mo-

1991 4922 2164 4985 tibus;
2222 4921 2314 4975 sed
2352 4918 2791 4988 imperfectorum
2829 4918 3126 4973 elevabitur
3162 4918 3390 4973 actibus.
3433 4918 3563 4985 Qua:

1990 5018 2220 5077 utraque
2239 5007 2433 5061 divinis
2455 5009 2893 5062 demonstrantur
2914 5007 3159 5076 eloquiis.
3187 5006 3457 5077 Scriptum
3481 5017 3563 5062 est

1994 5099 2046 5151 in
2073 5098 2359 5152 novissima
2391 5099 2599 5152 visione
2632 5097 2865 5152 Danielis
2892 5099 3165 5167 propheta:
3183 5138 3199 5163 ,
3227 5098 3370 5166 quod
3394 5113 3560 5167 ange-

1991 5189 2075 5242 lus
2115 5189 2251 5242 dixit
2286 5189 2352 5242 ad
2394 5189 2708 5258 prophetam
2751 5206 2764 5240 :
2810 5187 2974 5253 Vade,
3001 5187 3209 5253 Daniel,
3249 5188 3373 5258 quia
3396 5186 3563 5241 clausi

1991 5290 2131 5345 sunt,
2146 5283 2438 5351 signatique
2457 5296 2715 5333 sermones
2737 5296 2894 5349 usque
2915 5283 2983 5332 ad
2998 5289 3205 5348 tempus
3222 5278 3557 5347 prie/initum,

1991 5371 2154 5423 donec
2179 5369 2451 5440 eligentur,
2480 5380 2525 5423 et
2551 5368 2948 5435 dealbabuntur,
2975 5377 3022 5422 et
3044 5369 3193 5439 quasi
3213 5369 3347 5436 ignis
3368 5366 3559 5434 probu-

1995 5462 2187 5515 buntur
2212 5460 2363 5515 multi
2390 5478 2407 5514 :
2433 5471 2479 5513 ct
2507 5461 2663 5530 impie
2689 5477 2864 5514 omnes
2893 5471 3041 5530 agent
3068 5458 3233 5528 impii.
3264 5457 3430 5508 Porro
3448 5454 3555 5506 τιο-

1994 5559 2062 5608 cti
2110 5554 2391 5623 intelligent
2431 5554 2602 5623 (Dan.
2630 5551 2761 5617 xu).
2805 5552 2999 5605 Paulus
3037 5557 3214 5602 autem
3266 5546 3332 5599 ad
3374 5544 3559 5598 Timo—

1998 5651 2179 5703 theum
2223 5647 2294 5700 ita
2337 5645 2576 5699 scribens
2614 5645 2689 5697 ait
2732 5658 2747 5695 :
2793 5641 2903 5693 Hoc
2947 5648 3117 5693 autem
3156 5636 3282 5688 scito
3324 5633 3465 5705 quod
3498 5632 3556 5688 in

3144 5782 3169 5811 '1’
