  <div class='ocr_page' id='page_1' title='image "/cluster/home/n/w/nwhite01/storage/ocr_20150623/109/hvd.32044054759741/205.png"; bbox 0 0 3870 6146; ppageno 0'>
   <div class='ocr_carea' id='block_1_1' title="bbox 299 304 402 358">
    <p class='ocr_par' dir='ltr' id='par_1_1' title="bbox 299 304 402 358">
     <span class='ocr_line' id='line_1_1' title="bbox 299 304 402 358; baseline -0.019 -1"><span class='ocrx_word' id='word_1_1' title='bbox 299 304 402 358; x_wconf 72' lang='grc'><em>599</em></span> 
     </span>
    </p>
   </div>
   <div class='ocr_carea' id='block_1_2' title="bbox 967 283 2902 346">
    <p class='ocr_par' dir='ltr' id='par_1_2' title="bbox 967 283 2902 346">
     <span class='ocr_line' id='line_1_2' title="bbox 967 283 2902 346; baseline -0.006 -1"><span class='ocrx_word' id='word_1_2' title='bbox 967 294 1026 346; x_wconf 84' lang='grc' dir='ltr'><em>Β.</em></span> <span class='ocrx_word' id='word_1_3' title='bbox 1070 289 1319 344; x_wconf 70' lang='lat' dir='ltr'><strong>RABANI</strong></span> <span class='ocrx_word' id='word_1_4' title='bbox 1364 286 1577 340; x_wconf 64' lang='lat' dir='ltr'><em>MAUZI</em></span> <span class='ocrx_word' id='word_1_5' title='bbox 1620 284 1935 339; x_wconf 63' lang='lat' dir='ltr'><em>.‘tiiCilll‘lP.</em></span> <span class='ocrx_word' id='word_1_6' title='bbox 1982 284 2282 338; x_wconf 55' lang='lat' dir='ltr'><em>MOU-[NT</em></span> <span class='ocrx_word' id='word_1_7' title='bbox 2327 283 2603 337; x_wconf 54' lang='lat' dir='ltr'><em>Old-Litt}!</em></span> <span class='ocrx_word' id='word_1_8' title='bbox 2648 283 2822 336; x_wconf 65' lang='lat' dir='ltr'><em>PARS</em></span> <span class='ocrx_word' id='word_1_9' title='bbox 2863 283 2902 336; x_wconf 90' lang='grc' dir='ltr'><em>Ι.</em></span> 
     </span>
    </p>
   </div>
   <div class='ocr_carea' id='block_1_3' title="bbox 3441 291 3546 341">
    <p class='ocr_par' dir='ltr' id='par_1_3' title="bbox 3441 291 3546 341">
     <span class='ocr_line' id='line_1_3' title="bbox 3441 291 3546 341; baseline 0.01 -1"><span class='ocrx_word' id='word_1_10' title='bbox 3441 291 3546 341; x_wconf 65' lang='grc' dir='ltr'><em>»ΗΟ</em></span> 
     </span>
    </p>
   </div>
   <div class='ocr_carea' id='block_1_4' title="bbox 298 391 3546 475">
    <p class='ocr_par' dir='ltr' id='par_1_4' title="bbox 298 391 3546 475">
     <span class='ocr_line' id='line_1_4' title="bbox 298 391 3546 475; baseline -0.005 -2"><span class='ocrx_word' id='word_1_11' title='bbox 298 391 589 473; x_wconf 73' lang='lat' dir='ltr'><em>novissimis</em></span> <span class='ocrx_word' id='word_1_12' title='bbox 634 414 812 467; x_wconf 83' lang='lat' dir='ltr'><em>diebus</em></span> <span class='ocrx_word' id='word_1_13' title='bbox 858 408 1120 464; x_wconf 78' lang='lat' dir='ltr'><em>instabunt</em></span> <span class='ocrx_word' id='word_1_14' title='bbox 1167 417 1395 475; x_wconf 75' lang='lat' dir='ltr'><em>tempora</em></span> <span class='ocrx_word' id='word_1_15' title='bbox 1441 400 1730 472; x_wconf 66' lang='lat' dir='ltr'><em>periculosa</em></span> <span class='ocrx_word' id='word_1_16' title='bbox 1760 442 1773 464; x_wconf 93' lang='lat'><em>,</em></span> <span class='ocrx_word' id='word_1_17' title='bbox 1821 408 1866 450; x_wconf 92' lang='lat' dir='ltr'><em>et</em></span> <span class='ocrx_word' id='word_1_18' title='bbox 1901 417 1942 470; x_wconf 71' lang='grc' dir='ltr'><strong>Α</strong></span> <span class='ocrx_word' id='word_1_19' title='bbox 1973 409 2179 467; x_wconf 84' lang='lat' dir='ltr'><em>agentes</em></span> <span class='ocrx_word' id='word_1_20' title='bbox 2211 397 2316 450; x_wconf 84' lang='lat' dir='ltr'><em>Deo</em></span> <span class='ocrx_word' id='word_1_21' title='bbox 2353 395 2530 460; x_wconf 82' lang='lat' dir='ltr'><em>Patri,</em></span> <span class='ocrx_word' id='word_1_22' title='bbox 2561 398 2647 466; x_wconf 87' lang='lat' dir='ltr'><em>qui</em></span> <span class='ocrx_word' id='word_1_23' title='bbox 2680 397 2861 466; x_wconf 80' lang='lat' dir='ltr'><em>dignos</em></span> <span class='ocrx_word' id='word_1_24' title='bbox 2895 414 2986 449; x_wconf 88' lang='lat' dir='ltr'><em>nos</em></span> <span class='ocrx_word' id='word_1_25' title='bbox 3017 400 3136 468; x_wconf 60' lang='lat' dir='ltr'><em>fecit</em></span> <span class='ocrx_word' id='word_1_26' title='bbox 3175 403 3226 452; x_wconf 82' lang='lat' dir='ltr'><em>in</em></span> <span class='ocrx_word' id='word_1_27' title='bbox 3255 416 3402 470; x_wconf 86' lang='lat' dir='ltr'><em>parte</em></span> <span class='ocrx_word' id='word_1_28' title='bbox 3430 423 3546 457; x_wconf 86' lang='lat' dir='ltr'><em>sor-</em></span> 
     </span>
    </p>
   </div>
   <div class='ocr_carea' id='block_1_5' title="bbox 296 487 1863 571">
    <p class='ocr_par' dir='ltr' id='par_1_5' title="bbox 296 487 1863 571">
     <span class='ocr_line' id='line_1_5' title="bbox 296 487 1863 571; baseline -0.013 -11"><span class='ocrx_word' id='word_1_29' title='bbox 296 515 448 560; x_wconf 79' lang='lat' dir='ltr'><em>rrunt</em></span> <span class='ocrx_word' id='word_1_30' title='bbox 473 503 703 556; x_wconf 76' lang='lat' dir='ltr'><em>homines</em></span> <span class='ocrx_word' id='word_1_31' title='bbox 728 501 919 571; x_wconf 87' lang='lat' dir='ltr'><em>seipsos</em></span> <span class='ocrx_word' id='word_1_32' title='bbox 952 506 1209 559; x_wconf 81' lang='lat' dir='ltr'><em>amantes,</em></span> <span class='ocrx_word' id='word_1_33' title='bbox 1240 493 1436 564; x_wconf 79' lang='lat' dir='ltr'><em>cupidi,</em></span> <span class='ocrx_word' id='word_1_34' title='bbox 1465 491 1607 554; x_wconf 81' lang='lat' dir='ltr'><em>elati,</em></span> <span class='ocrx_word' id='word_1_35' title='bbox 1639 487 1863 560; x_wconf 82' lang='lat' dir='ltr'><em>superbi,</em></span> 
     </span>
    </p>
   </div>
   <div class='ocr_carea' id='block_1_6' title="bbox 296 579 1864 664">
    <p class='ocr_par' dir='ltr' id='par_1_6' title="bbox 296 579 1864 664">
     <span class='ocr_line' id='line_1_6' title="bbox 296 579 1864 664; baseline -0.011 -17"><span class='ocrx_word' id='word_1_36' title='bbox 296 593 608 664; x_wconf 82' lang='lat' dir='ltr'><em>blasphemi,</em></span> <span class='ocrx_word' id='word_1_37' title='bbox 647 587 942 660; x_wconf 84' lang='lat' dir='ltr'><em>parentibus</em></span> <span class='ocrx_word' id='word_1_38' title='bbox 977 586 1322 640; x_wconf 85' lang='lat' dir='ltr'><em>inobcdientcs</em></span> <span class='ocrx_word' id='word_1_39' title='bbox 1343 623 1356 647; x_wconf 94' lang='lat'><em>,</em></span> <span class='ocrx_word' id='word_1_40' title='bbox 1391 583 1612 652; x_wconf 75' lang='lat' dir='ltr'><em>ingrati,</em></span> <span class='ocrx_word' id='word_1_41' title='bbox 1643 579 1864 640; x_wconf 74' lang='lat' dir='ltr'><em>scelesti,</em></span> 
     </span>
    </p>
   </div>
   <div class='ocr_carea' id='block_1_7' title="bbox 292 669 1862 750">
    <p class='ocr_par' dir='ltr' id='par_1_7' title="bbox 292 669 1862 750">
     <span class='ocr_line' id='line_1_7' title="bbox 292 669 1862 750; baseline -0.013 -10"><span class='ocrx_word' id='word_1_42' title='bbox 292 687 404 740; x_wconf 85' lang='lat' dir='ltr'><em>sine</em></span> <span class='ocrx_word' id='word_1_43' title='bbox 438 681 708 750; x_wconf 70' lang='lat' dir='ltr'><em>affectione</em></span> <span class='ocrx_word' id='word_1_44' title='bbox 726 720 739 744; x_wconf 91' lang='lat'><em>,</em></span> <span class='ocrx_word' id='word_1_45' title='bbox 773 679 884 732; x_wconf 87' lang='lat' dir='ltr'><em>sine</em></span> <span class='ocrx_word' id='word_1_46' title='bbox 904 693 1052 748; x_wconf 84' lang='lat' dir='ltr'><em>pace,</em></span> <span class='ocrx_word' id='word_1_47' title='bbox 1077 676 1434 728; x_wconf 81' lang='lat' dir='ltr'><em>criminatores</em></span> <span class='ocrx_word' id='word_1_48' title='bbox 1458 713 1470 736; x_wconf 93' lang='lat'><em>,</em></span> <span class='ocrx_word' id='word_1_49' title='bbox 1500 669 1862 724; x_wconf 83' lang='lat' dir='ltr'><em>inconvenien-</em></span> 
     </span>
    </p>
   </div>
   <div class='ocr_carea' id='block_1_8' title="bbox 291 757 1861 837">
    <p class='ocr_par' dir='ltr' id='par_1_8' title="bbox 291 757 1861 837">
     <span class='ocr_line' id='line_1_8' title="bbox 291 757 1861 837; baseline -0.012 -9"><span class='ocrx_word' id='word_1_50' title='bbox 291 786 397 837; x_wconf 84' lang='lat' dir='ltr'><em>tes,</em></span> <span class='ocrx_word' id='word_1_51' title='bbox 429 772 681 833; x_wconf 89' lang='lat' dir='ltr'><em>immites,</em></span> <span class='ocrx_word' id='word_1_52' title='bbox 721 769 830 822; x_wconf 86' lang='lat' dir='ltr'><em>sine</em></span> <span class='ocrx_word' id='word_1_53' title='bbox 865 766 1212 837; x_wconf 73' lang='lat' dir='ltr'><em>benignitate,</em></span> <span class='ocrx_word' id='word_1_54' title='bbox 1254 763 1575 834; x_wconf 79' lang='lat' dir='ltr'><em>proditores,</em></span> <span class='ocrx_word' id='word_1_55' title='bbox 1620 757 1861 828; x_wconf 72' lang='lat' dir='ltr'><em>protervi,</em></span> 
     </span>
    </p>
   </div>
   <div class='ocr_carea' id='block_1_9' title="bbox 291 847 1863 928">
    <p class='ocr_par' dir='ltr' id='par_1_9' title="bbox 291 847 1863 928">
     <span class='ocr_line' id='line_1_9' title="bbox 291 847 1863 928; baseline -0.011 -12"><span class='ocrx_word' id='word_1_56' title='bbox 291 861 498 924; x_wconf 88' lang='lat' dir='ltr'><em>tumidi,</em></span> <span class='ocrx_word' id='word_1_57' title='bbox 527 858 845 928; x_wconf 78' lang='lat' dir='ltr'><em>voluptatum</em></span> <span class='ocrx_word' id='word_1_58' title='bbox 872 865 1130 908; x_wconf 78' lang='lat' dir='ltr'><em>amatores</em></span> <span class='ocrx_word' id='word_1_59' title='bbox 1154 853 1317 923; x_wconf 88' lang='lat' dir='ltr'><em>magis</em></span> <span class='ocrx_word' id='word_1_60' title='bbox 1338 868 1493 921; x_wconf 86' lang='lat' dir='ltr'><em>quam</em></span> <span class='ocrx_word' id='word_1_61' title='bbox 1525 847 1642 913; x_wconf 87' lang='lat' dir='ltr'><em>Dei,</em></span> <span class='ocrx_word' id='word_1_62' title='bbox 1667 847 1863 900; x_wconf 88' lang='lat' dir='ltr'><em>haben-</em></span> 
     </span>
    </p>
   </div>
   <div class='ocr_carea' id='block_1_10' title="bbox 290 938 1862 1021">
    <p class='ocr_par' dir='ltr' id='par_1_10' title="bbox 290 938 1862 1021">
     <span class='ocr_line' id='line_1_10' title="bbox 290 938 1862 1021; baseline -0.012 -14"><span class='ocrx_word' id='word_1_63' title='bbox 290 965 364 1007; x_wconf 77' lang='lat' dir='ltr'><em>tes</em></span> <span class='ocrx_word' id='word_1_64' title='bbox 394 953 612 1021; x_wconf 80' lang='lat' dir='ltr'><em>speciem</em></span> <span class='ocrx_word' id='word_1_65' title='bbox 646 948 854 1020; x_wconf 87' lang='lat' dir='ltr'><em>pietatis</em></span> <span class='ocrx_word' id='word_1_66' title='bbox 889 945 1118 1018; x_wconf 87' lang='lat' dir='ltr'><em>quidem,</em></span> <span class='ocrx_word' id='word_1_67' title='bbox 1157 944 1392 998; x_wconf 89' lang='lat' dir='ltr'><em>virtutem</em></span> <span class='ocrx_word' id='word_1_68' title='bbox 1422 949 1594 993; x_wconf 88' lang='lat' dir='ltr'><em>autem</em></span> <span class='ocrx_word' id='word_1_69' title='bbox 1627 938 1740 1008; x_wconf 86' lang='lat' dir='ltr'><em>ejus</em></span> <span class='ocrx_word' id='word_1_70' title='bbox 1769 938 1862 989; x_wconf 90' lang='lat' dir='ltr'><em>ab-</em></span> 
     </span>
    </p>
   </div>
   <div class='ocr_carea' id='block_1_11' title="bbox 290 1026 1865 1114">
    <p class='ocr_par' dir='ltr' id='par_1_11' title="bbox 290 1026 1865 1114">
     <span class='ocr_line' id='line_1_11' title="bbox 290 1026 1865 1114; baseline -0.01 -22"><span class='ocrx_word' id='word_1_71' title='bbox 290 1054 532 1114; x_wconf 75' lang='lat' dir='ltr'><em>negantes</em></span> <span class='ocrx_word' id='word_1_72' title='bbox 577 1039 668 1109; x_wconf 74' lang='lat' dir='ltr'><em>(II</em></span> <span class='ocrx_word' id='word_1_73' title='bbox 699 1039 832 1091; x_wconf 63' lang='lat' dir='ltr'><em>&#39;I&#39;im.</em></span> <span class='ocrx_word' id='word_1_74' title='bbox 883 1035 998 1108; x_wconf 77' lang='lat' dir='ltr'><em>Iit).</em></span> <span class='ocrx_word' id='word_1_75' title='bbox 1041 1035 1109 1088; x_wconf 84' lang='lat' dir='ltr'><em>Et</em></span> <span class='ocrx_word' id='word_1_76' title='bbox 1143 1034 1280 1087; x_wconf 83' lang='lat' dir='ltr'><em>bene</em></span> <span class='ocrx_word' id='word_1_77' title='bbox 1324 1031 1535 1091; x_wconf 80' lang='lat' dir='ltr'><em>dicitur,</em></span> <span class='ocrx_word' id='word_1_78' title='bbox 1575 1027 1715 1096; x_wconf 81' lang='lat' dir='ltr'><em>quod</em></span> <span class='ocrx_word' id='word_1_79' title='bbox 1752 1026 1865 1078; x_wconf 65' lang='lat' dir='ltr'><em>hmo</em></span> 
     </span>
    </p>
   </div>
   <div class='ocr_carea' id='block_1_12' title="bbox 289 1118 1862 1204">
    <p class='ocr_par' dir='ltr' id='par_1_12' title="bbox 289 1118 1862 1204">
     <span class='ocr_line' id='line_1_12' title="bbox 289 1118 1862 1204; baseline -0.011 -20"><span class='ocrx_word' id='word_1_80' title='bbox 289 1141 440 1204; x_wconf 83' lang='lat' dir='ltr'><em>porta</em></span> <span class='ocrx_word' id='word_1_81' title='bbox 465 1131 621 1199; x_wconf 79' lang='lat' dir='ltr'><em>juxta</em></span> <span class='ocrx_word' id='word_1_82' title='bbox 651 1129 793 1182; x_wconf 70' lang='lat' dir='ltr'><em>riam</em></span> <span class='ocrx_word' id='word_1_83' title='bbox 821 1125 1151 1182; x_wconf 77' lang='lat' dir='ltr'><em>ascensionis</em></span> <span class='ocrx_word' id='word_1_84' title='bbox 1181 1122 1370 1186; x_wconf 79' lang='lat' dir='ltr'><em>fuerit,</em></span> <span class='ocrx_word' id='word_1_85' title='bbox 1397 1121 1522 1190; x_wconf 55' lang='lat' dir='ltr'><em>quia</em></span> <span class='ocrx_word' id='word_1_86' title='bbox 1553 1118 1694 1172; x_wconf 88' lang='lat' dir='ltr'><em>illius</em></span> <span class='ocrx_word' id='word_1_87' title='bbox 1725 1125 1862 1171; x_wconf 88' lang='lat' dir='ltr'><em>tem-</em></span> 
     </span>
    </p>
   </div>
   <div class='ocr_carea' id='block_1_13' title="bbox 287 1213 1862 1298">
    <p class='ocr_par' dir='ltr' id='par_1_13' title="bbox 287 1213 1862 1298">
     <span class='ocr_line' id='line_1_13' title="bbox 287 1213 1862 1298; baseline -0.01 -18"><span class='ocrx_word' id='word_1_88' title='bbox 287 1228 435 1298; x_wconf 86' lang='lat' dir='ltr'><em>poris</em></span> <span class='ocrx_word' id='word_1_89' title='bbox 471 1241 643 1281; x_wconf 84' lang='lat' dir='ltr'><em>aevum</em></span> <span class='ocrx_word' id='word_1_90' title='bbox 681 1224 1042 1294; x_wconf 85' lang='lat' dir='ltr'><em>propinquum</em></span> <span class='ocrx_word' id='word_1_91' title='bbox 1067 1221 1171 1275; x_wconf 85' lang='lat' dir='ltr'><em>erit</em></span> <span class='ocrx_word' id='word_1_92' title='bbox 1197 1218 1300 1273; x_wconf 88' lang='lat' dir='ltr'><em>dici</em></span> <span class='ocrx_word' id='word_1_93' title='bbox 1322 1215 1508 1286; x_wconf 75' lang='lat' dir='ltr'><em>jzulicii</em></span> <span class='ocrx_word' id='word_1_94' title='bbox 1532 1255 1546 1279; x_wconf 94' lang='lat'><em>,</em></span> <span class='ocrx_word' id='word_1_95' title='bbox 1577 1222 1778 1284; x_wconf 84' lang='lat' dir='ltr'><em>quanto</em></span> <span class='ocrx_word' id='word_1_96' title='bbox 1809 1213 1862 1266; x_wconf 89' lang='lat' dir='ltr'><em>in</em></span> 
     </span>
    </p>
   </div>
   <div class='ocr_carea' id='block_1_14' title="bbox 289 1305 1866 1384">
    <p class='ocr_par' dir='ltr' id='par_1_14' title="bbox 289 1305 1866 1384">
     <span class='ocr_line' id='line_1_14' title="bbox 289 1305 1866 1384; baseline -0.01 -12"><span class='ocrx_word' id='word_1_97' title='bbox 289 1317 683 1374; x_wconf 82' lang='lat' dir='ltr'><em>resurrectione</em></span> <span class='ocrx_word' id='word_1_98' title='bbox 722 1329 950 1384; x_wconf 87' lang='lat' dir='ltr'><em>corpora</em></span> <span class='ocrx_word' id='word_1_99' title='bbox 997 1309 1319 1366; x_wconf 70' lang='lat' dir='ltr'><em>immortalia</em></span> <span class='ocrx_word' id='word_1_100' title='bbox 1367 1305 1722 1375; x_wconf 77' lang='lat' dir='ltr'><em>suscipientes</em></span> <span class='ocrx_word' id='word_1_101' title='bbox 1769 1317 1866 1372; x_wconf 87' lang='lat' dir='ltr'><em>per</em></span> 
     </span>
    </p>
   </div>
   <div class='ocr_carea' id='block_1_15' title="bbox 287 1395 1860 1482">
    <p class='ocr_par' dir='ltr' id='par_1_15' title="bbox 287 1395 1860 1482">
     <span class='ocr_line' id='line_1_15' title="bbox 287 1395 1860 1482; baseline -0.009 -18"><span class='ocrx_word' id='word_1_102' title='bbox 287 1410 628 1482; x_wconf 68' lang='lat' dir='ltr'><em>pi&#39;msentiam</em></span> <span class='ocrx_word' id='word_1_103' title='bbox 650 1407 781 1477; x_wconf 84' lang='lat' dir='ltr'><em>justi</em></span> <span class='ocrx_word' id='word_1_104' title='bbox 799 1405 985 1478; x_wconf 84' lang='lat' dir='ltr'><em>judicii</em></span> <span class='ocrx_word' id='word_1_105' title='bbox 1017 1404 1082 1458; x_wconf 86' lang='lat' dir='ltr'><em>ad</em></span> <span class='ocrx_word' id='word_1_106' title='bbox 1105 1399 1482 1473; x_wconf 56' lang='lat' dir='ltr'><em>possidendum</em></span> <span class='ocrx_word' id='word_1_107' title='bbox 1507 1413 1728 1468; x_wconf 79' lang='lat' dir='ltr'><em>regnum</em></span> <span class='ocrx_word' id='word_1_108' title='bbox 1755 1395 1860 1450; x_wconf 89' lang='lat' dir='ltr'><em>Pa-</em></span> 
     </span>
    </p>
   </div>
   <div class='ocr_carea' id='block_1_16' title="bbox 289 1487 1863 1560">
    <p class='ocr_par' dir='ltr' id='par_1_16' title="bbox 289 1487 1863 1560">
     <span class='ocr_line' id='line_1_16' title="bbox 289 1487 1863 1560; baseline -0.01 -4"><span class='ocrx_word' id='word_1_109' title='bbox 289 1501 386 1556; x_wconf 90' lang='lat' dir='ltr'><em>tris</em></span> <span class='ocrx_word' id='word_1_110' title='bbox 417 1499 654 1555; x_wconf 74' lang='lat' dir='ltr'><em>cmlestis</em></span> <span class='ocrx_word' id='word_1_111' title='bbox 695 1499 1008 1553; x_wconf 71' lang='lat' dir='ltr'><em>invitantur.</em></span> <span class='ocrx_word' id='word_1_112' title='bbox 1049 1492 1199 1560; x_wconf 89' lang='lat' dir='ltr'><em>Quod</em></span> <span class='ocrx_word' id='word_1_113' title='bbox 1241 1501 1419 1546; x_wconf 84' lang='lat' dir='ltr'><em>autem</em></span> <span class='ocrx_word' id='word_1_114' title='bbox 1455 1489 1680 1556; x_wconf 86' lang='lat' dir='ltr'><em>dicitur,</em></span> <span class='ocrx_word' id='word_1_115' title='bbox 1721 1487 1863 1558; x_wconf 86' lang='lat' dir='ltr'><em>quod</em></span> 
     </span>
    </p>
   </div>
   <div class='ocr_carea' id='block_1_17' title="bbox 287 1579 1859 1651">
    <p class='ocr_par' dir='ltr' id='par_1_17' title="bbox 287 1579 1859 1651">
     <span class='ocr_line' id='line_1_17' title="bbox 287 1579 1859 1651; baseline -0.01 -4"><span class='ocrx_word' id='word_1_116' title='bbox 287 1591 530 1647; x_wconf 85' lang='lat' dir='ltr'><em>custodia</em></span> <span class='ocrx_word' id='word_1_117' title='bbox 561 1589 722 1644; x_wconf 83' lang='lat' dir='ltr'><em>fuerit</em></span> <span class='ocrx_word' id='word_1_118' title='bbox 748 1596 936 1643; x_wconf 87' lang='lat' dir='ltr'><em>contra</em></span> <span class='ocrx_word' id='word_1_119' title='bbox 974 1583 1301 1647; x_wconf 78' lang='lat' dir='ltr'><em>custodiam,</em></span> <span class='ocrx_word' id='word_1_120' title='bbox 1333 1579 1602 1651; x_wconf 81' lang='lat' dir='ltr'><em>signiﬁcat</em></span> <span class='ocrx_word' id='word_1_121' title='bbox 1632 1593 1859 1634; x_wconf 88' lang='lat' dir='ltr'><em>concor—</em></span> 
     </span>
    </p>
   </div>
   <div class='ocr_carea' id='block_1_18' title="bbox 287 1668 1860 1740">
    <p class='ocr_par' dir='ltr' id='par_1_18' title="bbox 287 1668 1860 1740">
     <span class='ocr_line' id='line_1_18' title="bbox 287 1668 1860 1740; baseline -0.01 -3"><span class='ocrx_word' id='word_1_122' title='bbox 287 1682 430 1737; x_wconf 86' lang='lat' dir='ltr'><em>diam</em></span> <span class='ocrx_word' id='word_1_123' title='bbox 471 1679 776 1734; x_wconf 86' lang='lat' dir='ltr'><em>divinorum</em></span> <span class='ocrx_word' id='word_1_124' title='bbox 817 1682 1294 1736; x_wconf 74' lang='lat' dir='ltr'><em>testamentorum,</em></span> <span class='ocrx_word' id='word_1_125' title='bbox 1336 1670 1462 1740; x_wconf 86' lang='lat' dir='ltr'><em>quia</em></span> <span class='ocrx_word' id='word_1_126' title='bbox 1502 1668 1644 1738; x_wconf 89' lang='lat' dir='ltr'><em>quod</em></span> <span class='ocrx_word' id='word_1_127' title='bbox 1687 1668 1860 1722; x_wconf 86' lang='lat' dir='ltr'><em>sancti</em></span> 
     </span>
    </p>
   </div>
   <div class='ocr_carea' id='block_1_19' title="bbox 1969 487 3550 562">
    <p class='ocr_par' dir='ltr' id='par_1_19' title="bbox 1969 487 3550 562">
     <span class='ocr_line' id='line_1_19' title="bbox 1969 487 3550 562; baseline 0.004 -20"><span class='ocrx_word' id='word_1_128' title='bbox 1969 491 2034 542; x_wconf 87' lang='lat' dir='ltr'><em>tis</em></span> <span class='ocrx_word' id='word_1_129' title='bbox 2063 499 2363 543; x_wconf 85' lang='lat' dir='ltr'><em>sanctorum</em></span> <span class='ocrx_word' id='word_1_130' title='bbox 2405 488 2458 540; x_wconf 88' lang='lat' dir='ltr'><em>in</em></span> <span class='ocrx_word' id='word_1_131' title='bbox 2483 487 2709 552; x_wconf 81' lang='lat' dir='ltr'><em>lumine;</em></span> <span class='ocrx_word' id='word_1_132' title='bbox 2733 490 2821 557; x_wconf 87' lang='lat' dir='ltr'><em>qui</em></span> <span class='ocrx_word' id='word_1_133' title='bbox 2851 489 3041 557; x_wconf 89' lang='lat' dir='ltr'><em>eripuit</em></span> <span class='ocrx_word' id='word_1_134' title='bbox 3079 505 3171 543; x_wconf 81' lang='lat' dir='ltr'><em>nos</em></span> <span class='ocrx_word' id='word_1_135' title='bbox 3209 491 3272 544; x_wconf 87' lang='lat' dir='ltr'><em>de</em></span> <span class='ocrx_word' id='word_1_136' title='bbox 3299 505 3550 562; x_wconf 84' lang='lat' dir='ltr'><em>potestate</em></span> 
     </span>
    </p>
   </div>
   <div class='ocr_carea' id='block_1_20' title="bbox 1967 579 3552 650">
    <p class='ocr_par' dir='ltr' id='par_1_20' title="bbox 1967 579 3552 650">
     <span class='ocr_line' id='line_1_20' title="bbox 1967 579 3552 650; baseline 0.003 -14"><span class='ocrx_word' id='word_1_137' title='bbox 1967 582 2294 636; x_wconf 88' lang='lat' dir='ltr'><em>tenebrarum</em></span> <span class='ocrx_word' id='word_1_138' title='bbox 2323 620 2336 644; x_wconf 94' lang='lat'><em>,</em></span> <span class='ocrx_word' id='word_1_139' title='bbox 2387 588 2434 632; x_wconf 89' lang='lat' dir='ltr'><em>et</em></span> <span class='ocrx_word' id='word_1_140' title='bbox 2471 579 2736 632; x_wconf 81' lang='lat' dir='ltr'><em>transtulit</em></span> <span class='ocrx_word' id='word_1_141' title='bbox 2771 580 2824 632; x_wconf 90' lang='lat' dir='ltr'><em>in</em></span> <span class='ocrx_word' id='word_1_142' title='bbox 2863 596 3073 649; x_wconf 85' lang='lat' dir='ltr'><em>regnum</em></span> <span class='ocrx_word' id='word_1_143' title='bbox 3111 581 3212 650; x_wconf 82' lang='lat' dir='ltr'><em>ﬁlii</em></span> <span class='ocrx_word' id='word_1_144' title='bbox 3257 583 3552 640; x_wconf 78' lang='lat' dir='ltr'><em>dilectionis</em></span> 
     </span>
    </p>
   </div>
   <div class='ocr_carea' id='block_1_21' title="bbox 1967 670 3553 746">
    <p class='ocr_par' dir='ltr' id='par_1_21' title="bbox 1967 670 3553 746">
     <span class='ocr_line' id='line_1_21' title="bbox 1967 670 3553 746; baseline 0.004 -21"><span class='ocrx_word' id='word_1_145' title='bbox 1967 688 2099 738; x_wconf 69' lang='lat' dir='ltr'><em>sum,</em></span> <span class='ocrx_word' id='word_1_146' title='bbox 2130 673 2183 724; x_wconf 87' lang='lat' dir='ltr'><em>in</em></span> <span class='ocrx_word' id='word_1_147' title='bbox 2210 687 2310 742; x_wconf 78' lang='lat' dir='ltr'><em>quo</em></span> <span class='ocrx_word' id='word_1_148' title='bbox 2336 670 2581 723; x_wconf 79' lang='lat' dir='ltr'><em>habemus</em></span> <span class='ocrx_word' id='word_1_149' title='bbox 2610 670 3028 737; x_wconf 81' lang='lat' dir='ltr'><em>redemptionem,</em></span> <span class='ocrx_word' id='word_1_150' title='bbox 3055 673 3405 728; x_wconf 75' lang='lat' dir='ltr'><em>remissionem</em></span> <span class='ocrx_word' id='word_1_151' title='bbox 3430 695 3553 746; x_wconf 87' lang='lat' dir='ltr'><em>pec-</em></span> 
     </span>
    </p>
   </div>
   <div class='ocr_carea' id='block_1_22' title="bbox 1967 757 3552 832">
    <p class='ocr_par' dir='ltr' id='par_1_22' title="bbox 1967 757 3552 832">
     <span class='ocr_line' id='line_1_22' title="bbox 1967 757 3552 832; baseline 0.003 -17"><span class='ocrx_word' id='word_1_152' title='bbox 1967 771 2234 825; x_wconf 88' lang='lat' dir='ltr'><em>catorum;</em></span> <span class='ocrx_word' id='word_1_153' title='bbox 2261 759 2350 828; x_wconf 87' lang='lat' dir='ltr'><em>qui</em></span> <span class='ocrx_word' id='word_1_154' title='bbox 2386 767 2461 812; x_wconf 89' lang='lat' dir='ltr'><em>est</em></span> <span class='ocrx_word' id='word_1_155' title='bbox 2491 759 2663 828; x_wconf 86' lang='lat' dir='ltr'><em>imago</em></span> <span class='ocrx_word' id='word_1_156' title='bbox 2701 757 2800 810; x_wconf 85' lang='lat' dir='ltr'><em>Dei</em></span> <span class='ocrx_word' id='word_1_157' title='bbox 2826 759 3097 812; x_wconf 86' lang='lat' dir='ltr'><em>invisibilis</em></span> <span class='ocrx_word' id='word_1_158' title='bbox 3117 801 3130 824; x_wconf 95' lang='lat'><em>,</em></span> <span class='ocrx_word' id='word_1_159' title='bbox 3170 762 3552 832; x_wconf 86' lang='lat' dir='ltr'><em>primogenitus</em></span> 
     </span>
    </p>
   </div>
   <div class='ocr_carea' id='block_1_23' title="bbox 1967 848 3552 917">
    <p class='ocr_par' dir='ltr' id='par_1_23' title="bbox 1967 848 3552 917">
     <span class='ocr_line' id='line_1_23' title="bbox 1967 848 3552 917; baseline 0.002 -12"><span class='ocrx_word' id='word_1_160' title='bbox 1967 852 2134 906; x_wconf 87' lang='lat' dir='ltr'><em>omnis</em></span> <span class='ocrx_word' id='word_1_161' title='bbox 2171 859 2424 904; x_wconf 77' lang='lat' dir='ltr'><em>creaturce</em></span> <span class='ocrx_word' id='word_1_162' title='bbox 2453 862 2471 900; x_wconf 90' lang='lat'><strong><em>:</em></strong></span> <span class='ocrx_word' id='word_1_163' title='bbox 2503 849 2627 916; x_wconf 88' lang='lat' dir='ltr'><em>quia</em></span> <span class='ocrx_word' id='word_1_164' title='bbox 2665 849 2719 900; x_wconf 88' lang='lat' dir='ltr'><em>in</em></span> <span class='ocrx_word' id='word_1_165' title='bbox 2751 848 2862 917; x_wconf 84' lang='lat' dir='ltr'><em>ipso</em></span> <span class='ocrx_word' id='word_1_166' title='bbox 2895 849 3105 902; x_wconf 88' lang='lat' dir='ltr'><em>condita</em></span> <span class='ocrx_word' id='word_1_167' title='bbox 3145 860 3266 904; x_wconf 87' lang='lat' dir='ltr'><em>sunt</em></span> <span class='ocrx_word' id='word_1_168' title='bbox 3305 855 3552 908; x_wconf 83' lang='lat' dir='ltr'><em>universa</em></span> 
     </span>
    </p>
   </div>
   <div class='ocr_carea' id='block_1_24' title="bbox 1966 935 3548 1006">
    <p class='ocr_par' dir='ltr' id='par_1_24' title="bbox 1966 935 3548 1006">
     <span class='ocr_line' id='line_1_24' title="bbox 1966 935 3548 1006; baseline 0.001 -12"><span class='ocrx_word' id='word_1_169' title='bbox 1966 942 2019 995; x_wconf 92' lang='lat' dir='ltr'><em>in</em></span> <span class='ocrx_word' id='word_1_170' title='bbox 2047 940 2187 994; x_wconf 67' lang='lat' dir='ltr'><em>coclis</em></span> <span class='ocrx_word' id='word_1_171' title='bbox 2215 950 2262 993; x_wconf 90' lang='lat' dir='ltr'><em>et</em></span> <span class='ocrx_word' id='word_1_172' title='bbox 2285 940 2340 992; x_wconf 89' lang='lat' dir='ltr'><em>in</em></span> <span class='ocrx_word' id='word_1_173' title='bbox 2363 949 2522 1002; x_wconf 88' lang='lat' dir='ltr'><em>terra,</em></span> <span class='ocrx_word' id='word_1_174' title='bbox 2555 935 2778 992; x_wconf 85' lang='lat' dir='ltr'><em>visibilia</em></span> <span class='ocrx_word' id='word_1_175' title='bbox 2804 947 2852 990; x_wconf 87' lang='lat' dir='ltr'><em>et</em></span> <span class='ocrx_word' id='word_1_176' title='bbox 2879 938 3190 1004; x_wconf 82' lang='lat' dir='ltr'><em>invisibilia,</em></span> <span class='ocrx_word' id='word_1_177' title='bbox 3219 942 3324 994; x_wconf 85' lang='lat' dir='ltr'><em>sive</em></span> <span class='ocrx_word' id='word_1_178' title='bbox 3347 941 3548 1006; x_wconf 73' lang='lat' dir='ltr'><em>throni,</em></span> 
     </span>
    </p>
   </div>
   <div class='ocr_carea' id='block_1_25' title="bbox 1963 1026 3547 1100">
    <p class='ocr_par' dir='ltr' id='par_1_25' title="bbox 1963 1026 3547 1100">
     <span class='ocr_line' id='line_1_25' title="bbox 1963 1026 3547 1100; baseline 0.001 -15"><span class='ocrx_word' id='word_1_179' title='bbox 1963 1033 2070 1085; x_wconf 84' lang='lat' dir='ltr'><em>sive</em></span> <span class='ocrx_word' id='word_1_180' title='bbox 2103 1028 2512 1091; x_wconf 83' lang='lat' dir='ltr'><em>dominationes,</em></span> <span class='ocrx_word' id='word_1_181' title='bbox 2555 1026 2658 1080; x_wconf 83' lang='lat' dir='ltr'><em>sive</em></span> <span class='ocrx_word' id='word_1_182' title='bbox 2703 1026 3056 1096; x_wconf 85' lang='lat' dir='ltr'><em>principatus,</em></span> <span class='ocrx_word' id='word_1_183' title='bbox 3095 1029 3200 1082; x_wconf 84' lang='lat' dir='ltr'><em>sive</em></span> <span class='ocrx_word' id='word_1_184' title='bbox 3243 1041 3547 1100; x_wconf 81' lang='lat' dir='ltr'><em>potestates.</em></span> 
     </span>
    </p>
   </div>
   <div class='ocr_carea' id='block_1_26' title="bbox 1967 1118 3548 1192">
    <p class='ocr_par' dir='ltr' id='par_1_26' title="bbox 1967 1118 3548 1192">
     <span class='ocr_line' id='line_1_26' title="bbox 1967 1118 3548 1192; baseline 0.002 -18"><span class='ocrx_word' id='word_1_185' title='bbox 1967 1119 2157 1176; x_wconf 82' lang='lat' dir='ltr'><em>Omnia</em></span> <span class='ocrx_word' id='word_1_186' title='bbox 2193 1134 2286 1188; x_wconf 88' lang='lat' dir='ltr'><em>per</em></span> <span class='ocrx_word' id='word_1_187' title='bbox 2319 1120 2489 1188; x_wconf 86' lang='lat' dir='ltr'><em>ipsum</em></span> <span class='ocrx_word' id='word_1_188' title='bbox 2528 1126 2575 1170; x_wconf 86' lang='lat' dir='ltr'><em>et</em></span> <span class='ocrx_word' id='word_1_189' title='bbox 2613 1118 2668 1170; x_wconf 86' lang='lat' dir='ltr'><em>in</em></span> <span class='ocrx_word' id='word_1_190' title='bbox 2705 1118 2816 1187; x_wconf 85' lang='lat' dir='ltr'><em>ipso</em></span> <span class='ocrx_word' id='word_1_191' title='bbox 2845 1127 3020 1172; x_wconf 88' lang='lat' dir='ltr'><em>creata</em></span> <span class='ocrx_word' id='word_1_192' title='bbox 3050 1129 3171 1173; x_wconf 85' lang='lat' dir='ltr'><em>sunt</em></span> <span class='ocrx_word' id='word_1_193' title='bbox 3203 1135 3222 1174; x_wconf 88' lang='lat'><strong><em>:</em></strong></span> <span class='ocrx_word' id='word_1_194' title='bbox 3257 1130 3306 1174; x_wconf 88' lang='lat' dir='ltr'><em>et</em></span> <span class='ocrx_word' id='word_1_195' title='bbox 3334 1122 3444 1192; x_wconf 87' lang='lat' dir='ltr'><em>ipse</em></span> <span class='ocrx_word' id='word_1_196' title='bbox 3472 1135 3548 1178; x_wconf 84' lang='lat' dir='ltr'><em>est</em></span> 
     </span>
    </p>
   </div>
   <div class='ocr_carea' id='block_1_27' title="bbox 1964 1210 3548 1286">
    <p class='ocr_par' dir='ltr' id='par_1_27' title="bbox 1964 1210 3548 1286">
     <span class='ocr_line' id='line_1_27' title="bbox 1964 1210 3548 1286; baseline 0.003 -21"><span class='ocrx_word' id='word_1_197' title='bbox 1964 1222 2085 1266; x_wconf 86' lang='lat' dir='ltr'><em>ante</em></span> <span class='ocrx_word' id='word_1_198' title='bbox 2109 1227 2315 1275; x_wconf 88' lang='lat' dir='ltr'><em>omnes,</em></span> <span class='ocrx_word' id='word_1_199' title='bbox 2340 1221 2387 1264; x_wconf 86' lang='lat' dir='ltr'><em>et</em></span> <span class='ocrx_word' id='word_1_200' title='bbox 2403 1210 2590 1286; x_wconf 58' lang='lat' dir='ltr'><em>.omnia</em></span> <span class='ocrx_word' id='word_1_201' title='bbox 2621 1211 2675 1264; x_wconf 88' lang='lat' dir='ltr'><em>in</em></span> <span class='ocrx_word' id='word_1_202' title='bbox 2705 1211 2816 1280; x_wconf 84' lang='lat' dir='ltr'><em>ipso</em></span> <span class='ocrx_word' id='word_1_203' title='bbox 2845 1221 3112 1276; x_wconf 85' lang='lat' dir='ltr'><em>constant,</em></span> <span class='ocrx_word' id='word_1_204' title='bbox 3141 1223 3190 1266; x_wconf 89' lang='lat' dir='ltr'><em>et</em></span> <span class='ocrx_word' id='word_1_205' title='bbox 3221 1215 3328 1284; x_wconf 86' lang='lat' dir='ltr'><em>ipse</em></span> <span class='ocrx_word' id='word_1_206' title='bbox 3353 1226 3425 1269; x_wconf 86' lang='lat' dir='ltr'><em>est</em></span> <span class='ocrx_word' id='word_1_207' title='bbox 3453 1233 3548 1270; x_wconf 90' lang='lat' dir='ltr'><em>ca-</em></span> 
     </span>
    </p>
   </div>
   <div class='ocr_carea' id='block_1_28' title="bbox 1961 1301 3551 1377">
    <p class='ocr_par' dir='ltr' id='par_1_28' title="bbox 1961 1301 3551 1377">
     <span class='ocr_line' id='line_1_28' title="bbox 1961 1301 3551 1377; baseline 0.004 -21"><span class='ocrx_word' id='word_1_208' title='bbox 1961 1313 2054 1374; x_wconf 91' lang='lat' dir='ltr'><em>put</em></span> <span class='ocrx_word' id='word_1_209' title='bbox 2099 1301 2381 1369; x_wconf 74' lang='lat' dir='ltr'><em>Ecclesitr,</em></span> <span class='ocrx_word' id='word_1_210' title='bbox 2426 1304 2514 1373; x_wconf 85' lang='lat' dir='ltr'><em>qui</em></span> <span class='ocrx_word' id='word_1_211' title='bbox 2555 1311 2631 1356; x_wconf 87' lang='lat' dir='ltr'><em>est</em></span> <span class='ocrx_word' id='word_1_212' title='bbox 2668 1303 3022 1373; x_wconf 88' lang='lat' dir='ltr'><em>principium,</em></span> <span class='ocrx_word' id='word_1_213' title='bbox 3069 1307 3442 1377; x_wconf 85' lang='lat' dir='ltr'><em>primogenitus</em></span> <span class='ocrx_word' id='word_1_214' title='bbox 3483 1327 3551 1363; x_wconf 73' lang='lat' dir='ltr'><em>ea:</em></span> 
     </span>
    </p>
   </div>
   <div class='ocr_carea' id='block_1_29' title="bbox 1962 1395 3550 1471">
    <p class='ocr_par' dir='ltr' id='par_1_29' title="bbox 1962 1395 3550 1471">
     <span class='ocr_line' id='line_1_29' title="bbox 1962 1395 3550 1471; baseline 0.003 -23"><span class='ocrx_word' id='word_1_215' title='bbox 1962 1397 2202 1460; x_wconf 64' lang='lat' dir='ltr'><em>mortuis,</em></span> <span class='ocrx_word' id='word_1_216' title='bbox 2228 1405 2284 1448; x_wconf 87' lang='lat' dir='ltr'><em>ut</em></span> <span class='ocrx_word' id='word_1_217' title='bbox 2305 1397 2372 1449; x_wconf 90' lang='lat' dir='ltr'><em>sit</em></span> <span class='ocrx_word' id='word_1_218' title='bbox 2394 1395 2500 1466; x_wconf 87' lang='lat' dir='ltr'><em>ipse</em></span> <span class='ocrx_word' id='word_1_219' title='bbox 2525 1396 2577 1448; x_wconf 89' lang='lat' dir='ltr'><em>in</em></span> <span class='ocrx_word' id='word_1_220' title='bbox 2600 1395 2838 1449; x_wconf 88' lang='lat' dir='ltr'><em>omnibus</em></span> <span class='ocrx_word' id='word_1_221' title='bbox 2865 1397 3146 1466; x_wconf 85' lang='lat' dir='ltr'><em>primatum</em></span> <span class='ocrx_word' id='word_1_222' title='bbox 3175 1408 3350 1453; x_wconf 83' lang='lat' dir='ltr'><em>tenens</em></span> <span class='ocrx_word' id='word_1_223' title='bbox 3377 1417 3396 1453; x_wconf 96' lang='lat'><em>:</em></span> <span class='ocrx_word' id='word_1_224' title='bbox 3419 1403 3550 1471; x_wconf 83' lang='lat' dir='ltr'><em>quia</em></span> 
     </span>
    </p>
   </div>
   <div class='ocr_carea' id='block_1_30' title="bbox 1961 1485 3550 1559">
    <p class='ocr_par' dir='ltr' id='par_1_30' title="bbox 1961 1485 3550 1559">
     <span class='ocr_line' id='line_1_30' title="bbox 1961 1485 3550 1559; baseline 0.003 -17"><span class='ocrx_word' id='word_1_225' title='bbox 1961 1487 2016 1542; x_wconf 89' lang='lat' dir='ltr'><em>in</em></span> <span class='ocrx_word' id='word_1_226' title='bbox 2042 1489 2153 1558; x_wconf 87' lang='lat' dir='ltr'><em>ipso</em></span> <span class='ocrx_word' id='word_1_227' title='bbox 2183 1485 2493 1557; x_wconf 85' lang='lat' dir='ltr'><em>complacuit</em></span> <span class='ocrx_word' id='word_1_228' title='bbox 2522 1503 2724 1541; x_wconf 88' lang='lat' dir='ltr'><em>omnem</em></span> <span class='ocrx_word' id='word_1_229' title='bbox 2751 1486 3126 1559; x_wconf 85' lang='lat' dir='ltr'><em>plenitudinem</em></span> <span class='ocrx_word' id='word_1_230' title='bbox 3155 1491 3442 1546; x_wconf 76' lang='lat' dir='ltr'><em>divinitatis</em></span> <span class='ocrx_word' id='word_1_231' title='bbox 3467 1494 3550 1546; x_wconf 84' lang='lat' dir='ltr'><em>in-</em></span> 
     </span>
    </p>
   </div>
   <div class='ocr_carea' id='block_1_31' title="bbox 1963 1577 3550 1650">
    <p class='ocr_par' dir='ltr' id='par_1_31' title="bbox 1963 1577 3550 1650">
     <span class='ocr_line' id='line_1_31' title="bbox 1963 1577 3550 1650; baseline 0.005 -19"><span class='ocrx_word' id='word_1_232' title='bbox 1963 1578 2198 1632; x_wconf 83' lang='lat' dir='ltr'><em>habitare</em></span> <span class='ocrx_word' id='word_1_233' title='bbox 2227 1577 2586 1648; x_wconf 87' lang='lat' dir='ltr'><em>corporaliter,</em></span> <span class='ocrx_word' id='word_1_234' title='bbox 2617 1578 2670 1632; x_wconf 89' lang='lat' dir='ltr'><em>in</em></span> <span class='ocrx_word' id='word_1_235' title='bbox 2697 1594 2798 1650; x_wconf 89' lang='lat' dir='ltr'><em>quo</em></span> <span class='ocrx_word' id='word_1_236' title='bbox 2835 1589 2957 1632; x_wconf 88' lang='lat' dir='ltr'><em>sunt</em></span> <span class='ocrx_word' id='word_1_237' title='bbox 2985 1597 3160 1634; x_wconf 86' lang='lat' dir='ltr'><em>omnes</em></span> <span class='ocrx_word' id='word_1_238' title='bbox 3189 1583 3423 1638; x_wconf 86' lang='lat' dir='ltr'><em>thesauri</em></span> <span class='ocrx_word' id='word_1_239' title='bbox 3454 1603 3550 1639; x_wconf 88' lang='lat' dir='ltr'><em>sa-</em></span> 
     </span>
    </p>
   </div>
   <div class='ocr_carea' id='block_1_32' title="bbox 1960 1667 3058 1741">
    <p class='ocr_par' dir='ltr' id='par_1_32' title="bbox 1960 1667 3058 1741">
     <span class='ocr_line' id='line_1_32' title="bbox 1960 1667 3058 1741; baseline 0.003 -20"><span class='ocrx_word' id='word_1_240' title='bbox 1960 1669 2168 1739; x_wconf 78' lang='lat' dir='ltr'><em>pientia:</em></span> <span class='ocrx_word' id='word_1_241' title='bbox 2194 1677 2240 1722; x_wconf 89' lang='lat' dir='ltr'><em>et</em></span> <span class='ocrx_word' id='word_1_242' title='bbox 2267 1668 2496 1722; x_wconf 74' lang='lat' dir='ltr'><em>scientia:</em></span> <span class='ocrx_word' id='word_1_243' title='bbox 2517 1669 2807 1722; x_wconf 86' lang='lat' dir='ltr'><em>absconditi</em></span> <span class='ocrx_word' id='word_1_244' title='bbox 2835 1667 2970 1741; x_wconf 90' lang='lat' dir='ltr'><em>(Col.</em></span> <span class='ocrx_word' id='word_1_245' title='bbox 3001 1671 3058 1740; x_wconf 80' lang='grc' dir='ltr'><em>ι).</em></span> 
     </span>
    </p>
   </div>
   <div class='ocr_carea' id='block_1_33' title="bbox 289 1755 1860 1834">
    <p class='ocr_par' dir='ltr' id='par_1_33' title="bbox 289 1757 1858 1828">
     <span class='ocr_line' id='line_1_33' title="bbox 289 1757 1858 1828; baseline -0.01 -1"><span class='ocrx_word' id='word_1_246' title='bbox 289 1773 476 1827; x_wconf 79' lang='lat' dir='ltr'><em>Patres</em></span> <span class='ocrx_word' id='word_1_247' title='bbox 500 1780 627 1826; x_wconf 83' lang='lat' dir='ltr'><em>ante</em></span> <span class='ocrx_word' id='word_1_248' title='bbox 665 1765 1090 1823; x_wconf 59' lang='lat' dir='ltr'><em>incarnationem</em></span> <span class='ocrx_word' id='word_1_249' title='bbox 1127 1761 1462 1817; x_wconf 87' lang='lat' dir='ltr'><em>Dominicam</em></span> <span class='ocrx_word' id='word_1_250' title='bbox 1489 1760 1556 1815; x_wconf 90' lang='lat' dir='ltr'><em>de</em></span> <span class='ocrx_word' id='word_1_251' title='bbox 1588 1757 1858 1828; x_wconf 83' lang='lat' dir='ltr'><em>mysteriis</em></span> 
     </span>
    </p>
   </div>
   <div class='ocr_carea' id='block_1_34' title="bbox 1968 1755 3548 1834">
    <p class='ocr_par' dir='ltr' id='par_1_34' title="bbox 2032 1755 3548 1834">
     <span class='ocr_line' id='line_1_34' title="bbox 2032 1755 3548 1834; baseline 0.006 -24"><span class='ocrx_word' id='word_1_252' title='bbox 2032 1756 2162 1811; x_wconf 84' lang='lat' dir='ltr'><em>Filii</em></span> <span class='ocrx_word' id='word_1_253' title='bbox 2187 1757 2387 1822; x_wconf 89' lang='lat' dir='ltr'><em>Lcdan,</em></span> <span class='ocrx_word' id='word_1_254' title='bbox 2415 1757 2516 1826; x_wconf 83' lang='lat' dir='ltr'><em>ﬁlii</em></span> <span class='ocrx_word' id='word_1_255' title='bbox 2542 1755 2818 1814; x_wconf 84' lang='lat' dir='ltr'><em>Gersonni.</em></span> <span class='ocrx_word' id='word_1_256' title='bbox 2855 1759 2932 1814; x_wconf 88' lang='lat' dir='ltr'><em>De</em></span> <span class='ocrx_word' id='word_1_257' title='bbox 2958 1759 3136 1814; x_wconf 83' lang='lat' dir='ltr'><em>Ledan</em></span> <span class='ocrx_word' id='word_1_258' title='bbox 3163 1763 3420 1834; x_wconf 82' lang='lat' dir='ltr'><em>principes</em></span> <span class='ocrx_word' id='word_1_259' title='bbox 3457 1765 3548 1833; x_wconf 83' lang='lat' dir='ltr'><em>fa-</em></span> 
     </span>
    </p>
   </div>
   <div class='ocr_carea' id='block_1_35' title="bbox 287 1847 1858 1924">
    <p class='ocr_par' dir='ltr' id='par_1_35' title="bbox 287 1847 1858 1924">
     <span class='ocr_line' id='line_1_35' title="bbox 287 1847 1858 1924; baseline -0.01 -10"><span class='ocrx_word' id='word_1_260' title='bbox 287 1861 480 1915; x_wconf 80' lang='lat' dir='ltr'><em>t’nturis</em></span> <span class='ocrx_word' id='word_1_261' title='bbox 527 1857 779 1912; x_wconf 70' lang='lat' dir='ltr'><em>Ecclesia:</em></span> <span class='ocrx_word' id='word_1_262' title='bbox 817 1850 1232 1924; x_wconf 72' lang='lat' dir='ltr'><em>prmtigurabant</em></span> <span class='ocrx_word' id='word_1_263' title='bbox 1266 1858 1424 1920; x_wconf 82' lang='lat' dir='ltr'><em>typo,</em></span> <span class='ocrx_word' id='word_1_264' title='bbox 1467 1848 1571 1902; x_wconf 87' lang='lat' dir='ltr'><em>hoc</em></span> <span class='ocrx_word' id='word_1_265' title='bbox 1609 1847 1858 1901; x_wconf 82' lang='lat' dir='ltr'><em>doctores</em></span> 
     </span>
    </p>
   </div>
   <div class='ocr_carea' id='block_1_36' title="bbox 288 1935 1856 2020">
    <p class='ocr_par' dir='ltr' id='par_1_36' title="bbox 288 1935 1856 2020">
     <span class='ocr_line' id='line_1_36' title="bbox 288 1935 1856 2020; baseline -0.01 -15"><span class='ocrx_word' id='word_1_266' title='bbox 288 1950 556 2020; x_wconf 73' lang='lat' dir='ltr'><em>Evangelii</em></span> <span class='ocrx_word' id='word_1_267' title='bbox 606 1948 764 2014; x_wconf 69' lang='lat' dir='ltr'><em>modo</em></span> <span class='ocrx_word' id='word_1_268' title='bbox 810 1953 934 2016; x_wconf 87' lang='lat' dir='ltr'><em>post</em></span> <span class='ocrx_word' id='word_1_269' title='bbox 974 1942 1242 2014; x_wconf 81' lang='lat' dir='ltr'><em>expletam</em></span> <span class='ocrx_word' id='word_1_270' title='bbox 1284 1937 1707 1994; x_wconf 82' lang='lat' dir='ltr'><em>incarnationem</em></span> <span class='ocrx_word' id='word_1_271' title='bbox 1748 1935 1856 1990; x_wconf 85' lang='lat' dir='ltr'><em>Do-</em></span> 
     </span>
    </p>
   </div>
   <div class='ocr_carea' id='block_1_37' title="bbox 285 2026 1857 2110">
    <p class='ocr_par' dir='ltr' id='par_1_37' title="bbox 285 2026 1857 2110">
     <span class='ocr_line' id='line_1_37' title="bbox 285 2026 1857 2110; baseline -0.013 -12"><span class='ocrx_word' id='word_1_272' title='bbox 285 2043 437 2106; x_wconf 83' lang='lat' dir='ltr'><em>mini,</em></span> <span class='ocrx_word' id='word_1_273' title='bbox 464 2039 788 2110; x_wconf 84' lang='lat' dir='ltr'><em>passionem,</em></span> <span class='ocrx_word' id='word_1_274' title='bbox 817 2031 1265 2090; x_wconf 88' lang='lat' dir='ltr'><em>resurrectionem</em></span> <span class='ocrx_word' id='word_1_275' title='bbox 1294 2038 1454 2099; x_wconf 81' lang='lat' dir='ltr'><em>atque</em></span> <span class='ocrx_word' id='word_1_276' title='bbox 1487 2026 1857 2082; x_wconf 88' lang='lat' dir='ltr'><em>ascensionem</em></span> 
     </span>
    </p>
   </div>
   <div class='ocr_carea' id='block_1_38' title="bbox 287 2119 1857 2203">
    <p class='ocr_par' dir='ltr' id='par_1_38' title="bbox 287 2119 1857 2203">
     <span class='ocr_line' id='line_1_38' title="bbox 287 2119 1857 2203; baseline -0.013 -14"><span class='ocrx_word' id='word_1_277' title='bbox 287 2135 353 2189; x_wconf 89' lang='lat' dir='ltr'><em>ad</em></span> <span class='ocrx_word' id='word_1_278' title='bbox 380 2132 544 2189; x_wconf 80' lang='lat' dir='ltr'><em>cmlos</em></span> <span class='ocrx_word' id='word_1_279' title='bbox 571 2139 724 2203; x_wconf 79' lang='lat' dir='ltr'><em>gestu</em></span> <span class='ocrx_word' id='word_1_280' title='bbox 753 2129 1125 2184; x_wconf 82' lang='lat' dir='ltr'><em>demonstrant</em></span> <span class='ocrx_word' id='word_1_281' title='bbox 1149 2119 1554 2178; x_wconf 80' lang='lat' dir='ltr'><em>evidentissimo</em></span> <span class='ocrx_word' id='word_1_282' title='bbox 1583 2135 1595 2170; x_wconf 89' lang='lat'>:</span> <span class='ocrx_word' id='word_1_283' title='bbox 1627 2133 1726 2172; x_wconf 91' lang='lat' dir='ltr'><em>nec</em></span> <span class='ocrx_word' id='word_1_284' title='bbox 1752 2131 1857 2170; x_wconf 89' lang='lat' dir='ltr'><em>non</em></span> 
     </span>
    </p>
   </div>
   <div class='ocr_carea' id='block_1_39' title="bbox 285 2211 1860 2286">
    <p class='ocr_par' dir='ltr' id='par_1_39' title="bbox 285 2211 1860 2286">
     <span class='ocr_line' id='line_1_39' title="bbox 285 2211 1860 2286; baseline -0.013 -1"><span class='ocrx_word' id='word_1_285' title='bbox 285 2239 340 2286; x_wconf 80' lang='lat' dir='ltr'><em>tt</em></span> <span class='ocrx_word' id='word_1_286' title='bbox 376 2237 576 2284; x_wconf 70' lang='lat' dir='ltr'><em>caetera</em></span> <span class='ocrx_word' id='word_1_287' title='bbox 617 2225 772 2280; x_wconf 89' lang='lat' dir='ltr'><em>turba</em></span> <span class='ocrx_word' id='word_1_288' title='bbox 814 2220 1049 2276; x_wconf 83' lang='lat' dir='ltr'><em>ﬁdelium</em></span> <span class='ocrx_word' id='word_1_289' title='bbox 1087 2218 1152 2274; x_wconf 89' lang='lat' dir='ltr'><em>de</em></span> <span class='ocrx_word' id='word_1_290' title='bbox 1187 2214 1386 2271; x_wconf 70' lang='lat' dir='ltr'><em>Judzeis</em></span> <span class='ocrx_word' id='word_1_291' title='bbox 1421 2220 1583 2281; x_wconf 87' lang='lat' dir='ltr'><em>atque</em></span> <span class='ocrx_word' id='word_1_292' title='bbox 1612 2211 1860 2282; x_wconf 79' lang='lat' dir='ltr'><em>gentibus</em></span> 
     </span>
    </p>
   </div>
   <div class='ocr_carea' id='block_1_40' title="bbox 283 2303 1856 2386">
    <p class='ocr_par' dir='ltr' id='par_1_40' title="bbox 283 2303 1856 2386">
     <span class='ocr_line' id='line_1_40' title="bbox 283 2303 1856 2386; baseline -0.013 -10"><span class='ocrx_word' id='word_1_293' title='bbox 283 2338 387 2376; x_wconf 88' lang='lat' dir='ltr'><em>una</em></span> <span class='ocrx_word' id='word_1_294' title='bbox 413 2319 539 2386; x_wconf 83' lang='lat' dir='ltr'><em>(ide,</em></span> <span class='ocrx_word' id='word_1_295' title='bbox 563 2334 672 2372; x_wconf 89' lang='lat' dir='ltr'><em>uno</em></span> <span class='ocrx_word' id='word_1_296' title='bbox 691 2314 1036 2384; x_wconf 87' lang='lat' dir='ltr'><em>baptismate,</em></span> <span class='ocrx_word' id='word_1_297' title='bbox 1062 2311 1221 2364; x_wconf 88' lang='lat' dir='ltr'><em>unius</em></span> <span class='ocrx_word' id='word_1_298' title='bbox 1241 2307 1336 2362; x_wconf 83' lang='lat' dir='ltr'><em>Dei</em></span> <span class='ocrx_word' id='word_1_299' title='bbox 1358 2321 1454 2375; x_wconf 89' lang='lat' dir='ltr'><em>per</em></span> <span class='ocrx_word' id='word_1_300' title='bbox 1481 2313 1648 2359; x_wconf 88' lang='lat' dir='ltr'><em>totum</em></span> <span class='ocrx_word' id='word_1_301' title='bbox 1671 2303 1856 2359; x_wconf 88' lang='lat' dir='ltr'><em>orbem</em></span> 
     </span>
    </p>
   </div>
   <div class='ocr_carea' id='block_1_41' title="bbox 286 2397 1464 2472">
    <p class='ocr_par' dir='ltr' id='par_1_41' title="bbox 286 2397 1464 2472">
     <span class='ocr_line' id='line_1_41' title="bbox 286 2397 1464 2472; baseline -0.017 -2"><span class='ocrx_word' id='word_1_302' title='bbox 286 2426 556 2470; x_wconf 83' lang='lat' dir='ltr'><em>terrarum</em></span> <span class='ocrx_word' id='word_1_303' title='bbox 582 2406 934 2466; x_wconf 84' lang='lat' dir='ltr'><em>celeberrimo</em></span> <span class='ocrx_word' id='word_1_304' title='bbox 959 2401 1275 2472; x_wconf 81' lang='lat' dir='ltr'><em>comprobat</em></span> <span class='ocrx_word' id='word_1_305' title='bbox 1300 2397 1464 2454; x_wconf 89' lang='lat' dir='ltr'><em>cultu.</em></span> 
     </span>
    </p>
   </div>
   <div class='ocr_carea' id='block_1_42' title="bbox 354 2487 1858 2566">
    <p class='ocr_par' dir='ltr' id='par_1_42' title="bbox 354 2487 1858 2566">
     <span class='ocr_line' id='line_1_42' title="bbox 354 2487 1858 2566; baseline -0.012 -8"><span class='ocrx_word' id='word_1_306' title='bbox 354 2504 436 2558; x_wconf 78' lang='lat' dir='ltr'><em>Ad</em></span> <span class='ocrx_word' id='word_1_307' title='bbox 481 2502 764 2558; x_wconf 83' lang='lat' dir='ltr'><em>orientem,</em></span> <span class='ocrx_word' id='word_1_308' title='bbox 810 2495 1018 2566; x_wconf 89' lang='lat' dir='ltr'><em>inquit,</em></span> <span class='ocrx_word' id='word_1_309' title='bbox 1066 2492 1256 2547; x_wconf 77' lang='lat' dir='ltr'><em>Levita:</em></span> <span class='ocrx_word' id='word_1_310' title='bbox 1294 2505 1419 2555; x_wconf 75' lang='lat' dir='ltr'><em>sex;</em></span> <span class='ocrx_word' id='word_1_311' title='bbox 1456 2489 1526 2542; x_wconf 90' lang='lat' dir='ltr'><em>ad</em></span> <span class='ocrx_word' id='word_1_312' title='bbox 1565 2487 1858 2559; x_wconf 85' lang='lat' dir='ltr'><em>aquilonem</em></span> 
     </span>
    </p>
   </div>
   <div class='ocr_carea' id='block_1_43' title="bbox 281 2578 1861 2666">
    <p class='ocr_par' dir='ltr' id='par_1_43' title="bbox 281 2578 1861 2666">
     <span class='ocr_line' id='line_1_43' title="bbox 281 2578 1861 2666; baseline -0.013 -15"><span class='ocrx_word' id='word_1_313' title='bbox 281 2605 507 2666; x_wconf 79' lang='lat' dir='ltr'><em>quatuor</em></span> <span class='ocrx_word' id='word_1_314' title='bbox 529 2607 625 2663; x_wconf 89' lang='lat' dir='ltr'><em>per</em></span> <span class='ocrx_word' id='word_1_315' title='bbox 647 2589 822 2653; x_wconf 81' lang='lat' dir='ltr'><em>diem;</em></span> <span class='ocrx_word' id='word_1_316' title='bbox 852 2596 1005 2658; x_wconf 88' lang='lat' dir='ltr'><em>atque</em></span> <span class='ocrx_word' id='word_1_317' title='bbox 1033 2589 1100 2639; x_wconf 85' lang='lat' dir='ltr'><em>ad</em></span> <span class='ocrx_word' id='word_1_318' title='bbox 1134 2582 1398 2638; x_wconf 81' lang='lat' dir='ltr'><em>meridiem</em></span> <span class='ocrx_word' id='word_1_319' title='bbox 1429 2581 1482 2634; x_wconf 88' lang='lat' dir='ltr'><em>in</em></span> <span class='ocrx_word' id='word_1_320' title='bbox 1508 2580 1592 2633; x_wconf 88' lang='lat' dir='ltr'><em>die</em></span> <span class='ocrx_word' id='word_1_321' title='bbox 1623 2578 1861 2633; x_wconf 84' lang='lat' dir='ltr'><em>similiter</em></span> 
     </span>
    </p>
   </div>
   <div class='ocr_carea' id='block_1_44' title="bbox 283 2668 1859 2756">
    <p class='ocr_par' dir='ltr' id='par_1_44' title="bbox 283 2668 1859 2756">
     <span class='ocr_line' id='line_1_44' title="bbox 283 2668 1859 2756; baseline -0.01 -17"><span class='ocrx_word' id='word_1_322' title='bbox 283 2693 532 2756; x_wconf 84' lang='lat' dir='ltr'><em>quatuor,</em></span> <span class='ocrx_word' id='word_1_323' title='bbox 557 2690 604 2736; x_wconf 89' lang='lat' dir='ltr'><em>et</em></span> <span class='ocrx_word' id='word_1_324' title='bbox 626 2679 714 2734; x_wconf 87' lang='lat' dir='ltr'><em>ubi</em></span> <span class='ocrx_word' id='word_1_325' title='bbox 737 2689 846 2732; x_wconf 89' lang='lat' dir='ltr'><em>erat</em></span> <span class='ocrx_word' id='word_1_326' title='bbox 877 2675 1174 2739; x_wconf 86' lang='lat' dir='ltr'><em>concilium,</em></span> <span class='ocrx_word' id='word_1_327' title='bbox 1201 2673 1306 2726; x_wconf 86' lang='lat' dir='ltr'><em>bini</em></span> <span class='ocrx_word' id='word_1_328' title='bbox 1335 2681 1380 2726; x_wconf 88' lang='lat' dir='ltr'><em>et</em></span> <span class='ocrx_word' id='word_1_329' title='bbox 1410 2671 1534 2734; x_wconf 77' lang='lat' dir='ltr'><em>bini.</em></span> <span class='ocrx_word' id='word_1_330' title='bbox 1568 2669 1631 2722; x_wconf 88' lang='lat' dir='ltr'><em>In</em></span> <span class='ocrx_word' id='word_1_331' title='bbox 1661 2668 1859 2723; x_wconf 83' lang='lat' dir='ltr'><em>cellulis</em></span> 
     </span>
    </p>
   </div>
   <div class='ocr_carea' id='block_1_45' title="bbox 285 2758 1856 2844">
    <p class='ocr_par' dir='ltr' id='par_1_45' title="bbox 285 2758 1856 2844">
     <span class='ocr_line' id='line_1_45' title="bbox 285 2758 1856 2844; baseline -0.011 -17"><span class='ocrx_word' id='word_1_332' title='bbox 285 2784 484 2844; x_wconf 85' lang='lat' dir='ltr'><em>quoque</em></span> <span class='ocrx_word' id='word_1_333' title='bbox 505 2768 804 2840; x_wconf 85' lang='lat' dir='ltr'><em>janitorum</em></span> <span class='ocrx_word' id='word_1_334' title='bbox 832 2765 902 2820; x_wconf 91' lang='lat' dir='ltr'><em>ad</em></span> <span class='ocrx_word' id='word_1_335' title='bbox 924 2764 1239 2819; x_wconf 80' lang='lat' dir='ltr'><em>occidentem</em></span> <span class='ocrx_word' id='word_1_336' title='bbox 1263 2771 1488 2832; x_wconf 86' lang='lat' dir='ltr'><em>quatuor</em></span> <span class='ocrx_word' id='word_1_337' title='bbox 1516 2760 1568 2813; x_wconf 90' lang='lat' dir='ltr'><em>in</em></span> <span class='ocrx_word' id='word_1_338' title='bbox 1593 2760 1693 2823; x_wconf 90' lang='lat' dir='ltr'><em>via,</em></span> <span class='ocrx_word' id='word_1_339' title='bbox 1723 2758 1856 2812; x_wconf 84' lang='lat' dir='ltr'><em>bini-</em></span> 
     </span>
    </p>
   </div>
   <div class='ocr_carea' id='block_1_46' title="bbox 282 2849 1858 2936">
    <p class='ocr_par' dir='ltr' id='par_1_46' title="bbox 282 2849 1858 2936">
     <span class='ocr_line' id='line_1_46' title="bbox 282 2849 1858 2936; baseline -0.01 -17"><span class='ocrx_word' id='word_1_340' title='bbox 282 2881 381 2936; x_wconf 81' lang='lat' dir='ltr'><em>que</em></span> <span class='ocrx_word' id='word_1_341' title='bbox 413 2879 505 2934; x_wconf 86' lang='lat' dir='ltr'><em>per</em></span> <span class='ocrx_word' id='word_1_342' title='bbox 532 2859 772 2916; x_wconf 81' lang='lat' dir='ltr'><em>cellulas.</em></span> <span class='ocrx_word' id='word_1_343' title='bbox 815 2857 911 2913; x_wconf 76' lang='lat' dir='ltr'><em>Ha:</em></span> <span class='ocrx_word' id='word_1_344' title='bbox 938 2866 1060 2912; x_wconf 79' lang='lat' dir='ltr'><em>sunt</em></span> <span class='ocrx_word' id='word_1_345' title='bbox 1101 2853 1378 2909; x_wconf 85' lang='lat' dir='ltr'><em>divisiones</em></span> <span class='ocrx_word' id='word_1_346' title='bbox 1397 2852 1692 2922; x_wconf 88' lang='lat' dir='ltr'><em>janitorum</em></span> <span class='ocrx_word' id='word_1_347' title='bbox 1715 2849 1858 2918; x_wconf 83' lang='lat' dir='ltr'><em>[ilio-</em></span> 
     </span>
    </p>
   </div>
   <div class='ocr_carea' id='block_1_47' title="bbox 282 2939 1859 3012">
    <p class='ocr_par' dir='ltr' id='par_1_47' title="bbox 282 2939 1859 3012">
     <span class='ocr_line' id='line_1_47' title="bbox 282 2939 1859 3012; baseline -0.009 -7"><span class='ocrx_word' id='word_1_348' title='bbox 282 2967 402 3006; x_wconf 88' lang='lat' dir='ltr'><em>rum</em></span> <span class='ocrx_word' id='word_1_349' title='bbox 451 2949 598 3005; x_wconf 69' lang='grc' dir='ltr'><em>σοι-ω</em></span> <span class='ocrx_word' id='word_1_350' title='bbox 647 2958 694 3002; x_wconf 86' lang='lat' dir='ltr'><em>et</em></span> <span class='ocrx_word' id='word_1_351' title='bbox 747 2946 979 3001; x_wconf 80' lang='lat' dir='ltr'><em>Morari.</em></span> <span class='ocrx_word' id='word_1_352' title='bbox 1021 2943 1173 3012; x_wconf 83' lang='lat' dir='ltr'><em>Quod</em></span> <span class='ocrx_word' id='word_1_353' title='bbox 1227 2941 1360 2996; x_wconf 86' lang='lat' dir='ltr'><em>dicit</em></span> <span class='ocrx_word' id='word_1_354' title='bbox 1409 2941 1460 2993; x_wconf 87' lang='lat' dir='ltr'><em>in</em></span> <span class='ocrx_word' id='word_1_355' title='bbox 1509 2939 1718 2994; x_wconf 75' lang='lat' dir='ltr'><em>oriente</em></span> <span class='ocrx_word' id='word_1_356' title='bbox 1764 2953 1859 2992; x_wconf 73' lang='lat' dir='ltr'><em>sex</em></span> 
     </span>
    </p>
   </div>
   <div class='ocr_carea' id='block_1_48' title="bbox 283 3029 1858 3109">
    <p class='ocr_par' dir='ltr' id='par_1_48' title="bbox 283 3029 1858 3109">
     <span class='ocr_line' id='line_1_48' title="bbox 283 3029 1858 3109; baseline -0.008 -13"><span class='ocrx_word' id='word_1_357' title='bbox 283 3041 518 3104; x_wconf 82' lang='lat' dir='ltr'><em>Levitas,</em></span> <span class='ocrx_word' id='word_1_358' title='bbox 543 3049 705 3109; x_wconf 83' lang='lat' dir='ltr'><em>atque</em></span> <span class='ocrx_word' id='word_1_359' title='bbox 732 3037 784 3091; x_wconf 91' lang='lat' dir='ltr'><em>in</em></span> <span class='ocrx_word' id='word_1_360' title='bbox 814 3036 1028 3092; x_wconf 79' lang='lat' dir='ltr'><em>caeteris</em></span> <span class='ocrx_word' id='word_1_361' title='bbox 1054 3033 1227 3104; x_wconf 81' lang='lat' dir='ltr'><em>plagis</em></span> <span class='ocrx_word' id='word_1_362' title='bbox 1252 3047 1372 3087; x_wconf 84' lang='lat' dir='ltr'><em>esse</em></span> <span class='ocrx_word' id='word_1_363' title='bbox 1392 3039 1623 3102; x_wconf 88' lang='lat' dir='ltr'><em>quatuor</em></span> <span class='ocrx_word' id='word_1_364' title='bbox 1655 3029 1858 3086; x_wconf 89' lang='lat' dir='ltr'><em>consti—</em></span> 
     </span>
    </p>
   </div>
   <div class='ocr_carea' id='block_1_49' title="bbox 1963 1844 3549 1920">
    <p class='ocr_par' dir='ltr' id='par_1_49' title="bbox 1963 1844 3549 1920">
     <span class='ocr_line' id='line_1_49' title="bbox 1963 1844 3549 1920; baseline 0.002 -18"><span class='ocrx_word' id='word_1_365' title='bbox 1963 1846 2248 1902; x_wconf 86' lang='lat' dir='ltr'><em>miliarum.</em></span> <span class='ocrx_word' id='word_1_366' title='bbox 2291 1846 2472 1902; x_wconf 88' lang='lat' dir='ltr'><em>Ledan</em></span> <span class='ocrx_word' id='word_1_367' title='bbox 2507 1856 2556 1902; x_wconf 88' lang='lat' dir='ltr'><em>et</em></span> <span class='ocrx_word' id='word_1_368' title='bbox 2598 1844 2884 1914; x_wconf 81' lang='lat' dir='ltr'><em>Cersonni,</em></span> <span class='ocrx_word' id='word_1_369' title='bbox 2925 1848 3130 1904; x_wconf 83' lang='lat' dir='ltr'><em>Jehieli.</em></span> <span class='ocrx_word' id='word_1_370' title='bbox 3164 1849 3291 1905; x_wconf 78' lang='lat' dir='ltr'><em>Filii</em></span> <span class='ocrx_word' id='word_1_371' title='bbox 3327 1851 3549 1920; x_wconf 84' lang='lat' dir='ltr'><em>Jehieli,</em></span> 
     </span>
    </p>
   </div>
   <div class='ocr_carea' id='block_1_50' title="bbox 1963 1936 3550 2012">
    <p class='ocr_par' dir='ltr' id='par_1_50' title="bbox 1963 1936 3550 2012">
     <span class='ocr_line' id='line_1_50' title="bbox 1963 1936 3550 2012; baseline 0.006 -22"><span class='ocrx_word' id='word_1_372' title='bbox 1963 1936 2167 1992; x_wconf 89' lang='lat' dir='ltr'><em>Zathan</em></span> <span class='ocrx_word' id='word_1_373' title='bbox 2199 1948 2248 1992; x_wconf 87' lang='lat' dir='ltr'><em>et</em></span> <span class='ocrx_word' id='word_1_374' title='bbox 2283 1937 2401 1992; x_wconf 81' lang='lat' dir='ltr'><em>Joel</em></span> <span class='ocrx_word' id='word_1_375' title='bbox 2421 1979 2436 2004; x_wconf 90' lang='lat'><em>,</em></span> <span class='ocrx_word' id='word_1_376' title='bbox 2475 1937 2664 2007; x_wconf 82' lang='lat' dir='ltr'><em>fratres</em></span> <span class='ocrx_word' id='word_1_377' title='bbox 2701 1939 2844 2010; x_wconf 86' lang='lat' dir='ltr'><em>ejus,</em></span> <span class='ocrx_word' id='word_1_378' title='bbox 2867 1957 3024 2012; x_wconf 88' lang='lat' dir='ltr'><em>super</em></span> <span class='ocrx_word' id='word_1_379' title='bbox 3057 1943 3328 1996; x_wconf 88' lang='lat' dir='ltr'><em>thesauros</em></span> <span class='ocrx_word' id='word_1_380' title='bbox 3354 1944 3550 2000; x_wconf 82' lang='lat' dir='ltr'><em>domus</em></span> 
     </span>
    </p>
   </div>
   <div class='ocr_carea' id='block_1_51' title="bbox 1962 2027 3550 2090">
    <p class='ocr_par' dir='ltr' id='par_1_51' title="bbox 1962 2027 3550 2090">
     <span class='ocr_line' id='line_1_51' title="bbox 1962 2027 3550 2090; baseline 0.005 -8"><span class='ocrx_word' id='word_1_381' title='bbox 1962 2027 2194 2083; x_wconf 87' lang='lat' dir='ltr'><em>Domini.</em></span> <span class='ocrx_word' id='word_1_382' title='bbox 2226 2028 2532 2084; x_wconf 82' lang='lat' dir='ltr'><em>Amramitis</em></span> <span class='ocrx_word' id='word_1_383' title='bbox 2555 2039 2604 2084; x_wconf 90' lang='lat' dir='ltr'><em>et</em></span> <span class='ocrx_word' id='word_1_384' title='bbox 2633 2029 2878 2085; x_wconf 88' lang='lat' dir='ltr'><em>Isaaritis</em></span> <span class='ocrx_word' id='word_1_385' title='bbox 2911 2042 2960 2085; x_wconf 88' lang='lat' dir='ltr'><em>et</em></span> <span class='ocrx_word' id='word_1_386' title='bbox 2999 2031 3300 2089; x_wconf 82' lang='lat' dir='ltr'><em>IIebronitis</em></span> <span class='ocrx_word' id='word_1_387' title='bbox 3329 2046 3378 2089; x_wconf 90' lang='lat' dir='ltr'><em>et</em></span> <span class='ocrx_word' id='word_1_388' title='bbox 3413 2035 3550 2090; x_wconf 76' lang='lat' dir='ltr'><em>Ozi-</em></span> 
     </span>
    </p>
   </div>
   <div class='ocr_carea' id='block_1_52' title="bbox 1961 2119 3546 2197">
    <p class='ocr_par' dir='ltr' id='par_1_52' title="bbox 1961 2119 3546 2197">
     <span class='ocr_line' id='line_1_52' title="bbox 1961 2119 3546 2197; baseline 0.004 -23"><span class='ocrx_word' id='word_1_389' title='bbox 1961 2121 2154 2174; x_wconf 89' lang='lat' dir='ltr'><em>hetitis.</em></span> <span class='ocrx_word' id='word_1_390' title='bbox 2194 2119 2426 2176; x_wconf 91' lang='lat' dir='ltr'><em>Subahel</em></span> <span class='ocrx_word' id='word_1_391' title='bbox 2464 2133 2636 2176; x_wconf 86' lang='lat' dir='ltr'><em>autem</em></span> <span class='ocrx_word' id='word_1_392' title='bbox 2677 2123 2819 2191; x_wconf 82' lang='lat' dir='ltr'><em>filius</em></span> <span class='ocrx_word' id='word_1_393' title='bbox 2863 2121 3150 2190; x_wconf 82' lang='lat' dir='ltr'><em>Gersonni,</em></span> <span class='ocrx_word' id='word_1_394' title='bbox 3195 2125 3295 2194; x_wconf 80' lang='lat' dir='ltr'><em>filii</em></span> <span class='ocrx_word' id='word_1_395' title='bbox 3335 2126 3546 2197; x_wconf 74' lang='lat' dir='ltr'><em>Moysi,</em></span> 
     </span>
    </p>
   </div>
   <div class='ocr_carea' id='block_1_53' title="bbox 1960 2211 3549 2286">
    <p class='ocr_par' dir='ltr' id='par_1_53' title="bbox 1960 2211 3549 2286">
     <span class='ocr_line' id='line_1_53' title="bbox 1960 2211 3549 2286; baseline 0.008 -24"><span class='ocrx_word' id='word_1_396' title='bbox 1960 2211 2266 2281; x_wconf 78' lang='lat' dir='ltr'><em>prapositus</em></span> <span class='ocrx_word' id='word_1_397' title='bbox 2289 2211 2564 2266; x_wconf 86' lang='lat' dir='ltr'><em>thesauris.</em></span> <span class='ocrx_word' id='word_1_398' title='bbox 2597 2212 2834 2281; x_wconf 84' lang='lat' dir='ltr'><em>Denique</em></span> <span class='ocrx_word' id='word_1_399' title='bbox 2854 2212 3019 2283; x_wconf 80' lang='lat' dir='ltr'><em>Moysi</em></span> <span class='ocrx_word' id='word_1_400' title='bbox 3046 2214 3161 2280; x_wconf 81' lang='lat' dir='ltr'><em>ﬁlii,</em></span> <span class='ocrx_word' id='word_1_401' title='bbox 3183 2217 3273 2286; x_wconf 90' lang='lat' dir='ltr'><em>qui</em></span> <span class='ocrx_word' id='word_1_402' title='bbox 3292 2218 3549 2273; x_wconf 88' lang='lat' dir='ltr'><em>eminen-</em></span> 
     </span>
    </p>
   </div>
   <div class='ocr_carea' id='block_1_54' title="bbox 1963 2301 3550 2376">
    <p class='ocr_par' dir='ltr' id='par_1_54' title="bbox 1963 2301 3550 2376">
     <span class='ocr_line' id='line_1_54' title="bbox 1963 2301 3550 2376; baseline 0.006 -21"><span class='ocrx_word' id='word_1_403' title='bbox 1963 2301 2068 2356; x_wconf 87' lang='lat' dir='ltr'><em>tius</em></span> <span class='ocrx_word' id='word_1_404' title='bbox 2095 2317 2124 2356; x_wconf 87' lang='lat' dir='ltr'><em>a</em></span> <span class='ocrx_word' id='word_1_405' title='bbox 2150 2301 2320 2356; x_wconf 72' lang='lat' dir='ltr'><em>David</em></span> <span class='ocrx_word' id='word_1_406' title='bbox 2355 2303 2781 2370; x_wconf 87' lang='lat' dir='ltr'><em>honorabantur,</em></span> <span class='ocrx_word' id='word_1_407' title='bbox 2815 2312 2873 2358; x_wconf 88' lang='lat' dir='ltr'><em>ut</em></span> <span class='ocrx_word' id='word_1_408' title='bbox 2907 2304 3169 2376; x_wconf 72' lang='lat' dir='ltr'><em>Iosephus</em></span> <span class='ocrx_word' id='word_1_409' title='bbox 3204 2315 3456 2375; x_wconf 83' lang='lat' dir='ltr'><em>testatur,</em></span> <span class='ocrx_word' id='word_1_410' title='bbox 3488 2320 3550 2366; x_wconf 84' lang='lat' dir='ltr'><em>et</em></span> 
     </span>
    </p>
   </div>
   <div class='ocr_carea' id='block_1_55' title="bbox 1963 2395 3548 2466">
    <p class='ocr_par' dir='ltr' id='par_1_55' title="bbox 1963 2395 3548 2466">
     <span class='ocr_line' id='line_1_55' title="bbox 1963 2395 3548 2466; baseline 0.006 -18"><span class='ocrx_word' id='word_1_411' title='bbox 1963 2407 2122 2464; x_wconf 87' lang='lat' dir='ltr'><em>super</em></span> <span class='ocrx_word' id='word_1_412' title='bbox 2148 2395 2430 2449; x_wconf 88' lang='lat' dir='ltr'><em>thesauros</em></span> <span class='ocrx_word' id='word_1_413' title='bbox 2468 2395 2658 2450; x_wconf 89' lang='lat' dir='ltr'><em>domus</em></span> <span class='ocrx_word' id='word_1_414' title='bbox 2687 2395 2898 2450; x_wconf 89' lang='lat' dir='ltr'><em>Domini</em></span> <span class='ocrx_word' id='word_1_415' title='bbox 2935 2397 3423 2466; x_wconf 85' lang='lat' dir='ltr'><em>constituebantur,</em></span> <span class='ocrx_word' id='word_1_416' title='bbox 3462 2402 3548 2456; x_wconf 79' lang='lat' dir='ltr'><em>si-</em></span> 
     </span>
    </p>
   </div>
   <div class='ocr_carea' id='block_1_56' title="bbox 1962 2483 3551 2559">
    <p class='ocr_par' dir='ltr' id='par_1_56' title="bbox 1962 2483 3551 2559">
     <span class='ocr_line' id='line_1_56' title="bbox 1962 2483 3551 2559; baseline 0.006 -22"><span class='ocrx_word' id='word_1_417' title='bbox 1962 2484 2217 2555; x_wconf 80' lang='lat' dir='ltr'><em>gniﬁcant</em></span> <span class='ocrx_word' id='word_1_418' title='bbox 2251 2485 2501 2540; x_wconf 83' lang='lat' dir='ltr'><em>doctores</em></span> <span class='ocrx_word' id='word_1_419' title='bbox 2543 2485 2608 2540; x_wconf 91' lang='lat' dir='ltr'><em>de</em></span> <span class='ocrx_word' id='word_1_420' title='bbox 2634 2483 2855 2540; x_wconf 75' lang='lat' dir='ltr'><em>Iudaica</em></span> <span class='ocrx_word' id='word_1_421' title='bbox 2879 2485 3034 2555; x_wconf 88' lang='lat' dir='ltr'><em>plebe</em></span> <span class='ocrx_word' id='word_1_422' title='bbox 3070 2501 3190 2542; x_wconf 88' lang='lat' dir='ltr'><em>esse</em></span> <span class='ocrx_word' id='word_1_423' title='bbox 3222 2491 3551 2559; x_wconf 72' lang='lat' dir='ltr'><em>prmpositos</em></span> 
     </span>
    </p>
   </div>
   <div class='ocr_carea' id='block_1_57' title="bbox 1963 2573 3550 2647">
    <p class='ocr_par' dir='ltr' id='par_1_57' title="bbox 1963 2573 3550 2647">
     <span class='ocr_line' id='line_1_57' title="bbox 1963 2573 3550 2647; baseline 0.004 -16"><span class='ocrx_word' id='word_1_424' title='bbox 1963 2576 2154 2631; x_wconf 91' lang='lat' dir='ltr'><em>domus</em></span> <span class='ocrx_word' id='word_1_425' title='bbox 2179 2573 2293 2640; x_wconf 89' lang='lat' dir='ltr'><em>Dei,</em></span> <span class='ocrx_word' id='word_1_426' title='bbox 2323 2574 2520 2644; x_wconf 87' lang='lat' dir='ltr'><em>quibus</em></span> <span class='ocrx_word' id='word_1_427' title='bbox 2551 2585 2868 2630; x_wconf 85' lang='lat' dir='ltr'><em>ornamenta</em></span> <span class='ocrx_word' id='word_1_428' title='bbox 2905 2584 3105 2632; x_wconf 67' lang='lat' dir='ltr'><em>sancta:</em></span> <span class='ocrx_word' id='word_1_429' title='bbox 3133 2577 3408 2647; x_wconf 69' lang='lat' dir='ltr'><em>Ecclesiae,</em></span> <span class='ocrx_word' id='word_1_430' title='bbox 3439 2581 3550 2637; x_wconf 90' lang='lat' dir='ltr'><em>hoc</em></span> 
     </span>
    </p>
   </div>
   <div class='ocr_carea' id='block_1_58' title="bbox 1962 2665 3551 2740">
    <p class='ocr_par' dir='ltr' id='par_1_58' title="bbox 1962 2665 3551 2740">
     <span class='ocr_line' id='line_1_58' title="bbox 1962 2665 3551 2740; baseline 0.006 -21"><span class='ocrx_word' id='word_1_431' title='bbox 1962 2674 2044 2720; x_wconf 89' lang='lat' dir='ltr'><em>est</em></span> <span class='ocrx_word' id='word_1_432' title='bbox 2064 2665 2224 2720; x_wconf 89' lang='lat' dir='ltr'><em>decor</em></span> <span class='ocrx_word' id='word_1_433' title='bbox 2251 2665 2574 2732; x_wconf 86' lang='lat' dir='ltr'><em>animarum,</em></span> <span class='ocrx_word' id='word_1_434' title='bbox 2597 2668 3004 2722; x_wconf 87' lang='lat' dir='ltr'><em>commendatus</em></span> <span class='ocrx_word' id='word_1_435' title='bbox 3029 2677 3130 2724; x_wconf 90' lang='lat' dir='ltr'><em>est.</em></span> <span class='ocrx_word' id='word_1_436' title='bbox 3157 2669 3232 2724; x_wconf 88' lang='lat' dir='ltr'><em>De</em></span> <span class='ocrx_word' id='word_1_437' title='bbox 3255 2671 3369 2740; x_wconf 89' lang='lat' dir='ltr'><em>ipsa</em></span> <span class='ocrx_word' id='word_1_438' title='bbox 3396 2675 3551 2728; x_wconf 85' lang='lat' dir='ltr'><em>enim</em></span> 
     </span>
    </p>
   </div>
   <div class='ocr_carea' id='block_1_59' title="bbox 1961 2757 3547 2836">
    <p class='ocr_par' dir='ltr' id='par_1_59' title="bbox 1961 2757 3547 2836">
     <span class='ocr_line' id='line_1_59' title="bbox 1961 2757 3547 2836; baseline 0.006 -25"><span class='ocrx_word' id='word_1_439' title='bbox 1961 2758 2117 2828; x_wconf 78' lang='lat' dir='ltr'><em>plebe</em></span> <span class='ocrx_word' id='word_1_440' title='bbox 2143 2757 2361 2812; x_wconf 84' lang='lat' dir='ltr'><em>fuerunt</em></span> <span class='ocrx_word' id='word_1_441' title='bbox 2398 2757 2622 2828; x_wconf 85' lang='lat' dir='ltr'><em>apostoli</em></span> <span class='ocrx_word' id='word_1_442' title='bbox 2657 2769 2714 2814; x_wconf 89' lang='lat' dir='ltr'><em>et</em></span> <span class='ocrx_word' id='word_1_443' title='bbox 2749 2760 2910 2829; x_wconf 88' lang='lat' dir='ltr'><em>primi</em></span> <span class='ocrx_word' id='word_1_444' title='bbox 2951 2759 3199 2816; x_wconf 86' lang='lat' dir='ltr'><em>doctores</em></span> <span class='ocrx_word' id='word_1_445' title='bbox 3229 2763 3511 2836; x_wconf 79' lang='lat' dir='ltr'><em>Evangelii</em></span> <span class='ocrx_word' id='word_1_446' title='bbox 3533 2809 3547 2828; x_wconf 88' lang='lat'><em>.</em></span> 
     </span>
    </p>
   </div>
   <div class='ocr_carea' id='block_1_60' title="bbox 1963 2849 3550 2925">
    <p class='ocr_par' dir='ltr' id='par_1_60' title="bbox 1963 2849 3550 2925">
     <span class='ocr_line' id='line_1_60' title="bbox 1963 2849 3550 2925; baseline 0.006 -24"><span class='ocrx_word' id='word_1_447' title='bbox 1963 2851 2052 2920; x_wconf 87' lang='lat' dir='ltr'><em>qui</em></span> <span class='ocrx_word' id='word_1_448' title='bbox 2101 2851 2296 2904; x_wconf 85' lang='lat' dir='ltr'><em>merito</em></span> <span class='ocrx_word' id='word_1_449' title='bbox 2353 2849 2604 2905; x_wconf 88' lang='lat' dir='ltr'><em>custodes</em></span> <span class='ocrx_word' id='word_1_450' title='bbox 2647 2850 2900 2904; x_wconf 88' lang='lat' dir='ltr'><em>dicuntur</em></span> <span class='ocrx_word' id='word_1_451' title='bbox 2945 2866 3064 2907; x_wconf 85' lang='lat' dir='ltr'><em>esse</em></span> <span class='ocrx_word' id='word_1_452' title='bbox 3118 2855 3500 2910; x_wconf 87' lang='lat' dir='ltr'><em>thesaurorum</em></span> <span class='ocrx_word' id='word_1_453' title='bbox 3535 2899 3550 2925; x_wconf 97' lang='lat'><em>,</em></span> 
     </span>
    </p>
   </div>
   <div class='ocr_carea' id='block_1_61' title="bbox 1963 2939 3551 3012">
    <p class='ocr_par' dir='ltr' id='par_1_61' title="bbox 1963 2939 3551 3012">
     <span class='ocr_line' id='line_1_61' title="bbox 1963 2939 3551 3012; baseline 0.005 -18"><span class='ocrx_word' id='word_1_454' title='bbox 1963 2941 2088 3011; x_wconf 89' lang='lat' dir='ltr'><em>quia</em></span> <span class='ocrx_word' id='word_1_455' title='bbox 2120 2941 2517 3012; x_wconf 86' lang='lat' dir='ltr'><em>dispensatores</em></span> <span class='ocrx_word' id='word_1_456' title='bbox 2541 2939 2842 2996; x_wconf 70' lang='lat' dir='ltr'><em>cmlcstium</em></span> <span class='ocrx_word' id='word_1_457' title='bbox 2871 2939 3024 2998; x_wconf 80' lang='lat' dir='ltr'><em>fuere</em></span> <span class='ocrx_word' id='word_1_458' title='bbox 3053 2952 3551 3002; x_wconf 86' lang='lat' dir='ltr'><em>sacramentorum.</em></span> 
     </span>
    </p>
   </div>
   <div class='ocr_carea' id='block_1_62' title="bbox 2036 3028 3556 3103">
    <p class='ocr_par' dir='ltr' id='par_1_62' title="bbox 2036 3028 3556 3103">
     <span class='ocr_line' id='line_1_62' title="bbox 2036 3028 3556 3103; baseline 0.005 -20"><span class='ocrx_word' id='word_1_459' title='bbox 2036 3028 2229 3084; x_wconf 86' lang='lat' dir='ltr'><em>Frater</em></span> <span class='ocrx_word' id='word_1_460' title='bbox 2255 3047 2457 3102; x_wconf 80' lang='lat' dir='ltr'><em>quoque</em></span> <span class='ocrx_word' id='word_1_461' title='bbox 2494 3030 2607 3101; x_wconf 87' lang='lat' dir='ltr'><em>ejus</em></span> <span class='ocrx_word' id='word_1_462' title='bbox 2645 3029 2873 3098; x_wconf 83' lang='lat' dir='ltr'><em>Eliezer,</em></span> <span class='ocrx_word' id='word_1_463' title='bbox 2913 3032 3066 3103; x_wconf 86' lang='lat' dir='ltr'><em>cujus</em></span> <span class='ocrx_word' id='word_1_464' title='bbox 3105 3033 3248 3103; x_wconf 79' lang='lat' dir='ltr'><em>ﬁlius</em></span> <span class='ocrx_word' id='word_1_465' title='bbox 3275 3034 3556 3102; x_wconf 84' lang='lat' dir='ltr'><em>Rahabia,</em></span> 
     </span>
    </p>
   </div>
   <div class='ocr_carea' id='block_1_63' title="bbox 283 3119 3559 3201">
    <p class='ocr_par' dir='ltr' id='par_1_63' title="bbox 283 3119 3559 3201">
     <span class='ocr_line' id='line_1_63' title="bbox 283 3119 3559 3201; baseline -0.001 -15"><span class='ocrx_word' id='word_1_466' title='bbox 283 3140 458 3196; x_wconf 83' lang='lat' dir='ltr'><em>tutos,</em></span> <span class='ocrx_word' id='word_1_467' title='bbox 495 3147 593 3201; x_wconf 85' lang='lat' dir='ltr'><em>per</em></span> <span class='ocrx_word' id='word_1_468' title='bbox 620 3128 895 3184; x_wconf 88' lang='lat' dir='ltr'><em>senarium</em></span> <span class='ocrx_word' id='word_1_469' title='bbox 925 3139 1210 3180; x_wconf 86' lang='lat' dir='ltr'><em>numerum</em></span> <span class='ocrx_word' id='word_1_470' title='bbox 1234 3123 1468 3194; x_wconf 87' lang='lat' dir='ltr'><em>primum</em></span> <span class='ocrx_word' id='word_1_471' title='bbox 1501 3121 1700 3177; x_wconf 85' lang='lat' dir='ltr'><em>bonam</em></span> <span class='ocrx_word' id='word_1_472' title='bbox 1727 3135 1857 3190; x_wconf 85' lang='lat' dir='ltr'><em>ope—</em></span> <span class='ocrx_word' id='word_1_473' title='bbox 1887 3138 1931 3198; x_wconf 71' lang='grc' dir='ltr'><strong>ρ</strong></span> <span class='ocrx_word' id='word_1_474' title='bbox 1963 3131 2009 3176; x_wconf 90' lang='lat' dir='ltr'><em>et</em></span> <span class='ocrx_word' id='word_1_475' title='bbox 2049 3121 2207 3190; x_wconf 82' lang='lat' dir='ltr'><em>hujus</em></span> <span class='ocrx_word' id='word_1_476' title='bbox 2244 3121 2386 3190; x_wconf 82' lang='lat' dir='ltr'><em>filius</em></span> <span class='ocrx_word' id='word_1_477' title='bbox 2424 3119 2628 3188; x_wconf 83' lang='lat' dir='ltr'><em>Isaias,</em></span> <span class='ocrx_word' id='word_1_478' title='bbox 2668 3132 2715 3175; x_wconf 86' lang='lat' dir='ltr'><em>et</em></span> <span class='ocrx_word' id='word_1_479' title='bbox 2752 3122 2910 3193; x_wconf 85' lang='lat' dir='ltr'><em>hujus</em></span> <span class='ocrx_word' id='word_1_480' title='bbox 2943 3123 3084 3192; x_wconf 74' lang='lat' dir='ltr'><em>ﬁlius</em></span> <span class='ocrx_word' id='word_1_481' title='bbox 3120 3122 3302 3180; x_wconf 84' lang='lat' dir='ltr'><em>Joram</em></span> <span class='ocrx_word' id='word_1_482' title='bbox 3326 3167 3339 3190; x_wconf 97' lang='lat'><em>,</em></span> <span class='ocrx_word' id='word_1_483' title='bbox 3385 3128 3559 3197; x_wconf 80' lang='lat' dir='ltr'><em>hujus</em></span> 
     </span>
    </p>
   </div>
   <div class='ocr_carea' id='block_1_64' title="bbox 283 3211 1861 3282">
    <p class='ocr_par' dir='ltr' id='par_1_64' title="bbox 283 3211 1861 3282">
     <span class='ocr_line' id='line_1_64' title="bbox 283 3211 1861 3282; baseline -0.009 -5"><span class='ocrx_word' id='word_1_484' title='bbox 283 3223 550 3277; x_wconf 85' lang='lat' dir='ltr'><em>rationem</em></span> <span class='ocrx_word' id='word_1_485' title='bbox 571 3219 878 3274; x_wconf 81' lang='lat' dir='ltr'><em>divinorum</em></span> <span class='ocrx_word' id='word_1_486' title='bbox 899 3213 1166 3282; x_wconf 72' lang='lat' dir='ltr'><em>signiﬁcat</em></span> <span class='ocrx_word' id='word_1_487' title='bbox 1193 3213 1581 3267; x_wconf 87' lang='lat' dir='ltr'><em>ministrorum.</em></span> <span class='ocrx_word' id='word_1_488' title='bbox 1605 3211 1710 3265; x_wconf 85' lang='lat' dir='ltr'><em>Per</em></span> <span class='ocrx_word' id='word_1_489' title='bbox 1727 3225 1861 3281; x_wconf 88' lang='lat' dir='ltr'><em>qua-</em></span> 
     </span>
    </p>
   </div>
   <div class='ocr_carea' id='block_1_65' title="bbox 284 3303 1858 3380">
    <p class='ocr_par' dir='ltr' id='par_1_65' title="bbox 284 3303 1858 3380">
     <span class='ocr_line' id='line_1_65' title="bbox 284 3303 1858 3380; baseline -0.008 -13"><span class='ocrx_word' id='word_1_490' title='bbox 284 3312 580 3369; x_wconf 88' lang='lat' dir='ltr'><em>ternarium</em></span> <span class='ocrx_word' id='word_1_491' title='bbox 619 3323 832 3380; x_wconf 85' lang='lat' dir='ltr'><em>quoque</em></span> <span class='ocrx_word' id='word_1_492' title='bbox 883 3307 1191 3378; x_wconf 80' lang='lat' dir='ltr'><em>evangelica</em></span> <span class='ocrx_word' id='word_1_493' title='bbox 1229 3305 1546 3376; x_wconf 80' lang='lat' dir='ltr'><em>exprimitur</em></span> <span class='ocrx_word' id='word_1_494' title='bbox 1595 3303 1858 3365; x_wconf 86' lang='lat' dir='ltr'><em>doctrina,</em></span> 
     </span>
    </p>
   </div>
   <div class='ocr_carea' id='block_1_66' title="bbox 281 3391 1857 3467">
    <p class='ocr_par' dir='ltr' id='par_1_66' title="bbox 281 3391 1857 3467">
     <span class='ocr_line' id='line_1_66' title="bbox 281 3391 1857 3467; baseline -0.008 -9"><span class='ocrx_word' id='word_1_495' title='bbox 281 3399 444 3460; x_wconf 83' lang='lat' dir='ltr'><em>simul</em></span> <span class='ocrx_word' id='word_1_496' title='bbox 477 3415 604 3456; x_wconf 88' lang='lat' dir='ltr'><em>cum</em></span> <span class='ocrx_word' id='word_1_497' title='bbox 645 3408 874 3467; x_wconf 80' lang='lat' dir='ltr'><em>quatuor</em></span> <span class='ocrx_word' id='word_1_498' title='bbox 913 3395 1171 3450; x_wconf 79' lang='lat' dir='ltr'><em>virtutum</em></span> <span class='ocrx_word' id='word_1_499' title='bbox 1212 3393 1586 3464; x_wconf 88' lang='lat' dir='ltr'><em>principalium</em></span> <span class='ocrx_word' id='word_1_500' title='bbox 1626 3391 1857 3462; x_wconf 87' lang='lat' dir='ltr'><em>plenitu-</em></span> 
     </span>
    </p>
   </div>
   <div class='ocr_carea' id='block_1_67' title="bbox 283 3486 1859 3563">
    <p class='ocr_par' dir='ltr' id='par_1_67' title="bbox 283 3486 1859 3563">
     <span class='ocr_line' id='line_1_67' title="bbox 283 3486 1859 3563; baseline -0.006 -14"><span class='ocrx_word' id='word_1_501' title='bbox 283 3494 430 3550; x_wconf 87' lang='lat' dir='ltr'><em>dine.</em></span> <span class='ocrx_word' id='word_1_502' title='bbox 471 3491 728 3563; x_wconf 84' lang='lat' dir='ltr'><em>Quisquis</em></span> <span class='ocrx_word' id='word_1_503' title='bbox 763 3505 892 3561; x_wconf 80' lang='lat' dir='ltr'><em>ergo</em></span> <span class='ocrx_word' id='word_1_504' title='bbox 923 3489 1126 3561; x_wconf 81' lang='lat' dir='ltr'><em>janitor</em></span> <span class='ocrx_word' id='word_1_505' title='bbox 1165 3487 1331 3543; x_wconf 79' lang='lat' dir='ltr'><em>divini</em></span> <span class='ocrx_word' id='word_1_506' title='bbox 1373 3487 1574 3556; x_wconf 89' lang='lat' dir='ltr'><em>templi,</em></span> <span class='ocrx_word' id='word_1_507' title='bbox 1608 3486 1711 3542; x_wconf 83' lang='lat' dir='ltr'><em>hoc</em></span> <span class='ocrx_word' id='word_1_508' title='bbox 1758 3495 1859 3549; x_wconf 86' lang='lat' dir='ltr'><em>est,</em></span> 
     </span>
    </p>
   </div>
   <div class='ocr_carea' id='block_1_68' title="bbox 283 3577 1865 3644">
    <p class='ocr_par' dir='ltr' id='par_1_68' title="bbox 283 3577 1865 3644">
     <span class='ocr_line' id='line_1_68' title="bbox 283 3577 1865 3644; baseline -0.004 -6"><span class='ocrx_word' id='word_1_509' title='bbox 283 3583 473 3638; x_wconf 88' lang='lat' dir='ltr'><em>doctor</em></span> <span class='ocrx_word' id='word_1_510' title='bbox 499 3590 698 3638; x_wconf 71' lang='lat' dir='ltr'><em>sancta:</em></span> <span class='ocrx_word' id='word_1_511' title='bbox 723 3580 964 3636; x_wconf 70' lang='lat' dir='ltr'><em>ecclesiae</em></span> <span class='ocrx_word' id='word_1_512' title='bbox 989 3579 1108 3634; x_wconf 85' lang='lat' dir='ltr'><em>ﬁeri</em></span> <span class='ocrx_word' id='word_1_513' title='bbox 1149 3577 1400 3644; x_wconf 76' lang='lat' dir='ltr'><em>voluerit,</em></span> <span class='ocrx_word' id='word_1_514' title='bbox 1445 3591 1666 3633; x_wconf 81' lang='lat' dir='ltr'><em>necesse</em></span> <span class='ocrx_word' id='word_1_515' title='bbox 1689 3586 1774 3632; x_wconf 86' lang='lat' dir='ltr'><em>est</em></span> <span class='ocrx_word' id='word_1_516' title='bbox 1806 3587 1865 3633; x_wconf 88' lang='lat' dir='ltr'><em>ut</em></span> 
     </span>
    </p>
   </div>
   <div class='ocr_carea' id='block_1_69' title="bbox 283 3667 1862 3743">
    <p class='ocr_par' dir='ltr' id='par_1_69' title="bbox 283 3667 1862 3743">
     <span class='ocr_line' id='line_1_69' title="bbox 283 3667 1862 3743; baseline -0.005 -15"><span class='ocrx_word' id='word_1_517' title='bbox 283 3671 651 3743; x_wconf 72' lang='lat' dir='ltr'><em>evangelicum</em></span> <span class='ocrx_word' id='word_1_518' title='bbox 679 3670 979 3726; x_wconf 82' lang='lat' dir='ltr'><em>doctrinam</em></span> <span class='ocrx_word' id='word_1_519' title='bbox 1009 3667 1169 3724; x_wconf 89' lang='lat' dir='ltr'><em>simul</em></span> <span class='ocrx_word' id='word_1_520' title='bbox 1196 3683 1318 3723; x_wconf 87' lang='lat' dir='ltr'><em>cum</em></span> <span class='ocrx_word' id='word_1_521' title='bbox 1349 3667 1611 3722; x_wconf 86' lang='lat' dir='ltr'><em>bonorum</em></span> <span class='ocrx_word' id='word_1_522' title='bbox 1641 3681 1862 3737; x_wconf 88' lang='lat' dir='ltr'><em>operum</em></span> 
     </span>
    </p>
   </div>
   <div class='ocr_carea' id='block_1_70' title="bbox 281 3757 1860 3834">
    <p class='ocr_par' dir='ltr' id='par_1_70' title="bbox 281 3757 1860 3834">
     <span class='ocr_line' id='line_1_70' title="bbox 281 3757 1860 3834; baseline -0.004 -16"><span class='ocrx_word' id='word_1_523' title='bbox 281 3762 611 3834; x_wconf 71' lang='lat' dir='ltr'><em>perfectione</em></span> <span class='ocrx_word' id='word_1_524' title='bbox 639 3763 852 3818; x_wconf 87' lang='lat' dir='ltr'><em>studeat</em></span> <span class='ocrx_word' id='word_1_525' title='bbox 877 3759 1079 3818; x_wconf 87' lang='lat' dir='ltr'><em>habere</em></span> <span class='ocrx_word' id='word_1_526' title='bbox 1097 3800 1111 3824; x_wconf 93' lang='lat'><em>,</em></span> <span class='ocrx_word' id='word_1_527' title='bbox 1140 3767 1199 3814; x_wconf 89' lang='lat' dir='ltr'><em>ut</em></span> <span class='ocrx_word' id='word_1_528' title='bbox 1223 3759 1258 3814; x_wconf 86' lang='lat' dir='ltr'><em>ii</em></span> <span class='ocrx_word' id='word_1_529' title='bbox 1289 3757 1381 3827; x_wconf 90' lang='lat' dir='ltr'><em>qui</em></span> <span class='ocrx_word' id='word_1_530' title='bbox 1410 3758 1478 3812; x_wconf 87' lang='lat' dir='ltr'><em>ad</em></span> <span class='ocrx_word' id='word_1_531' title='bbox 1497 3758 1720 3828; x_wconf 87' lang='lat' dir='ltr'><em>januam</em></span> <span class='ocrx_word' id='word_1_532' title='bbox 1749 3758 1860 3828; x_wconf 89' lang='lat' dir='ltr'><em>spi-</em></span> 
     </span>
    </p>
   </div>
   <div class='ocr_carea' id='block_1_71' title="bbox 283 3847 1861 3919">
    <p class='ocr_par' dir='ltr' id='par_1_71' title="bbox 283 3847 1861 3919">
     <span class='ocr_line' id='line_1_71' title="bbox 283 3847 1861 3919; baseline -0.004 -11"><span class='ocrx_word' id='word_1_533' title='bbox 283 3854 495 3910; x_wconf 83' lang='lat' dir='ltr'><em>ritualis</em></span> <span class='ocrx_word' id='word_1_534' title='bbox 534 3851 748 3908; x_wconf 84' lang='lat' dir='ltr'><em>aedilicii</em></span> <span class='ocrx_word' id='word_1_535' title='bbox 789 3849 1081 3916; x_wconf 88' lang='lat' dir='ltr'><em>accedunt,</em></span> <span class='ocrx_word' id='word_1_536' title='bbox 1127 3864 1226 3919; x_wconf 87' lang='lat' dir='ltr'><em>per</em></span> <span class='ocrx_word' id='word_1_537' title='bbox 1275 3849 1512 3919; x_wconf 87' lang='lat' dir='ltr'><em>ipsorum</em></span> <span class='ocrx_word' id='word_1_538' title='bbox 1559 3847 1861 3903; x_wconf 89' lang='lat' dir='ltr'><em>doctrinam</em></span> 
     </span>
    </p>
   </div>
   <div class='ocr_carea' id='block_1_72' title="bbox 283 3935 1859 4012">
    <p class='ocr_par' dir='ltr' id='par_1_72' title="bbox 283 3935 1859 4012">
     <span class='ocr_line' id='line_1_72' title="bbox 283 3935 1859 4012; baseline -0.005 -14"><span class='ocrx_word' id='word_1_539' title='bbox 283 3951 447 4012; x_wconf 82' lang='lat' dir='ltr'><em>atque</em></span> <span class='ocrx_word' id='word_1_540' title='bbox 487 3937 734 4010; x_wconf 79' lang='lat' dir='ltr'><em>exempla</em></span> <span class='ocrx_word' id='word_1_541' title='bbox 772 3939 877 3994; x_wconf 89' lang='lat' dir='ltr'><em>rite</em></span> <span class='ocrx_word' id='word_1_542' title='bbox 912 3938 1122 4009; x_wconf 89' lang='lat' dir='ltr'><em>possint</em></span> <span class='ocrx_word' id='word_1_543' title='bbox 1159 3939 1393 4004; x_wconf 90' lang='lat' dir='ltr'><em>intrare,</em></span> <span class='ocrx_word' id='word_1_544' title='bbox 1435 3951 1498 3991; x_wconf 90' lang='lat' dir='ltr'><em>ac</em></span> <span class='ocrx_word' id='word_1_545' title='bbox 1527 3936 1712 3992; x_wconf 88' lang='lat' dir='ltr'><em>laudes</em></span> <span class='ocrx_word' id='word_1_546' title='bbox 1753 3935 1859 3990; x_wconf 87' lang='lat' dir='ltr'><em>Do-</em></span> 
     </span>
    </p>
   </div>
   <div class='ocr_carea' id='block_1_73' title="bbox 281 4027 1859 4102">
    <p class='ocr_par' dir='ltr' id='par_1_73' title="bbox 281 4027 1859 4102">
     <span class='ocr_line' id='line_1_73' title="bbox 281 4027 1859 4102; baseline -0.001 -16"><span class='ocrx_word' id='word_1_547' title='bbox 281 4032 430 4086; x_wconf 87' lang='lat' dir='ltr'><em>mino</em></span> <span class='ocrx_word' id='word_1_548' title='bbox 465 4030 662 4087; x_wconf 81' lang='lat' dir='ltr'><em>ibidem</em></span> <span class='ocrx_word' id='word_1_549' title='bbox 693 4031 851 4102; x_wconf 79' lang='lat' dir='ltr'><em>digne</em></span> <span class='ocrx_word' id='word_1_550' title='bbox 879 4038 1118 4084; x_wconf 86' lang='lat' dir='ltr'><em>cantare.</em></span> <span class='ocrx_word' id='word_1_551' title='bbox 1148 4029 1353 4096; x_wconf 83' lang='lat' dir='ltr'><em>Quibus</em></span> <span class='ocrx_word' id='word_1_552' title='bbox 1387 4042 1482 4098; x_wconf 83' lang='lat' dir='ltr'><em>per</em></span> <span class='ocrx_word' id='word_1_553' title='bbox 1517 4027 1859 4084; x_wconf 86' lang='lat' dir='ltr'><em>Psalmistam</em></span> 
     </span>
    </p>
   </div>
   <div class='ocr_carea' id='block_1_74' title="bbox 284 4115 1858 4175">
    <p class='ocr_par' dir='ltr' id='par_1_74' title="bbox 284 4115 1858 4175">
     <span class='ocr_line' id='line_1_74' title="bbox 284 4115 1858 4175; baseline -0.003 0"><span class='ocrx_word' id='word_1_554' title='bbox 284 4121 601 4175; x_wconf 81' lang='lat' dir='ltr'><em>invitantem</em></span> <span class='ocrx_word' id='word_1_555' title='bbox 647 4119 716 4173; x_wconf 89' lang='lat' dir='ltr'><em>ad</em></span> <span class='ocrx_word' id='word_1_556' title='bbox 761 4117 1084 4173; x_wconf 87' lang='lat' dir='ltr'><em>laudandum</em></span> <span class='ocrx_word' id='word_1_557' title='bbox 1123 4117 1409 4172; x_wconf 87' lang='lat' dir='ltr'><em>Dominum</em></span> <span class='ocrx_word' id='word_1_558' title='bbox 1457 4116 1655 4172; x_wconf 86' lang='lat' dir='ltr'><em>dicitur</em></span> <span class='ocrx_word' id='word_1_559' title='bbox 1702 4135 1714 4170; x_wconf 93' lang='lat'><strong>:</strong></span> <span class='ocrx_word' id='word_1_560' title='bbox 1762 4115 1858 4170; x_wconf 83' lang='lat' dir='ltr'><em>In-</em></span> 
     </span>
    </p>
   </div>
   <div class='ocr_carea' id='block_1_75' title="bbox 283 4207 1861 4281">
    <p class='ocr_par' dir='ltr' id='par_1_75' title="bbox 283 4207 1861 4281">
     <span class='ocr_line' id='line_1_75' title="bbox 283 4207 1861 4281; baseline -0.001 -18"><span class='ocrx_word' id='word_1_561' title='bbox 283 4219 416 4265; x_wconf 88' lang='lat' dir='ltr'><em>trate</em></span> <span class='ocrx_word' id='word_1_562' title='bbox 439 4222 619 4281; x_wconf 80' lang='lat' dir='ltr'><em>portas</em></span> <span class='ocrx_word' id='word_1_563' title='bbox 645 4210 760 4280; x_wconf 84' lang='lat' dir='ltr'><em>ejus</em></span> <span class='ocrx_word' id='word_1_564' title='bbox 787 4209 841 4263; x_wconf 89' lang='lat' dir='ltr'><em>in</em></span> <span class='ocrx_word' id='word_1_565' title='bbox 867 4207 1211 4279; x_wconf 76' lang='lat' dir='ltr'><em>confessione,</em></span> <span class='ocrx_word' id='word_1_566' title='bbox 1239 4207 1377 4262; x_wconf 87' lang='lat' dir='ltr'><em>atria</em></span> <span class='ocrx_word' id='word_1_567' title='bbox 1411 4207 1526 4277; x_wconf 84' lang='lat' dir='ltr'><em>ejus</em></span> <span class='ocrx_word' id='word_1_568' title='bbox 1564 4208 1619 4260; x_wconf 90' lang='lat' dir='ltr'><em>in</em></span> <span class='ocrx_word' id='word_1_569' title='bbox 1657 4208 1861 4278; x_wconf 84' lang='lat' dir='ltr'><em>hymnis</em></span> 
     </span>
    </p>
   </div>
   <div class='ocr_carea' id='block_1_76' title="bbox 283 4298 1859 4370">
    <p class='ocr_par' dir='ltr' id='par_1_76' title="bbox 283 4298 1859 4370">
     <span class='ocr_line' id='line_1_76' title="bbox 283 4298 1859 4370; baseline -0.003 -16"><span class='ocrx_word' id='word_1_570' title='bbox 283 4299 686 4370; x_wconf 76' lang='lat' dir='ltr'><em>confessionum.</em></span> <span class='ocrx_word' id='word_1_571' title='bbox 701 4299 938 4354; x_wconf 83' lang='lat' dir='ltr'><em>Laudate</em></span> <span class='ocrx_word' id='word_1_572' title='bbox 959 4315 1142 4352; x_wconf 81' lang='lat' dir='ltr'><em>nomen</em></span> <span class='ocrx_word' id='word_1_573' title='bbox 1163 4298 1297 4368; x_wconf 86' lang='lat' dir='ltr'><em>ejus,</em></span> <span class='ocrx_word' id='word_1_574' title='bbox 1319 4298 1566 4368; x_wconf 86' lang='lat' dir='ltr'><em>quoniam</em></span> <span class='ocrx_word' id='word_1_575' title='bbox 1592 4299 1766 4352; x_wconf 89' lang='lat' dir='ltr'><em>suavis</em></span> <span class='ocrx_word' id='word_1_576' title='bbox 1786 4306 1859 4351; x_wconf 88' lang='lat' dir='ltr'><em>est</em></span> 
     </span>
    </p>
   </div>
   <div class='ocr_carea' id='block_1_77' title="bbox 287 4388 1860 4459">
    <p class='ocr_par' dir='ltr' id='par_1_77' title="bbox 287 4388 1860 4459">
     <span class='ocr_line' id='line_1_77' title="bbox 287 4388 1860 4459; baseline -0.001 -15"><span class='ocrx_word' id='word_1_577' title='bbox 287 4389 570 4454; x_wconf 86' lang='lat' dir='ltr'><em>Dominus,</em></span> <span class='ocrx_word' id='word_1_578' title='bbox 604 4389 658 4444; x_wconf 88' lang='lat' dir='ltr'><em>in</em></span> <span class='ocrx_word' id='word_1_579' title='bbox 689 4398 942 4443; x_wconf 64' lang='lat' dir='ltr'><em>veternum</em></span> <span class='ocrx_word' id='word_1_580' title='bbox 972 4388 1333 4442; x_wconf 84' lang='lat' dir='ltr'><em>misericordia</em></span> <span class='ocrx_word' id='word_1_581' title='bbox 1361 4389 1500 4457; x_wconf 85' lang='lat' dir='ltr'><em>ejus,</em></span> <span class='ocrx_word' id='word_1_582' title='bbox 1530 4398 1576 4442; x_wconf 86' lang='lat' dir='ltr'><em>et</em></span> <span class='ocrx_word' id='word_1_583' title='bbox 1610 4405 1770 4459; x_wconf 88' lang='lat' dir='ltr'><em>usque</em></span> <span class='ocrx_word' id='word_1_584' title='bbox 1806 4390 1860 4442; x_wconf 87' lang='lat' dir='ltr'><em>in</em></span> 
     </span>
    </p>
   </div>
   <div class='ocr_carea' id='block_1_78' title="bbox 1959 3210 3558 3284">
    <p class='ocr_par' dir='ltr' id='par_1_78' title="bbox 1959 3210 3558 3284">
     <span class='ocr_line' id='line_1_78' title="bbox 1959 3210 3558 3284; baseline 0.006 -18"><span class='ocrx_word' id='word_1_585' title='bbox 1959 3230 2162 3284; x_wconf 88' lang='lat' dir='ltr'><em>quoque</em></span> <span class='ocrx_word' id='word_1_586' title='bbox 2194 3211 2338 3281; x_wconf 68' lang='lat' dir='ltr'><em>[ilus</em></span> <span class='ocrx_word' id='word_1_587' title='bbox 2376 3210 2565 3266; x_wconf 81' lang='lat' dir='ltr'><em>Zeehri</em></span> <span class='ocrx_word' id='word_1_588' title='bbox 2607 3227 2624 3264; x_wconf 86' lang='lat'><strong><em>:</em></strong></span> <span class='ocrx_word' id='word_1_589' title='bbox 2661 3213 2750 3267; x_wconf 82' lang='lat' dir='ltr'><em>sed</em></span> <span class='ocrx_word' id='word_1_590' title='bbox 2797 3223 2846 3267; x_wconf 81' lang='lat' dir='ltr'><em>ct</em></span> <span class='ocrx_word' id='word_1_591' title='bbox 2889 3215 3048 3284; x_wconf 86' lang='lat' dir='ltr'><em>hujus</em></span> <span class='ocrx_word' id='word_1_592' title='bbox 3085 3215 3226 3284; x_wconf 74' lang='lat' dir='ltr'><em>ﬁlius</em></span> <span class='ocrx_word' id='word_1_593' title='bbox 3271 3216 3558 3274; x_wconf 77' lang='lat' dir='ltr'><em>Selenuth.</em></span> 
     </span>
    </p>
   </div>
   <div class='ocr_carea' id='block_1_79' title="bbox 1963 3301 3561 3377">
    <p class='ocr_par' dir='ltr' id='par_1_79' title="bbox 1963 3301 3561 3377">
     <span class='ocr_line' id='line_1_79' title="bbox 1963 3301 3561 3377; baseline 0.008 -23"><span class='ocrx_word' id='word_1_594' title='bbox 1963 3301 2082 3371; x_wconf 78' lang='lat' dir='ltr'><em>Ipse</em></span> <span class='ocrx_word' id='word_1_595' title='bbox 2116 3301 2365 3356; x_wconf 88' lang='lat' dir='ltr'><em>Selemith</em></span> <span class='ocrx_word' id='word_1_596' title='bbox 2401 3312 2447 3356; x_wconf 89' lang='lat' dir='ltr'><em>et</em></span> <span class='ocrx_word' id='word_1_597' title='bbox 2478 3303 2667 3372; x_wconf 80' lang='lat' dir='ltr'><em>fratres</em></span> <span class='ocrx_word' id='word_1_598' title='bbox 2698 3303 2811 3374; x_wconf 87' lang='lat' dir='ltr'><em>ejus</em></span> <span class='ocrx_word' id='word_1_599' title='bbox 2839 3323 2994 3377; x_wconf 87' lang='lat' dir='ltr'><em>super</em></span> <span class='ocrx_word' id='word_1_600' title='bbox 3028 3307 3303 3362; x_wconf 87' lang='lat' dir='ltr'><em>thesauros</em></span> <span class='ocrx_word' id='word_1_601' title='bbox 3331 3324 3561 3366; x_wconf 77' lang='lat' dir='ltr'><em>sancto—</em></span> 
     </span>
    </p>
   </div>
   <div class='ocr_carea' id='block_1_80' title="bbox 1964 3393 3564 3468">
    <p class='ocr_par' dir='ltr' id='par_1_80' title="bbox 1964 3393 3564 3468">
     <span class='ocr_line' id='line_1_80' title="bbox 1964 3393 3564 3468; baseline 0.004 -21"><span class='ocrx_word' id='word_1_602' title='bbox 1964 3409 2112 3457; x_wconf 88' lang='lat' dir='ltr'><em>rum,</em></span> <span class='ocrx_word' id='word_1_603' title='bbox 2142 3410 2258 3464; x_wconf 79' lang='lat' dir='ltr'><em>qua:</em></span> <span class='ocrx_word' id='word_1_604' title='bbox 2287 3393 2631 3461; x_wconf 56' lang='lat' dir='ltr'><em>sanctificat-it</em></span> <span class='ocrx_word' id='word_1_605' title='bbox 2657 3393 2828 3448; x_wconf 86' lang='lat' dir='ltr'><em>David</em></span> <span class='ocrx_word' id='word_1_606' title='bbox 2858 3413 2980 3462; x_wconf 74' lang='lat' dir='ltr'><em>rex,</em></span> <span class='ocrx_word' id='word_1_607' title='bbox 3022 3407 3069 3449; x_wconf 88' lang='lat' dir='ltr'><em>et</em></span> <span class='ocrx_word' id='word_1_608' title='bbox 3095 3399 3350 3468; x_wconf 87' lang='lat' dir='ltr'><em>principes</em></span> <span class='ocrx_word' id='word_1_609' title='bbox 3381 3400 3564 3468; x_wconf 48' lang='lat' dir='ltr'><em>fami-</em></span> 
     </span>
    </p>
   </div>
   <div class='ocr_carea' id='block_1_81' title="bbox 1961 3481 3568 3550">
    <p class='ocr_par' dir='ltr' id='par_1_81' title="bbox 1961 3481 3568 3550">
     <span class='ocr_line' id='line_1_81' title="bbox 1961 3481 3568 3550; baseline 0.005 -14"><span class='ocrx_word' id='word_1_610' title='bbox 1961 3481 2176 3549; x_wconf 88' lang='lat' dir='ltr'><em>liarum,</em></span> <span class='ocrx_word' id='word_1_611' title='bbox 2201 3494 2246 3536; x_wconf 91' lang='lat' dir='ltr'><em>et</em></span> <span class='ocrx_word' id='word_1_612' title='bbox 2269 3483 2484 3545; x_wconf 85' lang='lat' dir='ltr'><em>tribuni,</em></span> <span class='ocrx_word' id='word_1_613' title='bbox 2511 3494 2556 3537; x_wconf 87' lang='lat' dir='ltr'><em>et</em></span> <span class='ocrx_word' id='word_1_614' title='bbox 2577 3486 2925 3550; x_wconf 86' lang='lat' dir='ltr'><em>centuriones,</em></span> <span class='ocrx_word' id='word_1_615' title='bbox 2953 3497 3000 3540; x_wconf 87' lang='lat' dir='ltr'><em>et</em></span> <span class='ocrx_word' id='word_1_616' title='bbox 3022 3488 3178 3542; x_wconf 85' lang='lat' dir='ltr'><em>duces</em></span> <span class='ocrx_word' id='word_1_617' title='bbox 3200 3490 3465 3542; x_wconf 64' lang='lat' dir='ltr'><em>erercitus</em></span> <span class='ocrx_word' id='word_1_618' title='bbox 3495 3493 3568 3544; x_wconf 81' lang='lat' dir='ltr'><em>de</em></span> 
     </span>
    </p>
   </div>
   <div class='ocr_carea' id='block_1_82' title="bbox 1962 3573 3568 3647">
    <p class='ocr_par' dir='ltr' id='par_1_82' title="bbox 1962 3573 3568 3647">
     <span class='ocr_line' id='line_1_82' title="bbox 1962 3573 3568 3647; baseline 0.006 -19"><span class='ocrx_word' id='word_1_619' title='bbox 1962 3574 2108 3628; x_wconf 87' lang='lat' dir='ltr'><em>bellis</em></span> <span class='ocrx_word' id='word_1_620' title='bbox 2140 3584 2186 3628; x_wconf 89' lang='lat' dir='ltr'><em>et</em></span> <span class='ocrx_word' id='word_1_621' title='bbox 2223 3575 2484 3628; x_wconf 86' lang='lat' dir='ltr'><em>manubiis</em></span> <span class='ocrx_word' id='word_1_622' title='bbox 2510 3573 2831 3644; x_wconf 66' lang='lat' dir='ltr'><em>pra’liorum,</em></span> <span class='ocrx_word' id='word_1_623' title='bbox 2867 3593 2984 3647; x_wconf 71' lang='lat' dir='ltr'><em>qum</em></span> <span class='ocrx_word' id='word_1_624' title='bbox 3023 3592 3452 3634; x_wconf 84' lang='lat' dir='ltr'><em>consecraverant</em></span> <span class='ocrx_word' id='word_1_625' title='bbox 3489 3586 3568 3637; x_wconf 80' lang='lat' dir='ltr'><em>ad</em></span> 
     </span>
    </p>
   </div>
   <div class='ocr_carea' id='block_1_83' title="bbox 1961 3663 3572 3736">
    <p class='ocr_par' dir='ltr' id='par_1_83' title="bbox 1961 3663 3572 3736">
     <span class='ocr_line' id='line_1_83' title="bbox 1961 3663 3572 3736; baseline 0.007 -20"><span class='ocrx_word' id='word_1_626' title='bbox 1961 3664 2393 3717; x_wconf 84' lang='lat' dir='ltr'><em>instaurationem</em></span> <span class='ocrx_word' id='word_1_627' title='bbox 2429 3675 2476 3716; x_wconf 89' lang='lat' dir='ltr'><em>et</em></span> <span class='ocrx_word' id='word_1_628' title='bbox 2519 3663 2884 3734; x_wconf 77' lang='lat' dir='ltr'><em>supellectilem</em></span> <span class='ocrx_word' id='word_1_629' title='bbox 2915 3666 3092 3736; x_wconf 87' lang='lat' dir='ltr'><em>templi</em></span> <span class='ocrx_word' id='word_1_630' title='bbox 3134 3667 3366 3723; x_wconf 89' lang='lat' dir='ltr'><em>Domini.</em></span> <span class='ocrx_word' id='word_1_631' title='bbox 3417 3672 3476 3724; x_wconf 83' lang='grc' dir='ltr'><em>ΙΙ</em></span> <span class='ocrx_word' id='word_1_632' title='bbox 3486 3692 3572 3728; x_wconf 74' lang='lat' dir='ltr'><em>ne</em></span> 
     </span>
    </p>
   </div>
   <div class='ocr_carea' id='block_1_84' title="bbox 1963 3754 3574 3822">
    <p class='ocr_par' dir='ltr' id='par_1_84' title="bbox 1963 3754 3574 3822">
     <span class='ocr_line' id='line_1_84' title="bbox 1963 3754 3574 3822; baseline 0.006 -16"><span class='ocrx_word' id='word_1_633' title='bbox 1963 3764 2137 3807; x_wconf 87' lang='lat' dir='ltr'><em>autem</em></span> <span class='ocrx_word' id='word_1_634' title='bbox 2165 3755 2404 3807; x_wconf 77' lang='lat' dir='ltr'><em>universa</em></span> <span class='ocrx_word' id='word_1_635' title='bbox 2445 3754 2789 3822; x_wconf 83' lang='lat' dir='ltr'><em>sancti/icavit</em></span> <span class='ocrx_word' id='word_1_636' title='bbox 2828 3755 3045 3811; x_wconf 86' lang='lat' dir='ltr'><em>Samuel</em></span> <span class='ocrx_word' id='word_1_637' title='bbox 3088 3759 3290 3822; x_wconf 88' lang='lat' dir='ltr'><em>videns,</em></span> <span class='ocrx_word' id='word_1_638' title='bbox 3333 3771 3382 3813; x_wconf 91' lang='lat' dir='ltr'><em>ct</em></span> <span class='ocrx_word' id='word_1_639' title='bbox 3417 3759 3574 3816; x_wconf 67' lang='lat' dir='ltr'><em>Swzl</em></span> 
     </span>
    </p>
   </div>
   <div class='ocr_carea' id='block_1_85' title="bbox 1960 3843 3568 3918">
    <p class='ocr_par' dir='ltr' id='par_1_85' title="bbox 1960 3843 3568 3918">
     <span class='ocr_line' id='line_1_85' title="bbox 1960 3843 3568 3918; baseline 0.007 -24"><span class='ocrx_word' id='word_1_640' title='bbox 1960 3843 2104 3910; x_wconf 83' lang='lat' dir='ltr'><em>ﬁlius</em></span> <span class='ocrx_word' id='word_1_641' title='bbox 2132 3843 2238 3908; x_wconf 87' lang='lat' dir='ltr'><em>Cis,</em></span> <span class='ocrx_word' id='word_1_642' title='bbox 2267 3852 2314 3896; x_wconf 86' lang='lat' dir='ltr'><em>et</em></span> <span class='ocrx_word' id='word_1_643' title='bbox 2343 3843 2517 3898; x_wconf 74' lang='lat' dir='ltr'><em>Abnez.</em></span> <span class='ocrx_word' id='word_1_644' title='bbox 2536 3844 2678 3913; x_wconf 86' lang='lat' dir='ltr'><em>filius</em></span> <span class='ocrx_word' id='word_1_645' title='bbox 2704 3843 2838 3911; x_wconf 84' lang='lat' dir='ltr'><em>Nez,</em></span> <span class='ocrx_word' id='word_1_646' title='bbox 2860 3847 2996 3901; x_wconf 80' lang='lat' dir='ltr'><em>Joab</em></span> <span class='ocrx_word' id='word_1_647' title='bbox 3019 3849 3162 3918; x_wconf 83' lang='lat' dir='ltr'><em>filius</em></span> <span class='ocrx_word' id='word_1_648' title='bbox 3191 3849 3410 3917; x_wconf 66' lang='lat' dir='ltr'><em>Serviat,</em></span> <span class='ocrx_word' id='word_1_649' title='bbox 3439 3863 3568 3908; x_wconf 75' lang='lat' dir='ltr'><em>etc.</em></span> 
     </span>
    </p>
   </div>
   <div class='ocr_carea' id='block_1_86' title="bbox 1963 3931 3578 4010">
    <p class='ocr_par' dir='ltr' id='par_1_86' title="bbox 1963 3931 3578 4010">
     <span class='ocr_line' id='line_1_86' title="bbox 1963 3931 3578 4010; baseline 0.009 -24"><span class='ocrx_word' id='word_1_650' title='bbox 1963 3931 2076 3987; x_wconf 74' lang='lat' dir='ltr'><em>liae</em></span> <span class='ocrx_word' id='word_1_651' title='bbox 2102 3933 2368 3988; x_wconf 85' lang='lat' dir='ltr'><em>sententia</em></span> <span class='ocrx_word' id='word_1_652' title='bbox 2411 3936 2647 3989; x_wconf 87' lang='lat' dir='ltr'><em>ostendit</em></span> <span class='ocrx_word' id='word_1_653' title='bbox 2681 3939 2900 3991; x_wconf 79' lang='lat' dir='ltr'><em>denaria</em></span> <span class='ocrx_word' id='word_1_654' title='bbox 2930 3940 3230 4010; x_wconf 85' lang='lat' dir='ltr'><em>principum</em></span> <span class='ocrx_word' id='word_1_655' title='bbox 3261 3942 3578 4001; x_wconf 82' lang='lat' dir='ltr'><em>thesauros</em></span> 
     </span>
    </p>
   </div>
   <div class='ocr_carea' id='block_1_87' title="bbox 1961 4027 3578 4104">
    <p class='ocr_par' dir='ltr' id='par_1_87' title="bbox 1961 4027 3578 4104">
     <span class='ocr_line' id='line_1_87' title="bbox 1961 4027 3578 4104; baseline 0.008 -23"><span class='ocrx_word' id='word_1_656' title='bbox 1961 4041 2081 4081; x_wconf 89' lang='lat' dir='ltr'><em>esse</em></span> <span class='ocrx_word' id='word_1_657' title='bbox 2110 4035 2438 4080; x_wconf 85' lang='lat' dir='ltr'><em>sanctorum.</em></span> <span class='ocrx_word' id='word_1_658' title='bbox 2463 4027 2591 4094; x_wconf 72' lang='lat' dir='ltr'><em>Qum</em></span> <span class='ocrx_word' id='word_1_659' title='bbox 2611 4031 2752 4082; x_wconf 88' lang='lat' dir='ltr'><em>enim</em></span> <span class='ocrx_word' id='word_1_660' title='bbox 2787 4032 3025 4099; x_wconf 81' lang='lat' dir='ltr'><em>praedicti</em></span> <span class='ocrx_word' id='word_1_661' title='bbox 3061 4049 3210 4104; x_wconf 79' lang='lat' dir='ltr'><em>reges</em></span> <span class='ocrx_word' id='word_1_662' title='bbox 3241 4035 3352 4090; x_wconf 70' lang='lat' dir='ltr'><em>sive</em></span> <span class='ocrx_word' id='word_1_663' title='bbox 3383 4036 3578 4094; x_wconf 78' lang='lat' dir='ltr'><em>duces</em></span> 
     </span>
    </p>
   </div>
   <div class='ocr_carea' id='block_1_88' title="bbox 1962 4122 3577 4198">
    <p class='ocr_par' dir='ltr' id='par_1_88' title="bbox 1962 4122 3577 4198">
     <span class='ocr_line' id='line_1_88' title="bbox 1962 4122 3577 4198; baseline 0.003 -20"><span class='ocrx_word' id='word_1_664' title='bbox 1962 4123 2028 4178; x_wconf 90' lang='lat' dir='ltr'><em>de</em></span> <span class='ocrx_word' id='word_1_665' title='bbox 2055 4122 2324 4178; x_wconf 88' lang='lat' dir='ltr'><em>manubiis</em></span> <span class='ocrx_word' id='word_1_666' title='bbox 2371 4122 2607 4176; x_wconf 89' lang='lat' dir='ltr'><em>hostium</em></span> <span class='ocrx_word' id='word_1_667' title='bbox 2657 4124 2830 4178; x_wconf 73' lang='lat' dir='ltr'><em>alelata</em></span> <span class='ocrx_word' id='word_1_668' title='bbox 2863 4123 3193 4193; x_wconf 60' lang='lat' dir='ltr'><em>offerebant,</em></span> <span class='ocrx_word' id='word_1_669' title='bbox 3225 4129 3277 4180; x_wconf 92' lang='lat' dir='ltr'><em>in</em></span> <span class='ocrx_word' id='word_1_670' title='bbox 3309 4130 3577 4198; x_wconf 81' lang='lat' dir='ltr'><em>supellc-</em></span> 
     </span>
    </p>
   </div>
   <div class='ocr_carea' id='block_1_89' title="bbox 1962 4215 3578 4292">
    <p class='ocr_par' dir='ltr' id='par_1_89' title="bbox 1962 4215 3578 4292">
     <span class='ocr_line' id='line_1_89' title="bbox 1962 4215 3578 4292; baseline 0.004 -22"><span class='ocrx_word' id='word_1_671' title='bbox 1962 4215 2142 4270; x_wconf 84' lang='lat' dir='ltr'><em>ctilem</em></span> <span class='ocrx_word' id='word_1_672' title='bbox 2176 4215 2356 4286; x_wconf 82' lang='lat' dir='ltr'><em>templi</em></span> <span class='ocrx_word' id='word_1_673' title='bbox 2386 4215 2597 4270; x_wconf 87' lang='lat' dir='ltr'><em>Domini</em></span> <span class='ocrx_word' id='word_1_674' title='bbox 2629 4217 2961 4287; x_wconf 74' lang='lat' dir='ltr'><em>redigehant,</em></span> <span class='ocrx_word' id='word_1_675' title='bbox 2987 4219 3089 4274; x_wconf 89' lang='lat' dir='ltr'><em>hoc</em></span> <span class='ocrx_word' id='word_1_676' title='bbox 3123 4219 3347 4290; x_wconf 74' lang='lat' dir='ltr'><em>mystice</em></span> <span class='ocrx_word' id='word_1_677' title='bbox 3373 4222 3578 4292; x_wconf 76' lang='lat' dir='ltr'><em>signi-</em></span> 
     </span>
    </p>
   </div>
   <div class='ocr_carea' id='block_1_90' title="bbox 1963 4308 3584 4381">
    <p class='ocr_par' dir='ltr' id='par_1_90' title="bbox 1963 4308 3584 4381">
     <span class='ocr_line' id='line_1_90' title="bbox 1963 4308 3584 4381; baseline 0.005 -20"><span class='ocrx_word' id='word_1_678' title='bbox 1963 4308 2172 4363; x_wconf 82' lang='lat' dir='ltr'><em>ﬁcando</em></span> <span class='ocrx_word' id='word_1_679' title='bbox 2196 4308 2338 4378; x_wconf 88' lang='lat' dir='ltr'><em>quod</em></span> <span class='ocrx_word' id='word_1_680' title='bbox 2365 4309 2670 4378; x_wconf 86' lang='lat' dir='ltr'><em>quicunque</em></span> <span class='ocrx_word' id='word_1_681' title='bbox 2702 4310 2836 4363; x_wconf 83' lang='lat' dir='ltr'><em>bene</em></span> <span class='ocrx_word' id='word_1_682' title='bbox 2861 4309 3116 4365; x_wconf 76' lang='lat' dir='ltr'><em>laborans</em></span> <span class='ocrx_word' id='word_1_683' title='bbox 3143 4311 3344 4381; x_wconf 83' lang='lat' dir='ltr'><em>aliquid</em></span> <span class='ocrx_word' id='word_1_684' title='bbox 3373 4313 3584 4368; x_wconf 71' lang='lat' dir='ltr'><em>virtu-</em></span> 
     </span>
    </p>
   </div>
   <div class='ocr_carea' id='block_1_91' title="bbox 1964 4399 3580 4471">
    <p class='ocr_par' dir='ltr' id='par_1_91' title="bbox 1964 4399 3580 4471">
     <span class='ocr_line' id='line_1_91' title="bbox 1964 4399 3580 4471; baseline 0.005 -19"><span class='ocrx_word' id='word_1_685' title='bbox 1964 4399 2034 4452; x_wconf 89' lang='lat' dir='ltr'><em>tis</em></span> <span class='ocrx_word' id='word_1_686' title='bbox 2064 4399 2326 4454; x_wconf 85' lang='lat' dir='ltr'><em>bonorum</em></span> <span class='ocrx_word' id='word_1_687' title='bbox 2347 4414 2570 4469; x_wconf 88' lang='lat' dir='ltr'><em>operum</em></span> <span class='ocrx_word' id='word_1_688' title='bbox 2603 4400 2933 4468; x_wconf 86' lang='lat' dir='ltr'><em>acquisierit,</em></span> <span class='ocrx_word' id='word_1_689' title='bbox 2959 4399 3053 4454; x_wconf 86' lang='lat' dir='ltr'><em>Dei</em></span> <span class='ocrx_word' id='word_1_690' title='bbox 3079 4401 3180 4455; x_wconf 87' lang='lat' dir='ltr'><em>hoc</em></span> <span class='ocrx_word' id='word_1_691' title='bbox 3201 4401 3414 4471; x_wconf 67' lang='lat' dir='ltr'><em>gratim,</em></span> <span class='ocrx_word' id='word_1_692' title='bbox 3447 4421 3580 4460; x_wconf 84' lang='lat' dir='ltr'><em>non</em></span> 
     </span>
    </p>
   </div>
   <div class='ocr_carea' id='block_1_92' title="bbox 283 4478 3588 4561">
    <p class='ocr_par' dir='ltr' id='par_1_92' title="bbox 283 4478 3588 4561">
     <span class='ocr_line' id='line_1_92' title="bbox 283 4478 3588 4561; baseline 0.004 -26"><span class='ocrx_word' id='word_1_693' title='bbox 283 4480 532 4535; x_wconf 67' lang='lat' dir='ltr'><em>sa’culum</em></span> <span class='ocrx_word' id='word_1_694' title='bbox 571 4480 750 4535; x_wconf 64' lang='lat' dir='ltr'><em>saeculi</em></span> <span class='ocrx_word' id='word_1_695' title='bbox 789 4481 977 4536; x_wconf 79' lang='lat' dir='ltr'><em>veritas</em></span> <span class='ocrx_word' id='word_1_696' title='bbox 1015 4481 1130 4550; x_wconf 89' lang='lat' dir='ltr'><em>ejus</em></span> <span class='ocrx_word' id='word_1_697' title='bbox 1175 4478 1347 4552; x_wconf 87' lang='lat' dir='ltr'><em>(Psal.</em></span> <span class='ocrx_word' id='word_1_698' title='bbox 1389 4481 1553 4554; x_wconf 70' lang='lat' dir='ltr'><em>XCIX).</em></span> <span class='ocrx_word' id='word_1_699' title='bbox 1588 4481 1696 4538; x_wconf 67' lang='lat' dir='ltr'><em>Nec</em></span> <span class='ocrx_word' id='word_1_700' title='bbox 1734 4483 1861 4538; x_wconf 90' lang='lat' dir='ltr'><em>illud</em></span> <span class='ocrx_word' id='word_1_701' title='bbox 1889 4496 1940 4554; x_wconf 77' lang='grc' dir='ltr'><strong><em>Β</em></strong></span> <span class='ocrx_word' id='word_1_702' title='bbox 1965 4489 2078 4544; x_wconf 89' lang='lat' dir='ltr'><em>suis</em></span> <span class='ocrx_word' id='word_1_703' title='bbox 2107 4490 2314 4544; x_wconf 84' lang='lat' dir='ltr'><em>meritis</em></span> <span class='ocrx_word' id='word_1_704' title='bbox 2343 4489 2602 4560; x_wconf 87' lang='lat' dir='ltr'><em>deputare</em></span> <span class='ocrx_word' id='word_1_705' title='bbox 2625 4491 2817 4555; x_wconf 84' lang='lat' dir='ltr'><em>debet,</em></span> <span class='ocrx_word' id='word_1_706' title='bbox 2848 4499 3009 4559; x_wconf 87' lang='lat' dir='ltr'><em>atque</em></span> <span class='ocrx_word' id='word_1_707' title='bbox 3035 4491 3101 4544; x_wconf 86' lang='lat' dir='ltr'><em>ad</em></span> <span class='ocrx_word' id='word_1_708' title='bbox 3133 4490 3347 4544; x_wconf 84' lang='lat' dir='ltr'><em>laudem</em></span> <span class='ocrx_word' id='word_1_709' title='bbox 3384 4492 3588 4561; x_wconf 81' lang='lat' dir='ltr'><em>ipsius</em></span> 
     </span>
    </p>
   </div>
   <div class='ocr_carea' id='block_1_93' title="bbox 283 4570 1862 4641">
    <p class='ocr_par' dir='ltr' id='par_1_93' title="bbox 283 4570 1862 4641">
     <span class='ocr_line' id='line_1_93' title="bbox 283 4570 1862 4641; baseline 0.001 -17"><span class='ocrx_word' id='word_1_710' title='bbox 283 4571 448 4625; x_wconf 83' lang='lat' dir='ltr'><em>etiam</em></span> <span class='ocrx_word' id='word_1_711' title='bbox 477 4570 594 4625; x_wconf 88' lang='lat' dir='ltr'><em>sine</em></span> <span class='ocrx_word' id='word_1_712' title='bbox 625 4570 884 4641; x_wconf 81' lang='lat' dir='ltr'><em>mysterio</em></span> <span class='ocrx_word' id='word_1_713' title='bbox 907 4578 1024 4636; x_wconf 85' lang='lat' dir='ltr'><em>est,</em></span> <span class='ocrx_word' id='word_1_714' title='bbox 1063 4570 1205 4640; x_wconf 83' lang='lat' dir='ltr'><em>quod</em></span> <span class='ocrx_word' id='word_1_715' title='bbox 1245 4570 1390 4640; x_wconf 88' lang='lat' dir='ltr'><em>ipsos</em></span> <span class='ocrx_word' id='word_1_716' title='bbox 1431 4570 1696 4640; x_wconf 67' lang='lat' dir='ltr'><em>janitorcs</em></span> <span class='ocrx_word' id='word_1_717' title='bbox 1731 4573 1862 4627; x_wconf 85' lang='lat' dir='ltr'><em>dicit</em></span> 
     </span>
    </p>
   </div>
   <div class='ocr_carea' id='block_1_94' title="bbox 285 4662 1861 4736">
    <p class='ocr_par' dir='ltr' id='par_1_94' title="bbox 285 4662 1861 4736">
     <span class='ocr_line' id='line_1_94' title="bbox 285 4662 1861 4736; baseline 0.001 -18"><span class='ocrx_word' id='word_1_718' title='bbox 285 4665 439 4719; x_wconf 86' lang='lat' dir='ltr'><em>binos</em></span> <span class='ocrx_word' id='word_1_719' title='bbox 474 4679 594 4719; x_wconf 85' lang='lat' dir='ltr'><em>esse</em></span> <span class='ocrx_word' id='word_1_720' title='bbox 630 4663 684 4718; x_wconf 90' lang='lat' dir='ltr'><em>in</em></span> <span class='ocrx_word' id='word_1_721' title='bbox 723 4662 930 4718; x_wconf 88' lang='lat' dir='ltr'><em>cellulis</em></span> <span class='ocrx_word' id='word_1_722' title='bbox 981 4671 1144 4733; x_wconf 87' lang='lat' dir='ltr'><em>atque</em></span> <span class='ocrx_word' id='word_1_723' title='bbox 1188 4663 1241 4716; x_wconf 91' lang='lat' dir='ltr'><em>in</em></span> <span class='ocrx_word' id='word_1_724' title='bbox 1294 4663 1414 4728; x_wconf 70' lang='lat' dir='ltr'><em>ria;</em></span> <span class='ocrx_word' id='word_1_725' title='bbox 1461 4665 1553 4718; x_wconf 84' lang='lat' dir='ltr'><em>sed</em></span> <span class='ocrx_word' id='word_1_726' title='bbox 1593 4665 1861 4736; x_wconf 75' lang='lat' dir='ltr'><em>signiticet</em></span> 
     </span>
    </p>
   </div>
   <div class='ocr_carea' id='block_1_95' title="bbox 285 4752 1856 4821">
    <p class='ocr_par' dir='ltr' id='par_1_95' title="bbox 285 4752 1856 4821">
     <span class='ocr_line' id='line_1_95' title="bbox 285 4752 1856 4821; baseline 0.003 -14"><span class='ocrx_word' id='word_1_727' title='bbox 285 4754 511 4810; x_wconf 68' lang='lat' dir='ltr'><em>mdituos</em></span> <span class='ocrx_word' id='word_1_728' title='bbox 539 4753 773 4820; x_wconf 89' lang='lat' dir='ltr'><em>Domini,</em></span> <span class='ocrx_word' id='word_1_729' title='bbox 802 4755 917 4808; x_wconf 80' lang='lat' dir='ltr'><em>sive</em></span> <span class='ocrx_word' id='word_1_730' title='bbox 945 4753 1001 4808; x_wconf 88' lang='lat' dir='ltr'><em>in</em></span> <span class='ocrx_word' id='word_1_731' title='bbox 1027 4752 1231 4807; x_wconf 88' lang='lat' dir='ltr'><em>cellulis</em></span> <span class='ocrx_word' id='word_1_732' title='bbox 1260 4754 1390 4819; x_wconf 89' lang='lat' dir='ltr'><em>sint,</em></span> <span class='ocrx_word' id='word_1_733' title='bbox 1420 4755 1522 4810; x_wconf 90' lang='lat' dir='ltr'><em>hoc</em></span> <span class='ocrx_word' id='word_1_734' title='bbox 1548 4766 1648 4821; x_wconf 84' lang='lat' dir='ltr'><em>est,</em></span> <span class='ocrx_word' id='word_1_735' title='bbox 1683 4757 1736 4810; x_wconf 91' lang='lat' dir='ltr'><em>in</em></span> <span class='ocrx_word' id='word_1_736' title='bbox 1769 4772 1856 4812; x_wconf 89' lang='lat' dir='ltr'><em>se-</em></span> 
     </span>
    </p>
   </div>
   <div class='ocr_carea' id='block_1_96' title="bbox 288 4844 1859 4916">
    <p class='ocr_par' dir='ltr' id='par_1_96' title="bbox 288 4844 1859 4916">
     <span class='ocr_line' id='line_1_96' title="bbox 288 4844 1859 4916; baseline 0.004 -20"><span class='ocrx_word' id='word_1_737' title='bbox 288 4844 566 4914; x_wconf 84' lang='lat' dir='ltr'><em>metipsius</em></span> <span class='ocrx_word' id='word_1_738' title='bbox 607 4844 832 4898; x_wconf 88' lang='lat' dir='ltr'><em>interius</em></span> <span class='ocrx_word' id='word_1_739' title='bbox 873 4859 1060 4898; x_wconf 82' lang='lat' dir='ltr'><em>curam</em></span> <span class='ocrx_word' id='word_1_740' title='bbox 1097 4853 1318 4916; x_wconf 81' lang='lat' dir='ltr'><em>gerant,</em></span> <span class='ocrx_word' id='word_1_741' title='bbox 1363 4847 1476 4900; x_wconf 80' lang='lat' dir='ltr'><em>sive</em></span> <span class='ocrx_word' id='word_1_742' title='bbox 1516 4847 1569 4901; x_wconf 91' lang='lat' dir='ltr'><em>in</em></span> <span class='ocrx_word' id='word_1_743' title='bbox 1604 4849 1722 4912; x_wconf 84' lang='lat' dir='ltr'><em>via,</em></span> <span class='ocrx_word' id='word_1_744' title='bbox 1758 4850 1859 4904; x_wconf 89' lang='lat' dir='ltr'><em>hoc</em></span> 
     </span>
    </p>
   </div>
   <div class='ocr_carea' id='block_1_97' title="bbox 285 4933 1860 5008">
    <p class='ocr_par' dir='ltr' id='par_1_97' title="bbox 285 4933 1860 5008">
     <span class='ocr_line' id='line_1_97' title="bbox 285 4933 1860 5008; baseline 0.004 -22"><span class='ocrx_word' id='word_1_745' title='bbox 285 4941 392 4998; x_wconf 83' lang='lat' dir='ltr'><em>est,</em></span> <span class='ocrx_word' id='word_1_746' title='bbox 423 4942 479 4986; x_wconf 91' lang='lat' dir='ltr'><em>ut</em></span> <span class='ocrx_word' id='word_1_747' title='bbox 505 4933 626 4987; x_wconf 86' lang='lat' dir='ltr'><em>aliis</em></span> <span class='ocrx_word' id='word_1_748' title='bbox 649 4934 884 4986; x_wconf 70' lang='lat' dir='ltr'><em>exterius</em></span> <span class='ocrx_word' id='word_1_749' title='bbox 913 4934 1130 4990; x_wconf 73' lang='lat' dir='ltr'><em>verbum</em></span> <span class='ocrx_word' id='word_1_750' title='bbox 1161 4935 1268 5008; x_wconf 40' lang='lat' dir='ltr'><em>Dei.</em></span> <span class='ocrx_word' id='word_1_751' title='bbox 1290 4937 1610 5006; x_wconf 68' lang='lat' dir='ltr'><em>praedicent,</em></span> <span class='ocrx_word' id='word_1_752' title='bbox 1649 4955 1860 5007; x_wconf 81' lang='lat' dir='ltr'><em>semper</em></span> 
     </span>
    </p>
   </div>
   <div class='ocr_carea' id='block_1_98' title="bbox 287 5023 1860 5095">
    <p class='ocr_par' dir='ltr' id='par_1_98' title="bbox 287 5023 1860 5095">
     <span class='ocr_line' id='line_1_98' title="bbox 287 5023 1860 5095; baseline 0.004 -19"><span class='ocrx_word' id='word_1_753' title='bbox 287 5023 393 5076; x_wconf 91' lang='lat' dir='ltr'><em>duo</em></span> <span class='ocrx_word' id='word_1_754' title='bbox 429 5032 695 5092; x_wconf 68' lang='lat' dir='ltr'><em>praecepta</em></span> <span class='ocrx_word' id='word_1_755' title='bbox 728 5023 1005 5077; x_wconf 84' lang='lat' dir='ltr'><em>charitatis</em></span> <span class='ocrx_word' id='word_1_756' title='bbox 1041 5027 1332 5079; x_wconf 81' lang='lat' dir='ltr'><em>secundum</em></span> <span class='ocrx_word' id='word_1_757' title='bbox 1374 5027 1612 5095; x_wconf 77' lang='lat' dir='ltr'><em>regulam</em></span> <span class='ocrx_word' id='word_1_758' title='bbox 1650 5029 1860 5083; x_wconf 85' lang='lat' dir='ltr'><em>divino-</em></span> 
     </span>
    </p>
   </div>
   <div class='ocr_carea' id='block_1_99' title="bbox 286 5116 1630 5182">
    <p class='ocr_par' dir='ltr' id='par_1_99' title="bbox 286 5116 1630 5182">
     <span class='ocr_line' id='line_1_99' title="bbox 286 5116 1630 5182; baseline 0.001 -12"><span class='ocrx_word' id='word_1_759' title='bbox 286 5129 408 5170; x_wconf 87' lang='lat' dir='ltr'><em>rum</em></span> <span class='ocrx_word' id='word_1_760' title='bbox 439 5121 884 5170; x_wconf 81' lang='lat' dir='ltr'><em>testamentorum</em></span> <span class='ocrx_word' id='word_1_761' title='bbox 915 5116 1138 5170; x_wconf 87' lang='lat' dir='ltr'><em>omnino</em></span> <span class='ocrx_word' id='word_1_762' title='bbox 1167 5132 1384 5172; x_wconf 75' lang='lat' dir='ltr'><em>servare</em></span> <span class='ocrx_word' id='word_1_763' title='bbox 1415 5119 1630 5182; x_wconf 83' lang='lat' dir='ltr'><em>debere.</em></span> 
     </span>
    </p>
   </div>
   <div class='ocr_carea' id='block_1_100' title="bbox 359 5201 1860 5278">
    <p class='ocr_par' dir='ltr' id='par_1_100' title="bbox 359 5201 1860 5278">
     <span class='ocr_line' id='line_1_100' title="bbox 359 5201 1860 5278; baseline 0.006 -22"><span class='ocrx_word' id='word_1_764' title='bbox 359 5201 530 5260; x_wconf 89' lang='lat' dir='ltr'><em>Porro</em></span> <span class='ocrx_word' id='word_1_765' title='bbox 557 5205 748 5260; x_wconf 82' lang='lat' dir='ltr'><em>Achias</em></span> <span class='ocrx_word' id='word_1_766' title='bbox 777 5217 887 5261; x_wconf 84' lang='lat' dir='ltr'><em>erat</em></span> <span class='ocrx_word' id='word_1_767' title='bbox 924 5223 1080 5278; x_wconf 87' lang='lat' dir='ltr'><em>super</em></span> <span class='ocrx_word' id='word_1_768' title='bbox 1107 5208 1376 5262; x_wconf 88' lang='lat' dir='ltr'><em>thesauros</em></span> <span class='ocrx_word' id='word_1_769' title='bbox 1417 5210 1604 5262; x_wconf 84' lang='lat' dir='ltr'><em>domus</em></span> <span class='ocrx_word' id='word_1_770' title='bbox 1631 5209 1860 5276; x_wconf 85' lang='lat' dir='ltr'><em>Domini,</em></span> 
     </span>
    </p>
   </div>
   <div class='ocr_carea' id='block_1_101' title="bbox 285 5298 1866 5370">
    <p class='ocr_par' dir='ltr' id='par_1_101' title="bbox 285 5298 1866 5370">
     <span class='ocr_line' id='line_1_101' title="bbox 285 5298 1866 5370; baseline 0.005 -22"><span class='ocrx_word' id='word_1_771' title='bbox 285 5304 337 5349; x_wconf 82' lang='lat' dir='ltr'><em>et</em></span> <span class='ocrx_word' id='word_1_772' title='bbox 380 5313 506 5351; x_wconf 81' lang='lat' dir='ltr'><em>vasa</em></span> <span class='ocrx_word' id='word_1_773' title='bbox 551 5310 870 5352; x_wconf 82' lang='lat' dir='ltr'><em>sanctorum.</em></span> <span class='ocrx_word' id='word_1_774' title='bbox 918 5298 1049 5365; x_wconf 85' lang='lat' dir='ltr'><em>Quis</em></span> <span class='ocrx_word' id='word_1_775' title='bbox 1095 5307 1179 5352; x_wconf 87' lang='lat' dir='ltr'><em>est</em></span> <span class='ocrx_word' id='word_1_776' title='bbox 1220 5299 1354 5363; x_wconf 88' lang='lat' dir='ltr'><em>istc,</em></span> <span class='ocrx_word' id='word_1_777' title='bbox 1398 5300 1488 5368; x_wconf 90' lang='lat' dir='ltr'><em>qui</em></span> <span class='ocrx_word' id='word_1_778' title='bbox 1538 5302 1866 5370; x_wconf 63' lang='lat' dir='ltr'><em>praeponitur</em></span> 
     </span>
    </p>
   </div>
   <div class='ocr_carea' id='block_1_102' title="bbox 288 5385 1862 5457">
    <p class='ocr_par' dir='ltr' id='par_1_102' title="bbox 288 5385 1862 5457">
     <span class='ocr_line' id='line_1_102' title="bbox 288 5385 1862 5457; baseline 0.004 -17"><span class='ocrx_word' id='word_1_779' title='bbox 288 5385 561 5444; x_wconf 78' lang='lat' dir='ltr'><em>thesauris</em></span> <span class='ocrx_word' id='word_1_780' title='bbox 588 5389 778 5445; x_wconf 86' lang='lat' dir='ltr'><em>domus</em></span> <span class='ocrx_word' id='word_1_781' title='bbox 807 5389 1052 5453; x_wconf 88' lang='lat' dir='ltr'><em>Domini,</em></span> <span class='ocrx_word' id='word_1_782' title='bbox 1089 5390 1190 5445; x_wconf 88' lang='lat' dir='ltr'><em>nisi</em></span> <span class='ocrx_word' id='word_1_783' title='bbox 1222 5389 1549 5457; x_wconf 75' lang='lat' dir='ltr'><em>Redemptor</em></span> <span class='ocrx_word' id='word_1_784' title='bbox 1577 5399 1776 5456; x_wconf 88' lang='lat' dir='ltr'><em>uoster,</em></span> <span class='ocrx_word' id='word_1_785' title='bbox 1810 5393 1862 5446; x_wconf 87' lang='lat' dir='ltr'><em>in</em></span> 
     </span>
    </p>
   </div>
   <div class='ocr_carea' id='block_1_103' title="bbox 284 5480 1861 5554">
    <p class='ocr_par' dir='ltr' id='par_1_103' title="bbox 284 5480 1861 5554">
     <span class='ocr_line' id='line_1_103' title="bbox 284 5480 1861 5554; baseline -0.001 -15"><span class='ocrx_word' id='word_1_786' title='bbox 284 5480 441 5552; x_wconf 65' lang='lat' dir='ltr'><em>Cujus</em></span> <span class='ocrx_word' id='word_1_787' title='bbox 466 5491 731 5552; x_wconf 84' lang='lat' dir='ltr'><em>potestate</em></span> <span class='ocrx_word' id='word_1_788' title='bbox 757 5491 878 5537; x_wconf 83' lang='lat' dir='ltr'><em>sunt</em></span> <span class='ocrx_word' id='word_1_789' title='bbox 913 5483 1091 5536; x_wconf 85' lang='lat' dir='ltr'><em>omnia</em></span> <span class='ocrx_word' id='word_1_790' title='bbox 1121 5483 1261 5535; x_wconf 70' lang='lat' dir='ltr'><em>dolia</em></span> <span class='ocrx_word' id='word_1_791' title='bbox 1287 5481 1538 5535; x_wconf 68' lang='lat' dir='ltr'><em>Virtutum</em></span> <span class='ocrx_word' id='word_1_792' title='bbox 1562 5498 1624 5536; x_wconf 89' lang='lat' dir='ltr'><em>ac</em></span> <span class='ocrx_word' id='word_1_793' title='bbox 1649 5485 1861 5554; x_wconf 80' lang='lat' dir='ltr'><em>sapien-</em></span> 
     </span>
    </p>
   </div>
   <div class='ocr_carea' id='block_1_104' title="bbox 289 5572 1860 5644">
    <p class='ocr_par' dir='ltr' id='par_1_104' title="bbox 289 5572 1860 5644">
     <span class='ocr_line' id='line_1_104' title="bbox 289 5572 1860 5644; baseline 0.003 -18"><span class='ocrx_word' id='word_1_794' title='bbox 289 5575 406 5640; x_wconf 71' lang='lat' dir='ltr'><em>tiae,</em></span> <span class='ocrx_word' id='word_1_795' title='bbox 437 5591 556 5644; x_wconf 68' lang='lat' dir='ltr'><em>quae</em></span> <span class='ocrx_word' id='word_1_796' title='bbox 582 5585 767 5630; x_wconf 83' lang='lat' dir='ltr'><em>sancta</em></span> <span class='ocrx_word' id='word_1_797' title='bbox 806 5575 966 5627; x_wconf 78' lang='lat' dir='ltr'><em>habet</em></span> <span class='ocrx_word' id='word_1_798' title='bbox 1003 5573 1260 5626; x_wconf 82' lang='lat' dir='ltr'><em>Ecclesia.</em></span> <span class='ocrx_word' id='word_1_799' title='bbox 1297 5572 1683 5641; x_wconf 82' lang='lat' dir='ltr'><em>Interpretatur</em></span> <span class='ocrx_word' id='word_1_800' title='bbox 1719 5577 1860 5630; x_wconf 74' lang='lat' dir='ltr'><em>enim</em></span> 
     </span>
    </p>
   </div>
   <div class='ocr_carea' id='block_1_105' title="bbox 286 5663 1860 5731">
    <p class='ocr_par' dir='ltr' id='par_1_105' title="bbox 286 5663 1860 5731">
     <span class='ocr_line' id='line_1_105' title="bbox 286 5663 1860 5731; baseline 0.003 -14"><span class='ocrx_word' id='word_1_801' title='bbox 286 5665 516 5728; x_wconf 79' lang='lat' dir='ltr'><em>Acilius,</em></span> <span class='ocrx_word' id='word_1_802' title='bbox 559 5665 724 5729; x_wconf 87' lang='lat' dir='ltr'><em>frater</em></span> <span class='ocrx_word' id='word_1_803' title='bbox 765 5680 927 5716; x_wconf 82' lang='lat' dir='ltr'><em>meus.</em></span> <span class='ocrx_word' id='word_1_804' title='bbox 977 5663 1049 5715; x_wconf 74' lang='lat' dir='ltr'><em>De</em></span> <span class='ocrx_word' id='word_1_805' title='bbox 1089 5679 1192 5731; x_wconf 82' lang='lat' dir='ltr'><em>quo</em></span> <span class='ocrx_word' id='word_1_806' title='bbox 1234 5663 1427 5717; x_wconf 71' lang='lat' dir='ltr'><em>I‘aulus</em></span> <span class='ocrx_word' id='word_1_807' title='bbox 1473 5666 1550 5717; x_wconf 75' lang='lat' dir='ltr'><em>ait</em></span> <span class='ocrx_word' id='word_1_808' title='bbox 1589 5686 1600 5718; x_wconf 86' lang='grc'>;</span> <span class='ocrx_word' id='word_1_809' title='bbox 1651 5667 1860 5724; x_wconf 80' lang='lat' dir='ltr'><em>Gruti.:s</em></span> 
     </span>
    </p>
   </div>
   <div class='ocr_carea' id='block_1_106' title="bbox 1967 4579 3584 4651">
    <p class='ocr_par' dir='ltr' id='par_1_106' title="bbox 1967 4579 3584 4651">
     <span class='ocr_line' id='line_1_106' title="bbox 1967 4579 3584 4651; baseline 0.002 -17"><span class='ocrx_word' id='word_1_810' title='bbox 1967 4588 2161 4634; x_wconf 89' lang='lat' dir='ltr'><em>cuncta</em></span> <span class='ocrx_word' id='word_1_811' title='bbox 2195 4579 2506 4644; x_wconf 78' lang='lat' dir='ltr'><em>transferre,</em></span> <span class='ocrx_word' id='word_1_812' title='bbox 2539 4579 2766 4636; x_wconf 89' lang='lat' dir='ltr'><em>dicendo</em></span> <span class='ocrx_word' id='word_1_813' title='bbox 2801 4596 2923 4636; x_wconf 88' lang='lat' dir='ltr'><em>cum</em></span> <span class='ocrx_word' id='word_1_814' title='bbox 2951 4580 3216 4651; x_wconf 86' lang='lat' dir='ltr'><em>Propheta</em></span> <span class='ocrx_word' id='word_1_815' title='bbox 3245 4598 3258 4633; x_wconf 89' lang='lat'>:</span> <span class='ocrx_word' id='word_1_816' title='bbox 3296 4579 3427 4634; x_wconf 82' lang='lat' dir='ltr'><em>Non</em></span> <span class='ocrx_word' id='word_1_817' title='bbox 3465 4601 3584 4637; x_wconf 81' lang='lat' dir='ltr'><em>no-</em></span> 
     </span>
    </p>
   </div>
   <div class='ocr_carea' id='block_1_107' title="bbox 1967 4669 3588 4742">
    <p class='ocr_par' dir='ltr' id='par_1_107' title="bbox 1967 4669 3588 4742">
     <span class='ocr_line' id='line_1_107' title="bbox 1967 4669 3588 4742; baseline 0.004 -19"><span class='ocrx_word' id='word_1_818' title='bbox 1967 4670 2075 4728; x_wconf 81' lang='lat' dir='ltr'><em>bis.</em></span> <span class='ocrx_word' id='word_1_819' title='bbox 2106 4669 2358 4736; x_wconf 87' lang='lat' dir='ltr'><em>Domine,</em></span> <span class='ocrx_word' id='word_1_820' title='bbox 2389 4687 2491 4724; x_wconf 89' lang='lat' dir='ltr'><em>non</em></span> <span class='ocrx_word' id='word_1_821' title='bbox 2526 4669 2701 4736; x_wconf 86' lang='lat' dir='ltr'><em>nobis,</em></span> <span class='ocrx_word' id='word_1_822' title='bbox 2729 4669 2818 4725; x_wconf 89' lang='lat' dir='ltr'><em>sed</em></span> <span class='ocrx_word' id='word_1_823' title='bbox 2855 4673 3052 4725; x_wconf 87' lang='lat' dir='ltr'><em>nomini</em></span> <span class='ocrx_word' id='word_1_824' title='bbox 3088 4681 3178 4724; x_wconf 89' lang='lat' dir='ltr'><em>tuo</em></span> <span class='ocrx_word' id='word_1_825' title='bbox 3213 4672 3281 4724; x_wconf 87' lang='lat' dir='ltr'><em>da</em></span> <span class='ocrx_word' id='word_1_826' title='bbox 3321 4671 3588 4742; x_wconf 74' lang='lat' dir='ltr'><em>gloriam</em></span> 
     </span>
    </p>
   </div>
   <div class='ocr_carea' id='block_1_108' title="bbox 1968 4759 2340 4832">
    <p class='ocr_par' dir='ltr' id='par_1_108' title="bbox 1968 4759 2340 4832">
     <span class='ocr_line' id='line_1_108' title="bbox 1968 4759 2340 4832; baseline 0.003 -19"><span class='ocrx_word' id='word_1_827' title='bbox 1968 4759 2140 4832; x_wconf 73' lang='lat' dir='ltr'><em>(I’sal.</em></span> <span class='ocrx_word' id='word_1_828' title='bbox 2167 4765 2340 4831; x_wconf 72' lang='lat' dir='ltr'><em>exui).</em></span> 
     </span>
    </p>
   </div>
   <div class='ocr_carea' id='block_1_109' title="bbox 2035 4849 3590 4923">
    <p class='ocr_par' dir='ltr' id='par_1_109' title="bbox 2035 4849 3590 4923">
     <span class='ocr_line' id='line_1_109' title="bbox 2035 4849 3590 4923; baseline 0.006 -20"><span class='ocrx_word' id='word_1_829' title='bbox 2035 4849 2258 4904; x_wconf 84' lang='lat' dir='ltr'><em>Jaaritis</em></span> <span class='ocrx_word' id='word_1_830' title='bbox 2304 4868 2420 4906; x_wconf 81' lang='lat' dir='ltr'><em>vero</em></span> <span class='ocrx_word' id='word_1_831' title='bbox 2463 4862 2684 4921; x_wconf 71' lang='lat' dir='ltr'><em>prmerat</em></span> <span class='ocrx_word' id='word_1_832' title='bbox 2733 4852 3028 4906; x_wconf 81' lang='lat' dir='ltr'><em>Chonenias</em></span> <span class='ocrx_word' id='word_1_833' title='bbox 3070 4862 3117 4906; x_wconf 87' lang='lat' dir='ltr'><em>et</em></span> <span class='ocrx_word' id='word_1_834' title='bbox 3162 4851 3262 4921; x_wconf 87' lang='lat' dir='ltr'><em>filii</em></span> <span class='ocrx_word' id='word_1_835' title='bbox 3312 4855 3441 4923; x_wconf 85' lang='lat' dir='ltr'><em>ejus</em></span> <span class='ocrx_word' id='word_1_836' title='bbox 3507 4860 3590 4912; x_wconf 82' lang='lat' dir='ltr'><em>nd</em></span> 
     </span>
    </p>
   </div>
   <div class='ocr_carea' id='block_1_110' title="bbox 1967 4941 3591 5014">
    <p class='ocr_par' dir='ltr' id='par_1_110' title="bbox 1967 4941 3591 5014">
     <span class='ocr_line' id='line_1_110' title="bbox 1967 4941 3591 5014; baseline 0.004 -20"><span class='ocrx_word' id='word_1_837' title='bbox 1967 4958 2120 5012; x_wconf 84' lang='lat' dir='ltr'><em>opera</em></span> <span class='ocrx_word' id='word_1_838' title='bbox 2153 4941 2442 5010; x_wconf 83' lang='lat' dir='ltr'><em>forinsecus</em></span> <span class='ocrx_word' id='word_1_839' title='bbox 2467 4960 2623 5013; x_wconf 85' lang='lat' dir='ltr'><em>super</em></span> <span class='ocrx_word' id='word_1_840' title='bbox 2657 4943 2860 5008; x_wconf 90' lang='lat' dir='ltr'><em>Israel,</em></span> <span class='ocrx_word' id='word_1_841' title='bbox 2900 4945 2968 4996; x_wconf 88' lang='lat' dir='ltr'><em>ad</em></span> <span class='ocrx_word' id='word_1_842' title='bbox 2999 4944 3288 4996; x_wconf 83' lang='lat' dir='ltr'><em>docendum</em></span> <span class='ocrx_word' id='word_1_843' title='bbox 3326 4957 3377 4997; x_wconf 88' lang='lat' dir='ltr'><em>ct</em></span> <span class='ocrx_word' id='word_1_844' title='bbox 3396 4947 3591 5014; x_wconf 71' lang='lat' dir='ltr'><em>judi-</em></span> 
     </span>
    </p>
   </div>
   <div class='ocr_carea' id='block_1_111' title="bbox 1965 5031 3592 5102">
    <p class='ocr_par' dir='ltr' id='par_1_111' title="bbox 1965 5031 3592 5102">
     <span class='ocr_line' id='line_1_111' title="bbox 1965 5031 3592 5102; baseline 0.007 -19"><span class='ocrx_word' id='word_1_845' title='bbox 1965 5031 2188 5084; x_wconf 82' lang='lat' dir='ltr'><em>eundum</em></span> <span class='ocrx_word' id='word_1_846' title='bbox 2223 5049 2328 5085; x_wconf 87' lang='lat' dir='ltr'><em>eos.</em></span> <span class='ocrx_word' id='word_1_847' title='bbox 2369 5033 2470 5099; x_wconf 89' lang='lat' dir='ltr'><em>Qui</em></span> <span class='ocrx_word' id='word_1_848' title='bbox 2501 5042 2624 5086; x_wconf 88' lang='lat' dir='ltr'><em>sunt</em></span> <span class='ocrx_word' id='word_1_849' title='bbox 2653 5033 2726 5086; x_wconf 89' lang='lat' dir='ltr'><em>illi</em></span> <span class='ocrx_word' id='word_1_850' title='bbox 2759 5033 3022 5102; x_wconf 88' lang='lat' dir='ltr'><em>operarii,</em></span> <span class='ocrx_word' id='word_1_851' title='bbox 3053 5033 3144 5102; x_wconf 90' lang='lat' dir='ltr'><em>qui</em></span> <span class='ocrx_word' id='word_1_852' title='bbox 3181 5047 3350 5102; x_wconf 86' lang='lat' dir='ltr'><em>opera</em></span> <span class='ocrx_word' id='word_1_853' title='bbox 3383 5035 3592 5094; x_wconf 79' lang='lat' dir='ltr'><em>Israel</em></span> 
     </span>
    </p>
   </div>
   <div class='ocr_carea' id='block_1_112' title="bbox 1967 5122 3596 5194">
    <p class='ocr_par' dir='ltr' id='par_1_112' title="bbox 1967 5122 3596 5194">
     <span class='ocr_line' id='line_1_112' title="bbox 1967 5122 3596 5194; baseline 0.006 -18"><span class='ocrx_word' id='word_1_854' title='bbox 1967 5124 2265 5178; x_wconf 79' lang='lat' dir='ltr'><em>forinsecus</em></span> <span class='ocrx_word' id='word_1_855' title='bbox 2290 5133 2600 5194; x_wconf 85' lang='lat' dir='ltr'><em>operantur,</em></span> <span class='ocrx_word' id='word_1_856' title='bbox 2635 5125 2734 5178; x_wconf 89' lang='lat' dir='ltr'><em>nisi</em></span> <span class='ocrx_word' id='word_1_857' title='bbox 2765 5124 2836 5178; x_wconf 90' lang='lat' dir='ltr'><em>illi</em></span> <span class='ocrx_word' id='word_1_858' title='bbox 2871 5122 3048 5194; x_wconf 61' lang='lat' dir='ltr'><em>qui&#39;in</em></span> <span class='ocrx_word' id='word_1_859' title='bbox 3079 5133 3265 5179; x_wconf 87' lang='lat' dir='ltr'><em>sancta</em></span> <span class='ocrx_word' id='word_1_860' title='bbox 3300 5125 3596 5186; x_wconf 76' lang='lat' dir='ltr'><em>Ecclesia</em></span> 
     </span>
    </p>
   </div>
   <div class='ocr_carea' id='block_1_113' title="bbox 1965 5213 3595 5294">
    <p class='ocr_par' dir='ltr' id='par_1_113' title="bbox 1965 5213 3595 5294">
     <span class='ocr_line' id='line_1_113' title="bbox 1965 5213 3595 5294; baseline 0.002 -26"><span class='ocrx_word' id='word_1_861' title='bbox 1965 5229 2060 5283; x_wconf 87' lang='lat' dir='ltr'><em>per</em></span> <span class='ocrx_word' id='word_1_862' title='bbox 2083 5214 2481 5284; x_wconf 86' lang='lat' dir='ltr'><em>simplicitatem</em></span> <span class='ocrx_word' id='word_1_863' title='bbox 2511 5215 2709 5268; x_wconf 84' lang='lat' dir='ltr'><em>mentis</em></span> <span class='ocrx_word' id='word_1_864' title='bbox 2745 5214 3033 5268; x_wconf 87' lang='lat' dir='ltr'><em>humilitati</em></span> <span class='ocrx_word' id='word_1_865' title='bbox 3068 5213 3393 5294; x_wconf 72' lang='lat' dir='ltr'><em>obedientia)</em></span> <span class='ocrx_word' id='word_1_866' title='bbox 3427 5235 3595 5291; x_wconf 80' lang='lat' dir='ltr'><em>0pc-</em></span> 
     </span>
    </p>
   </div>
   <div class='ocr_carea' id='block_1_114' title="bbox 1970 5304 3597 5374">
    <p class='ocr_par' dir='ltr' id='par_1_114' title="bbox 1970 5304 3597 5374">
     <span class='ocr_line' id='line_1_114' title="bbox 1970 5304 3597 5374; baseline 0.004 -17"><span class='ocrx_word' id='word_1_867' title='bbox 1970 5320 2081 5357; x_wconf 79' lang='lat' dir='ltr'><em>ram</em></span> <span class='ocrx_word' id='word_1_868' title='bbox 2113 5305 2241 5358; x_wconf 84' lang='lat' dir='ltr'><em>dant</em></span> <span class='ocrx_word' id='word_1_869' title='bbox 2268 5315 2326 5358; x_wconf 88' lang='lat' dir='ltr'><em>ut</em></span> <span class='ocrx_word' id='word_1_870' title='bbox 2349 5319 2411 5358; x_wconf 82' lang='lat' dir='ltr'><em>ea</em></span> <span class='ocrx_word' id='word_1_871' title='bbox 2444 5321 2562 5373; x_wconf 76' lang='lat' dir='ltr'><em>qua:</em></span> <span class='ocrx_word' id='word_1_872' title='bbox 2592 5304 2692 5358; x_wconf 74' lang='lat' dir='ltr'><em>sibi</em></span> <span class='ocrx_word' id='word_1_873' title='bbox 2719 5320 2748 5357; x_wconf 86' lang='lat' dir='ltr'><em>a</em></span> <span class='ocrx_word' id='word_1_874' title='bbox 2781 5305 3054 5374; x_wconf 77' lang='lat' dir='ltr'><em>magistris</em></span> <span class='ocrx_word' id='word_1_875' title='bbox 3082 5305 3438 5374; x_wconf 77' lang='lat' dir='ltr'><em>imperantur</em></span> <span class='ocrx_word' id='word_1_876' title='bbox 3474 5313 3597 5365; x_wconf 78' lang='lat' dir='ltr'><em>de-</em></span> 
     </span>
    </p>
   </div>
   <div class='ocr_carea' id='block_1_115' title="bbox 1969 5394 3599 5464">
    <p class='ocr_par' dir='ltr' id='par_1_115' title="bbox 1969 5394 3599 5464">
     <span class='ocr_line' id='line_1_115' title="bbox 1969 5394 3599 5464; baseline 0.008 -20"><span class='ocrx_word' id='word_1_877' title='bbox 1969 5403 2090 5448; x_wconf 79' lang='lat' dir='ltr'><em>mta</em></span> <span class='ocrx_word' id='word_1_878' title='bbox 2123 5405 2301 5448; x_wconf 87' lang='lat' dir='ltr'><em>mente</em></span> <span class='ocrx_word' id='word_1_879' title='bbox 2333 5410 2396 5449; x_wconf 86' lang='lat' dir='ltr'><em>ac</em></span> <span class='ocrx_word' id='word_1_880' title='bbox 2423 5404 2641 5449; x_wconf 86' lang='lat' dir='ltr'><em>strenua</em></span> <span class='ocrx_word' id='word_1_881' title='bbox 2663 5394 2921 5464; x_wconf 83' lang='lat' dir='ltr'><em>perlicere</em></span> <span class='ocrx_word' id='word_1_882' title='bbox 2947 5394 3196 5450; x_wconf 81' lang='lat' dir='ltr'><em>studeant</em></span> <span class='ocrx_word' id='word_1_883' title='bbox 3219 5399 3479 5453; x_wconf 82' lang='lat' dir='ltr'><em>actione.</em></span> <span class='ocrx_word' id='word_1_884' title='bbox 3520 5403 3599 5461; x_wconf 73' lang='lat' dir='ltr'><em>lli</em></span> 
     </span>
    </p>
   </div>
   <div class='ocr_carea' id='block_1_116' title="bbox 1969 5485 3599 5564">
    <p class='ocr_par' dir='ltr' id='par_1_116' title="bbox 1969 5485 3599 5564">
     <span class='ocr_line' id='line_1_116' title="bbox 1969 5485 3599 5564; baseline 0.001 -25"><span class='ocrx_word' id='word_1_885' title='bbox 1969 5487 2093 5540; x_wconf 79' lang='lat' dir='ltr'><em>licet</em></span> <span class='ocrx_word' id='word_1_886' title='bbox 2118 5487 2292 5540; x_wconf 39' lang='lat' dir='ltr'><em>icionci</em></span> <span class='ocrx_word' id='word_1_887' title='bbox 2327 5503 2431 5539; x_wconf 90' lang='lat' dir='ltr'><em>non</em></span> <span class='ocrx_word' id='word_1_888' title='bbox 2465 5486 2570 5539; x_wconf 82' lang='lat' dir='ltr'><em>sint</em></span> <span class='ocrx_word' id='word_1_889' title='bbox 2597 5485 2776 5556; x_wconf 80' lang='lat' dir='ltr'><em>lingua</em></span> <span class='ocrx_word' id='word_1_890' title='bbox 2800 5487 2932 5540; x_wconf 88' lang='lat' dir='ltr'><em>alios</em></span> <span class='ocrx_word' id='word_1_891' title='bbox 2959 5488 3173 5551; x_wconf 78' lang='lat' dir='ltr'><em>docere,</em></span> <span class='ocrx_word' id='word_1_892' title='bbox 3205 5496 3392 5543; x_wconf 87' lang='lat' dir='ltr'><em>tamen</em></span> <span class='ocrx_word' id='word_1_893' title='bbox 3427 5510 3599 5564; x_wconf 76' lang='lat' dir='ltr'><em>Ope-</em></span> 
     </span>
    </p>
   </div>
   <div class='ocr_carea' id='block_1_117' title="bbox 1971 5578 3602 5646">
    <p class='ocr_par' dir='ltr' id='par_1_117' title="bbox 1971 5578 3602 5646">
     <span class='ocr_line' id='line_1_117' title="bbox 1971 5578 3602 5646; baseline 0.001 -16"><span class='ocrx_word' id='word_1_894' title='bbox 1971 5578 2116 5631; x_wconf 68' lang='lat' dir='ltr'><em>illius</em></span> <span class='ocrx_word' id='word_1_895' title='bbox 2155 5578 2454 5630; x_wconf 71' lang='lat' dir='ltr'><em>doctrinam</em></span> <span class='ocrx_word' id='word_1_896' title='bbox 2493 5578 2754 5632; x_wconf 66' lang='lat' dir='ltr'><em>virtutum</em></span> <span class='ocrx_word' id='word_1_897' title='bbox 2793 5579 3050 5646; x_wconf 71' lang='lat' dir='ltr'><em>proximis</em></span> <span class='ocrx_word' id='word_1_898' title='bbox 3083 5580 3404 5634; x_wconf 77' lang='lat' dir='ltr'><em>ostendunt.</em></span> <span class='ocrx_word' id='word_1_899' title='bbox 3461 5585 3602 5642; x_wconf 71' lang='lat' dir='ltr'><em>nn-</em></span> 
     </span>
    </p>
   </div>
   <div class='ocr_carea' id='block_1_118' title="bbox 1971 5667 3608 5740">
    <p class='ocr_par' dir='ltr' id='par_1_118' title="bbox 1971 5667 3608 5740">
     <span class='ocr_line' id='line_1_118' title="bbox 1971 5667 3608 5740; baseline 0 -18"><span class='ocrx_word' id='word_1_900' title='bbox 1971 5688 2083 5722; x_wconf 80' lang='lat' dir='ltr'><em>rum</em></span> <span class='ocrx_word' id='word_1_901' title='bbox 2111 5679 2147 5738; x_wconf 67' lang='grc' dir='ltr'>ι)</span> <span class='ocrx_word' id='word_1_902' title='bbox 2166 5685 2287 5736; x_wconf 72' lang='lat' dir='ltr'><em>pum</em></span> <span class='ocrx_word' id='word_1_903' title='bbox 2313 5668 2629 5736; x_wconf 62' lang='lat' dir='ltr'><em>pra‘l&#39;crelmt</em></span> <span class='ocrx_word' id='word_1_904' title='bbox 2653 5667 2818 5721; x_wconf 73' lang='lat' dir='ltr'><em>J;.cub</em></span> <span class='ocrx_word' id='word_1_905' title='bbox 2841 5669 3164 5737; x_wconf 79' lang='lat' dir='ltr'><em>patriarcha,</em></span> <span class='ocrx_word' id='word_1_906' title='bbox 3192 5670 3258 5723; x_wconf 74' lang='lat' dir='ltr'><em>de</em></span> <span class='ocrx_word' id='word_1_907' title='bbox 3278 5685 3390 5740; x_wconf 76' lang='lat' dir='ltr'><em>quo</em></span> <span class='ocrx_word' id='word_1_908' title='bbox 3435 5683 3608 5734; x_wconf 62' lang='grc' dir='ltr'><em>διψῇ..</em></span> 
     </span>
    </p>
   </div>
  </div>
