3870 6146
325 290 414 347 ἆυ]
1250 279 1601 335 ΟΟΜΜΕΝΤ.
1630 277 1708 331 ᾸΝ
1749 277 1902 333 PAR.

2013 274 2301 330 POMENA.
2341 305 2410 314 -—
2448 274 2576 329 LIB.
2610 273 2671 327 II.

3469 279 3573 336 ΜΩ.

324 407 471 467 ptum
498 406 605 459 est,
634 394 781 465 quod
808 392 894 445 vir
916 390 1136 460 simplex
1162 388 1433 445 habitaret
1461 389 1513 443 in
1538 386 1899 443 tabernaculis
1927 391 1975 452 Α
2002 387 2162 453 bona,
2191 401 2313 456 quae
2350 385 2511 452 valet,
2548 400 2709 456 agere
2752 386 2951 452 studet,
2997 387 3088 441 ille
3136 386 3314 442 timori
3362 390 3570 445 Domini

326 486 475 557 (Gen.
504 485 660 555 xxv).
697 483 811 538 Hoc
839 493 894 537 et
918 481 1214 537 Nathanael
1235 480 1615 552 prteﬁgurabat
1639 482 1692 533 in
1724 480 1899 533 Evan—

326 578 494 649 gelio;
519 577 609 632 cui
648 576 764 645 ipse
794 573 1044 628 Salvator
1076 573 1439 627 testimoniqu
1479 572 1782 641 perhibuit,
1823 571 1903 625 di-

323 685 450 724 cens
474 687 504 733 ,;
540 668 678 723 Ecce
704 667 781 721 vir
802 666 1070 732 Israelita,
1100 668 1155 720 in
1182 683 1283 737 quo
1312 665 1464 720 dolus
1492 683 1593 719 non
1622 676 1696 719 est
1720 664 1898 720 lJoan.

326 760 383 827 ι).
426 758 651 814 Talibus
688 774 820 830 ergo
857 760 1120 829 operariis
1157 768 1386 829 prmerat
1426 757 1761 823 Cboneuias,
1810 757 1902 827 qui

325 849 713 918 interpretatur
753 850 975 903 a‘rarius
1016 864 1193 913 meus,
1235 848 1351 902 sive
1395 846 1550 901 nidus
1590 863 1766 913 meus,
1810 856 1904 901 aut

323 941 608 1006 possessio,
637 940 763 1008 quia
809 938 898 994 ille
942 938 1034 1008 qui
1079 937 1368 993 humilitati
1411 945 1466 993 et
1507 936 1902 993 mansuetudini

327 1032 592 1100 praecipue
629 1031 844 1098 studet,
880 1030 1093 1085 Domini
1130 1030 1373 1084 imitator
1411 1031 1585 1085 factus
1610 1038 1724 1092 est,
1763 1030 1902 1085 bona

327 1120 569 1189 exempla
597 1120 719 1174 aliis
746 1118 1047 1176 forinsecus
1073 1120 1342 1188 praabens,
1373 1120 1489 1189 ipse
1522 1127 1667 1174 intus
1698 1120 1751 1173 in
1780 1118 1900 1172 ani-

327 1225 413 1264 ma
446 1211 606 1265 nidus
634 1218 691 1264 ct
730 1209 998 1280 possessio
1036 1208 1413 1264 Dei-cliicitur.
1451 1208 1605 1264 Unde
1645 1208 1902 1263 Dominus

327 1296 420 1369 per
447 1300 775 1371 Prophetam
803 1299 879 1353 ait
919 1317 931 1352 :
972 1297 1144 1370 Super
1171 1315 1323 1369 quem
1359 1300 1633 1369 requiescet
1674 1298 1901 1368 Spiritus

327 1409 497 1457 meus,
530 1393 633 1445 nisi
671 1407 829 1461 super
854 1391 1101 1445 humilem
1140 1401 1187 1444 et
1227 1393 1487 1462 quietum,
1518 1403 1567 1445 et
1604 1402 1901 1446 trementem

326 1498 582 1535 sermones
624 1497 763 1534 meos
806 1478 949 1549 (Isn.
982 1497 1103 1534 um
1124 1480 1182 1550 )?
1217 1481 1354 1537 Hine
1379 1491 1431 1535 et
1462 1482 1577 1550 ipsa
1607 1482 1818 1537 Veritas
1846 1482 1899 1536 in

326 1569 612 1639 Evangelia
637 1568 913 1638 discipulis
939 1569 1050 1623 ait:
1077 1568 1271 1622 Discite
1295 1587 1328 1623 a
1354 1587 1453 1634 me,
1472 1570 1594 1639 quia
1622 1570 1758 1624 mitis
1784 1586 1899 1623 sum

326 1668 370 1713 ct
392 1657 603 1712 humilis
630 1658 819 1723 corde,
851 1668 897 1711 et
936 1658 1206 1712 invenietis
1244 1660 1469 1730 requiem
1500 1643 1774 1713 animabus
1811 1675 1897 1715 ve-

326 1738 443 1804 stris
477 1748 706 1819 (Matth.
739 1749 849 1817 x1).

392 1838 615 1892 Asabias
641 1848 691 1893 et
723 1839 913 1907 fratres
936 1839 1071 1909 ejus,
1100 1840 1196 1894 viri
1220 1840 1513 1910 fortissimi,
1541 1841 1682 1895 mille
1708 1843 1898 1913 septin-

325 1928 476 1998 genti,
512 1939 773 1997 prteerant
810 1928 996 1983 Israeli
1029 1939 1175 1983 trans
1203 1928 1492 1984 Iordanem
1522 1943 1702 1985 contra
1745 1931 1897 1986 Occi-

326 2018 522 2070 dentem
549 2016 604 2068 in
643 2018 844 2070 cunctis
889 2017 1127 2088 aperibus
1169 2018 1399 2083 Domini,
1446 2030 1492 2073 et
1522 2021 1575 2072 in
1617 2021 1900 2075 ministerio

325 2110 475 2177 regis.
504 2108 778 2174 Israelitte,
826 2111 917 2179 qui
965 2120 1113 2166 trans
1157 2109 1446 2167 Jordanem
1500 2117 1899 2183 possessionem

325 2208 669 2265 acceperunt,
699 2198 801 2253 hoc
831 2200 884 2253 in
928 2199 1046 2254 loco
1080 2212 1307 2271 possunt
1339 2203 1641 2274 signiﬁcare
1667 2220 1779 2271 eos,
1809 2208 1900 2275 qui

326 2286 689 2341 mediocritate
715 2303 813 2342 sua
852 2290 1111 2357 contenti,
1144 2306 1409 2345 summam
1440 2293 1679 2348 scicntize
1699 2310 1763 2349 ac
1792 2297 1902 2350 vir-

329 2384 494 2429 tutum
547 2376 935 2446 profectionem
983 2380 1052 2433 ob
1095 2381 1477 2436 turbulentiam
1518 2384 1673 2439 istius
1721 2387 1900 2441 smculi

330 2474 501 2521 mente
557 2469 984 2525 transcendendo
1038 2480 1292 2541 appetere
1347 2473 1550 2540 nolunt,
1607 2490 1668 2530 ea
1723 2487 1900 2533 tamen

330 2557 574 2612 mandata
606 2573 727 2627 qua:
759 2560 937 2615 sciunt
979 2560 1117 2615 bona
1163 2564 1476 2632 operatione
1509 2580 1764 2621 exercere
1794 2585 1901 2623 non

331 2646 619 2717 negligunt.
649 2646 795 2716 Quos
818 2646 906 2702 ille
934 2649 1107 2705 scriba
1134 2651 1422 2721 signiﬁcat,
1452 2655 1543 2723 qui
1579 2655 1632 2709 in
1659 2656 1901 2727 Evange-

331 2733 399 2790 Iio
445 2736 730 2790 Dominum
767 2737 1136 2809 interrogavit,
1184 2740 1411 2796 dicens:
1444 2742 1699 2813 Magister
1749 2747 1898 2812 bone,

330 2826 448 2895 quid
478 2826 671 2883 faciam
718 2827 859 2894 boni,
899 2839 953 2882 ut
1001 2830 1218 2885 habeam
1266 2834 1424 2887 vitam
1468 2837 1754 2890 aeternam?
1798 2836 1901 2903 Qui

331 2916 456 2969 dixit
489 2917 539 2970 ei
560 2930 579 2968 :
603 2914 744 2982 Quid
774 2934 853 2973 me
893 2920 1186 2991 interrogas
1214 2923 1278 2975 de
1306 2922 1485 2977 bono?
1528 2920 1674 2978 Unus
1700 2936 1776 2980 est
1807 2926 1900 2981 bo-

333 3022 423 3059 nus
448 3004 611 3059 Deus.
664 3004 727 3060 Si
754 3016 930 3062 autem
980 3010 1054 3064 vis
1104 3010 1264 3063 vitam
1300 3010 1520 3081 ingredi,
1560 3029 1704 3066 serva
1751 3031 1902 3068 man-

332 3096 471 3150 data.
508 3095 645 3150 Dicit
682 3096 810 3151 illi:
845 3096 1195 3163 Quazilesus
1224 3112 1397 3155 autem
1437 3101 1611 3159 dixit:
1658 3100 1779 3157 Non
1806 3105 1901 3158 ho-

333 3188 595 3242 micidium
640 3188 832 3259 facies,
888 3207 992 3244 non
1047 3190 1399 3259 adulterabis,
1448 3210 1550 3249 non
1593 3195 1753 3264 facies
1786 3197 1899 3266 fur-

332 3289 464 3344 tum,
520 3296 622 3333 non
675 3280 869 3351 falsum
927 3282 1277 3338 testimonium
1336 3286 1506 3349 dices,
1552 3287 1749 3341 honora
1800 3302 1899 3357 pa-

333 3381 452 3423 trem
483 3380 530 3424 et
574 3382 791 3424 matrem
812 3411 827 3434 ,
858 3382 904 3426 et
934 3372 1117 3443 diliges
1161 3375 1455 3444 proximum
1503 3384 1650 3429 tuum
1693 3377 1825 3430 sicut
1853 3387 1900 3430 te

334 3459 514 3530 ipsum.
564 3461 697 3516 Dicit
727 3462 820 3515 illi
852 3464 1150 3519 adolescens
1174 3482 1192 3519 :
1233 3464 1423 3519 Omnia
1463 3467 1573 3520 ha'c
1614 3468 1898 3533 custodivi;

333 3550 450 3621 quid
473 3551 645 3604 adhuc
668 3551 794 3605 mihi
821 3552 999 3606 deest?
1035 3554 1121 3607 Ait
1142 3552 1220 3607 illi
1246 3554 1400 3609 Jesus
1424 3572 1442 3609 :
1469 3554 1527 3611 Si
1549 3559 1627 3611 vis
1644 3557 1899 3627 perfectus

335 3658 456 3706 esse,
481 3643 628 3706 vade,
651 3641 809 3696 vende
842 3659 958 3712 qua:
988 3643 1166 3709 habes,
1196 3655 1242 3698 et
1271 3646 1340 3700 da
1371 3646 1708 3715 pauperibus,
1738 3658 1784 3701 et
1806 3649 1902 3702 ha-

338 3732 466 3785 bebis
498 3734 802 3788 thesaurum
835 3733 889 3785 in
930 3733 1056 3787 cazlo
1079 3772 1094 3801 ,
1125 3744 1173 3788 et
1206 3736 1318 3789 veni
1345 3776 1360 3802 ,
1390 3753 1598 3807 sequere
1628 3754 1727 3792 me.
1770 3737 1902 3793 Cum

336 3822 557 3877 audisset
584 3832 762 3877 autent
791 3822 1090 3879 adolescens
1124 3824 1353 3891 verbum,
1398 3827 1525 3879 abiit
1557 3826 1742 3881 tristis.
1769 3828 1902 3882 Erat

336 3913 463 3965 enim
487 3912 684 3966 habens
722 3911 914 3966 multas
953 3916 1297 3983 possessiones
1339 3914 1552 3987 (Matth.
1579 3919 1726 3989 XIX);
1760 3919 1902 3973 aliud

336 4015 411 4060 est
429 4006 572 4061 enim
598 4006 870 4061 exteriora
903 4006 1154 4060 mandata
1182 4021 1401 4062 servare
1423 4009 1656 4073 actione,
1686 4017 1740 4063 et
1760 4010 1904 4065 aliud

337 4110 433 4164 est,
462 4101 681 4156 omissis
724 4101 1079 4156 exterioribus
1124 4103 1304 4167 rebus,
1349 4110 1514 4157 totum
1561 4117 1620 4156 se
1650 4102 1795 4156 intus
1838 4102 1903 4157 ad

339 4191 565 4246 divinam
618 4194 822 4247 relerre
861 4193 1391 4261 contemplationem.
1423 4195 1528 4248 Sed
1573 4195 1698 4264 quia
1747 4209 1905 4248 nemo

340 4283 444 4351 ipsa
473 4284 743 4337 exteriora
768 4282 907 4337 bona
936 4298 1099 4353 opera
1132 4283 1294 4347 valet,
1344 4284 1445 4338 nisi
1477 4284 1570 4337 Dei
1593 4283 1754 4349 dono,
1786 4285 1906 4339 ideo

339 4371 526 4424 dicitur
556 4371 678 4425 istis
710 4372 1029 4442 praipositus
1056 4386 1177 4427 esse
1220 4373 1465 4427 Asabias.
1519 4373 1907 4444 Interpretatur

2004 481 2279 535 cohaerens
2305 482 2371 534 ah
2394 494 2459 534 eo
2489 480 2710 550 regitur.
2761 478 2861 546 Qui
2892 480 3056 535 etiam
3100 480 3313 535 llcbron
3354 497 3449 536 sua
3496 484 3575 538 in-

2003 574 2389 644 terpretatione
2412 589 2514 628 non
2538 573 2973 627 iuconvenienter
3000 576 3271 645 exprimit.
3306 576 3574 649 Interpre-

2004 674 2150 721 tatur
2170 665 2313 719 enim
2343 662 2662 734 eonjugium.
2706 663 2776 717 At
2800 664 2940 718 idem
2972 664 3017 717 si
3054 665 3106 717 in
3138 665 3328 720 timore
3364 667 3572 720 Domini

2002 754 2463 824 perseveraverit,
2514 762 2569 806 et
2610 754 2954 822 semetipsum
2994 768 3207 824 semper
3246 755 3575 809 melio’rando

2002 846 2267 917 proﬁcere
2296 845 2605 910 certaverit,
2672 844 2912 915 profecto
2938 861 2967 899 a
3001 847 3191 901 timore
3234 848 3300 900 ad
3334 863 3571 901 amorem

2002 936 2303 1006 perveniet,
2336 934 2483 989 illum
2512 934 2782 994 videlicet.
2815 936 2903 1005 qui
2930 936 3185 1006 perfectus
3224 938 3367 1007 foras
3419 937 3575 990 mittit

2003 1012 2239 1078 timorem
2264 1023 2329 1095 (1
2358 1023 2517 1078 Joan.
2541 1022 2647 1095 1v);
2695 1031 2749 1078 et
2789 1038 2894 1077 non
2918 1024 3027 1093 jam
3072 1040 3279 1091 servus,
3312 1026 3403 1079 sed
3435 1025 3575 1079 ﬁlius

2004 1124 2364 1183 nuncupatur.
2396 1111 2547 1180 Quod
2578 1120 2756 1167 autem
2787 1113 3127 1184 subiungitur
3155 1132 3168 1167 :

2075 1203 2485 1271 Quadragesimo
2512 1219 2649 1257 anno
2696 1204 2839 1273 regni
2886 1202 3054 1257 David
3103 1205 3337 1259 recensiti
3379 1216 3497 1260 sunt
3528 1220 3574 1259 et

2003 1293 2196 1347 inventi
2229 1294 2326 1346 viri
2370 1293 2641 1363 fortissimi
2688 1294 2741 1347 in
2789 1292 2950 1347 laser
3001 1291 3236 1358 Galaad,
3290 1294 3575 1365 fratresque

2001 1384 2115 1452 ejus
2143 1385 2446 1438 robustioris
2474 1384 2639 1438 a'tatis
2664 1383 2851 1450 2,700,
2879 1384 3132 1454 principes
3156 1384 3496 1453 familiarum,
3522 1396 3575 1441 ct

2003 1480 2218 1538 emtera,
2249 1473 2511 1535 ostendit,
2543 1473 2684 1541 quod
2716 1472 2769 1527 in
2798 1473 3093 1528 novissimo
3123 1488 3265 1528 anno
3292 1475 3443 1544 regni
3475 1474 3576 1528 Da—

2002 1563 2091 1617 vld
2122 1563 2223 1616 ista
2278 1562 2577 1617 numeratio
2610 1561 2749 1617 facta
2788 1572 2891 1627 est,
2941 1563 3155 1631 quando
3202 1573 3327 1618 ante
3370 1563 3571 1618 obitum

2003 1667 2160 1707 suum
2212 1652 2462 1705 universa
2491 1651 2790 1715 ordinavit,
2841 1659 2897 1706 et
2933 1648 3355 1723 singulos'juxta
3400 1652 3571 1707 oﬁieia

1928 1741 1973 1800 B
2001 1759 2097 1799 sua
2120 1744 2399 1812 disposuit,
2434 1741 2815 1814 Salomonique
2853 1742 2963 1797 ﬁlio
2988 1758 3084 1797 suo
3108 1745 3310 1809 omnia,
3336 1760 3455 1813 quze
3496 1743 3574 1797 fn-

2000 1836 2186 1890 cienda
2218 1842 2371 1890 erant
2396 1834 2728 1903 designando
2758 1834 3099 1897 monstravit,
3128 1841 3288 1903 atque
3313 1834 3450 1888 ritus
3476 1834 3576 1887 im-

2000 1923 2132 1993 perii
2186 1924 2453 1992 quomodo
2506 1923 2766 1977 tenendus
2816 1931 2989 1986 esset,
3046 1923 3441 1978 rationabiliter
3485 1938 3577 1977 ex-

2000 2013 2198 2082 posuit.

2552 2102 2779 2157 CAPUT
2796 2101 3026 2156 \XXVII.

2002 2192 2079 2247 De
2103 2193 2317 2247 diversis
2353 2193 2672 2262 principibus
2707 2194 2795 2262 qui
2835 2202 3092 2260 pra'erant
3132 2191 3391 2245 Israelitis
3417 2192 3572 2259 juxta

2070 2264 2457 2332 dispositionem
2489 2262 2671 2316 David.
2718 2263 2791 2315 De
2817 2263 2897 2332 his
2924 2263 3016 2332 qui
3040 2270 3299 2331 pra'erant
3339 2262 3575 2332 substan—

2071 2331 2158 2386 tia:
2190 2332 2375 2394 David,
2407 2333 2504 2386 hoc
2531 2341 2628 2395 est,
2656 2333 2711 2385 in
2740 2331 2975 2394 urbibus,
3003 2331 3058 2383 in
3091 2331 3250 2393 villis,
3280 2332 3333 2382 in
3364 2331 3504 2398 agris
3528 2341 3573 2382 et

2071 2402 2231 2456 vineis
2254 2411 2301 2455 et
2327 2402 2525 2455 olivetis
2548 2412 2596 2455 et
2617 2402 2919 2471 pecudibus.
2946 2401 3019 2471 De
3045 2400 3360 2455 consiliariis
3380 2398 3571 2459 David,

2072 2483 2119 2526 et
2149 2472 2229 2525 his
2250 2472 2340 2541 qui
2365 2471 2575 2541 fuerunt
2602 2469 2718 2523 cum
2750 2470 2876 2539 ﬁliis
2905 2469 3057 2539 regis.

2073 2560 2201 2615 Filii
2227 2572 2400 2614 autem
2432 2559 2602 2614 Israel
2628 2560 2912 2615 secundum
2938 2574 3208 2612 numerum
3234 2574 3410 2622 suum,
3440 2575 3575 2628 prm-

2001 2655 2136 2723 cipes
2154 2653 2505 2723 familiarum,
2535 2652 2762 2715 tribuni,
2788 2661 2835 2703 et
2861 2650 3206 2713 centuriones,
3248 2658 3296 2703 et
3321 2649 3573 2720 pratfeeti,

2000 2746 2090 2816 qui
2111 2743 2475 2798 ministrabant
2510 2742 2616 2811 regi
2628 2741 2789 2811 juxta
2824 2750 3025 2794 turmas
3054 2756 3199 2803 suas,
3230 2738 3577 2809 ingredientes

2001 2845 2047 2889 et
2091 2833 2403 2905 egredientes
2435 2849 2528 2903 per
2566 2831 2799 2902 singulos
2842 2846 3046 2884 menses
3086 2831 3147 2884 in
3192 2845 3331 2883 anno
3377 2828 3579 2895 24,000

2001 2936 2257 2997 prwerant
2292 2924 2507 2995 singuli,
2558 2934 2612 2978 et
2657 2934 2868 2979 cietera.
2914 2922 2991 2977 De
3044 2921 3147 2977 hoc
3192 2921 3458 2992 Iosephus
3504 2922 3578 2975 ita

2006 3024 2214 3083 narrat,
2263 3016 2449 3070 dicens
2483 3033 2495 3070 :
2534 3034 2552 3066 ‹
2588 3016 2832 3071 Posthzec
2863 3021 3041 3069 autem
3074 3013 3256 3068 divisit
3281 3012 3577 3068 exercitum

2003 3106 2054 3159 in
2084 3106 2333 3160 cohortes
2362 3104 2641 3159 duodecim
2672 3119 2792 3158 cum
2832 3103 3055 3159 ducibus
3097 3102 3210 3158 suis
3239 3110 3293 3156 et
3324 3111 3577 3157 centena-

2003 3191 2098 3244 riis
2122 3198 2178 3245 et
2219 3190 2467 3245 tribunis.
2507 3188 2748 3245 [libebat
2793 3196 2973 3243 autem
3010 3201 3347 3258 unaqumque
3384 3187 3578 3241 cohors

2002 3278 2201 3343 2i,000
2231 3281 2492 3341 virorum,
2539 3294 2675 3349 quos
2706 3280 2995 3334 observare
3021 3278 3278 3349 pra‘cepit
3302 3290 3399 3349 per
3427 3276 3579 3331 trice-

2002 3386 2101 3424 nos
2128 3371 2244 3425 dies
2278 3387 2307 3425 a
2354 3372 2527 3441 prima
2560 3372 2692 3425 hora
2718 3385 2890 3440 usque
2938 3370 3005 3423 ad
3048 3368 3394 3424 novissimam
3428 3365 3579 3422 Salo-

2004 3476 2217 3516 monem
2241 3476 2444 3532 regem,
2482 3477 2602 3516 cum
2634 3460 2950 3516 millenariis
2980 3468 3035 3514 et
3066 3458 3409 3515 centenariis.
3441 3455 3579 3512 Con-

2004 3551 2176 3605 stituit
2203 3558 2382 3605 autem
2412 3551 2465 3605 in
2498 3551 2638 3605 diem
2667 3550 3090 3620 uniuscujusque
3113 3548 3371 3609 cohortis,
3415 3562 3575 3617 quem

2002 3642 2202 3696 bonum
2241 3640 2503 3712 judicavit
2542 3648 2593 3696 et
2617 3638 2844 3707 justum,
2884 3648 2938 3693 et
2968 3646 3175 3694 tutores
3204 3639 3576 3692 thesaurorum

2004 3735 2060 3785 et
2088 3733 2330 3786 vicorum
2370 3742 2425 3786 et
2452 3746 2704 3801 agrorum
2737 3730 2891 3794 alios,
2922 3744 2986 3784 ac
3008 3729 3399 3798 inntcntorum.
3429 3745 3446 3777 ι
3480 3729 3580 3781 De-

2004 3823 2189 3877 narius
2215 3838 2344 3892 ergo
2374 3837 2629 3876 numerus
2656 3820 3005 3891 apostolicum
3033 3819 3279 3874 ordinem
3305 3818 3579 3888 aptissime

2004 3914 2268 3985 designat,
2291 3928 2426 3983 quos
2456 3913 2703 3968 Christus
2728 3911 2843 3966 Lua:
2864 3928 3004 3977 vera,
3022 3927 3139 3982 qua:
3165 3909 3427 3964 illuminat
3461 3928 3577 3964 om-

2006 4024 2121 4061 nem
2149 4006 2407 4060 hominem
2445 4005 2725 4059 venientem
2766 4004 2820 4056 in
2855 4003 2992 4057 hunc
3020 4002 3272 4057 mundum
3302 4001 3481 4073 (Joan.
3514 4003 3574 4073 1),

2005 4100 2285 4155 duodecim
2320 4098 2471 4153 horis
2499 4096 2602 4151 diei
2628 4097 2680 4150 in
2707 4094 2998 4166 Evangelio
3032 4095 3366 4164 comparavit
3395 4091 3574 4165 (Jaan.

2004 4190 2114 4262 ιι),
2147 4200 2202 4245 et
2236 4190 2409 4244 lucem
2438 4189 2595 4258 hujus
2638 4186 2821 4241 mundi
2850 4200 3163 4256 nuncupans
3215 4186 3232 4257 (
3260 4185 3448 4239 Matth.
3489 4186 3577 4253 v),

2007 4282 2186 4336 lumen
2232 4280 2355 4335 ﬁdei
2396 4281 2448 4333 in
2475 4287 2645 4333 totum
2681 4278 2867 4332 orbem
2899 4291 3153 4348 spargere
3183 4278 3461 4346 praecepit,
3500 4280 3580 4330 di—

2008 4384 2136 4423 cens
2162 4386 2174 4419 :
2208 4367 2402 4421 Euntes
2425 4368 2600 4421 docete
2627 4383 2802 4420 omnes
2828 4374 3023 4436 gentes,
3056 4365 3376 4435 baptisantes
3403 4383 3490 4419 eos
3526 4368 3578 4419 in

342 4460 473 4514 enim
502 4462 751 4526 Asahias,
785 4460 1000 4530 facienti
1042 4462 1287 4516 Domino.
1332 4463 1397 4517 lli
1437 4471 1583 4519 recte
1618 4480 1740 4519 cum
1776 4463 1906 4518 Pro-
1931 4436 1983 4494 υ
2008 4463 2215 4516 nomine
2248 4459 2426 4514 Patris
2472 4468 2519 4514 et
2562 4458 2692 4513 Filii
2738 4467 2786 4513 et
2825 4456 3052 4528 Spiritus
3095 4460 3286 4524 sancti,
3337 4458 3577 4512 docenfcs

342 4550 489 4619 pheta
532 4551 761 4607 Domino
810 4552 989 4607 dicere
1028 4562 1255 4622 possunt
1289 4572 1300 4606 :
1339 4552 1527 4607 Omnia
1567 4555 1702 4607 enim
1752 4570 1907 4624 opera

2008 4567 2093 4604 eos
2115 4567 2322 4605 servare
2343 4550 2519 4604 omnia
2552 4566 2872 4621 qtttrcunque
2905 4550 3148 4604 mandavi
3172 4550 3311 4605 vobis
3336 4550 3352 4622 (
3387 4550 3575 4603 Matth.

344 4650 508 4692 nostra
534 4652 777 4709 operosus
804 4657 856 4695 es
886 4641 939 4694 in
966 4642 1113 4696 nobis
1145 4643 1166 4714 (
1187 4641 1297 4696 Isa.
1332 4659 1454 4697 xvvt
1483 4641 1527 4712 ).’
1560 4642 1695 4696 Hinc
1725 4652 1779 4697 et
1807 4643 1909 4697 Do-
2000 4641 2424 4712 xxvnt).Annnm
2438 4654 2566 4710 ergo
2597 4638 2767 4702 illum,
2806 4654 2964 4709 quem
2995 4638 3012 4709 (
3031 4640 3169 4693 sicut
3208 4639 3262 4692 in
3292 4638 3582 4709 Evangelio

344 4729 512 4786 minus
535 4733 586 4786 in
616 4732 905 4801 Evangelio
942 4733 1216 4803 discipulis
1252 4735 1357 4788 ait:
1395 4734 1519 4789 Sine
1549 4751 1627 4787 me
1662 4735 1791 4787 nihil
1818 4752 1910 4805 po-

344 4821 476 4873 testis
501 4821 674 4889 facere
715 4820 898 4887 (Joan.
926 4823 1038 4893 xv).

412 4907 816 4964 Hebronitarum
844 4920 1019 4965 autem
1046 4913 1280 4982 princeps
1330 4912 1426 4978 fuit
1453 4910 1599 4965 lcria
1625 4914 1908 4966 secundum

347 4994 565 5062 familias
587 5008 634 5052 et
678 5001 1011 5070 cognationes
1040 5018 1240 5057 eorum.
1270 5001 1483 5055 llehron
1510 5004 1651 5055 enim
1697 5003 1905 5062 civitas,

348 5087 430 5140 ubi
460 5088 606 5158 regni
653 5090 864 5143 initium
899 5091 1106 5160 accepit
1135 5091 1330 5155 David,
1362 5106 1454 5143 eos
1486 5092 1790 5160 signiﬁcare
1815 5108 1909 5159 po-

349 5185 443 5232 test
461 5185 548 5248 qui
573 5181 1000 5235 conversationis
1038 5181 1249 5233 initium
1278 5181 1553 5245 inehoant,
1585 5190 1640 5234 et
1682 5181 1907 5234 Domino

349 5270 396 5323 in
420 5288 509 5327 sua
524 5274 631 5327 vita
655 5288 876 5341 regnum
901 5281 1227 5343 praep-arant.
1256 5272 1562 5326 llehronitis
1583 5271 1902 5336 enichria,

347 5364 432 5431 qui
476 5365 864 5434 interpretatur
890 5366 1073 5417 timens
1103 5363 1405 5427 Dominum,
1436 5365 1684 5431 princeps
1709 5363 1907 5416 consti-

350 5454 527 5519 tuitur,
562 5458 687 5525 quia
715 5455 920 5510 initium
962 5457 1229 5525 sapientite
1259 5457 1414 5507 timor
1454 5465 1526 5509 est
1556 5454 1797 5516 Domini;
1832 5455 1913 5506 in-

347 5539 570 5596 tellectus
607 5544 771 5597 bonus
812 5546 1049 5598 omnibus
1098 5544 1406 5612 facientibus
1444 5560 1560 5597 eum
1605 5543 1791 5612 (Eccl.
1823 5560 1835 5597 I
1869 5544 1907 5613 ).

348 5628 442 5695 Qui
468 5633 609 5686 enim
633 5647 735 5702 per
765 5635 1008 5690 timorem
1040 5650 1067 5688 a
1102 5632 1257 5687 malis
1279 5634 1487 5686 actibus
1514 5649 1569 5687 se
1601 5643 1837 5699 coercet,
1861 5642 1913 5687 et

2011 4732 2268 4801 scriptum
2293 4733 2404 4802 est)
2443 4731 2731 4795 Dominus,
2762 4731 2816 4784 in
2850 4745 3114 4801 synagoga
3159 4729 3340 4800 legens
3369 4745 3576 4784 sermo-

2012 4835 2108 4876 nes
2153 4822 2303 4875 Isaia:
2348 4822 2619 4890 propheta:
2661 4818 2811 4891 (Luc.
2866 4818 2980 4891 ιγ),
3017 4818 3407 4873 demonstravit
3456 4833 3578 4871 esse

2014 4911 2392 4980 acceptabilem
2440 4911 2684 4975 Domino,
2725 4910 2811 4964 isti
2864 4924 3076 4964 menses
3118 4910 3396 4974 ordinant;
3430 4918 3485 4964 et
3514 4910 3581 4963 ad

2012 5003 2285 5056 servitium
2334 5003 2447 5056 veri
2502 5001 2806 5055 Salomonis
2860 5000 3113 5055 Ecclesire
3146 5000 3399 5071 pepulum
3444 5001 3584 5053 ordi~

2014 5092 2187 5145 nando
2234 5090 2528 5146 distribuit.
2587 5090 2879 5159 Propterea
2935 5091 2987 5145 in
3036 5092 3261 5160 singulis
3310 5092 3581 5146 mensibus

2010 5181 2208 5245 ἑάλω
2240 5182 2306 5236 ad
2357 5181 2637 5236 servitium
2689 5181 2896 5252 regium
2939 5181 3189 5250 deputata
3245 5189 3387 5235 sunt.
3432 5178 3582 5244 Quod

2012 5283 2189 5327 autem
2236 5273 2475 5343 mysterii
2515 5273 2602 5327 hic
2650 5288 2905 5327 numerus
2930 5279 3137 5336 teneat,
3176 5270 3290 5341 jam
3338 5268 3582 5337 superius

2011 5363 2210 5416 dictum
2237 5370 2337 5425 est,
2381 5364 2503 5431 quia
2551 5363 2604 5416 in
2641 5377 2706 5417 co
2742 5362 2874 5433 legis
2914 5371 2970 5416 et
3017 5361 3286 5432 Evang'lii
3334 5359 3579 5410 universa

2010 5452 2263 5519 perfectio
2288 5465 2383 5519 per
2410 5452 2635 5522 ﬁguram
2674 5452 2850 5505 inesse
2872 5452 3264 5505 manifestatur.

2086 5543 2268 5597 Noluit
2294 5553 2464 5598 autem
2511 5544 2681 5597 David
2724 5559 2996 5597 numerare
3036 5557 3120 5592 eos
3151 5556 3181 5589 a
3210 5536 3389 5605 viginti
3430 5540 3580 5586 annis

2010 5633 2247 5701 inferius.
2279 5633 2399 5699 quia
2430 5632 2632 5685 dixerat
2664 5630 2914 5683 Dominus
2941 5637 2994 5678 ut
3028 5623 3460 5687 multiplicaretur
3497 5620 3583 5674 Is-
