3870 6146
325 294 427 355 405

984 298 1046 367 B.
1097 292 1343 349 RABANI
1384 295 1603 352 MAURI
1642 290 1961 349 ARCIIIEP.
2000 288 2309 348 MOGUNT.
2347 292 2634 351 OPERUM
2671 293 2856 351 PARS
2889 293 2933 348 ι.
3471 300 3561 357 ιω

323 416 434 470 rael
456 417 608 487 quasi
629 414 792 470 stella:
821 414 952 466 cwli.
986 413 1122 467 Joab
1147 413 1289 481 ﬁlius
1325 412 1528 468 Sarviw
1555 421 1772 483 cat-perat
1797 427 1897 464 nu-
1926 411 1975 469 A
2002 417 2228 479 possunt
2262 412 2463 467 habere
2504 412 2975 483 signiﬁcationem,
3024 414 3150 482 quia
3194 412 3249 467 in
3289 414 3563 485 Evangelia

321 520 561 570 merare,
596 523 687 560 nec
729 503 1030 575 complevit,
1059 504 1183 576 quia
1227 521 1383 573 super
1412 504 1508 558 hoc
1553 505 1635 557 ira
1674 503 1903 556 irruerat

324 599 379 653 in
406 596 609 662 Israel;
645 605 695 650 et
718 596 913 649 idcirco
941 587 1190 650 numerus
1219 612 1399 649 eorum
1422 634 1437 661 ,
1465 595 1554 665 qui
1587 594 1795 663 fuerant
1822 610 1902 646 re—

324 688 527 752 censiti,
546 703 648 740 non
680 695 753 740 est
790 684 985 739 relatus
1012 686 1066 739 in
1096 686 1258 755 fastos
1294 686 1427 755 regis
1534 684 1721 738 David.
1759 683 1899 739 Usus

323 778 468 833 enim
486 785 623 841 erat,
639 776 683 831 si
699 774 914 845 quando
937 774 1382 840 numerabantur,
1410 792 1439 829 a
1455 774 1642 846 viginti
1669 775 1825 843 annis
1845 783 1900 829 et

323 884 485 938 supra
508 875 926 922 numerarentur
949 867 1003 921 hi
1035 867 1125 938 qui
1159 875 1411 937 poterant
1444 868 1511 921 ad
1539 865 1677 921 bella
1708 881 1900 936 proce-

322 959 471 1024 dere,
520 966 613 1012 aut
639 954 819 1029 aliqua
846 959 1145 1013 ministerio
1185 957 1352 1029 fungi.
1384 956 1520 1025 Quia
1556 973 1684 1013 vero
1732 957 1898 1014 David

320 1048 553 1119 primum
575 1065 670 1120 per
694 1047 827 1105 Joab
854 1048 1179 1120 generaliter
1198 1049 1360 1119 jussit
1381 1066 1573 1117 omnes
1599 1051 1897 1116 numerari,

321 1148 375 1194 et.
405 1140 547 1194 infra
591 1140 780 1211 viginti
831 1156 1022 1206 annos,
1054 1148 1110 1206 et
1142 1156 1303 1210 supra
1350 1140 1539 1212 viginti
1575 1157 1778 1207 annos,
1815 1141 1898 1195 id-

320 1232 467 1286 circo
518 1232 939 1302 indignationem
975 1230 1072 1286 Dei
1103 1241 1358 1302 expertus
1402 1242 1510 1298 est,
1551 1241 1607 1287 et
1637 1248 1742 1287 non
1776 1242 1900 1288 sunt

322 1323 469 1378 allati
493 1325 546 1378 in
580 1324 737 1379 factis
776 1324 917 1394 regis
947 1324 1135 1379 David.
1172 1324 1319 1379 Fasti
1343 1341 1473 1396 ergo
1497 1334 1622 1380 sunt
1648 1325 1771 1379 libri
1813 1341 1904 1379 an-

323 1413 497 1480 nales,
553 1414 608 1475 in
660 1415 856 1484 quibus
908 1430 1093 1485 regum
1147 1423 1203 1469 et
1254 1414 1534 1471 consulum
1592 1414 1904 1470 scribuntur

323 1514 498 1573 actus,
531 1523 561 1568 a
604 1507 839 1575 fascibus
881 1508 1028 1562 dicti.
1065 1508 1187 1562 Ideo
1212 1508 1356 1562 enim
1383 1509 1687 1563 numeratio
1720 1507 1901 1578 populi

322 1613 483 1666 quam
527 1592 732 1653 fecerat
767 1597 918 1659 Joab,
952 1614 1059 1652 non
1101 1607 1185 1654 est
1228 1600 1429 1654 inserta
1462 1600 1514 1653 in
1560 1598 1717 1654 factis
1760 1598 1902 1669 regis

327 1686 514 1753 David,
544 1688 705 1757 quia,
731 1689 1142 1757 superveniente
1169 1689 1538 1759 indignatione
1567 1690 1687 1757 Dei,
1725 1691 1903 1746 omnis

2004 502 2222 568 horrea,
2269 504 2359 559 ubi
2402 505 2640 561 triticum
2687 512 3093 576 congregatum,
3137 505 3428 576 habentur,
3483 511 3563 567 ubi

2001 592 2210 649 fruetus
2236 594 2435 650 labaris
2466 596 2639 651 nostri
2667 597 2721 651 in
2769 595 2950 651 futuro
2980 598 3281 652 servandus
3319 600 3568 671 recolligi-

2000 693 2108 751 tur,
2147 695 2203 741 et
2240 687 2533 757 unicuique
2582 688 2779 743 cultori
2816 688 2975 757 digna
3013 703 3224 743 merces
3267 687 3466 745 labaris
3493 692 3564 747 sui

1999 777 2336 831 restituetur.
2378 780 2485 833 i"ec
2524 779 2688 833 etiam
2725 780 2870 833 hunc
2912 793 3131 834 sensum
3172 778 3370 850 refugit
3414 780 3568 836 inter-

1999 871 2229 938 pretatio
2288 870 2567 925 nominum
2640 871 2878 941 ipsorum
2949 871 3382 941 pratpositorum.
3442 870 3566 927 Nam

1999 958 2124 1014 Ezri
2168 961 2558 1029 interpretatur
2594 959 2810 1030 adjutus
2847 976 2879 1014 (ι
2914 959 3140 1013 Domino
3162 1000 3176 1025 ,
3209 959 3451 1016 Semeias
3484 980 3568 1016 au-

2000 1051 2150 1105 diens
2180 1051 2479 1116 Dominum,
2508 1061 2566 1107 et
2592 1052 2760 1106 Zabdi
2782 1053 2959 1121 ﬂuxus
2985 1052 3273 1117 vehemens,
3295 1052 3382 1108 vel
3410 1054 3565 1109 abun-

2000 1140 2155 1195 dans.
2182 1141 2283 1211 Qui
2312 1142 2455 1196 enim
2483 1141 2633 1196 audit
2659 1140 2969 1205 Dominum,
3001 1141 3327 1197 intendenda
3363 1142 3416 1196 in
3445 1158 3569 1213 prse-

2001 1236 2155 1300 cepta
2193 1231 2331 1300 ejus,
2363 1246 2630 1300 quemque
2657 1220 2770 1299 ipse
2797 1231 3167 1285 misericordia
3215 1247 3311 1285 sua
3342 1232 3565 1301 adjuvat,

2000 1327 2061 1371 ut
2094 1333 2213 1386 quas
2250 1319 2496 1389 intelligit
2520 1320 2573 1373 in
2598 1335 2760 1389 opere
2781 1319 3040 1389 perﬁcere
3068 1320 3264 1385 valeat,
3300 1321 3390 1375 ille
3411 1323 3567 1377 abun-

2002 1409 2217 1464 dantem
2241 1409 2504 1465 bonorum
2527 1426 2749 1481 operum
2774 1410 3006 1465 fructum
3031 1420 3322 1483 congregat
3342 1414 3396 1467 in
3418 1414 3566 1468 vitam

2001 1505 2280 1552 mternam.

2076 1586 2217 1640 Nam
2243 1605 2399 1658 super
2428 1588 2614 1643 oliveta
2656 1599 2705 1642 et
2746 1588 2920 1658 ﬁceta,
2952 1608 3068 1661 qum
3093 1601 3242 1645 erant
3280 1593 3334 1646 in
3375 1609 3567 1663 campe-

2004 1677 2221 1742 stribus,
2273 1677 2517 1732 Balanan
2555 1679 2855 1745 Gederites;
2900 1697 3057 1751 super
3093 1683 3368 1751 apothecas
3410 1694 3569 1737 autem

322 1774 413 1831 ille
444 1755 698 1836 num—erus
727 1755 1081 1841 conturbatus
1121 1789 1223 1845 est,
1270 1755 1324 1834 et
1359 1794 1465 1835 nan
1504 1755 1721 1835 fuerunt
1744 1788 1900 1851 juxta

2010 1770 2109 1826 olei
2135 1769 2286 1825 Joas.
2337 1771 2543 1827 Oliveta
2572 1781 2625 1828 et
2660 1773 2836 1836 ﬁceta,
2869 1774 2960 1828 ubi
2993 1774 3148 1829 olivze
3177 1783 3231 1828 et
3274 1776 3411 1829 ﬁcus
3456 1790 3570 1829 con-

322 1867 473 1928 illum
500 1867 769 1921 distributi
799 1883 897 1938 per
925 1866 1247 1933 ministeria,
1284 1884 1457 1938 neque
1484 1871 1549 1927 ad
1577 1868 1755 1940 aliqua
1780 1868 1898 1925 oili-

322 1958 427 2011 eia.
462 1957 642 2029 Super
676 1960 958 2014 thesauros
986 1969 1166 2015 autem
1200 1960 1341 2032 regis
1374 1960 1478 2015 fuit
1499 1958 1730 2016 Azmath
1760 1961 1900 2018 ﬁlius

321 2048 494 2103 Adiel.
528 2049 838 2105 Thesaurus
860 2050 1004 2120 regis
1030 2052 1198 2105 nostri
1223 2051 1448 2106 scientia
1478 2059 1563 2107 est
1606 2050 1900 2121 spiritualis

322 2148 379 2201 et
404 2153 534 2211 opes
580 2139 862 2193 virtutum.
911 2140 969 2193 lu
999 2140 1085 2194 his
1120 2141 1265 2195 enim
1311 2140 1606 2195 delectatur
1644 2124 1928 2210 paciﬁcus.

324 2235 527 2293 noster,
576 2236 632 2282 et
675 2243 737 2283 ex
782 2229 867 2285 his
896 2228 1129 2289 honorat
1162 2230 1265 2285 sibi
1305 2230 1527 2287 devotos
1560 2246 1624 2285 ac
1672 2230 1903 2286 ﬁdeliter

321 2316 701 2385 obsequentes.
733 2318 828 2373 His
857 2320 994 2373 bene
1016 2319 1312 2388 praeﬁcitur
1331 2320 1581 2385 Azmoth,
1611 2321 1703 2391 qui
1733 2322 1902 2376 inter-

322 2416 568 2475 pretatur
594 2409 747 2477 fortis
790 2419 975 2474 morte,
1021 2411 1147 2479 quia
1183 2410 1258 2463 illi
1289 2410 1380 2479 qui
1411 2411 1773 2465 Constantiam
1803 2412 1901 2466 ba-

323 2498 453 2553 bent
493 2500 711 2569 mentis,
768 2508 826 2554 et
877 2501 1150 2569 patientia:
1202 2501 1407 2573 fulgent
1439 2504 1659 2568 virtute,
1708 2505 1901 2560 horum

325 2586 550 2641 scientia
583 2596 745 2656 atque
775 2587 1018 2644 doctrina
1049 2591 1346 2660 probabilis
1386 2600 1581 2648 exstat.
1619 2593 1772 2649 Unde
1805 2611 1903 2665 per

325 2675 611 2756 quemdam
644 2674 953 2747 Sapientem
994 2679 1192 2733 dicitur
1219 2699 1231 2734 :
1261 2681 1516 2736 Doctrina
1555 2683 1652 2737 viri
1674 2701 1768 2755 per
1801 2702 1897 2755 pa-

326 2766 558 2835 tientiam
582 2763 907 2838 dignoscitur
930 2765 1110 2839 (Prov.
1138 2770 1271 2843 xxx).
1307 2772 1372 2826 Et
1395 2772 1522 2827 item
1548 2791 1561 2827 :
1587 2772 1781 2829 Melior
1800 2786 1899 2842 est,

326 2856 522 2931 inquit,
555 2858 632 2911 vir
657 2859 857 2929 patiens
883 2858 994 2914 viro
1018 2861 1179 2930 forti;
1208 2874 1255 2917 et
1283 2866 1373 2938 qui
1396 2865 1698 2922 dominatur
1725 2872 1901 2925 animo

324 2967 442 3016 suo,
480 2962 831 3022 expugnatore
876 2951 1082 3023 urbium
1128 2955 1310 3026 (Prov.
1361 2957 1491 3026 xvr).
1520 2957 1764 3031 Apteque
1788 2961 1897 3017 Az-

327 3043 477 3111 motlt
523 3043 720 3107 dicitur
766 3059 887 3099 esse
933 3043 1072 3099 lilius
1100 3044 1325 3112 Adiuel,
1378 3047 1470 3116 qui
1514 3049 1902 3120 interpretatur

329 3128 491 3187 Pater
533 3152 677 3191 meus
714 3134 881 3200 Deus,
915 3137 1039 3206 quia
1077 3139 1336 3207 quidquid
1375 3142 1547 3196 sancti
1591 3142 1791 3199 habent
1837 3145 1904 3200 de

327 3240 431 3294 ope
453 3225 731 3297 virtutum,
763 3227 857 3280 Dei
884 3242 942 3281 se
973 3228 1111 3282 dono
1137 3228 1337 3284 habere
1368 3240 1553 3300 aperte
1582 3235 1778 3288 sciunt.

400 3314 499 3368 His
526 3326 700 3370 autem
731 3318 989 3371 thesauris
1021 3319 1111 3389 qui
1137 3330 1285 3374 erant
1311 3322 1366 3373 in
1391 3323 1635 3388 urbibus,
1669 3335 1715 3378 et
1743 3325 1795 3378 in
1824 3327 1903 3381 vi-

328 3407 426 3471 cis,
449 3415 496 3460 et
526 3408 581 3461 in
625 3408 875 3475 turribus,
913 3410 1222 3479 prwsidebat
1250 3410 1522 3469 Jonathan
1554 3415 1696 3484 ﬁlius
1737 3417 1901 3485 Oziaz.

330 3496 639 3553 Thesauras
670 3499 722 3553 in
760 3500 863 3555 hac
902 3500 1021 3559 loco
1052 3516 1158 3555 non
1188 3502 1358 3557 solum
1389 3506 1693 3574 pecuniam,
1727 3508 1822 3562 sed
1848 3516 1905 3562 et

327 3605 517 3651 omnes
545 3591 873 3646 substantias
916 3592 1175 3647 nominat.
1207 3594 1405 3664 Typice
1447 3605 1629 3651 autem
1675 3598 1763 3653 ille
1790 3600 1904 3653 veri

332 3680 636 3737 Salomonis
678 3681 872 3735 merito
903 3682 1076 3736 otlieio
1111 3683 1165 3755 in
1196 3685 1450 3750 urbibus,
1481 3693 1536 3739 et
1563 3686 1731 3752 vicis,
1765 3696 1820 3742 et
1849 3689 1903 3742 in

329 3771 567 3833 turribus
593 3770 895 3841 prtefertur,
925 3772 1015 3841 qui
1043 3771 1286 3827 Jonathm
1313 3775 1546 3835 nominis
1589 3777 1903 3848 dignitatem

329 3879 392 3928 ac
422 3863 590 3936 patris
618 3865 736 3934 ejus
774 3863 917 3923 Ozias
947 3866 1049 3923 ﬁde
1087 3876 1248 3936 atque
1286 3869 1537 3939 operibus
1581 3879 1782 3925 servat.
1814 3871 1902 3926 ln-

329 3960 660 4021 terpretatur
680 3952 826 4021 enim
854 3950 1113 4019 Jonathas
1144 3955 1240 4023 Dei
1277 3957 1491 4023 donum,
1526 3966 1580 4013 et
1604 3958 1762 4014 Ozias
1796 3959 1906 4029 for—

328 4043 497 4097 titudo
545 4042 777 4100 Domini.
830 4044 931 4111 Qui
967 4061 1096 4117 ergo
1147 4047 1240 4101 Dei
1293 4049 1434 4102 dono
1480 4051 1677 4121 accipit
1723 4051 1901 4105 lumen

329 4133 587 4199 scientiae,
613 4148 675 4205 ac
699 4134 1074 4191 rectitudinem
1100 4135 1221 4191 ﬁdei
1245 4136 1459 4193 fortiter
1479 4149 1659 4194 servat
1678 4142 1732 4200 in
1761 4142 1899 4197 bona

327 4224 660 4295 operatione,
698 4224 1060 4295 Eeclesiarum
1104 4228 1198 4283 Dei
1230 4245 1337 4285 non
1385 4231 1675 4302 incongrue
1716 4248 1905 4288 curam

328 4323 489 4383 atque
517 4316 815 4379 custodiam
845 4317 1062 4387 accipit.

2003 1861 2217 1927 sistunt,
2249 1863 2553 1935 signiﬁcant
2586 1874 2760 1922 cmtus
2790 1875 3122 1931 sanctorum,
3155 1867 3245 1936 qui
3277 1868 3573 1922 misericor-

2003 1953 2103 2009 dia:
2130 1963 2185 2008 et
2211 1955 2492 2009 charitatis
2520 1956 2696 2010 oleum
2730 1956 2782 2010 in
2812 1965 3053 2026 pauore,
3078 1965 3131 2011 et
3159 1957 3573 2012 mansuetudinis

2004 2052 2169 2113 atque
2200 2045 2522 2100 humilitatis
2556 2046 2893 2101 dulcedinem
2937 2047 3139 2101 habent
3176 2049 3228 2101 in
3260 2047 3569 2103 rnoralitate.

2004 2136 2133 2203 Quae
2172 2136 2400 2192 virtutes
2443 2138 2746 2193 consistunt
2792 2138 2844 2191 in
2888 2139 3300 2207 campestribus,
3354 2140 3475 2208 quia
3506 2126 3574 2193 in

2002 2225 2286 2299 propatulo
2324 2236 2380 2283 et
2407 2237 2604 2298 praesto
2634 2237 2760 2284 sunt
2786 2229 3059 2294 omnibus,
3089 2245 3190 2285 nec
3231 2245 3573 2300 personarum

2004 2308 2393 2387 acceptionem,
2426 2318 2518 2374 sed
2540 2319 2693 2373 bonae
2716 2318 3004 2374 voluntatis
3034 2320 3419 2375 rectitudinem
3442 2335 3578 2389 qua:-

2003 2398 2148 2463 runt.
2176 2409 2466 2479 Apothecae
2504 2418 2682 2463 autem
2709 2409 2811 2463 olei
2842 2410 3087 2465 eamdem
3124 2419 3352 2481 possunt
3381 2410 3577 2481 signiﬁ-

2004 2485 2271 2555 cationem
2301 2499 2406 2555 olei
2436 2500 2656 2565 habere,
2685 2515 2847 2569 quam
2889 2500 3040 2555 cellae
3060 2501 3301 2566 vinariae,
3333 2501 3427 2556 ubi
3469 2500 3576 2555 tru-

2004 2598 2124 2644 ctus
2152 2589 2485 2659 singularum
2512 2589 2773 2642 virtutum
2816 2588 3224 2660 recolligantur,
3271 2604 3371 2660 pro
3395 2589 3578 2660 quibus

2003 2690 2317 2747 operatores
2353 2694 2539 2735 eorum
2570 2679 2623 2733 in
2649 2676 2830 2733 futura
2869 2679 3028 2750 digne
3081 2681 3575 2735 remunerabuntur.

2003 2768 2157 2827 Unde
2187 2770 2240 2825 in
2276 2769 2567 2840 Evangelia
2594 2768 2855 2838 scriptum
2891 2776 2972 2823 est
3005 2786 3017 2822 ε
3049 2766 3152 2833 Qui
3178 2770 3358 2832 metit,
3395 2784 3579 2822 merce-

2003 2862 2121 2915 dem
2153 2860 2359 2931 accipit,
2391 2858 2438 2913 et
2464 2868 2741 2929 congregat
2771 2858 2999 2928 fructum
3040 2858 3093 2911 in
3136 2858 3291 2911 vitam
3334 2867 3576 2911 retentam

2005 2951 2024 3023 (
2049 2953 2211 3007 Joan.
2242 2952 2339 3024 tv).
2366 2950 2605 3005 Balanan
2636 2964 2786 3020 ergo,
2835 2950 2927 3029 qui
2975 2950 3369 3019 interpretatur
3396 2948 3582 3002 habens

2006 3046 2254 3116 gratiam,
2283 3059 2444 3113 super
2482 3042 2677 3098 oliveta
2728 3050 2784 3097 et
2824 3042 2982 3107 ﬁceta
3034 3041 3402 3103 constituitur,
3439 3038 3579 3110 quia,

2010 3136 2112 3190 nisi
2147 3150 2213 3189 ex
2259 3134 2354 3188 Dei
2380 3135 2540 3198 dono,
2583 3149 2742 3188 nemo
2788 3134 2952 3189 habet
2991 3133 3292 3188 ubertatem
3322 3132 3584 3186 bonarum

2011 3233 2250 3279 actuum.
2299 3224 2468 3280 Porro
2502 3222 2650 3290 Joas,
2699 3224 2789 3293 qui
2831 3225 3221 3294 interpretatur
3269 3238 3486 3293 sperans
3508 3219 3585 3276 vel

2008 3315 2219 3369 Domini
2264 3316 2441 3381 robur,
2479 3316 2766 3385 apothecas
2809 3315 2911 3370 olei
2948 3315 3202 3379 custodit,
3241 3314 3369 3389 quia
3412 3311 3587 3367 nullus

2008 3406 2285 3474 perveniet
2325 3407 2392 3459 ad
2421 3407 2725 3475 praemium,
2770 3406 2873 3460 nisi
2914 3405 3005 3477 qui
3054 3404 3220 3462 robur
3253 3404 3454 3463 mentis
3497 3415 3590 3472 spe

2014 3499 2117 3554 ﬁda
2143 3501 2311 3554 tendit
2332 3500 2397 3555 ad
2430 3499 2651 3554 cmleste
2674 3513 2916 3569 regnum.

2079 3589 2250 3649 Porro
2281 3592 2529 3644 armentis
2556 3607 2672 3661 qua:
2697 3590 3044 3659 pascebantur
3073 3587 3127 3642 in
3160 3586 3359 3651 Saron,
3390 3600 3590 3659 pra'po~

2006 3686 2137 3737 situs
2165 3684 2263 3753 [uit
2292 3681 2465 3737 Setrai
2494 3681 2784 3737 Saronites.
2816 3680 3196 3734 Armentorum
3220 3679 3443 3732 nomine
3472 3689 3589 3745 pos-‘

2007 3785 2132 3832 sunt
2156 3776 2392 3831 Judaica:
2414 3774 2598 3845 plebes
2628 3787 2918 3844 synagoga:
2944 3771 3235 3841 designari,
3265 3786 3390 3840 quae
3405 3769 3591 3840 jugum

2005 3868 2143 3937 legis
2168 3875 2404 3931 traxere,
2429 3875 2484 3920 et
2506 3865 2588 3919 lac
2614 3863 2871 3934 simplicis
2898 3863 3158 3917 doctrinm
3180 3862 3291 3915 suis
3324 3857 3593 3915 auditori-

2006 3959 2106 4014 bus
2132 3958 2429 4028 prarbuere.
2474 3956 2570 4010 His
2597 3955 2916 4026 praepositus
2955 3964 3009 4008 et
3048 3952 3259 4018 Setrai,
3299 3953 3396 4023 qui
3433 3952 3595 4006 inter-

2006 4059 2251 4120 pretatur
2276 4047 2555 4103 exauditor
2579 4063 2747 4109 meus,
2777 4043 2859 4099 vel
2884 4044 3156 4098 absconsio
3185 4058 3324 4108 mea,
3356 4043 3463 4096 hoc
3490 4046 3593 4103 est,

2007 4140 2391 4212 prophetarum
2422 4137 2670 4201 chorum,
2718 4134 2812 4205 qui
2858 4133 3072 4187 interno
3102 4132 3314 4195 auditu,
3339 4145 3443 4200 per
3476 4142 3595 4199 gra-

2008 4232 2136 4286 tiam
2188 4227 2420 4299 Spiritus
2475 4225 2647 4281 sancti
2698 4224 2987 4287 instruetu,
3034 4220 3352 4299 abscondita
3405 4233 3439 4272 a
3499 4230 3599 4271 sa:-

2009 4321 2142 4377 culis
2172 4296 2426 4390 mvsteria
2461 4316 2666 4387 tropico
2695 4329 2945 4370 sermone
2981 4327 3081 4391 per
3117 4296 3601 4372 Evan‘gelium're-

402 4403 559 4475 Operi
605 4416 780 4461 autem
831 4409 1024 4463 rustico
1071 4420 1120 4464 et
1170 4412 1414 4482 agricolis
1468 4415 1557 4484 qui
1602 4412 2235 4507 exercebantDvelanda
2266 4406 2591 4482 proferebat.

329 4505 555 4563 terram,
607 4509 829 4568 prazerat
884 4500 1013 4552 Ezri
1058 4500 1202 4569 ﬁlius
1255 4502 1484 4568 Chelub;
1538 4506 1905 4578 vinearumque

329 4585 613 4641 cultoribus
644 4585 875 4640 Semeias
918 4587 1258 4643 [lateat/tiles.
1296 4591 1452 4646 Cellis
1486 4604 1659 4648 autem
1689 4597 1906 4653 vinariis

330 4678 559 4745 Zabdias
606 4679 906 4749 Aphonites.
941 4679 1071 4745 Quis
1118 4682 1308 4738 melius
1351 4684 1598 4753 agricolae
1634 4696 1685 4741 et
1726 4689 1907 4742 vinea-

335 4787 452 4824 rum
478 4771 698 4834 cultoris
724 4788 1012 4841 personam
1043 4782 1238 4843 gestat,
1276 4790 1436 4843 quam
1478 4775 1566 4829 ille
1589 4777 1678 4845 qui
1708 4778 1904 4847 prmdi-

331 4864 535 4918 catoris
564 4879 627 4917 ac
658 4865 892 4918 doctoris
917 4865 1151 4920 oﬁieium
1183 4866 1235 4921 in
1267 4866 1503 4921 Ecclesia
1542 4869 1712 4939 gerit?
1756 4869 1908 4936 Quod

332 4954 636 5010 divinarum
665 4955 923 5009 librorum
954 4957 1162 5027 pagina:
1205 4957 1506 5013 manifestis
1542 4960 1755 5014 indiciis
1783 4977 1909 5030 pro-

331 5043 481 5099 bant.
513 5043 664 5099 Unde
694 5044 953 5099 Dominus
992 5061 1088 5114 per
1113 5047 1422 5114 parabolam
1472 5049 1765 5120 Evangelii,
1815 5065 1908 5105 ex-

332 5135 579 5205 stirpatis
601 5135 758 5190 malis
798 5135 1065 5206 agricolis,
1091 5137 1303 5192 vineam
1330 5156 1481 5194 suam
1514 5140 1633 5193 aliis
1656 5139 1909 5209 agricolis

333 5244 393 5284 se
440 5228 846 5284 commendasse
895 5241 1142 5298 testatur,
1185 5233 1275 5301 qui
1318 5233 1544 5288 reddant
1580 5234 1629 5287 ei
1670 5232 1908 5287 fructum

335 5321 671 5395 temporibus
719 5323 831 5378 suis
864 5324 883 5395 (
906 5323 1096 5387 Matth.
1146 5340 1234 5383 xxi
1266 5326 1305 5393 ).
1340 5324 1406 5377 Et
1432 5324 1483 5378 in
1512 5323 1614 5377 alia
1653 5323 1908 5394 parabole

335 5412 725 5480 paterfamilias
761 5414 986 5469 diversis
1042 5416 1188 5469 boris
1233 5415 1508 5484 operarios
1546 5413 1804 5467 conduxit
1855 5412 1908 5465 in

334 5506 547 5558 vineam
571 5522 724 5561 suam
748 5504 972 5576 (Matth.
999 5507 1112 5579 xx).
1151 5505 1311 5560 Vinea
1337 5506 1479 5559 enim
1506 5504 1718 5557 Domini
1750 5503 1910 5575 (Isaia

337 5595 588 5664 testante)
616 5597 800 5655 domus
839 5596 1009 5654 Israel
1042 5608 1138 5659 est,
1183 5607 1231 5649 et
1272 5596 1369 5663 viri
1409 5594 1444 5646 J
1450 5593 1555 5663 uda
1585 5610 1790 5663 germen
1826 5594 1916 5646 de-

339 5682 574 5736 lectabile
595 5687 707 5752 ejus
731 5686 874 5753 (lsa.
906 5687 981 5753 v).
1022 5685 1182 5739 Cella:
1220 5694 1398 5739 autem
1427 5684 1649 5737 vinariae
1669 5687 1912 5737 eamdem

2083 4500 2151 4554 Et
2193 4514 2348 4569 super
2377 4498 2525 4551 boves
2568 4496 2623 4551 in
2659 4495 2898 4561 vallibus,
2946 4492 3152 4564 Saphat
3192 4490 3339 4563 ﬁlius
3376 4483 3603 4543 AdilJn

2010 4592 2172 4647 boum
2227 4589 2441 4644 nomine
2479 4603 2711 4658 persona
2760 4588 3038 4642 doctorum
3068 4590 3246 4659 potest
3272 4581 3477 4651 accipi,
3515 4575 3604 4647 qui

2012 4681 2195 4738 colunt
2240 4680 2352 4734 suis
2377 4679 2636 4735 doctrinis
2663 4678 2822 4733 corda
2852 4676 3159 4740 humilium,
3202 4681 3256 4727 et
3282 4669 3606 4742 evangelica

2011 4788 2229 4827 vomere
2262 4780 2462 4826 terram
2501 4769 2757 4824 Ecclesia:
2805 4776 3042 4830 arantes,
3093 4765 3301 4819 fructus
3338 4764 3606 4817 virtutum

2014 4863 2318 4934 germinare
2377 4860 2599 4914 faciunt.
2652 4857 2893 4925 Quorum
2940 4855 3197 4926 magister
3240 4860 3295 4907 et
3351 4852 3611 4923 princeps

2017 4954 2219 5024 Saphat
2248 4953 2462 5017 dicitur,
2514 4951 2605 5020 qui
2634 4950 3019 5019 interpretatur
3049 4944 3341 5017 judicavit,
3378 4952 3439 4998 et
3468 4940 3611 4995 ﬁlius
3690 5021 3694 5025 ‘

2014 5052 2097 5098 est
2124 5042 2268 5107 Adil,
2301 5042 2404 5095 hoc
2429 5050 2530 5106 est,
2567 5040 2731 5108 patris
2754 5038 2958 5108 gratim,
2991 5033 3306 5108 signiﬁcans
3340 5029 3611 5101 apostoli—

2016 5156 2138 5194 cum
2166 5139 2432 5203 ordinem,
2475 5136 2568 5206 qui
2594 5133 2805 5189 caeteris
2851 5129 3159 5187 doctoribus
3192 5129 3307 5197 ipsa
3340 5125 3613 5187 electione

2018 5229 2228 5283 Domini
2274 5204 2584 5296 praeﬁcit—ur.
2619 5224 2823 5292 Quibus
2849 5231 2903 5276 et
2938 5204 3223 5291 iudiciaria
3254 5225 3511 5287 potestas
3548 5214 3614 5267 ab

2018 5320 2134 5389 ipsa
2160 5327 2378 5372 auctore
2407 5317 2647 5372 omnium
2690 5314 2951 5369 bonorum
2981 5310 3174 5365 collata
3216 5316 3326 5369 est,
3366 5307 3440 5360 ad
3478 5318 3611 5374 quos

2018 5411 2131 5477 ipsa
2168 5408 2381 5462 Veritas
2434 5408 2487 5460 in
2522 5404 2812 5474 Evangelia
2848 5403 2963 5455 ait:
3005 5398 3133 5463 Vos,
3160 5399 3248 5468 qui
3276 5395 3457 5449 seculi
3487 5393 3612 5447 estis

2017 5517 2115 5561 me,
2149 5500 2201 5551 in
2231 5498 2646 5568 regeneratione,
2683 5510 2800 5546 cum
2845 5490 3034 5545 sederit
3078 5487 3252 5542 Filius
3278 5485 3523 5538 hominis
3560 5483 3612 5532 in

2015 5590 2135 5644 sede
2165 5589 2453 5658 majestatis
2481 5604 2609 5650 sure,
2635 5583 2875 5638 sedebitis
2901 5590 2947 5634 et
2974 5597 3059 5633 vos
3083 5594 3234 5647 super
3263 5576 3451 5637 sedes,
3467 5570 3629 5643 judi-

2016 5693 2190 5737 cautcs
2220 5680 2491 5733 duodecim
2525 5676 2688 5730 tribus
2715 5672 2881 5727 Israel
2902 5671 3117 5742 (Matth.
3151 5665 3283 5738 an).
