3876 6136
276 325 380 383 405

1180 315 1535 373 COMMENT.
1577 314 1641 368 IN
1682 310 2237 368 PARALIPOMENA.
2278 341 2347 351 —-
2386 311 2514 366 LIB.
2552 308 2614 364 ll.

3437 316 3537 370 406

347 436 522 503 Super
541 429 763 484 camelos
788 445 906 483 vero
942 407 1434 493 Ubii-Ismahelites,
1475 437 1523 482 et
1562 443 1718 496 super
1742 427 1849 480 asi-
1875 425 1925 482 A
1950 439 2048 494 per
2075 423 2444 478 conversionis
2481 421 2856 478 rectitudinem
2905 423 3276 479 emcieban'tur
3322 431 3539 497 requies

280 541 370 579 nos
414 521 639 576 Jadaias
694 517 1090 572 Meronathites.
1141 517 1246 572 Per
1281 518 1518 573 camelos
1559 527 1614 570 et
1651 517 1852 582 asinos,

280 629 398 684 qua:
433 609 696 666 deformia
735 617 790 662 et
832 607 1108 662 immunda
1149 616 1276 662 sunt
1317 607 1587 671 animalia,
1629 614 1858 676 possunt

282 702 505 774 gentiles
531 698 760 769 exprimi
794 715 806 750 :
833 697 925 768 qui
953 697 1224 766 quondam
1266 696 1578 751 fortitudine
1608 705 1858 766 peceato-

281 809 400 848 rum
431 791 730 861 depravati,
773 804 885 843 sua:
921 797 1282 842 exercuerunt
1317 788 1708 842 immunditiam
1740 787 1858 841 libi-

282 884 441 946 dinis,
482 883 574 936 sed
603 882 657 936 in
679 880 1075 949 possessionem
1109 894 1174 934 ac
1208 895 1431 946 regnum
1472 880 1637 934 David
1687 880 1856 934 nostri

283 973 559 1028 venientes
589 979 915 1040 acceperunt
941 985 1102 1039 super
1138 984 1196 1024 se
1223 969 1509 1039 magistros
1536 969 1656 1023 Ubil
1682 978 1736 1023 et
1761 967 1853 1023 Ja-

283 1063 482 1126 daiam,
530 1061 622 1130 qui
673 1067 986 1129 spernentes
1023 1058 1412 1128 philosophiam
1459 1060 1754 1113 humanam
1804 1066 1860 1113 et

283 1155 498 1207 inanem
553 1151 818 1205 fallaciam
866 1151 1085 1215 mundi,
1142 1150 1414 1218 elegerunt
1463 1150 1855 1219 simplicitatem

285 1240 554 1310 Evangelii
576 1240 796 1304 Christi,
835 1255 939 1293 non
973 1255 1030 1294 se
1065 1254 1287 1309 magnos
1310 1241 1566 1294 aestimari
1595 1241 1852 1304 volentes,

286 1331 380 1384 sed
401 1329 628 1384 humiles
655 1338 710 1382 et
739 1329 1020 1398 despectos
1057 1327 1194 1398 (Col.
1237 1329 1319 1399 ιι).
1345 1329 1495 1396 Quod
1524 1345 1711 1385 eorum
1756 1347 1854 1386 no-

288 1419 430 1472 mina
467 1427 654 1488 aperte
689 1418 1084 1472 demonstrant.
1129 1417 1261 1471 Nam
1306 1417 1427 1472 Ubil
1475 1419 1859 1488 interpretatur

287 1508 475 1562 stultus
503 1508 586 1562 vel
615 1507 863 1577 insipiens
881 1547 896 1571 ,
935 1515 990 1562 et
1015 1506 1228 1562 Jadaias
1249 1509 1527 1562 dimidium
1555 1510 1674 1578 fuit.
1709 1511 1858 1565 Unde

289 1611 341 1653 et
366 1601 562 1654 Doctor
597 1600 835 1669 gentium
859 1600 1152 1655 Corinthiis
1188 1601 1414 1670 superbe
1451 1602 1517 1657 de
1541 1618 1599 1658 se
1627 1604 1860 1658 sentien-

291 1692 428 1745 tibus
452 1692 691 1746 scribens
728 1692 836 1745 ait:
882 1690 1056 1745 Videte
1085 1695 1221 1746 enim
1260 1694 1574 1748 vocationem
1611 1705 1856 1759 vestram,

1956 517 2070 570 Dei.
2105 515 2257 571 Unde
2280 516 2538 570 Dominus
2573 530 2667 583 per
2700 516 3018 584 prophetam
3045 516 3123 569 ait
3151 530 3165 569 :
3193 514 3362 586 Super
3385 536 3537 587 quem

1958 608 2237 677 requiescet
2264 606 2493 676 Spiritus
2522 621 2684 667 meus,
2717 605 2819 657 nisi
2856 621 3010 674 super
3038 604 3285 660 humilem
3316 617 3364 660 et
3393 610 3514 671 quie

1957 710 2086 766 tum,
2119 711 2166 753 et
2193 708 2493 753 trementem
2509 713 2768 750 sermones
2799 713 2935 749 meos
2955 697 2980 748 .’
3009 695 3164 767 (Isai.
3197 697 3536 766 1.xvt.)Quod

1957 800 2134 844 autem
2165 787 2531 858 subiungitur:
2553 785 2622 840 Hi
2647 796 2795 840 erant
2823 803 2939 839 cum
2970 786 3096 854 [iliis
3123 788 3280 856 regis,
3302 791 3539 842 ostendit

1957 879 2208 934 doctores
2243 885 2461 932 sanctos
2491 876 2725 930 ﬁdelium
2755 874 3032 937 custodes,
3061 875 3152 944 qui
3182 890 3338 930 sacro
3364 877 3509 947 hapti
3528 909 3542 918 -

1957 978 2130 1023 smate
2177 967 2480 1038 regenerati
2527 981 2624 1036 per
2669 964 2906 1036 Spiritus
2947 965 3120 1019 sancti
3165 967 3396 1035 gratiam
3437 967 3535 1022 Dei

1957 1073 2075 1113 esse
2101 1065 2432 1113 meruerunt.

2028 1147 2330 1218 Achitophel
2353 1148 2508 1201 etiam
2534 1143 2869 1200 consiliarius
2897 1147 3050 1216 regis.
3079 1146 3216 1214 Quid
3247 1162 3342 1216 per
3367 1147 3534 1202 Achi-

1959 1241 2158 1312 tophel,
2189 1241 2280 1310 qui
2328 1239 2598 1310 quondam
2628 1237 2795 1292 David
2831 1237 3171 1294 consiliarius
3197 1240 3314 1304 fuit,
3360 1251 3412 1295 et
3437 1257 3533 1310 po-

1959 1342 2094 1398 stea,
2130 1332 2425 1402 cupiditate
2471 1329 2814 1399 depravatus,
2862 1343 2985 1384 cum
3013 1330 3250 1384 Absalon
3289 1332 3355 1386 de
3405 1347 3536 1386 nece

1960 1426 2127 1495 ipsius
2151 1423 2440 1486 tractabat,
2489 1421 2590 1475 nisi
2615 1419 2780 1475 Judas
2807 1418 3080 1484 Scarioth,
3117 1421 3208 1489 qui
3235 1420 3300 1474 de
3327 1430 3536 1489 aposto-

1959 1515 2098 1569 latus
2136 1513 2372 1568 culmine
2420 1512 2473 1565 in
2523 1510 2840 1581 proditionis
2887 1509 3096 1564 foveam
3140 1509 3350 1575 cecidit,
3409 1511 3540 1564 insi-

1961 1605 2191 1661 nuatur?
2219 1603 2371 1671 Quod
2400 1604 2536 1658 bene
2566 1601 2887 1657 vocabulum
2905 1600 3225 1670 Achitophcl
3249 1601 3534 1670 exprimit;

1963 1698 2352 1766 interpretatur
2385 1693 2530 1748 enim
2561 1692 2727 1760 frater
2755 1707 2899 1745 meus
2921 1690 3134 1755 cadens,
3164 1691 3279 1745 sive
3305 1691 3536 1755 irruens,

291 1779 493 1847 fratres,
525 1781 649 1845 quia
693 1797 796 1833 non
829 1779 978 1833 multi
1022 1781 1276 1850 sapientes
1302 1783 1586 1836 secundum
1619 1799 1849 1850 carnem,
1881 1775 1928 1834 B
1955 1803 2050 1842 seu
2081 1794 2330 1840 tractans.
2367 1783 2464 1838 llic
2491 1783 2635 1838 enim
2666 1782 2807 1836 inter
2834 1787 3059 1836 caeteros
3089 1780 3360 1850 apostolos
3389 1781 3540 1836 fami-

291 1886 387 1922 non
416 1869 566 1923 multi
598 1879 844 1939 potentes,
875 1887 977 1924 non
1001 1871 1150 1926 multi
1192 1873 1408 1938 nobiles,
1439 1875 1529 1928 sed
1557 1892 1673 1944 qua'
1692 1876 1852 1930 stulta

289 1970 401 2013 sunt
432 1960 611 2012 mundi
641 1959 790 2029 elegit
821 1959 975 2021 Deus,
1008 1971 1060 2013 ut
1098 1962 1383 2030 confundat
1407 1963 1562 2032 fortia
1580 1981 1598 2027 ;
1635 1973 1683 2016 et
1706 1965 1854 2033 igno-

288 2050 407 2102 bilia
437 2051 637 2114 mundi,
660 2060 708 2102 et
737 2050 1134 2120 contemptibilia
1163 2051 1315 2122 elegit
1351 2053 1512 2117 Deus,
1538 2063 1586 2107 et
1609 2070 1726 2124 qua:
1752 2071 1853 2109 non

287 2150 422 2204 sunt,
453 2151 506 2193 ut
530 2157 590 2193 ea
612 2157 730 2210 qua:
753 2152 871 2194 sunt
895 2142 1179 2196 destrueret
1205 2157 1222 2194 :
1247 2153 1303 2196 ut
1335 2161 1440 2198 non
1467 2145 1718 2214 glorietur
1745 2163 1856 2198 om-

290 2232 364 2284 nis
413 2247 535 2284 caro
573 2232 628 2284 in
663 2241 932 2300 conspectu
979 2233 1093 2300 ejus
1142 2231 1216 2303 (I
1255 2232 1375 2287 Cor.
1425 2237 1508 2306 ι).
1567 2235 1632 2289 Ει
1681 2237 1851 2290 item:

291 2321 475 2385 Nemo,
520 2321 713 2391 inquit,
762 2339 816 2374 se
851 2322 1082 2375 seducat.
1117 2323 1179 2378 Si
1205 2326 1321 2392 quis
1365 2326 1567 2380 videtur
1595 2327 1730 2379 inter
1769 2344 1855 2380 vos

292 2415 492 2481 sapiens
516 2430 626 2466 esse
649 2415 702 2465 in
729 2414 824 2466 hoc
849 2414 1062 2479 swculo,
1087 2415 1276 2469 stultus
1303 2416 1417 2484 ﬁat,
1451 2426 1506 2470 ut
1534 2419 1600 2470 sit
1628 2419 1852 2487 sapiens.

292 2501 557 2569 Sapientia
592 2502 726 2555 enim
747 2503 904 2570 hujus
939 2504 1120 2556 mundi
1144 2504 1368 2558 stultitia
1393 2515 1466 2558 est
1493 2507 1631 2575 apud
1663 2507 1851 2560 Deum.

292 2591 551 2662 Scriptum
578 2604 651 2647 est
671 2594 806 2648 enim
831 2611 848 2648 :
880 2594 1320 2663 Comprehendam
1349 2599 1607 2667 sapientes
1637 2600 1690 2651 in
1717 2609 1858 2652 astu-

291 2683 358 2735 tia
379 2700 559 2736 eorum
582 2685 645 2754 (1
677 2683 797 2738 Cor.
832 2687 935 2754 In).
967 2686 1029 2739 Et
1059 2688 1252 2740 iterum
1279 2706 1291 2740 :
1333 2688 1582 2742 Dominus
1613 2692 1749 2744 novit
1776 2708 1857 2745 co-

290 2772 558 2840 gitationes
579 2776 912 2843 sapientium,
942 2779 1186 2846 quoniam
1215 2795 1364 2832 vana:
1382 2790 1502 2833 sunt
1527 2781 1671 2852 (Ibid
1697 2783 1736 2853 ).

357 2862 527 2932 Super
567 2882 681 2919 oves
707 2883 908 2936 quoque
931 2867 1087 2920 Jaziz
1125 2868 1376 2938 Agareus.
1414 2871 1605 2926 Ovium
1643 2877 1857 2933 nomine

289 2953 554 3022 simplices
574 2964 626 3008 et
649 2959 908 3012 mansueti
935 2958 1156 3030 intelligi
1181 2970 1424 3029 possunt.
1455 2963 1555 3030 Qui
1575 2965 1717 3019 enim
1748 2967 1855 3023 Do-

293 3042 544 3097 minicam
575 3047 897 3100 sententiam
934 3048 1142 3104 actibus
1173 3052 1534 3120 prosequitur,
1567 3070 1726 3123 quam
1755 3056 1858 3114 Do—

291 3131 465 3186 minus
513 3131 670 3188 Iesus
711 3135 765 3188 in
813 3136 1098 3206 Evangelio
1145 3117 1212 3190 ad
1247 3117 1534 3211 discipulos
1578 3117 1858 3213 proferens
1885 3117 1928 3179 Ο

289 3221 404 3274 ait:
446 3220 632 3276 Tollite
666 3227 855 3294 jugum
894 3243 1065 3282 meum
1103 3245 1259 3299 super
1296 3247 1402 3296 vos,
1437 3242 1484 3286 et
1510 3234 1692 3290 discite
1721 3255 1754 3291 a
1781 3255 1861 3294 me

289 3312 406 3381 quia
449 3313 591 3365 mitis
608 3331 724 3367 sum
744 3325 790 3368 et
820 3316 1030 3371 humilis
1059 3320 1234 3385 corde,
1261 3331 1307 3375 et
1330 3322 1596 3378 invenietis
1635 3329 1861 3395 requiem

290 3400 560 3454 animabus
593 3404 767 3457 vestris
795 3403 1020 3475 (Matth.
1046 3407 1144 3476 xl),
1175 3408 1261 3462 hic
1290 3410 1481 3465 merito
1504 3413 1620 3467 ovis
1649 3414 1859 3470 Domini

292 3501 643 3560 nuncupatur.
673 3493 779 3548 Sed
807 3497 996 3551 ovibus
1030 3498 1159 3551 Aziz
1188 3498 1430 3570 Agareus
1458 3511 1643 3571 pastor
1663 3506 1863 3560 consti-

290 3581 472 3646 tuitur,
521 3584 649 3652 quia
681 3585 769 3639 ille
797 3587 888 3656 qui
933 3595 1045 3642 tota
1096 3598 1276 3646 mente
1314 3599 1528 3662 totaque
1564 3595 1760 3654 virtute
1795 3598 1864 3650 ad

292 3669 498 3725 Domini
525 3675 806 3729 servitium
847 3691 907 3731 se
932 3679 1216 3744 convertit,
1255 3689 1310 3734 et
1335 3681 1403 3734 ad
1431 3681 1665 3738 futuram
1694 3685 1860 3739 vitam

291 3767 396 3814 tota
437 3763 732 3819 intentione
763 3767 1038 3832 anhelans,
1067 3768 1328 3824 advenam
1354 3786 1413 3826 se
1440 3777 1862 3844 et-peregrinum

292 3848 341 3901 in
368 3849 469 3904 hoc
495 3855 695 3908 mundo
723 3857 979 3924 agnoscit,
1013 3859 1124 3926 ipse
1148 3868 1294 3914 recte
1322 3876 1352 3914 a
1381 3862 1606 3917 Domino
1634 3865 1861 3920 auxilia-

292 3948 395 4004 tus,
419 3945 594 4012 gregis
620 3945 885 4001 Dominici
919 3949 1214 4002 custodiam
1240 3951 1398 4021 digne
1419 3951 1672 4020 explebit.

358 4035 626 4090 Jonathan
656 4048 854 4105 autem,
904 4051 1120 4110 patruus
1155 4042 1338 4105 David,
1385 4045 1740 4111 consiliarius,
1789 4049 1866 4102 vir

293 4124 515 4189 prudens
536 4134 582 4178 et
604 4125 882 4193 litteratus,
914 4129 1020 4198 ipse
1043 4139 1091 4182 et
1115 4131 1290 4186 Jahiel
1311 4131 1454 4200 [ilius
1479 4115 1785 4201 Achamoni,
1811 4138 1865 4190 hi

295 4222 436 4264 erant
459 4230 576 4266 cum
601 4215 728 4283 ﬁliis
773 4219 926 4287 regis.
959 4219 1095 4286 Quid
1117 4235 1214 4288 per
1243 4219 1538 4290 Jonathan,
1584 4226 1672 4294 qui
1701 4225 1866 4280 inter-

296 4313 533 4371 pretatur
583 4306 795 4361 Domini
843 4309 1079 4374 donum,
1126 4313 1210 4367 vel
1257 4314 1496 4368 columba
1543 4315 1704 4381 dedit,
1760 4317 1864 4370 nisi

297 4397 517 4463 apostoli
543 4405 599 4450 et
613 4399 904 4467 prophetae,
934 4401 1024 4468 qui
1048 4417 1113 4454 ex
1133 4404 1310 4470 priore
1333 4404 1524 4473 populo
1551 4421 1613 4460 ac
1639 4407 1865 4475 patriar-

297 4484 512 4538 charum
542 4487 710 4555 stirpe
742 4488 1146 4555 descenderant,
1188 4491 1521 4560 ﬁgurantur?
1550 4495 1613 4550 lli
1639 4464 1747 4552 non
1779 4516 1864 4554 so-
1895 4464 1942 4522 Ι)

297 4577 400 4631 lum
429 4579 607 4632 littera
640 4579 791 4650 legis,
833 4581 925 4634 sed
957 4581 1224 4650 spirituali
1255 4585 1540 4652 prudentia
1569 4588 1708 4642 dono
1741 4589 1864 4659 Spi—

297 4670 426 4724 ritus
459 4672 633 4740 sancti
672 4672 826 4741 plene
871 4673 1143 4736 instructi,
1194 4686 1524 4732 secretorum
1553 4681 1663 4734 veri
1700 4682 1864 4736 David

296 4760 490 4813 conscii
515 4775 636 4815 esse
668 4771 996 4816 meruerunt.
1028 4762 1179 4818 Unde
1211 4765 1321 4835 ipsa
1355 4768 1569 4824 Veritas
1596 4771 1647 4824 in
1691 4772 1864 4826 Evan-

295 4849 424 4915 gelio
445 4851 645 4906 eisdem
673 4853 927 4922 apostolis
947 4855 1019 4908 ait
1047 4874 1058 4908 :
1083 4857 1205 4910 1am
1237 4875 1336 4912 non
1364 4859 1535 4913 dicam
1565 4879 1647 4915 vos
1669 4881 1860 4927 servos,

295 4944 411 5009 quia
433 4961 612 4997 servus
643 4951 800 4998 nescit
831 4948 956 5015 quid
983 4947 1141 5014 faciat
1181 4949 1435 5004 Dominus
1459 4953 1594 5021 ejus.
1642 4952 1739 5008 Vos
1767 4973 1863 5008 au-

296 5041 390 5083 tem
419 5033 531 5086 dixi
555 5036 770 5097 amicos,
797 5038 919 5106 quia
944 5038 1116 5092 omnia
1146 5056 1465 5111 qutecunque
1488 5043 1666 5096 audivi
1695 5062 1726 5097 a
1752 5043 1862 5099 Pa-

295 5129 367 5173 tre
386 5138 522 5186 meo,
555 5134 678 5176 nota
708 5125 807 5193 feci
844 5127 983 5179 vobis
1012 5127 1189 5198 (Joan.
1219 5130 1329 5198 xv).

359 5209 496 5264 Hinc
523 5213 758 5266 sociatus
796 5215 847 5268 in
884 5219 1212 5272 consortium
1261 5221 1467 5275 consilii
1507 5221 1679 5276 Jshiel
1725 5223 1864 5277 ﬁlius

293 5296 601 5362 Achamoni,
641 5303 740 5356 hbe
779 5312 881 5368 est,
915 5305 985 5358 illi
1031 5307 1406 5375 praedicatores
1436 5310 1728 5381 Evangelii,
1769 5315 1859 5382 qui

295 5388 357 5441 de
382 5392 632 5458 gentibus
673 5395 740 5447 ad
770 5395 924 5449 ﬁdem
963 5410 1344 5453 convenerant.
1377 5401 1529 5467 Quod
1569 5403 1704 5458 bene
1745 5406 1858 5476 ipsa

297 5480 505 5533 nomina
559 5483 866 5551 exprimunt
903 5505 914 5538 :
950 5488 1073 5554 quia
1121 5488 1291 5543 Jahicl
1343 5491 1728 5561 interpretatur
1783 5513 1862 5548 re-

295 5569 428 5635 quies
453 5570 570 5636 Dci,
597 5581 650 5626 et
679 5574 968 5629 Aehamoui
1013 5578 1302 5644 spinarum.
1337 5581 1438 5646 Qui
1477 5599 1604 5651 ergo
1651 5583 1863 5639 fuerant

295 5663 602 5725 gentilitatis
629 5682 813 5718 errore
841 5677 891 5721 et
916 5669 1138 5723 suiuetis
1174 5671 1422 5726 vitiorum
1455 5676 1756 5742 asperrimi,
1806 5679 1858 5734 hi

1955 1881 2207 1936 liaritatis
2231 1879 2406 1934 locum
2465 1893 2587 1933 cum
2645 1875 2761 1945 ipso
2817 1872 3096 1928 Salvatore
3156 1873 3384 1939 habuit;
3445 1874 3538 1927 sed

1955 1981 2137 2042 postea
2181 1986 2302 2026 cum
2352 1967 2549 2023 Iudaeis
2586 1965 2814 2022 avaritia
2845 1965 3115 2029 seductus,
3157 1970 3382 2018 mortem
3431 1964 3538 2019 Do-

1957 2063 2086 2118 mini
2140 2060 2469 2123 meditando,
2501 2065 2758 2128 perpetuo
2809 2055 3001 2110 mortis
3043 2055 3146 2110 sibi
3193 2055 3406 2108 ruinam
3453 2070 3540 2110 as-

1956 2152 2102 2206 civit.
2138 2151 2290 2205 Unde
2319 2158 2372 2204 et
2403 2145 2725 2215 Achitophel
2751 2144 2920 2216 (sicut
2944 2144 2998 2198 in
3025 2143 3162 2198 libro
3184 2142 3389 2212 Regum
3413 2159 3536 2196 nar-

1957 2253 2108 2297 ratur
2131 2241 2227 2313 [11
2255 2240 2382 2310 Reg.
2414 2237 2570 2310 xvu])
2595 2239 2782 2293 videns
2809 2250 2967 2290 suum
2991 2234 3272 2288 consilium
3301 2231 3536 2287 infatua-

1959 2344 2088 2396 tum,
2126 2333 2176 2386 in
2208 2334 2366 2387 domo
2395 2331 2613 2400 propria
2643 2329 2836 2398 laqueo
2871 2327 3040 2381 vitam
3067 2325 3222 2380 ﬁnire
3249 2325 3430 2396 elegit.
3458 2325 3538 2380 Si-

1958 2425 2155 2480 militer
2187 2434 2241 2478 et
2287 2423 2470 2489 Iudas,
2513 2422 2802 2493 Evangelio
2853 2429 3104 2485 testante,
3159 2419 3350 2473 videns
3396 2419 3537 2486 quod

1955 2515 2111 2569 Jcsus
2136 2515 2202 2568 ad
2228 2524 2452 2568 mortem
2478 2514 2762 2568 damnatus
2807 2519 2970 2572 esset,
3002 2510 3320 2579 paenitentia
3350 2510 3542 2564 ductus

1958 2607 2142 2662 retulit
2175 2606 2389 2676 triginta
2419 2614 2705 2676 argenteos
2749 2602 3084 2674 principibus
3122 2601 3460 2657 sacerdotum
3487 2609 3543 2654 et

1959 2697 2287 2761 senioribus,
2327 2695 2510 2750 dicens
2541 2713 2554 2748 :
2584 2693 2804 2748 Peccavi
2847 2692 3056 2747 tradens
3101 2692 3406 2762 sanguinem
3422 2690 3544 2760 jus-

1958 2797 2088 2839 tum.
2131 2786 2196 2838 At
2223 2785 2301 2838 illi
2343 2785 2636 2838 dixerunt:
2679 2783 2818 2848 Quid
2857 2782 2926 2835 ad
2953 2781 3090 2836 nos?
3133 2790 3189 2834 tu
3229 2781 3440 2836 videris.
3474 2779 3542 2834 Et

1957 2875 2199 2945 projectis
2227 2875 2482 2944 argenteis
2510 2874 2564 2927 in
2595 2871 2782 2942 templo
2820 2871 3048 2936 recessit,
3080 2879 3128 2925 et
3154 2871 3332 2924 abiens
3359 2870 3543 2940 laqueo

1958 2981 2011 3018 se
2037 2964 2302 3034 suspendit
2348 2962 2584 3034 (Matth.
2614 2961 2806 3033 xxvu).
2846 2960 3080 3018 Possunt
3111 2976 3219 3017 non
3251 2961 3544 3031 incongrue

1959 3069 2057 3124 per
2078 3053 2396 3122 Achitophel
2421 3053 2522 3123 ipsi
2551 3050 2719 3108 Iudici
2747 3051 2990 3123 intelligi,
3027 3052 3119 3122 qui
3159 3059 3374 3123 patrum
3403 3066 3544 3121 pra:-

1964 3144 2203 3211 rogativa
2255 3143 2542 3213 aliquando
2589 3149 2746 3197 erant
2795 3141 3102 3198 charissimi
3139 3141 3318 3214 (Rom.
3353 3139 3452 3213 ix),
3482 3155 3546 3196 ac

1963 3232 2319 3288 collocutione
2388 3232 2481 3286 Dei
2533 3231 2854 3297 clarissimi;
2909 3232 3003 3286 sed
3055 3230 3428 3286 incarnatione
3479 3245 3544 3285 ac

1960 3323 2210 3391 passione
2255 3321 2634 3386 scandalizati,
2675 3319 2858 3376 hostes
2905 3318 3081 3376 effecti
3128 3327 3254 3376 sunt
3288 3319 3545 3374 crudelis-

1962 3413 2126 3468 simi:
2176 3413 2315 3467 unde
2369 3411 2690 3482 condignam
2729 3424 2944 3481 pcenam
2985 3410 3202 3465 meritis
3251 3410 3363 3465 suis
3409 3410 3549 3465 reci-

1961 3505 2173 3572 pientes
2216 3519 2313 3573 per
2355 3505 2626 3559 Romanos
2678 3505 2950 3574 principes
2993 3504 3048 3560 in
3092 3505 3252 3561 domo
3299 3505 3542 3574 propria,

1963 3599 2066 3653 hoc
2091 3606 2190 3661 est,
2220 3598 2276 3652 in
2299 3595 2600 3652 Jerusalem
2636 3597 2810 3652 necati
2835 3605 2978 3652 sunt.

2036 3689 2102 3743 Et
2129 3688 2325 3744 Chusai
2345 3689 2617 3743 Arachites
2658 3690 2858 3744 amicus
2888 3689 3042 3759 regis.
3087 3689 3304 3753 Chusai,
3337 3689 3428 3756 qui
3462 3688 3543 3741 in-

1965 3788 2292 3849 terpretatur
2317 3779 2584 3848 ZEthiops,
2616 3789 2671 3835 et
2700 3779 2864 3834 David
2894 3780 2947 3834 in
2969 3779 3219 3834 omnibus
3245 3778 3546 3846 permansit

1961 3870 2156 3935 ﬁdelis,
2207 3871 2447 3940 gentium
2493 3869 2746 3939 p0pulum
2785 3869 3071 3941 signiﬁcat,
3119 3869 3210 3938 qui
3255 3878 3541 3938 postquam

1964 3961 2032 4015 ad
2075 3959 2233 4015 ﬁdem
2265 3960 2433 4024 venit,
2463 3975 2631 4028 usque
2667 3961 2719 4014 in
2759 3961 2917 4014 ﬁnem
2960 3960 3130 4015 ﬁdelis
3157 3961 3539 4030 perseveravit.

1965 4053 2117 4108 Unde
2159 4053 2226 4108 de
2266 4063 2496 4121 utroque
2531 4052 2724 4122 populo
2753 4052 3167 4121 disiunctionem
3209 4052 3414 4108 faciens
3441 4052 3545 4106 Do—

1963 4145 2142 4199 minus
2171 4160 2269 4214 per
2296 4143 2634 4199 Psalmistam
2665 4143 2779 4198 ait:
2815 4140 3070 4214 Populus,
3111 4162 3262 4214 quem
3312 4161 3415 4199 non
3462 4159 3547 4196 co-

1963 4235 2134 4305 gnovi,
2167 4234 2370 4287 servivit
2418 4233 2546 4286 mihi
2581 4247 2599 4285 :
2632 4233 2696 4287 ab
2721 4233 2906 4286 auditu
2945 4235 3091 4288 auris
3134 4235 3354 4288 obedivit
3394 4235 3543 4287 mihi.

1965 4323 2094 4377 Filii
2120 4323 2278 4377 alieni
2320 4323 2521 4376 mentiti
2568 4332 2686 4376 sunt
2728 4323 2875 4387 mihi,
2908 4323 3007 4390 ﬁlii
3037 4323 3194 4377 alieni
3231 4323 3543 4376 inveterave-

1971 4423 2089 4468 runt
2119 4423 2166 4467 et
2189 4413 2609 4467 claudicaverunt
2633 4431 2664 4466 a
2693 4413 2888 4466 semitis
2920 4412 3026 4466 suis
3054 4411 3224 4483 (Psal.
3263 4411 3419 4482 xvn).

2043 4505 2165 4558 Post
2193 4503 2494 4574 Achitophel
2517 4504 2848 4559 consiliarius
2883 4505 2978 4575 fuit
3003 4504 3218 4569 Joiada,
3259 4504 3400 4573 ﬁlius
3434 4503 3543 4557 Ba-

1968 4597 2104 4650 naia:
2133 4606 2179 4649 et
2207 4595 2481 4650 Abiathar.
2529 4595 2681 4662 Quod
2723 4597 2774 4650 in
2805 4596 2978 4651 locum
3013 4595 3330 4665 Achitophcl
3357 4594 3545 4649 Joiada

1967 4687 2332 4751 substituitur,
2383 4686 2651 4756 signiﬁcat
2693 4686 2836 4755 quod
2887 4685 3021 4740 Juda
3068 4686 3452 4756 prmvaricante
3481 4700 3544 4737 ac

1966 4778 2244 4832 decidente
2284 4775 2350 4830 de
2390 4775 2712 4844 apostolatu,
2758 4791 2863 4828 non
2911 4775 3168 4829 remansit
3197 4762 3545 4827 dixodeeimus

1965 4871 2113 4924 locus
2153 4881 2379 4931 vacuus,
2427 4866 2520 4921 sed
2562 4865 2615 4919 in
2666 4865 2838 4920 locum
2881 4865 3328 4936 praevaricatoris,
3385 4863 3546 4918 Petro

1967 4959 2284 5026 exterisque
2330 4955 2586 5027 apostolis
2626 4956 3020 5022 ordiuautibus,
3057 4956 3315 5010 successit
3349 4970 3544 5025 cogno«

1968 5065 2123 5104 seens
2167 5048 2398 5117 gratiam
2445 5048 2536 5102 Dei
2584 5047 2834 5103 Matthias
2879 5048 3098 5102 humilis
3145 5056 3308 5116 atque
3353 5046 3542 5108 ﬁdelis,

1967 5144 2057 5211 qui
2080 5143 2330 5212 gratiam,
2355 5157 2515 5210 quam
2543 5142 2683 5196 dono
2708 5140 2799 5194 Dei
2830 5139 3087 5209 percepit,
3130 5138 3407 5192 humiliter
3432 5152 3544 5190 ser-

1971 5233 2133 5285 vavit.
2166 5232 2317 5297 Quod
2356 5231 2491 5286 bene
2520 5231 2631 5300 ipsa
2659 5230 2874 5284 nomina
2900 5228 3102 5285 Joiadm
3134 5235 3188 5281 ct
3217 5228 3428 5280 Danaize
3449 5241 3542 5278 sua

1970 5321 2410 5388 interpretatione
2437 5320 2743 5376 ostendunt.
2761 5319 3146 5388 Interpretatur
3177 5319 3319 5372 enim
3357 5315 3543 5368 Joiada

1968 5411 2154 5472 sciens,
2176 5409 2257 5462 vel
2299 5426 2630 5479 cognoscens,
2656 5418 2712 5463 et
2749 5408 2946 5463 Daunia
2997 5409 3286 5475 a'di/icator
3312 5403 3540 5458 Domini.

2041 5501 2207 5564 Quem
2239 5503 2380 5557 enim
2409 5501 2580 5570 gratia
2633 5501 2722 5554 Dei
2753 5501 2805 5554 in
2855 5499 3211 5569 apostolatum
3251 5493 3544 5564 praeelegit,

1972 5589 2110 5643 hunc
2153 5591 2353 5660 agnitio
2395 5607 2537 5644 same
2579 5589 2697 5643 ﬁdei
2748 5590 2798 5648 in
2840 5590 2952 5658 ipsa
2983 5587 3242 5656 dignitate
3280 5585 3546 5640 servando

1970 5680 2335 5734 con-solidavit.
2364 5681 2512 5750 Quod
2540 5681 2876 5752 subiungitur
2900 5695 2912 5731 :
2943 5678 3009 5732 ιιι
3033 5677 3306 5744 noiathar,
3331 5679 3548 5735 demou-
