3876 6136
340 323 444 379 4οἹ

978 319 1039 372 Β.
1083 317 1333 372 RABANI
1374 316 1587 370 MAURI
1625 313 1941 369 ARCHIEP.
1992 310 2300 371 MOGUNT.
2343 309 2625 366 OPERUM
2662 308 2840 363 PARS
2878 309 2916 363 I.

3479 310 3579 368 408

343 442 477 490 ειτειι
525 431 877 488 historialitcr
918 430 1091 499 ipsum
1120 429 1379 483 Abiathar
1408 427 1571 481 lilium
1602 425 1910 479 Abimelech
1942 429 1990 485 Α
2017 425 2158 479 dicta
2187 440 2281 479 seu
2310 424 2452 478 facta
2483 423 2709 493 mystica
2750 432 2861 476 tam
2888 422 3054 491 ipsius
3081 437 3239 491 quam
3269 432 3583 479 exterarum

345 522 614 595 pontificis
646 521 979 575 sacerdotem
1016 534 1134 573 esse
1162 519 1227 572 ad
1262 526 1470 585 tempus
1494 518 1638 569 inter
1672 516 1922 569 consilia-

348 614 458 668 rios
488 611 684 674 David;
712 610 805 664 sed
834 608 959 677 quia
996 608 1050 661 in
1076 606 1341 661 electione
1367 606 1609 669 Adonim,
1637 620 1797 673 quem
1833 620 1925 657 vo-

349 704 446 757 luit
472 699 629 757 simul
654 715 775 753 cum
803 697 939 753 Joab
982 713 1079 767 pro
1120 697 1405 751 Salomone
1447 696 1562 751 lieri
1595 711 1797 765 regem,
1827 696 1922 751 de-

346 794 529 855 viavit,
562 790 829 861 signiﬁcat
857 803 953 846 eos
986 789 1077 857 qui
1124 789 1178 842 in
1222 788 1460 842 Ecclesia
1482 788 1725 842 ordinem
1767 802 1922 841 suum

349 900 413 938 ac
439 882 688 953 gratiam,
719 895 878 949 quam
911 878 1095 933 divino
1122 894 1343 934 munere
1385 887 1758 948 perceperunt,
1801 892 1925 946 pro—

350 973 838 1045 pter-cupiditatem
870 982 1139 1027 terrenam
1166 986 1271 1025 non
1306 980 1647 1027 conservant.
1684 969 1750 1023 Hi
1782 970 1924 1024 enim

349 1078 445 1132 per
469 1061 581 1114 veri
610 1058 913 1114 Salomonis
941 1059 1286 1122 sententiam,
1334 1059 1380 1112 si
1423 1059 1477 1114 in
1510 1072 1731 1114 carcere
1753 1058 1925 1126 paeni-

351 1153 533 1208 tentiae
551 1152 705 1222 juxta
734 1164 939 1205 morem
966 1148 1247 1218 Acbitopel
1274 1162 1594 1217 permanere
1632 1147 1920 1209 noluerint,

351 1259 506 1313 paena
535 1241 806 1313 plectendi
831 1248 957 1296 sunt
981 1249 1265 1311 perpetua.

425 1335 675 1404 Princeps
722 1343 894 1388 autem
933 1334 1190 1387 exercitus
1242 1333 1375 1402 regis
1422 1342 1533 1386 erat
1569 1331 1726 1389 Ioab.
1767 1330 1922 1394 Joab,

355 1426 438 1479 vir
459 1422 901 1482 bellicosissimus
942 1430 997 1477 et
1042 1422 1096 1478 in
1135 1431 1255 1477 actu
1292 1422 1511 1477 miiitari
1556 1422 1927 1478 strenuosissi-

354 1530 494 1578 mus,
518 1515 571 1569 in
593 1516 695 1575 hoc
720 1514 836 1570 loco
856 1523 1033 1583 potest
1053 1514 1356 1585 signiﬁcare
1381 1531 1474 1571 eos
1496 1516 1590 1584 qui
1613 1514 1927 1583 perfectioni

356 1606 615 1658 virtutum
663 1604 960 1667 studentes,
991 1604 1299 1658 universam
1337 1604 1631 1672 nequitiam
1668 1611 1781 1659 toto
1808 1604 1928 1658 nisu

357 1701 767 1762 persequuntur.
795 1692 1180 1762 Interpretatur
1216 1694 1359 1749 enim
1394 1693 1529 1749 Joab
1554 1694 1818 1759 inimicus,
1843 1696 1926 1749 vel

359 1784 493 1836 idem
533 1792 699 1852 pater.
742 1783 820 1841 Ex
860 1799 1087 1853 quorum
1133 1798 1359 1853 persona
1406 1785 1542 1839 idem
1590 1787 1850 1855 propheta
1878 1765 2005 1842 inB

359 1874 622 1928 I’saltcrio
649 1873 713 1928 ad
750 1874 1036 1929 Dominum
1074 1874 1149 1927 ait
1178 1892 1190 1927 :
1222 1874 1302 1927 Ad
1338 1875 1510 1929 omnia
1554 1877 1802 1931 mandata
1837 1892 1933 1936 tua

361 1963 624 2031 dirigebar
652 1976 672 2015 .·
699 1979 899 2017 omnem
942 1964 1077 2027 viam
1122 1963 1351 2033 iniquam
1401 1963 1520 2017 odio
1558 1964 1715 2017 habui
1761 1963 1930 2036 (Psal.

360 2050 572 2121 CXVIII).
603 2050 755 2105 llunc
779 2050 954 2104 locum
982 2051 1256 2120 dignitatis
1296 2051 1521 2120 apostoli
1558 2050 1753 2107 Christi
1781 2053 1937 2123 plene

365 2140 565 2211 habere
600 2141 908 2202 creduntur,
940 2141 1030 2210 qui
1069 2142 1138 2195 ab
1165 2142 1281 2211 ipso
1308 2142 1532 2196 Domino
1568 2143 1620 2197 in
1650 2143 1937 2213 Evangelio

364 2233 555 2301 audire
583 2240 914 2288 meruean
944 2232 1123 2287 Estote
1147 2233 1379 2302 perfecti,
1419 2235 1552 2289 sicut
1586 2243 1634 2288 et
1669 2233 1828 2289 Pater
1852 2254 1935 2291 ve-

361 2336 468 2381 ster
505 2324 719 2381 caelestis
755 2325 1013 2396 perfectus
1035 2336 1109 2380 est
1138 2326 1353 2398 (Matth.
1386 2328 1461 2398 v).
1496 2328 1561 2383 Et
1584 2330 1711 2385 item
1742 2332 1935 2398 :Erce,

363 2417 557 2487 inquit,
587 2416 653 2470 do
676 2416 815 2471 vobis
845 2426 1149 2485 potestatem
1173 2433 1328 2487 super
1349 2428 1607 2487 serpentes
1630 2431 1675 2474 et
1704 2424 1933 2492 scorpio-

367 2524 480 2573 nes,
530 2516 577 2560 et
613 2522 770 2575 super
797 2522 1000 2560 omnem
1040 2508 1277 2560 virtutem
1309 2508 1507 2562 inimici
1550 2509 1698 2578 (Luc.
1732 2511 1808 2583 x).
1837 2513 1940 2579 Qui

367 2595 512 2648 enim
539 2594 593 2647 in
618 2593 879 2675 exercitio
904 2594 1160 2647 virtutum
1183 2602 1306 2649 sunt
1331 2595 1726 2665 perfectissimi,
1752 2602 1940 2657 merito

366 2683 578 2739 caeteris
622 2682 867 2747 fidelibus
908 2683 963 2738 in
1014 2683 1277 2754 dignitate
1324 2693 1640 2755 praestantes
1683 2699 1942 2757 apparent

368 2774 763 2847 gloriosissimi.

898 2844 1124 2902 CAPUT
1165 2845 1397 2902 XXVIII.

377 2935 547 2990 Verba
591 2934 867 3006 novissima
899 2935 1067 2990 David
1085 2977 1100 3000 ,
1138 2937 1322 3006 quibus
1355 2939 1669 2992 commonuit
1698 2936 1940 2995 Salomo—

438 3022 552 3079 nem
580 3002 934 3079 ﬁlium_suum
961 3016 1025 3079 _et
1065 3002 1359 3079 universum
1402 3006 1573 3061 Israel
1603 3009 1667 3061 de
1707 3010 1940 3079 adiﬁca-

436 3077 575 3133 tione
597 3074 793 3144 templi,
815 3084 864 3128 et
884 3074 1094 3129 cultura
1117 3074 1234 3129 Dei.

436 3164 777 3235 Congregavit
818 3180 940 3235 ergo
982 3163 1149 3218 David
1186 3180 1361 3219 omnes
1394 3168 1651 3237 principes
1677 3168 1863 3236 Israel,
1890 3181 1937 3225 et

369 3257 524 3312 duces
550 3257 797 3329 tribuum,
834 3265 881 3309 et
907 3256 1209 3326 prwpositos
1230 3265 1542 3324 turmarum,
1563 3260 1652 3330 qui
1676 3262 1941 3317 ministra-

370 3349 495 3401 bant
521 3348 628 3417 regi
640 3346 923 3411 stribunos
962 3345 1164 3417 quoque
1204 3357 1252 3401 et
1302 3350 1648 3415 centuriones,
1681 3352 1771 3421 qui
1808 3369 1941 3422 prte-

369 3447 521 3494 erant
543 3438 851 3491 substantia:
869 3446 933 3491 et
943 3439 1350 3508 possessionibus
1374 3442 1540 3512 regis;
1561 3441 1801 3513 ﬁliosque
1824 3460 1941 3498 cum

370 3530 640 3593 eunuchis,
668 3539 717 3584 et
739 3539 969 3599 potentes
991 3539 1039 3584 et
1063 3530 1445 3587 robustissimos
1466 3548 1692 3603 quosque
1713 3535 1768 3587 in
1798 3551 1945 3588 exer-

372 3620 479 3674 citu
503 3617 821 3683 Jerusalem,
844 3626 898 3673 et
927 3627 1142 3673 cratera.
1173 3617 1347 3685 Qumri
1369 3628 1545 3690 potest
1565 3624 1830 3690 quomodo
1856 3625 1943 3679 hic

372 3707 604 3764 eunuchi
632 3708 699 3762 ad
730 3716 838 3761 tam
865 3708 1068 3779 grande
1101 3707 1387 3762 concilium
1412 3710 1588 3764 vocati
1615 3724 1735 3765 esse
1764 3712 1944 3766 dican-

375 3808 483 3862 tur,
512 3813 632 3853 cum
654 3798 788 3869 legis
814 3797 1107 3852 auctoritas
1123 3798 1405 3868 prohibeat
1428 3797 1702 3854 Israelitas
1739 3801 1943 3856 abscidi

375 3907 439 3947 ac
470 3891 645 3960 aliqua
673 3890 940 3945 inustionc
969 3890 1167 3953 notari,
1212 3897 1265 3943 et
1298 3891 1609 3960 alienigenae
1645 3908 1751 3947 non
1790 3892 1945 3948 facile

376 3983 584 4054 pessint
632 3984 699 4037 ad
748 3990 856 4037 tam
908 3991 1174 4037 secretum
1221 3990 1275 4037 et
1332 3984 1615 4037 honestum
1665 3985 1944 4040 consilium

378 4073 624 4128 admitti?
652 4072 803 4146 Unde
823 4073 1007 4128 dicunt
1036 4071 1242 4127 Hebraei
1275 4075 1326 4127 in
1350 4075 1455 4128 hoc
1482 4074 1599 4129 loco
1620 4076 1737 4130 illos
1762 4079 1947 4133 vocari

377 4167 671 4230 eunuchos,
719 4164 810 4235 qui
854 4167 922 4220 ab
975 4166 1223 4220 omnibus
1270 4168 1479 4222 actibus
1536 4168 1715 4222 sesculi
1762 4169 1944 4234 alieni,

376 4256 607 4311 orationi
645 4265 849 4309 tantum
893 4265 947 4310 et
989 4256 1202 4311 lectioni
1248 4257 1531 4314 vacabant.
1563 4267 1721 4325 atque
1753 4275 1948 4315 uxores

376 4363 482 4402 non
530 4363 691 4402 causa
739 4347 993 4413 libidinis,
1038 4348 1129 4401 sed
1177 4348 1527 4417 suscipienda!
1570 4350 1735 4418 prolis
1774 4350 1946 4419 gratia

378 4439 667 4504 habebant,
718 4454 852 4507 quos
895 4436 1156 4508 Iosephus
1199 4454 1384 4492 eorum
1442 4440 1749 4505 historicus,
1792 4442 1945 4509 juxta
1971 4459 2024 4518 D

377 4543 568 4582 nomen
599 4528 833 4597 ipsorum
862 4529 1103 4591 haeresis,
1137 4529 1369 4582 Essenos
1399 4538 1575 4583 vocat.

447 4618 596 4670 Dedit
620 4626 793 4668 autem
818 4615 984 4667 David
1009 4616 1278 4669 Salomoni
1300 4618 1409 4683 ﬁlio
1436 4635 1529 4669 suo
1551 4619 1945 4688 descriptionem

374 4709 603 4778 porticus
624 4717 676 4792 et
704 4706 898 4773 templi,
943 4714 988 4758 ct
1033 4705 1383 4770 cellariorum,
1416 4718 1463 4761 et
1501 4710 1851 4763 cubiculorum
1894 4714 1946 4765 in

374 4799 567 4869 adytis.
614 4805 660 4850 et
702 4796 885 4849 domus
915 4796 1330 4865 propitiationis,
1369 4814 1565 4852 necnon
1603 4808 1651 4851 et
1690 4802 1938 4864 omnium,

376 4906 489 4955 quae
517 4892 849 4958 cogitaverat,
879 4888 1131 4940 atriorunt
1154 4898 1200 4939 et
1223 4889 1532 4943 eredrarurn
1552 4907 1642 4959 per
1669 4891 1940 4943 circuitum

368 4983 429 5039 in
452 4981 719 5031 thesauros
741 4979 924 5031 domus
943 4978 1173 5040 Domini,
1190 4989 1234 5030 et
1257 4980 1308 5031 in
1334 4981 1601 5033 thesauros
1622 4991 1939 5046 sanctorum,

379 5068 785 5137 dieisionumque
808 5067 1209 5120 sacerdotalium
1236 5078 1280 5120 et
1308 5069 1670 5134 Levitlcarmn,
1694 5072 1745 5123 in
1770 5074 1941 5124 munia

376 5175 531 5228 opera
582 5159 765 5212 domus
808 5158 1049 5226 Domini,
1099 5169 1146 5210 et
1202 5161 1439 5213 universa
1488 5178 1609 5214 vasa
1674 5164 1945 5214 ministerii

377 5249 549 5318 templi
593 5250 821 5315 Domini,
850 5267 1037 5303 aurum
1074 5253 1129 5304 in
1152 5253 1375 5319 pondere
1400 5255 1466 5305 ad
1506 5270 1625 5305 rasa
1654 5254 1943 5313 ministerii,

376 5342 577 5413 argenti
595 5360 795 5413 quoque
813 5344 1012 5412 pondus
1036 5360 1126 5413 pro
1153 5361 1393 5396 vasorum
1417 5362 1477 5396 ac
1498 5362 1706 5413 operum
1741 5346 1948 5397 diremi-

378 5449 503 5504 tate,
540 5448 593 5491 ct
629 5449 839 5492 cmtera.
868 5438 1004 5504 Quid
1032 5447 1113 5491 est
1152 5438 1292 5506 quod
1343 5439 1506 5491 David
1537 5438 1805 5489 Salomoni
1842 5440 1948 5490 tilio

379 5544 474 5581 suo
518 5528 927 5598 descriptionem
963 5527 1125 5580 totius
1171 5528 1358 5581 domus
1406 5528 1518 5589 Dei,
1560 5543 1678 5595 qua:
1723 5525 1789 5577 ab
1834 5525 1949 5592 ipso

378 5623 684 5675 auiiﬁeauda
715 5630 851 5684 erat,
891 5620 1053 5681 dedit,
1099 5626 1151 5672 et
1181 5627 1421 5685 sumptus
1453 5619 1516 5669 ad
1550 5619 1645 5669 hoc
1676 5617 1950 5668 iudicis-ws

381 5711 638 5773 rxhilmit,
689 5711 790 5764 n‘si
819 5709 959 5779 quod
1003 5709 1191 5778 psalmi
1239 5709 1403 5776 ipsius
1440 5708 1625 5769 D.t\i'I,
1660 5722 1864 5757 nomen
1899 5716 1949 5757 rt.

2024 523 2257 585 patrum,
2287 515 2377 570 aui
2408 516 2507 569 sub
2535 515 2710 573 Veteri
2744 513 3087 569 Testamento
3128 512 3366 577 fuerunt,
3406 514 3588 585 ﬁguris

2024 613 2184 674 atque
2211 605 2583 673 aenigmatibus
2616 611 3031 672 praemonstrant
3057 604 3306 660 universa
3335 620 3455 674 quae
3492 605 3592 677 Pa-

2024 697 2209 751 ciﬁcas
2232 706 2418 750 noster
2447 696 2754 751 incarnatus
2782 694 2835 748 in
2865 692 3103 748 Ecclesia
3126 709 3225 750 sua
3245 696 3593 763 spiritualiter

2023 788 2387 842 labricaturus
2405 787 2556 841 erat?
2579 785 2653 839 Ibi
2676 786 2817 840 enim
2844 785 3114 839 invenitur
3128 787 3435 854 prmdietum
3460 801 3592 855 quo-

2024 880 2183 933 modo
2205 892 2391 932 omnes
2415 877 2658 931 nationes
2686 883 2842 929 terrae
2867 888 2963 942 per
2988 874 3148 926 fidem
3175 882 3228 927 et
3255 874 3594 943 baptismatis

2024 975 2416 1023 sacramentum
2449 966 2650 1021 aditum
2693 964 2995 1019 introeundi
3022 964 3307 1020 habuerint
3328 965 3380 1019 in
3408 965 3590 1020 Eccle-

2024 1059 2158 1114 siam
2182 1075 2196 1124 ;
2228 1058 2401 1128 qualis
2431 1057 2599 1127 ipsius
2632 1055 2883 1111 Ecclesiae
2906 1055 3393 1113 rencrabilissimus
3421 1066 3596 1112 status

2024 1151 2080 1205 in
2108 1150 2360 1220 prmsenti
2404 1149 2514 1203 vita
2558 1146 2718 1212 foret,
2766 1146 3045 1215 qualisque
3086 1146 3344 1215 perfectio
3380 1157 3592 1201 sancto-

2024 1257 2142 1295 rum
2170 1255 2232 1295 ac
2263 1238 2625 1294 remuneratio
2663 1238 2715 1289 in
2764 1244 2928 1306 regno
2965 1234 3172 1289 cmlesti
3212 1235 3389 1291 futura
3418 1245 3593 1299 esset;

2025 1332 2256 1402 qualiter
2282 1331 2492 1384 diversa
2521 1328 2817 1384 ministeria
2867 1343 2932 1382 ac
2966 1327 3294 1398 singulorum
3324 1328 3598 1398 profectus

2025 1420 2235 1479 ﬁerent.
2269 1435 2332 1474 ac
2368 1418 2545 1486 qualis
2570 1417 2930 1472 remuneratio
2950 1417 3237 1485 unicuique
3262 1432 3361 1486 pro
3389 1418 3599 1471 meritis

2026 1514 2080 1566 in
2108 1512 2288 1566 futuro
2313 1510 2578 1565 reddenda
2621 1508 2709 1571 sit,
2739 1522 2836 1575 per
2861 1506 3100 1562 diversas
3125 1506 3286 1560 cellas
3315 1516 3476 1575 atque
3506 1522 3600 1560 ex-

2028 1603 2205 1665 edras,
2237 1600 2361 1670 quia
2388 1597 2564 1653 multis
2584 1598 2877 1650 mansiones
2897 1604 3015 1649 sunt
3035 1594 3092 1648 in
3114 1610 3267 1664 regno
3290 1594 3385 1648 Dei
3413 1594 3597 1663 (Joan.

2030 1690 2167 1762 xw),
2209 1704 2309 1744 nec
2352 1704 2458 1742 non
2500 1697 2553 1740 et
2597 1701 2694 1754 per
2737 1684 2887 1738 varia
2931 1685 3264 1740 diversorum
3300 1684 3600 1751 ponderum

2033 1782 2213 1837 omina
2268 1779 2766 1848 praefigurabantur.
2816 1775 2892 1829 Ibi
2934 1774 3206 1843 sapienti-.e
3247 1774 3501 1842 Splendor
3551 1775 3601 1826 in

2035 1888 2185 1934 auro,
2214 1880 2373 1939 atque
2393 1867 2791 1938 praedicationis
2812 1866 2953 1919 nitor
2974 1865 3026 1919 in
3047 1872 3268 1935 argento
3287 1864 3604 1932 prmﬁgura-

2035 1965 2260 2025 bantur,
2307 1974 2424 2028 qure
2478 1957 2710 2027 Spiritus
2761 1964 2981 2011 sanctus
3041 1956 3326 2023 unicuique
3369 1955 3602 2008 fidelium

2039 2054 2253 2117 tribuit,
2305 2050 2536 2104 dividens
2586 2047 2804 2116 singulis
2851 2056 2999 2115 prout
3040 2044 3144 2098 vult
3192 2043 3252 2115 (1
3297 2042 3422 2096 Cor.
3470 2043 3602 2111 xu).

2038 2146 2164 2199 Haec
2203 2158 2332 2212 ergo
2375 2148 2569 2195 cuncta
2616 2137 2882 2207 quomodo
2923 2137 2975 2190 in
3015 2143 3200 2191 sancta
3241 2134 3478 2189 Ecclesia
3521 2152 3606 2187 or-

2037 2236 2220 2291 dinata
2260 2249 2323 2288 ac
2360 2231 2648 2287 constituta
2696 2235 2838 2293 sunt,
2868 2228 2912 2283 si
2937 2228 3059 2297 quis
3083 2227 3290 2297 plenius
3327 2242 3483 2281 nosse
3524 2242 3609 2278 ro-

2036 2326 2215 2388 luerit,
2255 2324 2400 2393 legat
2433 2320 2795 2392 expositiones
2822 2320 3057 2375 diversas
3086 2326 3394 2373 sanctorum
3421 2320 3607 2372 docto-

2038 2432 2176 2479 rum,
2208 2431 2329 2486 qum
2359 2415 2422 2470 de
2453 2411 2781 2467 tabernaculi
2825 2425 2890 2464 ac
2932 2408 3113 2479 templi
3153 2417 3313 2478 atque
3357 2425 3608 2462 vasorum

2038 2507 2156 2577 ejus
2177 2504 2577 2560 constructione
2598 2500 2934 2570 scripserint,
2953 2507 3008 2555 et
3027 2500 3098 2554 ibi
3123 2499 3300 2553 omnia
3322 2499 3612 2552 manifeste

2039 2596 2321 2667 explanata
2362 2593 2613 2649 inveniet.
2641 2590 2794 2657 Quod
2833 2597 3010 2644 autem
3038 2597 3159 2658 post
3183 2589 3286 2643 alia
3322 2591 3567 2657 sequitur
3596 2608 3607 2641 :

2108 2686 2308 2742 Aurum
2350 2701 2552 2755 quoque
2594 2682 2733 2737 dedit
2771 2682 2824 2735 in
2874 2697 3077 2735 metuas
3112 2681 3475 2750 propositionis
3516 2698 3611 2749 pro

2040 2776 2333 2831 diversitate
2379 2788 2716 2836 mensarum;
2769 2769 3008 2824 similiter
3045 2778 3315 2840 argentum
3363 2772 3415 2823 in
3476 2772 3613 2823 alios

2042 2887 2245 2926 mensas
2275 2877 2563 2939 argenteas,
2600 2866 2667 2918 ad
2700 2863 2990 2934 fuseinulas
3017 2880 3220 2935 quoque
3249 2872 3297 2917 et
3323 2863 3529 2932 phialas
3564 2874 3611 2915 et

2040 2958 2303 3015 thuribula
2330 2973 2394 3011 ea:
2424 2972 2554 3010 auro
2586 2955 2886 3025 purissimo,
2918 2962 2967 3007 et
2988 2952 3254 3008 leunculos
3280 2969 3483 3013 aureos,
3517 2970 3613 3022 pro

2041 3048 2292 3120 qualitate
2314 3062 2571 3101 mensura?
2597 3044 2800 3116 pondus
2837 3044 3116 3107 distribuit,
3152 3043 3207 3097 in
3236 3042 3535 3098 leunculmn
3569 3054 3613 3097 et

2041 3137 2369 3200 leunculum;
2398 3135 2637 3190 similiter
2664 3144 2712 3188 et
2747 3134 2804 3188 in
2843 3132 3013 3188 leones
3049 3143 3314 3205 argenteos
3353 3134 3616 3188 diuersum

2040 3229 2238 3303 argenti
2271 3226 2473 3297 pondus
2498 3225 2786 3295 separavit;
2814 3224 2972 3279 altari
3000 3235 3193 3289 autem,
3224 3225 3278 3278 in
3302 3241 3405 3295 quo
3440 3225 3621 3279 adole-

2041 3329 2128 3373 tur
2149 3319 2437 3379 incensum,
2462 3333 2649 3371 aurum
2670 3316 3004 3383 purissimum
3037 3316 3213 3380 dedit;
3254 3325 3301 3368 et
3329 3324 3387 3368 ut
3412 3332 3478 3369 ea:
3504 3317 3620 3383 ipso

2040 3409 2187 3479 ﬁeret
2203 3407 2489 3463 similitudo
2507 3408 2776 3479 quadriga
2790 3407 3052 3462 cherubim
3069 3407 3453 3461 extendendum
3475 3408 3615 3473 alas,

2042 3498 2323 3554 celantium
2366 3513 2545 3551 arcam
2591 3497 2797 3566 {mderis
2840 3496 3069 3551 Domini.
3117 3496 3286 3567 Igitur
3331 3511 3505 3565 neque
3564 3500 3617 3553 in

2043 3592 2230 3648 Exodo
2266 3592 2322 3647 in
2364 3591 2764 3647 constructione
2808 3590 3156 3653 tabernaculi,
3210 3592 3303 3646 sed
3349 3607 3525 3661 neque
3566 3593 3618 3647 in

2043 3683 2251 3753 Regum
2290 3682 2342 3735 in
2384 3680 2736 3736 aediﬁcatione
2781 3678 2963 3748 tempii
3006 3680 3235 3735 lcunculi
3276 3682 3390 3736 sive
3435 3683 3621 3740 leones

2045 3775 2253 3844 uspiam
2280 3772 2530 3845 leguntur
2555 3770 2702 3834 facti,
2725 3779 2948 3839 excepta
2987 3771 3236 3827 caelatura
3264 3788 3384 3843 qua:
3418 3774 3471 3827 in
3499 3777 3622 3845 qui-

2044 3866 2271 3921 busdam
2305 3863 2559 3933 operibus
2588 3861 2768 3932 templi
2812 3859 2953 3916 facta
2991 3870 3262 3928 narratur,
3299 3871 3357 3917 ut
3388 3863 3441 3917 in
3482 3879 3617 3919 eon-

2045 3955 2277 4010 fectioue
2319 3954 2505 4009 decem
2545 3954 2750 4009 basium
2785 3968 2849 4008 ac
2892 3953 3140 4017 laterum,
3192 3954 3282 4009 ubi
3328 3954 3513 4010 leones
3568 3968 3624 4011 et

2046 4044 2211 4099 boves
2237 4051 2293 4098 et
2315 4042 2593 4098 cherubim
2638 4049 2694 4096 et
2737 4041 2928 4110 palma:
2960 4041 3179 4110 sculpta:
3222 4050 3383 4111 atque
3417 4044 3624 4099 celata:

2046 4120 2436 4191 memoraniur.
2471 4134 2575 4189 Sed
2613 4148 2788 4202 neque
2814 4134 3092 4190 cherubim
3130 4134 3183 4189 in
3215 4135 3624 4191 similitudinem

2047 4225 2321 4295 quadriga:
2351 4222 2601 4287 formata,
2640 4223 2733 4276 sed
2773 4230 2977 4276 tantum
3021 4224 3165 4292 quod
3202 4223 3309 4277 duo
3340 4225 3624 4280 cherubim

2052 4316 2277 4370 fuissent
2317 4314 2610 4378 fabricata,
2658 4327 2776 4381 quae
2815 4313 2915 4367 alis
2964 4315 3075 4367 suis
3116 4321 3358 4383 tegerent
3404 4330 3624 4381 arcam,

2050 4415 2320 4459 narratur.
2352 4403 2484 4457 Nam
2509 4403 2634 4473 quia
2665 4417 2806 4456 nunc
2839 4402 2927 4457 hic
2968 4405 3033 4457 de
3066 4402 3345 4465 leunculis,
3374 4404 3630 4458 similiter

2050 4507 2105 4551 et
2145 4496 2210 4551 de
2257 4495 2518 4559 leonibus,
2557 4509 2762 4549 necnon
2800 4495 3059 4564 quadriga
3097 4493 3372 4549 cherubim
3420 4497 3628 4550 mentio

2050 4586 2154 4641 fuit
2183 4585 2344 4649 facta,
2376 4586 2515 4655 quod
2543 4580 2854 4655 mysterium
2889 4585 3042 4639 nobis
3067 4584 3251 4641 innuat
3278 4587 3624 4650 quaerendum

2050 4685 2151 4731 est.
2183 4676 2399 4743 Legitur
2428 4676 2568 4729 enim
2603 4676 2656 4729 in
2702 4675 2946 4729 Ezechiel
2996 4674 3255 4744 propinata
3298 4676 3439 4743 quod
3478 4676 3527 4728 ei
3571 4677 3625 4729 in

2049 4771 2221 4838 prima
2248 4769 2469 4831 visione,
2503 4783 2663 4837 quam
2693 4767 2823 4820 vidit
2851 4767 3004 4835 juxta
3032 4764 3246 4819 ﬂuvium
3276 4764 3510 4828 Chobar,
3537 4782 3628 4820 os-

2054 4871 2204 4915 tensa
2232 4860 2301 4914 sit
2333 4859 2625 4913 similitudo
2652 4867 2884 4927 (mutuor
2914 4857 3246 4922 animalium,
3274 4863 3329 4910 et
3356 4857 3443 4911 hic
3470 4873 3630 4925 aspe-

2053 4964 2172 5006 rius
2214 4967 2437 5006 eorum:
2471 4950 2766 5004 Similitmlo
2803 4950 3025 5002 hominis
3073 4950 3126 5001 in
3168 4950 3278 5010 eis;
3314 4957 3361 5000 et
3397 4959 3630 5016 quatuor

2054 5048 2212 5116 facies
2244 5045 2354 5106 uni,
2376 5056 2420 5096 et
2451 5052 2674 5110 quatuor
2696 5042 2876 5108 penna?
2906 5042 2993 5092 uni
3017 5050 3061 5092 et
3088 5039 3240 5106 pedes
3267 5055 3445 5091 eorum
3472 5040 3628 5106 petits

2054 5138 2179 5190 recti
2209 5145 2255 5188 et
2296 5134 2476 5203 planta
2507 5132 2648 5201 pedis
2690 5147 2868 5184 eorum
2896 5131 3044 5199 quasi
3072 5129 3252 5199 planta
3277 5129 3420 5199 pedis
3456 5128 3625 5182 vituli.

2054 5227 2121 5280 Et
2148 5232 2268 5295 post
2291 5239 2459 5293 pauca
2492 5241 2505 5275 :
2544 5221 2865 5285 Simiiitudo,
2896 5221 3090 5289 inquit,
3118 5219 3286 5272 vultus
3312 5234 3513 5283 eorum,
3547 5218 3630 5286 [a—

2055 5320 2155 5371 cies
2201 5315 2443 5377 hominis,
2483 5324 2531 5367 et
2561 5314 2721 5380 facies
2753 5312 2915 5365 leonis
2944 5328 2974 5362 α
3007 5310 3203 5363 dextris
3242 5310 3470 5379 ipsorum
3498 5326 3629 5379 qua-

2053 5420 2194 5472 tuor,
2236 5408 2393 5476 facies
2429 5419 2599 5459 aurem
2633 5403 2767 5456 bovis
2799 5420 2830 5454 a
2859 5401 3084 5455 sinistris
3128 5402 3354 5468 ipsorum
3380 5408 3626 5467 quatuor.

2054 5509 2101 5551 et
2132 5498 2291 5564 {acies
2340 5495 2531 5564 aquilw
2575 5493 2792 5561 desuper
2820 5493 3049 5559 ipsorum
3078 5499 3320 5558 quatuor,
3353 5497 3405 5539 et
3433 5496 3626 5539 ca‘trra

2058 5589 2272 5657 (ἐξενειτΙι.
2322 5586 2382 5655 ι).
2433 5586 2523 5638 Sic
2564 5593 2616 5638 et
2660 5584 2711 5636 in
2764 5582 2865 5635 alia
2910 5582 3114 5634 visione
3153 5581 3203 5632 in
3242 5576 3628 5647 [msteriorihus

2060 5683 2196 5733 idem
2241 5678 2495 5747 propheta
2525 5682 2705 5728 narrat
2744 5672 2926 5725 dith‘nS
2959 5692 2966 5721 :
3000 5670 3240 5734 Quatuor
3272 5668 3432 5734 [aries
3472 5666 3629 5715 Ιιειίητρ
