3870 6146
256 299 342 355 εοθ

1150 291 1503 350 COMPJENT.
1541 291 1608 345 IN
1647 290 2201 348 PARALIPOMENA.
2241 322 2315 336 ιι-
2347 293 2476 348 LIB.
2515 294 2578 350 ll.

3390 300 3493 358 ΗΟ

250 414 324 466 bat
365 423 527 464 unum
552 420 570 457 :
597 405 761 478 {acies
804 421 932 469 una,
964 403 1123 473 [acies
1168 405 1392 466 cherub;
1438 412 1485 456 et
1527 403 1685 473 [acies
1730 421 1813 457 sc-
1842 412 1888 468 Α
1987 405 2156 472 Quam
2186 406 2400 474 proprie
2435 406 2626 476 aquilae
2655 406 2912 476 deputant
2945 423 3052 464 non
3088 423 3145 466 se
3179 410 3491 467 miscentem

250 501 423 563 eundo,
459 499 622 570 facies
652 498 914 559 hominis;
937 507 983 550 ct
1011 498 1066 552 in
1089 499 1241 550 tertia
1277 496 1437 565 facies
1464 495 1664 560 leonis;
1690 488 1738 548 εἰ
1761 496 1815 550 iu

251 599 418 662 quarta
440 590 603 658 facies
634 587 860 660 aquilw;
888 597 935 641 et
959 587 1154 641 elevata
1187 596 1309 641 sunt
1331 587 1615 640 cherubim.
1635 586 1816 656 Ipsum

253 691 310 733 est
335 675 556 740 animal,
578 675 718 747 quod
746 675 975 730 videram
990 685 1147 744 Juxta
1173 677 1372 746 [lumen
1403 672 1626 735 Chobar.
1657 673 1816 728 Cunt-

251 787 332 838 que
353 767 683 824 ambularent
716 767 1002 832 cherubim,
1045 767 1184 820 ibant
1213 767 1411 837 pariter
1437 775 1484 820 et
1512 774 1640 820 rota:
1655 765 1816 834 juxta

250 879 330 926 ea;
350 871 392 914 et
421 877 543 914 cum
569 859 793 914 levarent
824 859 1088 912 cherubim
1115 857 1228 912 alas
1268 875 1413 924 suas,
1441 869 1496 912 ut
1520 859 1818 912 exultaren-

249 963 322 1005 tur
342 969 370 1004 a
391 961 556 1012 terra,
586 966 690 1002 non
719 947 1008 1002 residebant
1032 957 1182 1011 rotaz,
1203 948 1292 1001 sed
1321 949 1446 1018 ipsa:
1458 948 1620 1018 juxta
1643 957 1810 1001 erant.

249 1044 502 1100 Stantibus
541 1041 666 1105 illis,
705 1042 930 1103 stabant,
981 1049 1029 1094 et
1063 1056 1182 1094 cum
1213 1038 1420 1094 elevatis
1456 1037 1812 1093 elevabantur.

249 1135 462 1203 Spiritus
494 1134 632 1188 enim
675 1133 792 1186 vitm
819 1141 930 1185 erat
968 1133 1023 1184 in
1066 1130 1160 1185 eis.
1202 1131 1270 1185 Et
1312 1147 1515 1200 egressa
1545 1139 1618 1183 est
1646 1129 1814 1200 gloria

249 1225 444 1279 Domini
489 1240 522 1278 a
563 1221 742 1275 limine
769 1219 968 1290 templi,
999 1229 1048 1274 et
1074 1221 1212 1274 stetit
1239 1237 1392 1290 super
1417 1218 1680 1273 cherubim
1706 1233 1724 1280 ;
1766 1225 1814 1270 et

248 1314 482 1370 elevantia
505 1311 771 1366 cherubim
803 1310 916 1364 alas
943 1327 1068 1364 suas
1092 1309 1322 1364 exaltata
1349 1320 1470 1364 sunt
1491 1328 1521 1363 a
1544 1319 1685 1363 terra
1721 1324 1813 1362 co-

250 1428 346 1464 ram
367 1427 482 1474 me;
516 1420 564 1464 et
597 1409 702 1464 illis
724 1391 1110 1480 egredientibus
1148 1419 1276 1462 rota:
1303 1425 1504 1480 quoque
1526 1409 1813 1463 subsecuta?

252 1511 387 1567 sunt;
409 1509 458 1555 et
485 1503 624 1555 stetit
651 1503 706 1554 in
735 1502 952 1556 introitu
983 1501 1167 1555 domus
1200 1499 1406 1555 Domini
1432 1511 1594 1571 porta:
1627 1499 1815 1555 Orien-

248 1593 371 1656 talis,
414 1602 462 1646 et
497 1592 666 1660 gloria
716 1592 806 1646 Dei
839 1591 1007 1645 Israel
1048 1602 1160 1646 erat
1203 1609 1359 1662 super
1410 1610 1492 1645 ca.
1534 1591 1712 1660 Ipsum
1739 1603 1812 1644 est

251 1683 432 1737 animal
477 1684 616 1754 quod
659 1683 765 1736 ridi
798 1701 954 1752 super
989 1683 1267 1737 Dominum
1304 1682 1472 1737 Israel
1507 1683 1667 1752 juxta
1711 1685 1812 1752 flu-

249 1773 368 1826 tium
395 1769 623 1826 Chobar.
653 1769 718 1824 Et
747 1771 978 1825 intellexi
1000 1772 1139 1842 quod
1170 1772 1433 1825 cherubim
1456 1779 1641 1825 essent.
1672 1771 1809 1837 Qua-
1838 1775 1884 1834 Β

252 1872 357 1915 tuor
380 1863 550 1918 rullus
572 1863 686 1926 uni,
718 1872 764 1914 et
798 1872 1023 1932 quatuor
1049 1862 1149 1916 alte
1178 1863 1285 1924 uni,
1311 1880 1354 1914 et
1388 1861 1675 1915 similitudo
1701 1878 1811 1916 ma-

248 1971 333 2007 nus
366 1955 588 2007 hominis
629 1952 723 2007 sub
763 1952 862 2006 alis
906 1969 1117 2017 eorum,
1164 1961 1211 2004 et
1251 1951 1538 2006 similitudo
1576 1949 1809 2005 vultuum

247 2059 430 2110 eorum,
452 2045 553 2112 ipsi
581 2044 750 2098 vultus
775 2060 905 2116 quos
926 2043 1157 2097 videram
1175 2042 1338 2113 juxta
1365 2041 1580 2112 [luvium
1605 2040 1811 2096 Chobar

249 2132 447 2204 (Ezech.
478 2133 558 2202 ι).

303 2224 461 2296 Igitur
507 2224 636 2294 quia
677 2223 827 2278 locus
881 2223 1130 2278 inventus
1176 2233 1258 2278 est
1303 2224 1391 2278 ubi
1445 2223 1510 2278 de
1549 2222 1808 2293 quadriga

247 2313 535 2376 chembim,
573 2315 768 2383 quibus
799 2315 1121 2384 prmsidebat
1149 2313 1318 2384 gloria
1366 2314 1486 2379 Dei,
1535 2321 1806 2380 narratur,

245 2404 514 2473 specialem
561 2403 680 2474 ejus
733 2404 1147 2476 signiﬁcandam
1195 2405 1354 2475 juxta
1403 2403 1622 2458 Patrum
1666 2403 1809 2459 dicta

243 2495 618 2550 edisseramus.

303 2585 373 2639 De
417 2597 656 2654 quatuor
699 2600 828 2656 ergo
881 2585 1242 2650 animalibus,
1293 2600 1518 2657 quorum
1561 2591 1809 2654 aspectus

244 2683 346 2727 erat
373 2673 666 2728 similitudo
695 2674 948 2738 hominis,
981 2674 1052 2728 ita
1084 2675 1367 2739 duntaxat,
1390 2683 1449 2728 ut
1475 2674 1681 2744 singula
1711 2673 1808 2728 ha-

242 2763 417 2818 berent
441 2771 735 2832 quaternas
777 2763 941 2818 facies
968 2774 1024 2818 et
1051 2775 1342 2833 quaternas
1377 2763 1510 2829 aias,
1541 2763 1809 2833 pedesque

243 2859 422 2915 rectos,
449 2859 504 2906 et
531 2850 767 2920 plantam
793 2852 943 2920 pedis
969 2853 1120 2922 quasi
1145 2853 1425 2922 vestigium
1456 2853 1609 2920 pedis
1631 2852 1804 2916 vituli,

243 2943 445 3013 quidam
484 2954 721 3014 quatuor
745 2944 1029 3015 Evangelia
1057 2945 1249 3002 horum
1285 2945 1590 2999 animalium
1619 2951 1810 3014 putant

242 3035 534 3090 nominibus
572 3035 812 3106 signari:
851 3035 1104 3102 Matthmi,
1156 3035 1297 3105 quod
1339 3036 1494 3103 quasi
1536 3037 1806 3090 hominem

1919 495 2234 560 tribum,sed
2266 498 2338 550 ita
2367 497 2604 552 errantia
2639 501 3025 570 corrigentem;
3063 515 3224 569 quam
3257 501 3308 556 in
3349 500 3494 557 Scri-

1913 585 2088 654 pturis
2117 587 2386 642 interdum
2427 589 2606 646 vocari
2634 588 2861 658 legimus
2897 588 3184 660 Spiritum,
3209 593 3298 662 qui
3336 593 3494 646 inter-

1913 675 2072 744 pellat
2125 692 2221 744 pro
2277 676 2423 730 nobis
2477 677 2751 748 gemitibus
2808 681 3263 737 inenarrabilibus.
3325 682 3494 735 Nemo

1914 765 2049 817 enim
2078 766 2170 818 scit
2205 783 2266 818 ea
2303 783 2418 836 qua:
2452 766 2676 822 hominis
2713 777 2852 823 sunt.
2892 771 2991 824 nisi
3023 769 3280 838 Spiritus,
3313 773 3400 840 qui
3439 773 3494 826 in

1913 871 1973 905 eo
2001 864 2076 907 est
2105 854 2282 924 (Rom.
2324 871 2458 920 vtu;
2499 855 2528 908 I
2574 855 2697 910 Cor.
2747 858 2834 928 ιι),
2875 874 3035 928 quem
3085 867 3140 912 et
3185 859 3382 916 Paulus
3427 862 3492 914 ad

1915 943 2424 1000 Thessalonicenscs
2476 946 2721 1001 scribens
2768 963 2891 1002 cum
2940 949 3118 1002 anima
3166 959 3222 1003 et
3269 964 3494 1018 corpore

1915 1033 2120 1086 servari
2161 1033 2428 1103 integrum
2467 1035 2787 1102 deprecatur
2823 1035 2872 1108 (I
2915 1035 3066 1090 Thes.
3090 1037 3178 1107 'v).
3211 1038 3276 1090 Et
3313 1049 3492 1093 tamen

1914 1123 2056 1177 hanc
2083 1137 2298 1192 quoque
2337 1124 2721 1178 conscientiam
2754 1125 2909 1196 juxta
2944 1125 3070 1180 illud
3097 1127 3239 1198 quod
3267 1128 3321 1182 in
3355 1126 3492 1182 Pro-

1913 1213 2112 1267 verbiis
2149 1214 2406 1282 scriptum
2436 1227 2554 1270 est:
2583 1214 2785 1285 Impius
2815 1233 2930 1270 cum
2959 1219 3150 1270 venerit
3186 1219 3242 1270 in
3273 1219 3492 1288 profun-

1914 1306 2038 1358 dum
2063 1315 2411 1373 peccatorum,
2454 1308 2732 1362 contemnit
2777 1307 2956 1379 (Prov.
2999 1309 3178 1380 xvm),
3221 1311 3492 1366 cernimus

1913 1400 2258 1470 praecipitari,
2299 1417 2362 1455 ac
2392 1401 2652 1471 quosdam
2701 1409 2756 1456 et
2799 1415 2954 1454 suum
3001 1399 3179 1454 locum
3219 1401 3489 1464 omittere.

1912 1491 2006 1558 qui
2050 1506 2147 1543 nec
2197 1492 2452 1558 pudorem
2497 1490 2714 1559 quidem
2765 1499 2821 1543 et
2879 1489 3255 1544 verecundiam
3295 1489 3495 1541 habent

1914 1581 1968 1634 in
2009 1580 2234 1642 delictis,
2287 1589 2340 1633 et
2384 1588 2660 1634 merentur
2703 1581 2933 1634 audire:
2969 1578 3158 1634 Facies
3207 1580 3491 1634 meretricis

1915 1671 2054 1739 facta
2083 1680 2154 1723 cst
2186 1669 2300 1734 tibi,
2329 1671 2493 1724 nescis
2517 1671 2812 1725 erubescere
2838 1669 2973 1740 (Jer.
2999 1670 3104 1742 ιιι).

1981 1761 2128 1816 llanc
2153 1777 2280 1832 ergo
2307 1763 2624 1831 quadrigam
2667 1763 2720 1816 in
2757 1764 2959 1832 auriga:
2987 1763 3205 1818 modum
3236 1762 3380 1815 Deus
3409 1777 3491 1815 rc-

1913 1851 2009 1920 git,
2034 1859 2088 1905 et
2107 1851 2477 1920 incompositis
2503 1860 2804 1907 currentem
2826 1853 3082 1922 gradibus
3109 1851 3364 1913 refrenat,
3389 1851 3483 1904 do-

1911 1943 2230 2012 cibilemque
2262 1943 2411 2007 facit,
2447 1951 2504 1998 et
2526 1958 2624 1997 suo
2650 1958 2842 2012 parere
2871 1943 3013 2014 cogit
3040 1942 3288 2011 imperio.
3320 1941 3488 2008 Quam

1910 2033 2328 2102 disputationem
2358 2034 2592 2103 partium
2624 2035 2837 2095 animm.
2882 2034 2936 2089 id
2967 2042 3070 2098 est,
3111 2033 3366 2096 hominis,
3398 2031 3488 2100 qui

1912 2123 2090 2176 minor
2116 2123 2345 2177 mundus
2373 2121 2442 2176 ab
2471 2123 2588 2177 istis
2615 2123 2950 2194 philosophis
2971 2123 3289 2194 appellatur,
3311 2133 3367 2178 et
3393 2138 3490 2178 nos

1911 2213 2255 2281 attingemus.
2289 2211 2429 2266 Sunt
2459 2213 2552 2282 qui
2584 2213 2904 2282 simpliciter
2939 2214 2993 2268 in
3029 2221 3262 2282 quatuor
3285 2212 3490 2266 anima-

1907 2303 2048 2358 libus
2070 2303 2221 2372 juxta
2248 2302 2586 2372 Hippocratis
2615 2304 2938 2359 sententiam
2965 2310 3198 2372 quatuor
3222 2301 3489 2355 arbitran-

1911 2402 1996 2448 tur
2020 2394 2284 2448 elementa
2313 2403 2622 2457 monstrari,
2659 2393 2726 2447 de
2759 2393 2954 2461 quibus
2979 2401 3231 2450 constant
3258 2391 3439 2446 omnia
3469 2405 3484 2442 :

1911 2487 2108 2557 ignem.
2137 2500 2338 2549 aerem,
2371 2501 2565 2556 aquam
2599 2493 2926 2554 terramque.

1978 2576 2222 2642 Quatuor
2248 2591 2377 2645 ergo
2417 2585 2566 2630 rotas
2593 2576 2659 2630 de
2695 2575 2924 2630 terrenis
2961 2575 3029 2630 ad
3072 2575 3321 2630 sublimia
3360 2590 3488 2629 eon-

1907 2676 2194 2737 surgentes
2218 2665 2442 2736 singulis
2471 2674 2525 2720 et
2552 2664 3012 2736 quadriformibus
3051 2667 3258 2722 vinctas
3285 2665 3490 2720 anima-

1908 2756 2046 2811 libus
2069 2765 2124 2811 et
2156 2755 2467 2811 earumdem
2500 2755 2888 2810 elementorum
2919 2755 3306 2810 commixtione
3341 2755 3486 2809 testi-

1909 2855 2094 2900 mant:
2127 2855 2182 2900 et
2212 2854 2513 2914 temporum
2545 2846 2828 2912 circulum,
2867 2847 2958 2916 qui
3003 2847 3171 2902 ternis
3209 2849 3490 2905 coniicitur

1910 2939 2202 2998 mensibus,
2255 2953 2561 3006 annumque
2609 2945 2940 3003 vertentem,
2987 2939 3082 3007 qui
3123 2939 3192 2992 ab
3238 2953 3304 2994 eo
3345 2935 3488 3008 qum]

1911 3045 2122 3100 semper
2152 3035 2408 3089 vertatur,
2443 3037 2496 3082 et
2543 3029 2596 3084 in
2624 3043 2683 3083 se
2725 3028 2930 3092 redeat,
2974 3042 3166 3082 nomen
3195 3027 3486 3097 acceperit,

241 3124 514 3197 descripsit
540 3147 552 3180 :
591 3126 744 3180 Liber
771 3128 1118 3198 generationis
1158 3125 1194 3180 ,Ι
1199 3144 1288 3181 esu
1325 3125 1519 3181 Christi
1556 3127 1656 3196 ﬁlii
1697 3125 1810 3180 Da-
1839 3123 1883 3185 C
1915 3119 1979 3174 de
2005 3119 2201 3194 quibus
2225 3117 2450 3188 pulchre
2475 3134 2582 3172 uno
2603 3117 2870 3173 versiculo
2895 3118 3096 3175 dictum
3127 3127 3244 3171 est:

241 3215 336 3280 rid,
363 3217 464 3286 ﬁlii
488 3217 754 3270 Abraham
785 3215 999 3288 (Matth.
1026 3215 1085 3287 ι).
1113 3215 1308 3271 Leonis
1345 3215 1410 3269 ad
1441 3215 1682 3268 Marcum
1718 3227 1806 3268 re-

240 3304 436 3362 fertur:
474 3306 698 3362 Initium
737 3306 1004 3378 Evangelii
1031 3306 1158 3362 .Iesu
1191 3305 1386 3362 Christi
1411 3308 1509 3378 lilii
1543 3307 1640 3361 Dei
1675 3307 1809 3361 sicut

242 3401 481 3468 scriptum
520 3410 595 3455 est
649 3400 704 3453 in
753 3398 897 3453 Isaia
942 3399 1243 3468 propheta:
1281 3397 1392 3452 Vox
1439 3397 1713 3453 clamantis
1754 3399 1809 3451 in

242 3489 454 3554 deserto,
495 3487 693 3544 Parate
731 3489 864 3543 riam
909 3488 1144 3555 Domini,
1191 3499 1355 3543 rectas
1403 3489 1556 3558 facite
1599 3490 1808 3542 semitas

242 3579 329 3635 Dei
372 3582 537 3636 nostri
587 3580 778 3654 (Marc.
826 3581 885 3653 ι).
933 3581 1096 3636 \‘ituli
1141 3583 1209 3635 ad
1248 3580 1404 3636 Luem
1439 3581 1806 3650 Evangelium,

245 3672 370 3738 quod
397 3688 427 3724 a
453 3671 732 3726 Zachariae
758 3659 942 3739 incipit
967 3672 1288 3727 sacerdotio.
1321 3672 1529 3742 Aquilre
1557 3673 1623 3726 ad
1650 3670 1810 3726 Joan-

244 3761 318 3814 nis
347 3761 650 3824 exordium,
680 3761 768 3828 qui
792 3761 860 3815 ad
880 3761 1149 3815 excelsum
1177 3761 1398 3816 evolans
1423 3761 1494 3816 ita
1521 3762 1717 3830 cmpit:
1743 3760 1810 3814 In

243 3850 484 3920 principio
513 3859 625 3904 erat
659 3847 901 3912 Verbum,
923 3861 968 3904 et
1002 3850 1224 3904 Verbum
1249 3859 1360 3905 erat
1389 3850 1528 3920 apud
1554 3849 1740 3916 Deum,
1761 3859 1808 3904 et

246 3937 376 3992 Deus
397 3950 508 3993 erat
544 3937 767 3992 Verbum
799 3937 978 4008 (Joan.
1006 3939 1067 4010 ι).

308 4031 407 4084 Alii
443 4047 592 4095 vero,
632 4031 720 4100 qui
763 4030 1201 4100 philosophorum
1248 4031 1468 4086 stultam
1513 4039 1812 4102 sequuntur

244 4123 576 4192 sapientiam,
607 4123 712 4176 duo
756 4123 1127 4191 hemisphaeria
1161 4125 1212 4176 in
1243 4122 1449 4176 duobus
1477 4122 1653 4192 templi
1682 4123 1810 4176 che-

249 4214 431 4275 rubim,
464 4229 564 4266 nos
593 4220 648 4265 et
678 4213 980 4280 antipodas,
1024 4211 1174 4281 quasi
1225 4213 1444 4283 supinos
1469 4222 1521 4267 et
1560 4212 1811 4266 cadentes

245 4297 506 4362 homines,
538 4301 901 4368 suspicantur.

308 4388 578 4457 Plerique,
596 4387 751 4456 juxta
779 4387 1072 4450 Platonem,
1105 4389 1363 4443 rationale
1389 4390 1600 4453 animae,
1627 4397 1680 4444 et
1711 4389 1811 4443 ira-

2044 3251 2164 3315 νει,
2191 3261 2354 3312 restas,
2381 3261 2656 3312 autumnus,
2679 3254 2856 3316 hiems,
2883 3259 2936 3304 et
2952 3254 3155 3314 mensis,
3179 3261 3231 3302 et
3251 3264 3419 3302 annos.

1909 3376 2156 3446 quodque
2185 3375 2403 3441 dicitur,
2431 3387 2543 3432 erat
2572 3377 2626 3430 in
2660 3386 2798 3431 rota.
2823 3389 3023 3430 annum
3051 3375 3103 3430 in
3131 3391 3302 3430 annos
3325 3374 3496 3444 signi—

1914 3464 2065 3519 licari
2095 3472 2302 3534 putant.
2333 3466 2408 3520 De
2437 3481 2544 3535 quo
2572 3466 2707 3522 alius
2732 3475 2890 3536 poeta
2918 3484 2931 3520 :

2041 3576 2194 3638 Atque
2219 3578 2268 3625 in
2291 3589 2348 3625 se
2370 3589 2454 3626 sua
2483 3589 2570 3639 per
2598 3579 2804 3640 vestigia
2826 3576 3034 3628 volvitur
3059 3587 3228 3624 sanus.

1978 3676 2328 3730 Firmamenti
2360 3675 2730 3742 similitudine,
2761 3691 2883 3746 qua:
2926 3674 3182 3746 crystallo
3213 3689 3490 3742 compara—

1909 3775 2017 3830 tur,
2045 3765 2241 3820 cmlum
2277 3767 2399 3828 hoc,
2431 3765 2573 3833 quod
2619 3765 2965 3835 suspicimus,
3012 3763 3236 3833 intelligi
3281 3761 3486 3824 volunt,

1905 3857 2010 3912 sub
2035 3872 2145 3925 quo
2173 3855 2458 3923 volvuntur
2495 3863 2549 3909 et
2591 3861 2874 3908 transeunt
2903 3861 3135 3923 quatuor
3171 3851 3487 3916 animantia,

1913 3945 2268 4012 thronumque
2301 3942 2500 3998 coloris
2538 3941 2812 4011 sapphiri,
2854 3949 2910 3996 et
2946 3942 3224 3997 sedentem
3262 3943 3490 4008 desuper

1909 4034 2179 4089 hominem
2203 4033 2303 4088 sub
2327 4033 2562 4088 humana
2589 4031 2960 4097 similitudine,
2988 4031 3272 4100 imperium
3297 4039 3488 4086 cuncta

1910 4124 2144 4194 regentis
2174 4123 2462 4191 omniaque
2493 4123 2740 4177 habentis
2776 4121 2878 4177 sub
2910 4122 3135 4190 pedibus
3163 4121 3275 4175 suis
3312 4121 3488 4176 omni-

1909 4214 2161 4285 potentiae
2203 4215 2294 4268 Dei
2337 4213 2568 4270 describi
2608 4221 2910 4278 autumant,
2954 4213 3166 4282 dieique
3205 4211 3272 4266 ad
3311 4221 3490 4266 extre-

1910 4320 2056 4359 mum
2100 4305 2188 4358 hic
2215 4304 2476 4358 visionem
2506 4302 2874 4358 similitudinis
2899 4301 3083 4372 gloriae
3131 4301 3364 4364 Domini,
3394 4315 3490 4370 per

1911 4409 2096 4463 quam,
2137 4393 2289 4464 quasi
2335 4409 2434 4462 per
2467 4393 2734 4461 picturam
2770 4391 3064 4460 quamdam
3095 4398 3151 4445 et
3177 4390 3486 4460 imaginem,

247 4480 500 4533 scentiam
528 4489 582 4534 et
614 4479 1101 4549 concupiscentiam
1130 4481 1196 4534 ad
1226 4480 1495 4546 hominem
1526 4490 1578 4535 et
1605 4482 1813 4536 leonem
1840 4469 1892 4529 D
1917 4483 2317 4538 Providentiam
2348 4482 2727 4536 demonstrari.

247 4582 306 4624 ac
347 4570 569 4623 vitulum
621 4570 898 4636 referunt,
951 4572 1212 4626 rationem
1254 4587 1318 4625 ac
1367 4573 1721 4641 cognitionem
1760 4580 1814 4626 ct

247 4669 477 4714 mentem
521 4669 576 4716 et
617 4662 934 4726 consilium,
980 4662 1332 4732 eatndemquc
1369 4664 1615 4717 virtutem
1655 4672 1814 4732 atque

247 4749 561 4816 sapientiam
591 4750 645 4804 in
675 4765 800 4804 arce
827 4751 1100 4806 cherubim
1134 4751 1352 4806 humani
1383 4762 1658 4820 ponentes,
1693 4751 1818 4805 leri-

251 4845 413 4891 tatem
455 4854 583 4893 vero
628 4849 686 4894 ct
731 4840 1061 4894 iracundiam
1093 4849 1252 4910 atque
1281 4841 1582 4897 violentiam
1625 4843 1676 4895 iu
1705 4842 1816 4895 leo-

245 4943 389 4987 nem,
419 4945 536 4999 qua:
567 4931 820 4984 consistit
849 4931 900 4984 in
933 4930 1052 4986 felle
1082 4950 1094 4984 :
1126 4948 1285 5002 porro
1337 4933 1630 4997 libidinem,
1671 4933 1819 4987 luxu-

243 5018 380 5072 riam
420 5031 474 5074 et
519 5023 759 5075 omnium
812 5022 1139 5093 voluptatum
1183 5024 1484 5093 cupidinem
1525 5025 1578 5080 in
1613 5024 1812 5093 jt-rore,

243 5111 296 5164 id
323 5123 430 5174 est,
462 5113 513 5166 in
546 5114 735 5179 vitulo,
775 5115 865 5184 qui
916 5124 1071 5167 terra:
1112 5116 1361 5184 operibus
1397 5115 1617 5178 harent,
1657 5115 1818 5168 iram-

241 5217 350 5270 que
380 5214 600 5272 ponunt,
633 5223 753 5276 qua:
784 5222 944 5276 supra
973 5207 1108 5270 inec,
1132 5214 1184 5260 et
1209 5215 1359 5259 extra
1387 5207 1497 5261 haec
1526 5215 1626 5274 est,
1655 5222 1816 5275 quam

240 5291 424 5348 ϐπειεί
457 5305 652 5350 vocant
694 5295 918 5358 Sinesin,
958 5311 1078 5364 qua:
1110 5297 1338 5350 scintilla
1383 5297 1722 5350 conscientia:
1765 5296 1818 5351 in

241 5381 379 5436 Cain
411 5398 618 5454 quoque
657 5393 893 5454 pectore,
931 5396 1212 5455 postquam
1240 5386 1441 5454 eiectus
1470 5395 1551 5440 est
1572 5387 1636 5440 de
1667 5403 1822 5456 para-

239 5471 390 5537 diso,
421 5490 519 5528 non
563 5477 940 5545 exstinguitur,
983 5485 1036 5530 et
1078 5478 1202 5530 victi
1234 5478 1588 5547 voluptatibus
1618 5478 1698 5532 vel
1742 5479 1820 5532 fu-

242 5577 395 5625 rore,
423 5563 639 5635 ipsaque
669 5567 934 5620 interdum
964 5568 1184 5621 rationis
1217 5569 1419 5636 deet-pii
1451 5569 1818 5630 similitudine,

243 5665 350 5706 nos
387 5667 608 5719 peccare
639 5656 922 5710 sentimus.

1987 4572 2244 4642 Quodque
2287 4573 2450 4642 pedes
2479 4572 2832 4628 animantium
2872 4571 3006 4628 recti
3051 4586 3170 4628 esse
3214 4571 3486 4634 dicantur,

1917 4674 1971 4720 et
2006 4666 2184 4736 planta
2229 4666 2381 4735 pedis
2422 4665 2597 4730 vituli,
2633 4681 2729 4722 seu
2771 4665 2998 4720 rotunda
3045 4672 3382 4732 terrenaque,
3420 4661 3488 4714 ad

1918 4757 2156 4812 eteiestia
2208 4755 2508 4820 subvolare,
2557 4763 2613 4812 et
2655 4754 2906 4809 omnibus
2948 4753 3158 4821 angulis
3197 4750 3532 4820 atnputatis_

1919 4845 2301 4900 rotunditatem
2327 4844 2500 4911 sequi,
2527 4857 2646 4912 qum
2669 4842 2907 4896 omnium
2932 4841 3224 4908 ﬁgurarum
3247 4839 3492 4908 pulcher—

1922 4935 2058 4987 rima
2089 4941 2197 4996 est;
2240 4932 2499 4986 scintillas
2535 4930 2817 4986 rutilantes
2849 4941 3041 4984 cuneta
3080 4931 3232 4998 plena
3274 4929 3490 4982 luminis

1920 5024 2178 5086 indicare,
2219 5030 2274 5076 et
2311 5037 2500 5076 manus
2530 5021 2760 5076 hominis
2789 5021 2890 5075 sub
2933 5020 3124 5089 pennis
3167 5027 3276 5074 tam
3326 5019 3490 5086 ipsius

1919 5113 2152 5167 hominis
2177 5129 2337 5183 quam
2362 5113 2532 5166 leonis
2555 5120 2609 5165 et
2630 5111 2780 5164 vituli
2801 5120 2855 5165 et
2883 5111 3092 5181 aquilae,
3121 5120 3178 5164 ut
3208 5111 3341 5164 ratio
3369 5126 3492 5163 euu-

1921 5212 2006 5258 cta
2043 5211 2307 5258 sustentet
2346 5219 2408 5256 ac
2441 5204 2506 5256 de
2535 5202 2833 5257 humilitate
2881 5210 3092 5257 terrena
3139 5204 3208 5256 ad
3249 5202 3487 5256 eu-lestia

1925 5295 2183 5351 sublevet.
2217 5294 2342 5348 llaze
2367 5308 2496 5364 ergo
2537 5294 2604 5348 ad
2648 5293 2934 5363 Evangelia
2961 5301 3016 5348 et
3041 5295 3108 5348 ad
3143 5301 3332 5347 cuneta
3373 5306 3491 5358 quae

1929 5401 2089 5456 supra
2117 5383 2392 5454 posuimus
2429 5383 2616 5437 referri
2661 5389 2904 5452 possunt.
2927 5381 3114 5436 Posset
3145 5381 3306 5434 etiam
3336 5378 3488 5444 juxta

1927 5493 2222 5548 anagogen,
2250 5477 2391 5531 sicut
2413 5484 2644 5545 quatuor
2670 5475 2920 5528 animalia
2955 5483 3184 5540 quatuor
3210 5465 3488 5533 Evangelia

1928 5578 1980 5621 et
2019 5577 2250 5635 quatuor
2274 5565 2634 5634 evangelistas
2675 5562 3008 5632 signiﬁcant,
3047 5560 3126 5613 sic
3162 5555 3260 5610 sub
3303 5570 3488 5608 eorum

1931 5656 2107 5724 specie
2142 5654 2299 5706 simul
2331 5652 2599 5722 perfectos
2624 5666 2794 5704 annos
2817 5646 3124 5715 signiﬁcari.
