3870 6146
371 313 465 371 lll

1005 312 1066 366 Β.
1108 308 1359 366 RABANI
1399 309 1617 366 MAURI
1653 309 1970 367 ARCHIEP.
2008 310 2317 369 MOGUNT.
2359 311 2642 369 OPERUM
2679 313 2858 372 PARS
2895 315 2937 371 Ῑ.

3505 322 3619 381 ΗΞ

442 425 629 479 Omnis
668 425 866 479 etenim
903 423 1108 478 electus
1137 431 1297 492 atque
1326 423 1381 476 in
1405 423 1492 476 via
1525 423 1733 476 Domini
1764 422 1939 492 perfe-
1967 424 2017 484 Α
2045 432 2273 501 tremum
2325 425 2393 478 ad
2443 422 2803 482 Salomonem.
2850 426 3005 483 Unde
3045 446 3188 485 nunc
3246 433 3323 488 ait
3350 426 3518 489 inanu
3550 437 3616 489 ad

374 523 509 579 etus,
534 522 589 568 et
614 514 793 579 homo,
831 521 879 567 et
909 512 1120 575 vitulus,
1151 521 1205 567 et
1228 513 1312 567 leo
1345 511 1504 567 simul
1535 519 1592 567 et
1616 512 1792 581 aquila
1815 520 1935 567 est:

375 610 534 662 homo
565 604 707 658 enim
742 604 998 657 rationale
1020 613 1105 659 est
1129 603 1348 669 animal,
1376 603 1575 657 vitulus
1599 603 1653 658 in
1676 602 1940 658 sacriﬁcio

375 695 594 748 mactari
622 693 777 758 solet,
803 693 886 747 leo
909 708 1034 747 vero
1057 694 1383 747 torttssimus
1412 693 1706 747 bestiarum
1733 693 1800 746 ad
1826 691 1943 746 nul-

373 784 476 840 lius
501 783 711 853 pavebit
736 798 1044 846 occursum,
1071 782 1250 851 aquila
1281 783 1347 837 ad
1381 781 1630 837 sublimia
1664 781 1862 847 evolat,
1886 790 1942 835 et

373 888 427 926 ιη
455 875 824 928 reverberatos
849 873 979 927 solis
1004 873 1182 928 radios
1205 873 1388 927 oculos
1418 873 1663 928 intendit.

444 963 631 1017 Omnis
648 962 828 1031 itaque
844 962 935 1031 qui
958 962 1011 1015 in
1037 962 1244 1016 ratione
1257 961 1526 1032 perfectus
1539 973 1643 1026 est,
1660 962 1820 1016 homo
1839 970 1940 1026 est,

376 1060 431 1105 et
475 1052 688 1120 quando
729 1051 1073 1120 semetipsum
1124 1050 1192 1103 ab
1237 1050 1539 1119 bujusmodi
1582 1049 1946 1119 voluptatibus

318 1135 323 1139 ’
376 1141 683 1206 mortiﬁcat,
715 1140 914 1194 vitulus
934 1147 1033 1194 est.
1058 1138 1193 1206 Quia
1219 1153 1347 1192 vero
1381 1139 1493 1207 ipsa
1527 1153 1622 1193 sua
1653 1147 1943 1207 spontanea

378 1230 791 1285 mortiﬁcatione
838 1238 1025 1285 contra
1073 1229 1295 1283 adversa
1351 1227 1527 1281 omnia
1578 1227 1944 1281 fortitudinem

375 1323 681 1378 securitatis
709 1323 889 1387 habet,
918 1320 1001 1376 leo
1026 1328 1126 1375 est.
1156 1318 1304 1374 Unde
1328 1320 1587 1389 scriptum
1617 1326 1701 1372 est
1724 1335 1737 1370 :
1759 1315 1947 1371 Justus

377 1422 574 1476 autent,
603 1412 754 1481 quasi
781 1411 859 1464 leo
885 1409 1152 1479 con/ideas
1185 1409 1375 1477 absque
1400 1419 1597 1462 terrore
1625 1409 1722 1462 erit
1762 1407 1943 1474 (Prov.

378 1500 589 1570 xxvm).

447 1590 580 1656 Quia
610 1606 736 1644 vero
758 1590 1057 1645 sublimiter
1081 1590 1469 1658 contemplatur
1487 1604 1548 1643 ea
1571 1604 1691 1658 qua:
1710 1586 1947 1642 caelestia

378 1689 538 1749 atque
574 1688 775 1735 acterna
802 1688 941 1743 sunt,
974 1680 1151 1750 aquila
1176 1689 1276 1734 est.
1303 1679 1471 1750 Igitur
1496 1680 1749 1749 quoniam
1768 1678 1947 1746 justus

376 1769 602 1836 quisque
636 1784 732 1837 per
753 1768 1016 1823 rationem
1053 1768 1232 1833 homo,
1272 1785 1368 1839 per
1401 1768 1721 1822 sacriﬁcium
1762 1767 1949 1821 morti—
1977 1772 2023 1831 Β

380 1859 645 1912 tieationis
687 1874 797 1913 sua:
841 1859 1062 1925 vitulus,
1107 1876 1203 1929 per
1249 1858 1613 1914 fortitudinem
1645 1860 1950 1914 securitatis

381 1948 481 2010 leo,
514 1962 609 2014 per
634 1947 1136 2018 contemplationem
1165 1964 1293 2002 vero
1321 1948 1550 2007 edicitur
1578 1948 1771 2017 aquila,
1804 1955 1949 2002 recte

374 2049 476 2103 per
503 2035 613 2088 haec
641 2045 695 2088 et
722 2046 915 2091 caetera
941 2037 1191 2091 animalia
1215 2038 1413 2107 signari
1439 2038 1803 2106 unusquisque
1827 2052 1951 2106 per-

377 2125 550 2184 lectus
591 2135 785 2195 potest.
823 2127 974 2191 Quod
1010 2128 1210 2182 idcirco
1244 2126 1493 2194 dicimus,
1532 2136 1592 2181 ut
1621 2143 1684 2182 ea
1720 2143 1840 2197 quae
1884 2128 1950 2182 de

379 2225 610 2284 quatuor
638 2216 956 2271 animalibus
994 2218 1134 2273 dicta
1168 2227 1313 2282 sunt,
1345 2220 1614 2288 pertinere
1637 2233 1851 2287 quoque
1881 2218 1950 2272 ad

379 2306 741 2377 perfectorum
770 2302 1008 2378 singulos
1034 2308 1482 2365 demonstremus.

448 2394 602 2461 Quod
631 2405 810 2451 autem
862 2397 1060 2451 dicitur
1084 2398 1253 2467 gloria
1300 2398 1511 2451 Domini
1556 2399 1668 2452 sive
1697 2396 1951 2465 majestas

377 2500 498 2548 quin
520 2493 744 2539 steterat
770 2486 823 2539 in
852 2486 1033 2555 templi
1065 2486 1271 2552 limine,
1310 2488 1525 2541 stetisse
1575 2503 1736 2557 super
1759 2489 1953 2543 cheru-

377 2576 510 2637 bim,
543 2590 663 2643 qute
715 2575 979 2629 elevantia
1039 2576 1154 2630 alas
1207 2592 1351 2643 suas,
1382 2578 1643 2647 propheta
1673 2588 1947 2646 cernente,

378 2666 614 2720 exaltata
644 2674 792 2731 sunt,
836 2668 970 2722 rotis
990 2668 1195 2737 pariter
1238 2669 1605 2738 sequentibus,
1653 2679 1707 2724 et
1738 2672 1951 2727 stetisse

378 2755 433 2810 in
460 2757 681 2811 introitu
717 2757 906 2812 domus
936 2758 1147 2813 Domini
1188 2759 1495 2823 Orientalis,
1531 2762 1768 2815 ostendit
1808 2764 1950 2831 quod

376 2844 637 2916 paulatim
666 2846 929 2916 proiectio
949 2847 1044 2901 Dei
1075 2847 1304 2917 requirit
1347 2848 1533 2903 Israel.
1579 2849 1821 2905 Primum
1851 2851 1951 2907 fuit

381 2939 436 2992 in
470 2939 686 3010 templo,
729 2941 920 2995 deinde
949 2942 1098 2996 stetit
1123 2942 1177 2995 in
1208 2942 1348 2996 atrio
1377 2943 1580 3012 templi,
1607 2945 1719 2999 sive
1743 2945 1945 3001 limine.

383 3030 500 3096 Qua
531 3030 819 3084 recedente
847 3029 914 3085 de
958 3030 1177 3100 templo,
1205 3031 1375 3086 nubes
1418 3040 1473 3087 et
1509 3035 1679 3105 caligo
1713 3034 1950 3105 implevit

377 3119 561 3190 templi
628 3121 940 3189 penetralia.
996 3121 1335 3190 Rursumque
1404 3124 1519 3194 ipsa
1588 3127 1755 3196 gloria
1812 3130 1951 3184 sedit
1977 3110 2021 3172 C

379 3225 542 3279 super
564 3211 865 3278 cherubim,
905 3220 959 3267 et
986 3212 1091 3267 illis
1127 3215 1411 3281 stantibus,
1443 3217 1783 3273 avolantibus
1803 3227 1858 3274 et
1882 3221 1948 3275 ad

378 3299 649 3353 exteriora
697 3302 1037 3369 abeuntibus,
1091 3314 1288 3360 secutae
1322 3314 1449 3361 sunt
1494 3317 1644 3373 rotaz,
1696 3316 1751 3363 et
1778 3308 1946 3378 gloria

379 3387 527 3441 stetit
556 3388 607 3441 in
624 3397 778 3458 porta
817 3391 1006 3447 domus
1037 3394 1246 3449 Domini
1294 3395 1599 3452 Orientalis.
1628 3398 1778 3465 Quod
1825 3417 1947 3456 cum

379 3479 639 3546 propheta
664 3480 884 3537 vidisset
909 3502 921 3536 :
946 3483 1130 3554 Ipsum
1152 3496 1247 3551 est,
1274 3489 1468 3558 inquit,
1487 3491 1626 3561 quod
1649 3491 1752 3545 ridi
1774 3494 1949 3548 subter

383 3569 663 3625 Dominum
693 3571 882 3639 Israel,
906 3573 1067 3642 juxta
1088 3577 1305 3644 ﬂuvium
1340 3577 1566 3635 Chobar.
1606 3591 1654 3636 et
1692 3582 1942 3648 intellexi,

377 3660 516 3730 quod
545 3661 806 3715 cherubim
832 3672 1020 3717 essent.

450 3748 587 3815 Quid
622 3751 764 3805 enim
820 3753 945 3807 novi
995 3754 1227 3822 viderat,
1266 3758 1409 3827 quod
1448 3758 1770 3830 intelligeret
1825 3776 1947 3818 esse

377 3841 677 3907 cherubim,
717 3857 835 3911 quae
890 3845 1041 3913 prius
1078 3862 1185 3899 non
1234 3848 1588 3904 intellexerat.
1630 3851 1947 3919 Cherubim,

384 3936 438 3989 in
466 3936 643 4008 lingua
670 3948 851 3995 nostra
874 3943 1103 3998 scientiw
1122 3946 1424 4014 multitudo,
1442 3956 1524 4004 est
1546 3952 1736 4006 notitia
1766 3968 1947 4009 sacra-

379 4036 684 4084 mentorum
722 4031 838 4098 Dei,
869 4042 924 4089 et
953 4036 1179 4091 thronus
1206 4037 1326 4106 ejus
1353 4054 1418 4093 ae
1447 4041 1681 4110 requies.
1715 4043 1865 4100 Unde
1890 4054 1945 4100 et

378 4133 430 4171 In
452 4117 666 4173 Psalmo
687 4121 886 4176 dicitur
916 4141 929 4175 :
962 4122 1064 4188 Qui
1103 4126 1248 4180 sedes
1273 4145 1430 4198 super
1456 4131 1740 4198 cherubim,
1776 4137 1947 4188 mani-

378 4206 566 4276 festare
610 4207 781 4281 (Psal.
813 4212 1017 4284 LXXIX).
1062 4214 1287 4287 Semper
1325 4219 1469 4273 enim
1511 4221 1679 4290 gloria
1733 4223 1945 4279 Domini

378 4298 528 4353 sedet
565 4300 617 4352 in
641 4301 880 4357 scientia:
905 4304 1267 4372 multitudine,
1314 4318 1368 4363 et
1396 4317 1521 4365 tunc
1546 4312 1940 4381 manifestatur,

375 4389 592 4457 quando
628 4403 821 4447 cuncta
852 4395 962 4464 regi
994 4397 1328 4464 providentia
1346 4399 1811 4470 demonstrantur;
1845 4422 1943 4462 nec

380 4479 596 4534 fortuito
619 4482 745 4550 quid
773 4482 910 4549 ﬁeri,
940 4501 1045 4539 non
1085 4488 1264 4542 dicere
1292 4498 1378 4544 est
1398 4495 1706 4562 quempiam
1738 4515 1749 4549 :
1785 4497 1944 4551 Dere-

376 4566 525 4637 liquit
554 4568 808 4623 Dominus
838 4581 1050 4632 terram.
1079 4584 1126 4627 et
1147 4575 1405 4631 Dominus
1432 4596 1534 4633 non
1563 4583 1687 4635 vidit
1724 4584 1939 4655 (Ezeclt.

376 4671 493 4716 vni,
528 4655 626 4726 ιχ).
668 4657 817 4711 Unde
872 4666 926 4712 et
972 4660 1197 4717 intuitus
1244 4666 1522 4720 cherubim
1577 4679 1631 4723 et
1678 4675 1945 4740 appetitus

376 4759 582 4806 eurmn,
625 4755 708 4800 est
753 4747 995 4804 oblivisci
1032 4754 1446 4822 prmteritorum,
1502 4766 1558 4811 et
1594 4759 1645 4813 in
1682 4761 1860 4816 futura
1887 4780 1945 4819 se

377 4837 684 4892 extendere.
717 4839 879 4905 Ecce,
903 4838 1057 4909 juxta
1079 4842 1131 4897 id
1159 4846 1300 4914 quod
1328 4849 1691 4917 promisimus,
1723 4871 1945 4923 quomo-

379 4923 447 4976 do
476 4925 754 4981 cherubim
781 4930 1039 5001 quadriga
1056 4934 1149 4987 Dei
1175 4936 1365 4991 sintex
1389 4948 1696 4996 sanctorum
1722 4944 1942 5001 Patrum

380 5015 658 5069 sententiis
695 5020 1047 5076 ostendimus.
1076 5023 1133 5078 Si
1161 5026 1245 5079 cui
1267 5027 1382 5083 hmo
1409 5033 1672 5099 expositio
1702 5051 1809 5090 non
1832 5038 1946 5108 pla-

380 5111 484 5168 cet,
500 5115 706 5172 quaerat
731 5108 910 5175 aliam,
926 5111 973 5164 si
995 5111 1133 5167 forte
1159 5116 1351 5173 alicubi
1377 5118 1642 5179 invenerit
1666 5128 1944 5184 meliorem

380 5202 539 5264 atque
563 5202 1047 5266 congruentiorem.

453 5284 662 5353 Omnia,
703 5289 893 5359 inquit,
926 5306 1172 5351 venerunt
1209 5301 1401 5370 scripta
1438 5320 1596 5358 manu
1640 5307 1855 5364 Domini
1877 5312 1946 5364 ad

380 5389 478 5439 me,
522 5386 578 5428 ut
606 5377 1225 5449 intelligerempniversa
1254 5406 1409 5459 opera
1438 5396 1767 5466 exemplaris.
1812 5399 1944 5454 Tra-

378 5465 512 5520 dunt
550 5466 761 5523 Hebrzni
788 5474 1063 5544 exemplar
1094 5479 1274 5547 templi
1324 5491 1378 5535 et
1421 5465 1670 5539 vasorum
1696 5487 1863 5558 Moysi
1886 5490 1941 5544 in

380 5566 560 5625 nionte
602 5564 880 5616 monstrati
913 5565 979 5618 ad
1027 5564 1208 5621 Iesum
1255 5575 1583 5640 pervenisse,
1631 5577 1822 5632 deinde
1875 5580 1941 5634 ad

379 5640 601 5715 iudices,
627 5662 680 5707 et
706 5651 771 5706 ad
804 5653 938 5722 llcli,
973 5665 1026 5712 et
1052 5658 1118 5712 ad
1154 5660 1387 5731 Samuel,
1421 5675 1472 5719 et
1522 5666 1708 5735 David,
1751 5672 1815 5726 ad
1846 5693 1939 5729 cx-

2040 530 2098 570 se
2144 515 2355 569 Domini
2395 517 2722 585 pervenisse.
2769 517 2942 573 Aliter
2990 535 3181 576 manus
3230 523 3446 578 Domini
3500 525 3618 594 ipse

2040 612 2127 659 est
2149 604 2316 659 Filius
2336 604 2453 667 Dei,
2480 620 2576 674 per
2606 607 2758 676 cujus
2786 608 2986 663 donum
3016 610 3131 680 ipse
3157 611 3324 665 David
3350 621 3404 667 et
3429 630 3619 669 omnes

2040 691 2217 745 cuncti
2272 703 2629 761 perceperunt
2678 696 2937 765 quidquid
2991 698 3056 752 de
3110 708 3312 754 sancta:
3361 700 3620 757 Ecclesia:

2041 788 2315 836 structura
2345 784 2448 838 rite
2476 800 2767 856 agnoscere
2789 799 2840 843 et
2853 788 3239 846 rationabiliter
3252 792 3497 863 proferre
3525 810 3620 847 va-

2041 872 2241 928 lebant.

2598 966 2824 1025 CAPUT
2854 969 3048 1026 XXIX.

2043 1055 2122 1110 De
2145 1057 2711 1131 benedictioneDauid.
2742 1078 2846 1131 qua
2880 1061 3137 1117 benedixit
3182 1064 3466 1121 Dominum
3498 1087 3619 1123 cum

2114 1128 2255 1205 omni
2284 1127 2475 1192 Israel,
2500 1127 2776 1205 immolaris
2805 1133 3038 1205 victimas
3056 1134 3300 1199 Domino,
3325 1147 3374 1189 et
3395 1138 3622 1205 oﬁ'erens

2114 1195 2417 1273 holocausta
2436 1211 2457 1273 _:
2498 1198 2585 1273 ubi
2631 1211 2889 1273 unxerunt
2921 1195 3296 1273 S_alomonem,v
3319 1195 3491 1273 ﬁliuni
3512 1208 3622 1260 Da-

2116 1265 2223 1330 vid,
2249 1267 2490 1338 secundo
2509 1267 2563 1320 in
2606 1268 2887 1338 principem
2930 1270 3175 1335 Domino,
3223 1265 3271 1327 et
3319 1265 3507 1329 'Sadoc
3562 1278 3617 1330 in

2115 1334 2431 1403 pontiﬁcem.
2461 1335 2534 1389 De
2562 1334 2621 1389 eo
2655 1334 2796 1458 puod
2820 1338 3072 1394 Salomon
3095 1334 3225 1395 sedit
3251 1360 3407 1413 super
3427 1346 3620 1399 solium

2115 1403 2308 1458 David.
2339 1414 2386 1458 et
2414 1406 2590 1458 naruil
2634 1406 2713 1458 ili
2747 1409 2915 1458 omnis
2942 1408 3134 1458 Israel-
3167 1413 3253 1458 cui
3304 1414 3448 1458 dedit
3482 1414 3620 1458 nam

2115 1403 2308 1475 David,
2339 1414 2386 1458 et
2414 1406 2590 1474 paruit
2634 1403 2713 1459 illi
2747 1409 2915 1461 omnis
2942 1408 3134 1475 Israel,
3167 1413 3253 1465 cui
3304 1403 3448 1468 dedit
3477 1414 3624 1469 Deus

2118 1472 2534 1594 glolriamlreani.
2561 1475 2768 1532 aualem
2795 1478 2973 1532 nullus
2996 1472 3177 1535 habuit
3216 1493 3334 1537 ante
3366 1500 3488 1537 eum
3532 1501 3623 1539 rea:

2118 1559 2170 1594 ιη
2227 1559 2346 1594 srae
2371 1584 2384 1594 .
3202 1572 3220 1587 ’

2116 1559 2170 1595 ιη
2197 1559 2384 1596 Israel.
3202 1572 3220 1587 ’

2119 1631 2352 1688 Polliciti
2379 1645 2499 1689 sunt
2538 1640 2713 1708 itaque
2750 1638 3005 1708 principes
3048 1640 3395 1710 familiarum,
3419 1655 3467 1697 et
3495 1663 3610 1715 pro-

2050 1741 2189 1779 ceres
2210 1723 2382 1778 Israel
2415 1725 2663 1791 tribuum,
2690 1727 2885 1781 tribuni
2912 1745 3114 1800 quoque
3135 1740 3183 1784 et
3224 1720 3555 1787 centuriones
3577 1746 3625 1788 et

2049 1814 2305 1884 principes
2353 1816 2738 1883 possessionum
2784 1816 2938 1888 regis,
2985 1819 3337 1892 dederuntque
3384 1823 3438 1876 in
3468 1841 3625 1893 opera

2048 1902 2234 1957 domus
2266 1903 2476 1958 Domini
2513 1906 2631 1958 auri
2657 1904 2855 1961 talenta
2885 1909 3109 1980 quinque
3130 1910 3318 1978 millia,
3352 1922 3399 1967 et
3427 1913 3626 1968 solidos

2049 1994 2222 2047 decem
2270 1992 2457 2057 millia,
2508 1996 2710 2064 argenti
2741 1995 2939 2050 talenta
2972 1998 3144 2052 decem
3197 2000 3391 2067 millia,
3423 2011 3473 2056 et
3503 2004 3627 2058 aeris

2050 2080 2247 2134 talenta
2275 2081 2448 2135 decem
2473 2091 2521 2135 et
2552 2093 2664 2136 octo
2685 2082 2873 2150 millia,
2906 2085 3036 2154 ferri
3056 2104 3260 2159 quoque
3282 2101 3487 2147 centum
3506 2094 3629 2146 mil-

2049 2171 2121 2225 lia
2145 2171 2495 2239 talentorum;
2521 2183 2570 2228 et
2598 2176 2739 2246 apud
2781 2194 3138 2251 quemcunque
3172 2182 3366 2237 inventi
3391 2195 3511 2238 sunt
3542 2186 3627 2239 la-

2047 2264 2212 2333 pides,
2249 2265 2502 2319 dederunt
2526 2267 2581 2320 in
2615 2268 2916 2324 thesaurum
2938 2271 3123 2326 domus
3157 2273 3369 2328 Domini
3398 2293 3489 2346 per
3508 2293 3629 2331 ma-

2050 2369 2173 2407 num
2214 2354 2390 2408 Jahiel
2445 2354 2755 2423 Gersonitis,
2797 2366 2852 2413 et
2887 2360 3113 2431 reliqua.
3147 2362 3287 2430 Quid
3319 2374 3402 2420 est
3427 2405 3443 2431 ,
3481 2368 3629 2438 quod

2050 2444 2218 2499 David
2252 2445 2511 2503 offerente
2555 2450 2827 2518 impensas
2850 2452 3251 2522 cepiosiSStmas
3282 2454 3348 2508 ad
3379 2456 3628 2511 aediﬁca-

2055 2537 2252 2592 tionem
2307 2539 2498 2594 domus
2542 2541 2658 2606 Dei,
2695 2542 2967 2611 principes
3012 2560 3227 2614 quoque
3275 2544 3631 2615 familiarum,

2051 2642 2303 2696 proceres
2333 2638 2388 2683 et
2422 2630 2647 2696 tribuni,
2694 2641 2749 2685 et
2772 2640 2982 2687 cteteraa
3021 2634 3325 2704 dignitates,
3351 2637 3416 2691 de
3455 2638 3630 2693 facul—

2051 2716 2252 2771 tatibus
2276 2718 2386 2773 suis
2403 2719 2455 2773 in
2488 2719 2628 2775 idem
2648 2714 2782 2791 o‘pus
2809 2724 3181 2792 expenderunt
3210 2725 3348 2780 dona
3379 2727 3627 2784 diversa:

2050 2807 2152 2861 nisi
2200 2809 2341 2877 quod
2368 2810 2754 2879 unusquisque,
2805 2812 2898 2880 qui
2949 2812 3268 2885 sibimetipsi
3319 2824 3373 2869 et
3402 2817 3483 2871 eis
3529 2819 3627 2886 qui

2050 2912 2235 2953 secum
2263 2898 2536 2953 suntbene
2564 2899 2862 2970 principari
2889 2910 2943 2955 et
2969 2903 3072 2957 rite
3100 2919 3331 2974 praeesse
3357 2905 3631 2971 didicerit,

2048 2988 2413 3058 praeveniente
2440 3004 2497 3043 se
2522 2990 2693 3059 gratia
2717 2990 2834 3056 Dei,
2859 2999 3117 3060 quantum
3142 3008 3206 3048 ex
3236 3009 3295 3048 se
3323 2994 3390 3048 ad
3410 2995 3633 3050 lucran-

2053 3078 2179 3133 dum
2204 3079 2499 3148 proximos,
2538 3087 2592 3134 et
2638 3094 2773 3149 opus
2796 3080 2892 3135 Dei
2933 3082 3218 3151 agendum,
3270 3099 3367 3152 per
3389 3085 3633 3140 studium

2050 3167 2249 3222 bonum
2278 3184 2343 3223 ac
2389 3169 2637 3224 devotam
2678 3171 3036 3226 humilitatem
3068 3174 3290 3244 obsequi
3344 3175 3526 3240 debet,
3575 3187 3641 3232 ut

2051 3255 2166 3325 ipse
2186 3271 2283 3326 pro
2308 3257 2513 3313 viribus
2543 3259 2597 3312 in
2623 3260 2909 3330 splendore
2938 3262 3235 3331 sapientiae,
3260 3264 3315 3317 in
3335 3265 3636 3321 verborum

2050 3346 2243 3414 nitore,
2274 3349 2327 3403 in
2349 3350 2749 3419 praedicationis
2775 3353 3087 3419 sonoritate,
3119 3354 3169 3407 in
3196 3355 3452 3411 ﬁrmitate
3478 3357 3633 3423 ﬁdei,

2050 3447 2105 3493 et
2142 3440 2369 3508 ge‘mmis
2395 3440 2727 3494 diversarum
2751 3443 3006 3497 virtutum
3028 3444 3224 3498 donum
3250 3446 3363 3509 Dei,
3387 3449 3493 3502 hoc
3523 3460 3635 3511 est,

2050 3536 2290 3582 sanctam
2342 3529 2637 3585 Ecclesiam
2672 3530 2941 3588 {edulcare
2990 3535 3232 3590 nitatur?
3282 3537 3421 3603 Quia
3463 3538 3628 3608 juxta

2048 3616 2196 3672 Pauli
2224 3621 2543 3674 sententiam
2566 3625 2915 3694 unusquisque
2933 3642 2964 3678 a
2988 3625 3209 3681 Domino
3234 3630 3521 3684 mercedem
3544 3650 3641 3685 ac-

2051 3709 2200 3777 cipiet
2219 3711 2504 3764 secundum
2529 3730 2681 3766 suum
2705 3713 2953 3768 laborem.
2989 3715 3046 3771 Si
3064 3718 3179 3788 quis
3211 3719 3443 3789 (ediﬁcat
3472 3741 3638 3795 super

2048 3798 2444 3869 fundamentum
2464 3800 2579 3868 Dei,
2603 3819 2808 3867 aurum,
2830 3816 3117 3876 argentum,
3141 3807 3337 3877 lapides
3349 3812 3635 3879 pretiosos,

2048 3888 2334 3941 mercedem
2365 3891 2602 3960 accipiet,
2649 3892 2763 3962 ejus
2799 3910 2928 3963 opus
2969 3909 3254 3965 permanet.
3299 3899 3405 3963 Qui
3447 3912 3633 3957 autem

2047 3977 2258 4048 fragilia
2303 3981 2554 4033 construit
2586 3997 2761 4051 Opera,
2804 3983 2907 4038 hoc
2928 3993 3027 4047 est,
3058 3984 3279 4056 lignum,
3310 3989 3514 4058 fenum,
3535 3996 3637 4046 sti-

2045 4068 2245 4137 pulum,
2285 4069 2403 4139 igne
2432 4071 2596 4139 futuri
2633 4073 2826 4143 judicii
2850 4092 2910 4128 ea
2950 4087 3215 4144 exurente,
3257 4080 3635 4138 detrimentum

2045 4163 2273 4230 patietur
2301 4161 2355 4233 (1
2375 4161 2495 4216 Cor.
2520 4163 2626 4234 ιιι).
2650 4164 2936 4236 Postquam
2969 4184 3093 4223 vero
3116 4168 3394 4240 Scriptura
3423 4174 3493 4229 de
3512 4190 3638 4231 ora-

2046 4254 2190 4307 tione
2220 4253 2385 4308 David
2414 4254 2601 4322 refert,
2632 4256 2877 4329 adjungit
2906 4259 3091 4315 dicens
3122 4279 3135 4314 :

2117 4344 2372 4415 Pra'cepit
2398 4356 2569 4401 autem
2608 4347 2778 4402 David
2822 4352 3079 4406 universa:
3131 4352 3384 4412 Ecclesia:
3408 4359 3591 4416 dicens
3615 4377 3635 4415 :

2049 4431 2342 4487 Benedicite
2386 4434 2610 4489 Domino
2653 4437 2762 4492 Deo
2794 4448 2986 4494 nostra.
3038 4441 3107 4496 Et
3162 4445 3420 4503 benedixit
3457 4456 3636 4510 omnis

2048 4521 2284 4576 Ecclesia
2303 4523 2522 4578 Domino
2545 4525 2651 4579 Deo
2686 4536 2894 4597 patrum
2915 4547 3151 4595 suorum,
3175 4543 3223 4587 et
3243 4536 3637 4597 inclinaverunt

2048 4630 2123 4677 se,
2145 4622 2193 4665 et
2215 4614 2561 4668 adorat'erunt
2596 4616 2873 4671 Dominum
2902 4629 2947 4672 et
2980 4621 3167 4675 deinde
3207 4642 3412 4695 regem;
3438 4629 3633 4687 immo-

2049 4702 2380 4775 laveruntque
2408 4708 2638 4760 uictimas
2662 4707 2905 4776 Domino,
2924 4722 2970 4764 et
2997 4713 3291 4770 obtulerunt
3314 4719 3634 4779 holocausta

2050 4793 2134 4845 die
2153 4798 2692 4864 consequenti,tauros
2718 4798 2879 4864 mille,
2910 4810 2957 4854 et
2987 4806 3174 4859 arietes
3198 4808 3356 4875 mille,
3381 4822 3431 4864 et
3463 4831 3633 4883 agnos

2050 4882 2212 4947 mille,
2240 4899 2355 4936 cum
2386 4884 2719 4940 libaminibus
2749 4889 2859 4942 suis
2879 4900 2925 4943 et
2954 4893 3189 4947 universo
3221 4897 3321 4949 ritu
3342 4882 3633 4958 abundan-

2050 4973 2247 5049 tissime
2282 4975 2335 5025 in
2366 4989 2567 5045 omnem
2592 4975 2782 5043 Israel,
2824 4988 2871 5032 et
2915 4983 3243 5038 comederunt
3288 4997 3336 5040 et
3380 4990 3628 5049 biberunt

2049 5045 2225 5111 coram
2246 5059 2471 5115 Domino
2494 5063 2548 5116 in
2570 5063 2765 5119 dieillo
2786 5082 2904 5120 cum
2932 5071 3121 5138 grandi
3148 5072 3355 5142 la‘titia,
3378 5088 3429 5133 et
3458 5098 3630 5138 unre-

2050 5156 2172 5200 runt
2216 5149 2441 5201 secundo
2506 5151 2841 5208 Salomonem
2883 5156 3051 5224 ﬁlium
3106 5160 3276 5216 David
3300 5205 3315 5227 ,
3359 5183 3633 5226 unxerunt

2052 5245 2225 5291 autem
2251 5254 2368 5292 eum
2408 5239 2633 5296 Domino
2663 5245 2718 5297 in
2754 5247 3056 5317 principem,
3086 5260 3132 5304 et
3161 5251 3329 5308 Sadoc
3359 5258 3414 5310 in
3442 5266 3631 5329 ponti-

2049 5325 2217 5393 ﬁcem.
2250 5329 2387 5382 Dum
2413 5328 2580 5385 David
2605 5332 2888 5389 Dominum
2918 5338 3276 5407 benediceret,
3306 5353 3416 5401 tota
3438 5325 3633 5406 Eccle-

2045 5415 2124 5469 sia
2149 5418 2216 5471 ab
2244 5418 2359 5486 ipso
2383 5423 2709 5477 commonita
2724 5423 3007 5481 Dominum
3034 5431 3384 5489 benedicebat
3411 5448 3468 5492 et
3496 5443 3634 5497 ado-

2045 5503 2220 5566 rabat,
2250 5504 2533 5563 immolans
2574 5511 2624 5564 ei
2651 5513 2914 5575 victimas.
2945 5526 2998 5570 et
3026 5518 3255 5575 oll'erens
3279 5521 3629 5591 holocausta.

2046 5592 2167 5660 quia
2197 5598 2541 5666 congregatio
2586 5599 2822 5657 ﬁdelium
2857 5608 3071 5677 scriptis
3103 5613 3498 5682 prophetarum
3525 5625 3633 5677 ad-

2048 5682 2270 5749 monita,
2314 5693 2367 5739 et
2413 5698 2724 5747 sanctorum
2778 5693 2996 5752 Patrum
3047 5701 3204 5756 dictis
3245 5706 3410 5762 simul
3452 5722 3625 5781 atque
