3870 6146
208 326 296 384 H3
1069 313 1419 371 COMMENT.
1459 312 1524 367 1N
1560 303 2107 364 PARALIPOMENA.
2148 335 2218 346 ——
2256 303 2383 359 LIB.
2425 301 2509 361 III.

3326 303 3430 363 4M

211 440 449 510 exemplis
470 422 783 508 provocant,
799 429 985 487 laudes
1009 440 1064 486 et
1090 434 1319 502 hymnos
1339 428 1451 483 Deo
1467 424 1761 485 celebrant,
1791 419 1842 479 Α
1868 420 2008 488 regis
2029 419 2134 474 rite
2158 433 2414 489 spernere
2442 417 2582 471 valet
2602 415 3263 487 dominationem,propter
3279 433 3431 485 quem

210 531 517 592 immolando
550 528 599 584 ei
644 528 747 597 piae
794 524 1149 579 confessionis
1200 522 1426 585 hostias,
1464 527 1518 572 et
1565 524 1766 571 sancta:

210 618 616 681 conversationis
656 630 778 670 cum
814 613 991 668 fructu
1014 614 1277 668 bonorum
1307 622 1552 679 operum.
1598 602 1769 659 Oll'ert

214 714 527 773 holocausta,
560 709 661 762 hoc
686 712 791 769 est,
818 712 1002 758 tauros
1040 702 1114 771 pii
1145 700 1367 761 laboris,
1401 696 1601 750 arietes
1635 690 1766 760 justi

213 803 486 877 regiminis,
525 810 580 853 et
628 811 794 867 agnos
827 808 968 848 verae
1008 790 1370 860 simplicitatis
1414 793 1575 854 atque
1606 784 1764 836 inno—

214 899 397 962 centiae,
431 909 557 949 cum
571 888 914 946 libaminibus
931 886 1117 953 utique
1130 895 1408 936 sacrarum
1436 876 1764 931 orationum.

216 987 344 1057 Quod
364 992 550 1038 autem
570 996 668 1051 per
695 976 1053 1032 millenarium
1075 984 1357 1025 numerum
1387 964 1768 1035 praedictorum

216 1050 503 1134 inimalium
523 1050 750 1127 censura
777 1065 1117 1127 describitur,
1133 1057 1403 1130 signiﬁcat
1418 1054 1602 1109 ﬁdeles
1612 1050 1771 1107 Chri-

215 1171 272 1225 sti
289 1183 345 1223 ea
376 1163 677 1220 intentione
709 1157 1008 1214 oblationes
1020 1153 1130 1206 Deo
1144 1149 1372 1211 deferre,
1388 1155 1653 1215 quatenus
1675 1155 1771 1211 per

217 1260 359 1329 ipsius
383 1254 619 1327 gratiam
648 1258 865 1304 :eterme
893 1246 1012 1299 vita:
1044 1240 1335 1311 perfectam
1382 1233 1769 1290 beatitudinem

140 1379 148 1389 -
217 1322 451 1416 consequi
497 1347 805 1397 mereantur
834 1353 849 1401 ;
886 1336 1094 1401 hocque
1129 1331 1364 1398 ipsorum
1392 1334 1473 1380 est
1494 1322 1765 1396 gaudium,

219 1440 316 1493 btcc
334 1433 511 1490 cordis
533 1440 588 1485 et
622 1430 814 1483 animm
839 1433 950 1479 tota
983 1420 1230 1483 intentio,
1267 1426 1327 1470 ut
1353 1418 1455 1470 hac
1477 1430 1574 1483 spe
1604 1426 1770 1466 unus-

219 1530 422 1599 quisque
455 1523 809 1590 semetipsum
842 1514 1126 1571 conﬁrmet
1153 1552 1168 1576 ,
1228 1519 1284 1565 et
1323 1510 1394 1564 ob
1422 1505 1771 1574 indigentiam

220 1594 355 1670 famis
382 1613 581 1667 futura:
610 1610 867 1662 virtutum
909 1619 967 1658 se
995 1602 1248 1672 operibus
1293 1597 1504 1667 replere
1532 1594 1770 1650 studeat.

221 1708 350 1774 Quod
374 1713 557 1760 autem
600 1690 963 1771 subjungitur,
989 1695 1114 1766 quia
1143 1692 1360 1747 unxerit
1406 1689 1641 1745 secundo
1669 1687 1772 1742 Sa-

1868 513 2063 569 omnia,
2086 521 2132 564 et
2154 527 2246 580 per
2265 526 2416 580 quem
2429 508 2625 571 omnia,
2651 508 2739 577 qui
2759 506 2950 561 multos
2975 507 3113 576 ﬁlios
3134 507 3187 561 in
3212 506 3434 577 gloriam

1868 600 2186 666 adduxerat,
2229 608 2415 653 auctor
2457 596 2643 653 salutis
2696 608 2888 652 nostrw
2938 596 3124 667 (Hebr.
3151 596 3233 667 ll).
3285 594 3437 650 Unde

1866 708 2055 748 omnes
2080 692 2155 746 illi
2181 692 2398 745 tradunt
2422 703 2611 743 manus
2630 695 2686 743 et
2706 687 2928 755 subjecti
2958 694 3117 741 erunt
3141 686 3439 742 servientes

1869 792 1921 839 et
1948 782 2209 837 facientes
2238 781 2567 835 voluntatem
2598 778 2732 847 ejus.
2768 777 3055 847 Sequitur:

1940 871 2293 943 Magni/icavit
2319 887 2439 941 ergo
2472 871 2723 924 Dominus
2767 867 3099 923 Salomonem
3143 884 3298 940 super
3323 883 3437 922 om-

1870 982 1984 1021 nem
2007 964 2197 1027 Israel,
2219 973 2265 1017 et
2288 962 2429 1016 dedit
2460 961 2540 1014 illi
2567 960 2788 1030 gloriam
2820 962 2982 1030 regni,
3021 958 3229 1030 qualem
3260 959 3436 1013 nullus

1868 1055 2048 1108 habuit
2078 1062 2198 1105 ante
2236 1067 2352 1104 eum
2383 1066 2474 1103 rea:
2521 1048 2707 1103 Israel.
2755 1048 2891 1116 Quia
2944 1047 3206 1102 Paciﬁcus
3252 1057 3439 1102 noster

1871 1157 2098 1213 magnus
2136 1149 2218 1195 est
2260 1139 2538 1203 Dominus,
2589 1147 2645 1192 et
2687 1136 2969 1191 laudabilis
3012 1138 3197 1202 nimis,
3230 1147 3284 1191 et
3323 1138 3436 1191 Rex

1873 1250 2096 1306 magnus
2133 1241 2293 1303 super
2330 1246 2515 1285 omnes
2567 1231 2715 1294 deos,
2765 1230 3051 1300 nullusque
3083 1246 3269 1301 regum
3306 1233 3355 1284 ei
3386 1232 3439 1283 in

1875 1334 1987 1381 toto
2035 1325 2165 1378 orbe
2202 1332 2467 1377 terrarum
2510 1320 2779 1390 adaquari
2810 1328 3033 1389 potest:
3078 1319 3216 1385 Quia
3266 1321 3439 1374 omnia

1871 1432 1963 1488 per
1981 1417 2151 1485 ipsum
2177 1427 2224 1466 et
2239 1413 2295 1466 in
2314 1413 2424 1481 ipso
2442 1422 2617 1465 creata
2639 1420 2781 1474 sunt,
2810 1419 2859 1463 et
2881 1412 2991 1479 ipse
3012 1419 3088 1463 est
3108 1419 3230 1463 ante
3244 1426 3440 1471 omnes,

1872 1515 1920 1560 et
1946 1505 2121 1559 omnia
2160 1505 2214 1556 in
2238 1504 2348 1572 ipso
2377 1508 2611 1556 Constant
2636 1501 2771 1572 (Col.
2794 1501 2865 1573 1);
2904 1503 2993 1572 qui
3034 1502 3266 1555 ascendit
3292 1517 3446 1570 super

1875 1612 2046 1651 omnes
2074 1594 2247 1659 caelos,
2302 1603 2357 1646 ut
2391 1592 2695 1663 adimpleret
2716 1593 2890 1646 omnia
2917 1592 3132 1663 (Ep/tes.
3162 1592 3236 1662 tv)
3256 1609 3270 1658 ;
3294 1590 3446 1659 cujus

1876 1700 2098 1757 regnum
2124 1700 2342 1756 regnum
2366 1693 2447 1739 est
2468 1684 2702 1739 omnium
2717 1683 3059 1750 saeculorum,
3082 1692 3136 1739 et
3153 1684 3447 1739 dominatio

220 1800 464 1854 lomonem
493 1795 662 1850 ﬁlium
701 1789 869 1845 David
897 1786 1126 1843 Domino
1166 1784 1219 1837 in
1242 1782 1566 1853 principem,
1592 1788 1646 1833 et
1670 1776 1775 1833 Sa-
1802 1760 1850 1819 B
1878 1776 1995 1846 ejus
2020 1776 2072 1829 in
2096 1776 2243 1830 onmi
2278 1775 2626 1845 generatione
2653 1781 2708 1828 et
2740 1775 3011 1844 progenie.

222 1890 306 1945 doc
339 1890 388 1942 in
425 1884 732 1957 pontiﬁcem
764 1923 778 1946 ,
810 1880 1073 1951 signiﬁcat
1108 1876 1389 1931 Dominum
1436 1872 1774 1927 Salvatorem

222 1980 269 2033 in
290 1979 424 2048 regia
464 1974 624 2031 simul
672 1981 727 2027 et
766 1969 1057 2042 pontiﬁcali
1110 1967 1369 2036 dignitate
1413 1964 1481 2018 ab
1526 1960 1775 2017 omnibus

224 2070 445 2125 ﬁdelibus
474 2082 607 2122 sana
642 2065 743 2119 ﬁde
787 2071 841 2119 et
864 2063 948 2131 pia
978 2058 1315 2115 confessione
1365 2055 1543 2112 colere
1571 2052 1777 2123 pariter

220 2170 268 2215 et
294 2158 553 2214 venerari.
592 2155 724 2209 Nam
769 2154 893 2224 quia
923 2151 1176 2206 Salomon
1203 2147 1478 2218 paciﬁcus,
1511 2153 1567 2199 et
1603 2143 1779 2198 Sadoc

215 2250 371 2321 justus
399 2250 808 2317 interpretatur,
844 2243 973 2298 nulli
1007 2241 1199 2297 melius
1235 2254 1395 2309 quam
1429 2234 1776 2305 Redemptori

220 2348 384 2394 nostro
407 2340 527 2393 lunc
550 2336 766 2391 nomina
791 2332 1140 2396 conveniunt,
1160 2332 1251 2400 qui
1270 2340 1353 2384 est
1375 2329 1491 2382 Rex
1518 2335 1573 2381 et
1599 2341 1781 2382 sacer-

221 2430 302 2485 dos
322 2439 520 2485 noster.
542 2427 662 2497 Ipse
685 2426 824 2479 enim
847 2433 919 2478 est
945 2439 1051 2493 pax
1079 2431 1279 2486 nostra,
1307 2420 1395 2490 qui
1416 2418 1537 2489 fecit
1561 2426 1780 2486 utraque

223 2520 363 2574 unum
388 2519 612 2591 (Ephes.
639 2525 733 2585 tt),
741 2516 923 2584 justus
971 2510 1305 2579 etjustitiam
1349 2508 1593 2577 diligens,
1614 2506 1779 2575 judex

223 2622 294 2667 est
319 2614 561 2666 vivorum
582 2620 639 2663 et
666 2616 1020 2662 mortuorum.
1060 2604 1214 2659 llunc
1242 2618 1368 2673 ergo
1402 2618 1589 2657 verum
1621 2601 1778 2656 Paci-

223 2701 364 2756 ﬁcum
389 2702 573 2772 primo
603 2698 756 2753 unxit
784 2696 960 2751 omnis
995 2695 1167 2749 ﬁdelis
1204 2694 1259 2748 in
1296 2708 1477 2764 regem
1504 2700 1560 2747 et
1596 2708 1780 2747 sacer-

223 2793 403 2856 dotem,
451 2806 577 2845 cnm
605 2788 752 2842 illum
793 2787 846 2840 in
879 2784 1221 2855 perceptione
1253 2782 1393 2837 sacri
1434 2781 1772 2851 baptismatis

223 2883 366 2937 corde
413 2879 642 2937 credulo
694 2877 1057 2933 conﬁtebatur
1105 2889 1294 2930 verum
1343 2887 1525 2943 regem
1574 2887 1695 2928 esse
1727 2882 1782 2927 et

222 2974 561 3037 sacerdotem,
581 2971 1039 3038 mediatoremque
1059 2967 1154 3022 Dei
1180 2973 1236 3021 et
1270 2964 1568 3029 hominum,
1590 2964 1782 3033 unguit

223 3072 270 3117 et
301 3064 553 3124 secundo,
597 3076 718 3116 cum
749 3059 896 3113 illum
920 3060 1008 3128 pia
1052 3056 1294 3112 doctrina
1329 3063 1385 3109 et
1417 3054 1556 3108 dona
1583 3068 1778 3123 opera-

221 3155 353 3209 tione
374 3169 559 3209 coram
590 3152 712 3205 aliis
736 3149 991 3219 praedicat
1022 3156 1184 3216 atque
1224 3144 1511 3200 collaudat.
1547 3143 1696 3197 Undc
1725 3151 1779 3198 et

223 3259 399 3312 sponsa
431 3245 487 3297 in
516 3242 739 3295 Cantica
774 3239 1107 3294 canticorum
1148 3236 1214 3289 ad
1245 3249 1499 3305 sponsum
1524 3234 1635 3287 ait:
1669 3230 1779 3285 Un-

226 3344 462 3404 guentum
487 3334 735 3402 effusum,
759 3347 943 3385 nomen
972 3339 1117 3383 tuum
1140 3326 1316 3398 (Cant.
1342 3326 1406 3396 l),
1433 3325 1557 3394 quia
1585 3325 1780 3378 cohors

226 3424 445 3477 ﬁdelium
479 3438 604 3477 cum
634 3421 812 3474 valida
860 3419 1111 3489 opinione
1137 3418 1292 3472 bona:
1341 3412 1671 3482 operationis
1716 3427 1781 3466 ac

224 3511 612 3584 praedicationis
634 3510 790 3579 longe
814 3509 1028 3577 lateque
1069 3519 1267 3559 nomen
1306 3502 1474 3571 ipsius
1497 3501 1563 3555 ad
1588 3501 1781 3554 multo-

226 3620 330 3659 rum
362 3604 611 3674 perducit
634 3603 899 3657 notitiam.
933 3601 1006 3655 De
1032 3614 1139 3667 quo
1166 3612 1263 3667 per
1297 3593 1521 3648 Paulum
1549 3591 1777 3646 dicitur:

226 3692 321 3754 Deo
339 3705 515 3750 autem
533 3694 753 3769 gratias,
783 3693 871 3763 qui
893 3706 1092 3760 semper
1120 3686 1403 3756 triumphat
1438 3700 1532 3737 nos
1553 3685 1607 3736 in
1634 3681 1783 3737 Chri-

224 3795 296 3838 sto
312 3783 463 3849 Iesu,
488 3798 535 3837 et
563 3783 778 3839 odorem
802 3781 998 3835 notitia:
1035 3793 1145 3833 suae
1171 3775 1472 3843 manifestat
1501 3792 1593 3845 per
1614 3790 1706 3827 nos
1729 3774 1784 3826 in

226 3878 354 3933 omni
378 3878 492 3931 loco
514 3875 601 3949 (II
635 3874 757 3928 Cor.
789 3872 875 3944 ιι).

287 3966 528 4037 Seditque
550 3964 801 4019 Salomon
840 3976 996 4031 super
1029 3958 1217 4013 solium
1244 3956 1456 4012 Domini
1508 3957 1563 4008 in
1608 3969 1777 4023 regem

222 4074 309 4132 pro
336 4058 501 4113 David
544 4066 694 4127 patre
733 4071 852 4120 suo,
888 4064 938 4108 et
959 4053 1159 4107 cunctis
1188 4051 1406 4121 placuit,
1432 4058 1479 4102 et
1501 4048 1675 4118 paruit
1706 4045 1784 4099 illi

223 4152 380 4204 omnis
415 4148 619 4211 Israel;
645 4147 736 4201 sed
790 4154 839 4200 et
871 4145 1098 4199 universi
1151 4143 1405 4213 principes
1454 4148 1500 4193 et
1531 4146 1781 4207 potentes,

220 4250 267 4292 rt
310 4243 481 4295 cuncti
510 4239 610 4308 ﬁlii
642 4237 774 4308 regis
819 4235 989 4291 David
1019 4234 1269 4288 dederunt
1312 4248 1549 4292 manum,
1587 4240 1631 4284 et
1665 4229 1787 4283 sub-

213 4331 332 4400 jecti
388 4332 604 4400 {uerunt
663 4326 934 4383 Salomoni
977 4325 1105 4395 regi.
1140 4323 1400 4379 Omnibus
1448 4321 1625 4390 placet
1672 4319 1786 4372 veri

1949 1867 2123 1936 Igitur
2149 1866 2340 1929 David,
2365 1864 2507 1933 [ilius
2535 1864 2671 1930 Isai,
2713 1864 2940 1934 regnavit
2966 1881 3123 1935 super
3150 1866 3444 1918 universum

1877 1955 2068 2020 Israel,
2099 1965 2145 2009 et
2168 1955 2298 2019 dies,
2329 1955 2513 2026 quibus
2560 1955 2791 2023 regnavit
2818 1970 2975 2024 super
3015 1953 3206 2018 Israel,
3238 1953 3446 2022 fuerunt

1876 2045 2224 2118 quadraginta
2253 2046 2380 2098 anni
2401 2058 2419 2095 :
2463 2045 2519 2097 in
2542 2041 2754 2097 Hebron
2780 2044 3011 2113 regnavit
3059 2055 3251 2113 septem
3273 2044 3446 2098 annis.

1876 2150 1923 2194 et
1951 2140 2006 2192 in
2024 2136 2317 2192 Jerusalem
2353 2136 2503 2202 annis
2531 2136 2746 2205 triginta
2776 2135 2961 2188 tribus.
3001 2133 3072 2187 Et
3102 2145 3340 2187 mortuus
3368 2143 3441 2187 est

1877 2232 1932 2286 in
1956 2238 2212 2285 senectute
2238 2227 2392 2292 bona,
2426 2226 2607 2296 plenus
2627 2226 2850 2288 dierum,
2878 2234 2929 2279 et
2959 2225 3154 2278 divitiis
3180 2233 3228 2276 et
3255 2222 3445 2293 gloria.

1878 2322 1955 2377 De
1978 2329 2218 2390 tempore
2243 2327 2443 2384 autem,
2471 2334 2579 2388 quo
2608 2319 2853 2388 regnavit
2878 2316 3068 2377 David,
3104 2317 3375 2386 superius,
3392 2324 3451 2369 ut

1879 2426 2024 2477 reor,
2057 2410 2189 2465 satis
2216 2410 2419 2464 dictum
2444 2416 2543 2463 est.
2576 2408 2729 2475 Quod
2777 2417 2957 2463 autem
2984 2409 3133 2473 dicit,
3184 2409 3237 2462 in
3267 2422 3452 2462 senec-

1883 2509 1996 2557 tute
2014 2502 2157 2557 bona
2180 2500 2396 2571 plenum
2424 2500 2653 2563 dierum,
2682 2508 2736 2554 et
2760 2500 2982 2565 divitiis,
3007 2507 3062 2553 et
3092 2499 3285 2571 gloria,
3313 2515 3453 2553 mor.

1883 2602 2032 2653 tuum
2060 2607 2203 2658 esse,
2254 2591 2542 2661 signiﬁcat,
2589 2607 2710 2646 cum
2745 2592 2898 2660 copia
2928 2592 3186 2646 virtutum
3230 2597 3285 2646 et
3319 2590 3454 2646 lucis

1882 2683 2135 2754 operibus
2175 2690 2496 2752 praesentem
2540 2682 2707 2736 vitam
2751 2680 2972 2747 ﬁniisse,
3022 2682 3242 2752 dignum
3276 2682 3454 2751 quiete

1882 2770 2062 2827 futura
2100 2780 2155 2827 et
2183 2786 2348 2842 regno
2371 2770 2598 2825 caelesti.

1952 2863 2063 2918 Nec
2089 2863 2232 2925 enim
2275 2861 2496 2917 memini
2526 2876 2611 2916 me
2631 2858 2829 2917 alicubi
2863 2861 3060 2933 legisse
3081 2861 3376 2930 quemlibet
3399 2862 3452 2914 in

1881 2953 2022 3007 bona
2072 2957 2347 3006 senectute
2395 2948 2705 3004 defunctum
2732 2990 2746 3015 ,
2776 2949 2867 3019 qui
2896 2950 3147 3004 vitiosam
3181 2957 3235 3005 et
3262 2965 3453 3019 pecca-

1883 3043 2071 3097 tricem
2100 3041 2250 3095 duxit
2274 3041 2465 3094 vitam.
2488 3039 2753 3095 Abraham
2775 3041 2918 3094 enim
2940 3050 3145 3095 centum
3172 3052 3218 3096 et
3241 3052 3455 3111 septua-

1883 3134 2026 3204 ginta
2044 3132 2270 3184 duorum
2294 3146 2551 3184 annorum
2570 3141 2806 3185 mortuus
2835 3141 2907 3185 est
2931 3133 2985 3185 in
3011 3141 3269 3186 senectute
3295 3133 3451 3194 bona,

1880 3233 2229 3296 provectteque
2243 3224 2433 3289 a’tatis,
2448 3232 2499 3277 et
2521 3223 2703 3294 plenus
2730 3224 2933 3277 dierum
2954 3222 3107 3295 (Gen.
3123 3223 3271 3295 xxv).
3296 3224 3455 3279 Isaac

1882 3322 2216 3382 consumptus
2272 3322 2424 3366 aetate
2460 3322 2697 3365 mortuus
2737 3320 2832 3375 est,
2873 3320 2920 3366 et
2964 3312 3229 3382 appositus
3266 3312 3454 3383 populo

1881 3420 1997 3469 suo,
2025 3419 2199 3467 senex,
2228 3412 2276 3456 et
2305 3402 2487 3471 plenus
2518 3402 2719 3455 dierum
2740 3398 2892 3473 (Gen.
2920 3402 3105 3468 xxxv).
3132 3401 3299 3455 Iacob
3336 3420 3455 3455 cen-

1882 3504 1993 3549 tum
2031 3488 2384 3565 quadraginta
2430 3501 2658 3562 quatuor
2702 3507 2960 3544 annorum
3001 3491 3275 3560 defunctus
3303 3501 3377 3546 est
3408 3503 3455 3545 et

1882 3585 2146 3654 appositus
2169 3584 2237 3636 ad
2263 3581 2509 3653 populum
2531 3598 2683 3635 suum
2709 3579 2858 3652 (Gen.
2889 3580 2965 3651 1.).
2993 3581 3184 3652 Ioseph
3220 3591 3456 3635 mortuus

1883 3687 1982 3742 est,
2019 3676 2232 3746 expletis
2258 3683 2464 3729 centum
2486 3682 2533 3727 et
2560 3674 2733 3727 decem
2760 3674 2879 3727 vita:
2897 3690 3008 3727 suae
3045 3674 3216 3733 annis,
3248 3680 3302 3727 et
3323 3688 3452 3728 con-

1885 3768 2028 3821 ditus
2059 3774 2142 3821 est
2178 3766 2508 3820 aromatibus
2540 3762 2748 3835 (lbid.).
2780 3762 2986 3832 Moyses
3031 3772 3231 3816 centum
3275 3761 3456 3832 viginti

1886 3872 2146 3912 annorum
2170 3866 2407 3909 mortuus
2437 3864 2533 3918 est,
2561 3854 2716 3923 cujus
2739 3870 2840 3907 non
2865 3852 3107 3922 caligavit
3133 3851 3335 3917 oculus,
3362 3869 3452 3906 nec

1885 3951 2063 4002 dentes
2102 3945 2229 3999 moti
2275 3954 2396 3997 sunt
2437 3942 2615 4014 (Deut.
2648 3941 2860 4011 xxxrv),
2898 3943 2992 3996 sed
3046 3940 3317 4011 perfectus
3345 3942 3454 3995 vita

1885 4046 1940 4093 et
1966 4036 2207 4091 moribus
2236 4049 2360 4088 cum
2385 4032 2593 4087 cmteris
2616 4032 2861 4102 patribus
2889 4039 3148 4087 teternam
3177 4033 3457 4102 spectabat

1886 4127 2147 4198 requiem.
2191 4125 2234 4179 E
2260 4124 2531 4178 contrario
2557 4137 2688 4176 vero
2724 4122 2823 4175 viri
2853 4122 3169 4192 sanguinum
3199 4131 3245 4175 et
3288 4121 3456 4174 dolosi

1887 4234 1991 4271 non
2013 4214 2361 4269 dimidiabunt
2389 4213 2498 4265 dies
2525 4228 2646 4266 suos
2664 4209 2834 4281 (Psal.
2862 4211 2991 4282 uv).
3016 4210 3258 4280 Infelices
3282 4222 3454 4265 autem

1886 4316 2006 4363 sunt
2032 4315 2081 4362 et
2102 4306 2238 4359 inter
2258 4312 2488 4357 mortuos
2503 4320 2616 4374 spes
2638 4301 2849 4355 illorum
2871 4300 3019 4373 (Sap.
3046 4301 3188 4373 xm),
3212 4302 3304 4371 qui
3328 4301 3455 4357 licet

222 4416 517 4473 Salomonis
558 4423 819 4486 potestas,
863 4428 983 4468 cum
1034 4392 1223 4466 omnes
1256 4411 1348 4480 qui
1410 4425 1554 4465 sana:
1589 4407 1785 4461 mentis
1816 4440 1867 4497 D
1893 4398 1911 4470 (
1941 4405 2000 4452 ut
2042 4396 2173 4467 ipsis
2192 4392 2535 4477 ﬁvidebatur)
2576 4392 2836 4447 duxerunt
2883 4392 2939 4445 in
2983 4392 3128 4445 bonis
3181 4392 3289 4445 dies
3331 4409 3455 4446 suos

220 4517 339 4562 sunt
358 4507 478 4577 cjus
505 4505 660 4561 subdi
684 4503 1020 4559 delectantur
1048 4500 1292 4569 imperio,
1325 4498 1559 4552 universi
1584 4496 1788 4549 scilicet

218 4598 485 4667 principes
512 4604 566 4650 et
587 4602 835 4666 potentes
859 4600 926 4679 et,
941 4590 1120 4645 cuncti
1146 4589 1241 4642 ﬁlii
1268 4588 1409 4659 regis
1446 4586 1633 4649 David,
1659 4580 1782 4654 quia

218 4686 355 4740 nulla
386 4694 623 4757 potestas
643 4674 1170 4750 nullaque'dignitas
1206 4677 1367 4747 hujus
1409 4675 1590 4730 seaculi
1626 4674 1779 4727 istius

222 4798 1764 4837 Μ.-

1893 4490 2035 4561 (Job.
2064 4491 2207 4558 XXI):
2237 4494 2607 4540 verumtamen
2632 4485 2687 4538 in
2707 4492 2896 4555 puncto
2925 4484 2992 4537 ad
3016 4483 3222 4553 inferna
3244 4483 3458 4537 descen-

1892 4582 2043 4645 dunt,
2059 4580 2144 4633 ubi
2161 4578 2347 4632 vermis
2368 4592 2546 4630 eorum
2567 4592 2669 4629 non
2688 4575 2962 4641 morietur,
2993 4591 3083 4629 nec
3106 4575 3239 4645 ignis
3262 4574 3456 4628 exstin-

1884 4680 2068 4739 guetur
2087 4668 2221 4739 (Isa.
2251 4667 2417 4737 ωινι).

1416 4879 1713 4958 LIBER
1784 4842 2258 4952 TERTIUS.

722 5132 947 5191 CAPUT
990 5129 1276 5186 PRIMUM.

216 5227 291 5284 De
356 5232 609 5297 principio
658 5227 803 5292 regni
858 5217 1487 5297 Salomonis:quomofp
1542 5216 1650 5285 ipse
1700 5213 1789 5265 ob-

283 5287 407 5353 tulit
436 5287 573 5352 mille
598 5287 798 5350 hostias
827 5297 878 5346 in
901 5293 1101 5345 excelso
1124 5287 1357 5347 Gabaon,
1388 5287 1475 5337 ubi
1524 5296 1647 5337 tunc
1676 5291 1787 5335 erat

283 5369 679 5424 tabernaculum
707 5366 912 5434 [aderis
938 5360 1160 5415 Domini.
1195 5360 1270 5434 De
1314 5373 1372 5408 eo
1398 5355 1535 5424 quod
1573 5368 1786 5434 congre-

281 5421 427 5508 gavit
450 5421 822 5508 Sqlomon'sibi
850 5447 1033 5508 currus
1060 5443 1107 5482 et
1136 5430 1328 5499 equites
1374 5421 1526 5496 atque
1572 5421 1787 5492 quadri-

278 5503 381 5577 gas
407 5523 467 5559 ex
485 5506 702 5560 diversis
729 5502 1021 5574 provinciis.

282 5596 351 5669 (ll
389 5596 520 5650 ΡΑιι.
556 5597 622 5667 ι.)
656 5584 1011 5661 (ἱρηίου-ἰαιαέ
1038 5598 1113 5643 est
1159 5603 1278 5656 ergo
1327 5585 1595 5646 Salomon,
1644 5580 1786 5648 ﬁlius

212 5685 420 5743 David.
442 5686 493 5738 in
521 5698 678 5753 regno
703 5698 818 5745 suo,
841 5690 885 5733 et
910 5679 1162 5732 Dominus
1190 5675 1327 5729 Deus
1356 5689 1481 5727 suus
1526 5681 1636 5724 erat
1666 5682 1785 5723 cum

1889 5140 1969 5188 ea,
1995 5131 2040 5175 et
2070 5118 2412 5189 magniﬁcavit
2463 5132 2580 5171 eum
2620 5117 2673 5169 in
2709 5115 2987 5169 excelsum.
3027 5112 3162 5179 Quid
3186 5121 3292 5179 est,
3312 5116 3452 5182 quod

1890 5210 2249 5265 confortatum
2279 5207 2407 5261 dicit
2437 5206 2775 5259 Salomonem
2806 5203 2974 5257 ﬁlium
2996 5202 3162 5257 David
3200 5203 3252 5256 in
3287 5219 3452 5271 regno

1890 5315 2008 5362 suo,
2037 5298 2137 5352 nisi
2176 5297 2319 5366 quod
2353 5294 2587 5350 ostendit
2619 5292 2955 5347 Salvatorem
2993 5298 3255 5354 nostrum,
3299 5290 3452 5359 cujus

1890 5387 2139 5442 Salomon
2165 5385 2218 5438 in
2249 5382 2464 5437 nomine
2488 5388 2542 5433 et
2568 5379 2622 5434 in
2651 5378 3005 5435 aediﬁcatione
3034 5377 3223 5432 domus
3241 5375 3334 5430 Dei
3373 5385 3453 5442 ty-

1894 5492 2018 5547 pum
2048 5471 2390 5543 prazlerebat,
2422 5468 2774 5522 ﬁrmissimun
2801 5465 3319 5532 babereimpcrium.
3348 5460 3447 5526 Qui

1894 5568 2016 5621 licet
2043 5561 2334 5619 secundum
2361 5558 2694 5612 divinitatem
2716 5557 3093 5625 sempiternum
3135 5565 3254 5604 cum
3290 5548 3450 5604 Patre

1892 5670 1947 5716 et
1971 5657 2172 5727 Spiritu
2198 5660 2385 5710 sancto
2411 5648 2607 5705 habeat
2652 5663 2897 5718 regnum,
2936 5654 3114 5698 tamen
3150 5639 3445 5695 secundum
