3870 6146
406 267 511 320 ltili

1069 262 1126 313 Β.
1170 259 1422 313 BADANI
1464 257 1679 312 MAURI
1719 251 1988 310 Al‘tCiliEl

2096 252 2388 308 HOGUNT.
2427 252 2710 309 OPERUXI
2748 255 2925 309 PARS
2963 254 3001 307 ἰ.

3556 258 3655 311 ltiti

409 378 860 450 dispensationem
892 382 1152 441 susccptcc
1175 372 1526 426 humanitatis
1550 380 1674 424 tunc
1704 370 1973 422 dicite-um
2005 363 2053 420 Α
2081 367 2436 419 substantiam
2490 376 2761 421 terrenam
2791 368 2895 441 vel
2929 367 3141 421 divitias
3178 369 3362 423 mundi.
3390 382 3653 437 ipimrazu,

409 474 483 524 sic
512 477 880 525 consecratum
909 481 1026 518 esse
1058 466 1107 517 in
1150 479 1312 531 regno
1346 479 1464 520 suo.
1496 464 1709 530 quando
1740 478 1832 531 per
1861 477 1979 529 pas—

410 564 612 614 sionem
639 558 813 610 erucis
835 556 898 608 de
943 562 1161 606 auctore
1193 553 1383 604 mortis
1418 552 1786 620 triumphavit,
1819 560 1872 603 et
1900 567 1980 604 re—

410 666 568 712 gnum
599 648 813 701 caeleste
840 654 1000 710 atque
1022 651 1278 698 terrestre
1302 642 1400 695 sibi
1432 640 1866 711 acquisivit(Col.
1896 641 1974 709 ιι).

416 717 562 792 linde
613 751 900 805 resurgens
941 750 971 786 ει
1007 733 1254 795 mortuis,
1295 747 1664 800 apparensque
1705 731 1979 799 discipulis

412 829 546 891 suis,
579 827 680 879 ait:
711 826 847 878 Data
875 834 948 877 est
979 824 1103 876 milii
1127 824 1289 876 omnis
1321 825 1543 891 potestas
1575 824 1626 874 in
1672 822 1796 874 atrio
1837 834 1880 874 et
1925 823 1978 875 in

409 930 572 980 terra,
599 925 652 969 et
678 916 877 982 reliqua
897 913 1108 983 (Matth.
1139 916 1349 981 xxviii).
1376 913 1460 976 Et,
1495 913 1763 973 Dominus,
1788 913 1976 982 inquit,

411 1022 520 1064 erat
547 1028 661 1063 cum
687 1027 743 1062 eo
766 1009 902 1078 (Act.
933 1007 1009 1075 Χ),
1035 1009 1154 1074 quia
1188 1005 1347 1059 Pater
1368 1022 1579 1075 semper
1617 1014 1700 1060 est
1725 1022 1845 1060 cum
1890 1006 1978 1058 Fi-

414 1105 502 1157 lio.
523 1103 670 1157 Unde
712 1103 826 1170 ipsa
865 1099 1074 1152 Veritas
1102 1099 1206 1151 ait:
1235 1097 1336 1162 Qui
1368 1115 1444 1150 me
1487 1099 1622 1149 misit
1655 1115 1850 1150 mecum
1887 1109 1979 1161 est,

412 1204 459 1245 et
510 1210 611 1245 non
643 1191 845 1260 reliquit
885 1206 963 1240 me
985 1187 1174 1251 solum,
1223 1188 1343 1257 quia
1379 1204 1495 1256 quce
1545 1185 1735 1255 placita
1777 1199 1894 1239 sunt
1936 1189 1981 1240 ei

418 1283 549 1355 facio
572 1297 769 1349 semper
797 1280 975 1345 (Joan.
1016 1280 1152 1344 vni).
1188 1277 1324 1330 llinc
1354 1285 1406 1329 et
1439 1277 1627 1330 Petrus
1654 1277 1704 1330 in
1757 1277 1979 1332 Actibus

413 1371 770 1440 apostolorum
815 1369 880 1421 ad
907 1366 1118 1421 Judmos
1154 1368 1267 1418 ait:
1313 1365 1418 1418 l'iri
1462 1367 1668 1430 fratres,
1721 1384 1807 1420 ros
1841 1369 1980 1420 scitis

413 1461 551 1528 quod
597 1459 789 1525 factum
846 1467 917 1508 est
988 1456 1192 1510 rerbum
1242 1471 1330 1525 per
1370 1456 1657 1507 universam
1698 1454 1979 1509 Juda’am:

414 1549 659 1617 incipiens
707 1549 842 1599 enim
891 1564 921 1597 a
973 1544 1194 1598 Galila‘a
1227 1553 1336 1612 post
1381 1544 1634 1612 baptisma
1688 1544 1823 1613 quod
1851 1561 1984 1613 prcc-

415 1639 602 1692 dicarit
649 1637 910 1700 Joannes,
949 1636 1128 1688 Je::um
1163 1654 1193 1688 a
1238 1635 1503 1688 Nazareth
1549 1637 1804 1705 quomodo
1836 1638 1982 1689 unxit

2086 458 2176 509 sed
2215 458 2529 524 sapientiam
2570 467 2619 509 et
2654 459 2932 511 scientiam
2964 458 3095 526 legis
3127 459 3216 511 Dei
3251 469 3409 528 atque,
3441 463 3656 515 divitias:

2085 549 2343 601 virtutum
2397 559 2650 617 appetant
2679 591 2692 614 ,
2751 560 2805 602 ιιι
2847 551 3053 618 possint
3081 553 3332 620 populum
3371 553 3461 605 Dei
3501 555 3657 622 digne

2077 639 2342 705 judicare,
2373 650 2424 692 et
2454 642 2750 707 ingressum
2796 642 2908 710 ejus
2952 643 3017 694 ad
3072 641 3227 695 ﬁdem
3279 653 3439 712 atque
3473 661 3656 714 egres—

2084 749 2200 784 sum
2249 733 2314 784 ad
2352 734 2582 800 sbec'em
2617 743 2832 786 arternm
2860 734 3208 787 beatitudinis
3261 736 3361 788 rite
3399 753 3464 790 ac
3494 740 3658 790 ratio—

2083 821 2333 874 nabiliter
2363 823 2602 874 doeeu‘o
2645 823 2690 874 ei
2726 823 3113 875 t'ei‘nonstrare.

2161 909 2307 961 Veni!
2339 927 2457 978 ergo
2497 909 2744 963 Salomon
2776 911 2838 962 ab
2879 910 3077 964 ercelso
3107 910 3322 964 Gabaon
3353 913 3403 964 in
3433 913 3652 966 Jerusa-

2082 1000 2181 1053 lem
2225 1018 2397 1054 coram
2447 1001 2784 1054 tabernaculo
2835 1002 3062 1070 ftrderis.
3103 1002 3252 1068 Quod
3283 1004 3411 1058 dicit
3439 1023 3451 1056 :
3482 1023 3655 1056 comi:

2083 1090 2413 1144 tabernaculo
2439 1091 2664 1159 finieris,
2694 1092 2962 1161 signiﬁcat
3004 1109 3183 1145 arcam
3217 1093 3448 1151 Domini.
3476 1096 3527 1145 in
3557 1113 3656 1163 qua

2084 1180 2274 1233 tabulae
2305 1181 2607 1232 testamenti
2635 1196 2697 1232 ac
2720 1181 2858 1248 pacti
2892 1181 3123 1246 Domini,
3148 1183 3290 1250 quod
3321 1185 3656 1252 pepigitx-zan

2073 1266 2263 1331 lsrael,
2300 1269 2573 1320 collocata:
2598 1278 2770 1333 eram,
2792 1271 3026 1323 maxime
3052 1287 3172 1324 cum
3206 1273 3257 1324 in
3293 1275 3660 1340 superiorilm-x

2087 1359 2158 1411 ita
2180 1358 2436 1426 scriptum
2465 1359 2532 1410 sit
2567 1376 2578 1409 :
2622 1357 3037 1412 Taberuaculum
3065 1370 3237 1412 autent
3263 1360 3495 1424 Domini,
3524 1364 3659 1432 quod
3736 1365 3740 1369 ’

2085 1449 2276 1515 fecerat
2323 1447 2523 1515 Moyses
2565 1448 2615 1500 in
2672 1448 2894 1517 deserto,
2927 1457 2976 1500 et
3029 1449 3194 1502 altare
3234 1450 3659 1505 ltolocaustorum

2085 1539 2263 1586 cariem
2317 1545 2611 1602 tenipestatc
2650 1547 2760 1587 erat
2814 1538 2866 1588 in
2905 1537 3103 1590 excelso
3151 1537 3406 1601 Colman,
3464 1551 3511 1592 et
3564 1557 3662 1592 non

2086 1626 2354 1695 pra'raluit
2400 1628 2570 1680 Darid
2603 1630 2676 1680 ire
2715 1630 2782 1680 ad
2812 1629 2998 1691 altare,
3042 1637 3097 1680 ut
3127 1630 3196 1681 ibi
3229 1630 3522 1682 obsecraret
3557 1631 3660 1682 Do-

415 1747 529 1784 eum
561 1730 697 1781 Deus
737 1727 930 1797 Spiritu
976 1739 1153 1780 sancto
1194 1736 1238 1780 et
1282 1728 1488 1789 virtute,
1517 1727 1604 1792 qui
1657 1727 1986 1794 pertransirit

2096 1717 2286 1769 minum
2315 1735 2331 1778 ;
2363 1719 2523 1771 nimio
2551 1721 2683 1771 enim
2716 1719 2885 1787 fuerat
2915 1729 3110 1772 terrore
3131 1721 3458 1790 perterritus,
3488 1723 3662 1774 ridens

417 1818 781 1883 benefaciendo
808 1828 852 1869 ct
902 1816 1137 1868 sanando
1170 1833 1344 1868 omnes
1396 1832 1663 1884 oppressos
1703 1834 1732 1867 a
1759 1815 1985 1874 diabolo,

416 1910 660 1977 quoniam
705 1908 845 1960 Deus
876 1917 985 1962 erat
1024 1924 1137 1959 cum
1167 1906 1277 1958 illo.
1318 1906 1480 1970 Quem
1512 1907 1648 1959 Deus
1693 1905 1850 1959 Pater
1878 1925 1989 1960 ma-

418 1999 676 2066 gniﬁcarit
706 1999 839 2067 (Act.
872 2000 950 2066 xl,
973 1999 1074 2051 hoc
1113 2006 1194 2050 est
1238 1997 1292 2049 in
1321 1998 1589 2050 excelsum
1614 1998 1899 2060 exultavit;
1942 2010 1986 2052 et

419 2089 558 2141 dedit
592 2089 666 2141 illi
708 2106 913 2153 nomen,
942 2090 1077 2158 quod
1119 2098 1191 2140 est
1243 2104 1396 2158 super
1437 2103 1584 2140 omne
1627 2104 1807 2141 nomen
1839 2087 1989 2158 (Plii-

417 2178 508 2248 (ip.
539 2178 622 2248 ιι).

490 2269 842 2337 Pra‘cepitque
881 2265 1130 2322 Salomon
1168 2269 1403 2321 universo
1429 2267 1636 2333 Isracli,
1679 2269 1900 2321 tribunis
1941 2279 1989 2321 et

417 2359 801 2412 centurionibus
832 2370 876 2412 et
913 2358 1128 2411 ducibus
1151 2370 1195 2411 et
1225 2359 1495 2428 judicibus
1521 2360 1683 2412 omnis
1717 2359 1903 2423 Israel,
1943 2371 1988 2412 et

418 2449 736 2516 principibus
767 2447 1108 2520 familiarum,
1139 2457 1185 2500 ct
1233 2448 1356 2499 abiit
1389 2464 1502 2500 cum
1544 2451 1782 2500 universa
1815 2448 1990 2499 multi-

423 2539 601 2592 tudine
660 2539 713 2589 in
770 2538 1022 2590 excelsum
1076 2537 1313 2601 Gabaon,
1352 2538 1437 2590 ubi
1468 2548 1576 2589 erat
1599 2539 1989 2591 tabernaculum

422 2627 628 2695 fwderis
691 2625 921 2691 Domini,
963 2628 1101 2695 quod
1146 2628 1264 2697 fecit
1306 2626 1510 2697 Moyses
1539 2628 1769 2696 famulus
1808 2628 1905 2680 Dei
1937 2628 1989 2682 in

420 2714 719 2768 solitudine.
754 2715 944 2767 Arcam
967 2727 1134 2768 autent
1169 2716 1263 2768 Dei
1286 2717 1576 2769 adduxerat
1615 2718 1778 2771 David
1806 2719 1867 2770 de
1892 2718 1991 2771 Ca-

422 2809 715 2862 riathiarim
752 2811 803 2862 in
845 2808 1011 2862 locum
1052 2827 1203 2879 quem
1243 2821 1624 2880 prarpararerat
1681 2812 1747 2875 ei,
1806 2822 1850 2863 et
1905 2813 1992 2864 ubi

419 2900 606 2967 fixerat
621 2901 727 2964 ille,
748 2901 842 2954 hoc
865 2911 938 2954 est
960 2903 1012 2954 in
1026 2901 1341 2954 Jerusalem.
1359 2902 1536 2956 Altare
1555 2920 1753 2972 quoque
1767 2920 1988 2967 a‘ncmn,

421 2989 560 3059 quod
611 2990 895 3059 fabricatus
933 2992 1102 3062 fuerat
1145 2991 1540 3060 Beseleelﬁlius
1583 2992 1678 3046 Uri
1716 2995 1812 3061 ﬁlii
1850 2993 1987 3057 Ilur,

2090 1807 2322 1876 gladium
2361 1808 2531 1878 angeli
2573 1809 2785 1861 Domini
2810 1808 2862 1876 (Ι
2901 1806 3031 1860 I’ar.
3090 1809 3224 1880 xxv).
3284 1811 3422 1863 Area
3483 1821 3660 1864 autem

2091 1898 2322 1964 Domini,
2354 1907 2637 1967 postquam
2667 1914 2784 1952 eam
2837 1899 3135 1952 introduxit
3163 1899 3330 1952 David
3357 1901 3409 1952 in
3443 1901 3659 1953 domum

2091 2005 2265 2052 suam,
2300 1991 2500 2041 mansit
2536 1989 2754 2049 ibidem,
2805 1989 2974 2042 donec
3013 1998 3378 2044 constructum
3412 2001 3493 2044 est
3529 2002 3662 2044 tem-

2090 2080 2255 2148 plum,
2297 2089 2350 2132 et
2396 2090 2520 2135 tunc
2563 2097 2677 2133 eam
2711 2080 2963 2134 Salomon
2998 2082 3270 2135 transtulit
3319 2083 3370 2134 in
3405 2083 3660 2152 templum

2091 2169 2321 2222 Domini.

2162 2257 2228 2310 Et
2252 2260 2476 2326 regnarit
2508 2275 2661 2326 super
2687 2258 2878 2323 Israel,
2903 2260 3327 2331 congregaritque
3354 2261 3453 2312 sibi
3481 2277 3665 2313 currus

2092 2358 2139 2400 et
2165 2349 2390 2417 equites;
2418 2359 2462 2401 et
2503 2348 2627 2415 facti
2662 2360 2781 2402 sunt
2821 2351 2866 2402 ci
2910 2349 3049 2401 mille
3082 2351 3447 2418 quadringenti
3479 2367 3663 2402 currus

2092 2450 2137 2492 et
2174 2441 2363 2503 12,000
2389 2443 2638 2510 equitum,
2673 2453 2720 2495 ct
2750 2443 2866 2510 fecit
2910 2461 2995 2496 eos
3033 2461 3142 2496 esse
3191 2444 3242 2494 in
3283 2443 3501 2496 urbibus
3544 2462 3666 2513 qur:-

2093 2528 2361 2597 drigarum
2385 2540 2430 2580 et
2465 2545 2580 2580 cum
2614 2547 2725 2598 rege
2748 2531 2798 2582 in
2821 2530 3133 2582 Jerusalem.
3178 2529 3344 2585 Urbes
3375 2532 3665 2599 quadriga-

2093 2632 2210 2670 rum
2248 2617 2378 2670 dicit
2413 2618 2603 2686 Oppida
2645 2621 2756 2672 sive
2785 2619 3007 2672 auliﬁcia
3039 2635 3101 2671 ac
3133 2619 3264 2682 loca,
3290 2636 3407 2688 qum
3436 2620 3487 2673 in
3521 2630 3661 2674 terra

2093 2703 2240 2757 Judze
2272 2705 2384 2758 sive
2409 2705 2462 2758 in
2487 2705 2783 2760 Jerusalem
2810 2717 2961 2761 erant
2985 2708 3245 2762 mdiﬁcata
3279 2710 3345 2762 ad
3374 2711 3662 2764 stationem

2093 2814 2348 2851 curruum
2379 2817 2390 2850 :
2427 2800 2566 2867 quod
2599 2801 2874 2867 sequentia
2927 2810 3249 2863 monstrant,
3292 2802 3379 2855 ubi
3428 2802 3662 2856 dicitur:

2097 2891 2163 2943 Et
2195 2908 2310 2944 cum
2335 2908 2449 2959 rege
2477 2893 2526 2944 in
2554 2891 2866 2944 Jerusalem.
2906 2892 3125 2961 Mystiee
3169 2902 3345 2946 autem
3387 2910 3584 2948 currus
3619 2905 3669 2947 et

2096 2982 2304 3049 equites
2352 2981 2515 3033 David
2563 2983 2855 3050 spiritualis
2905 2983 3207 3048 sigl'iilicant
3236 2985 3546 3052 angelorum
3578 2987 3668 3039 ili)-

421 3089 665 3149 Posuerat
695 3097 869 3133 coram
895 3081 1228 3135 tabernaculo
1261 3081 1496 3145 Domini,
1526 3091 1571 3134 et
1615 3083 1795 3135 obtulit
1833 3085 1885 3136 in
1935 3102 1993 3136 eo
2023 3069 2066 3128 (Σ
2099 3071 2408 3140 utinamque.
2437 3073 2756 3134 ministeria,
2776 3087 2891 3138 qua:
2913 3073 3148 3139 quotidie
3174 3074 3482 3127 deserviunt
3511 3075 3668 3127 Crea-

420 3170 562 3224 mille
600 3173 797 3226 hostias
847 3173 1043 3243 (Exod.
1072 3190 1258 3237 xxxvi,
1286 3191 1492 3237 xxxvii,
1523 3190 1750 3240 xxxvnt,
1781 3177 1989 3246 xxxxx).

421 3258 664 3324 Gabaon,
699 3261 838 3314 unde
865 3261 1175 3316 Gabaonitae
1197 3265 1460 3332 supplices
1499 3273 1762 3319 venerunt
1809 3267 1872 3319 ad
1908 3265 1993 3320 Je-

421 3365 539 3403 sum
572 3350 705 3418 (los.
745 3351 842 3422 Ix),
870 3360 987 3406 erat
1033 3352 1157 3405 olim
1189 3355 1493 3422 metropolis
1546 3363 1599 3408 et
1635 3357 1826 3425 regalis
1865 3359 1994 3411 civi-

425 3449 504 3493 tas
526 3439 863 3506 licvworum,
890 3444 1185 3512 ceciditque
1214 3445 1264 3497 in
1281 3454 1478 3499 sortem
1498 3448 1667 3501 tribus
1696 3448 1990 3516 Benjamin.

424 3528 545 3582 Fuit
569 3539 744 3584 autem
774 3539 827 3585 et
853 3532 965 3600 ipsa
989 3545 1233 3602 separata
1266 3534 1518 3591 Levitieis
1546 3537 1681 3608 (Jos.
1709 3539 1884 3609 xvtn),
1921 3541 1994 3594 si-

423 3627 513 3672 cut
561 3621 807 3690 supernis
852 3622 1274 3677 demonstratum
1318 3634 1420 3680 est.
1477 3627 1629 3682 Unde
1688 3630 1854 3682 miror
1899 3645 1996 3683 cur

422 3705 686 3776 .losephus
732 3711 1006 3778 scripserit
1047 3711 1184 3779 quod
1237 3712 1510 3778 Salomon,
1556 3714 1608 3767 in
1652 3714 1865 3770 llebron
1906 3734 1995 3771 ve-

425 3801 597 3864 niens,
629 3801 681 3853 in
739 3802 892 3855 altari
921 3817 1082 3865 :nreo,
1116 3805 1254 3873 quod
1287 3804 1490 3858 fecerat
1524 3805 1752 3876 Moyses,
1783 3810 1993 3862 sacriﬁ-

424 3900 571 3942 caret
596 3891 722 3955 Deo,
756 3893 858 3946 nisi
889 3891 1024 3946 forte
1043 3894 1210 3961 ipsam
1241 3894 1450 3948 llebron
1483 3897 1752 3950 excelsum
1778 3896 1994 3953 Gabaon

427 3977 644 4048 intelligi
679 3981 920 4045 voluerit,
951 3999 1013 4035 eo
1042 3985 1180 4051 quod
1208 3985 1366 4037 David
1403 3986 1471 4038 ἰίνί
1510 3988 1738 4056 primum
1769 4005 1995 4057 regnare.

425 4069 650 4136 etnperit
673 4069 864 4137 (Exod.
885 4072 1128 4141 xxxviii).
1160 4073 1287 4126 lnte:
1306 4083 1551 4143 pre-tatur
1572 4087 1750 4130 autem
1775 4078 1994 4134 Gabaon

427 4157 720 4209 sublimitas
748 4160 828 4211 vel
867 4160 1014 4213 collis
1044 4164 1313 4231 patruelis.

497 4249 631 4300 Ecce
654 4260 824 4302 autem
856 4251 904 4303 in
940 4253 1047 4320 ipsa
1082 4265 1224 4306 nocte
1263 4259 1498 4324 apparuit
1521 4258 1565 4310 ei
1597 4258 1753 4323 Deus,
1783 4261 1955 4314 dicens
1978 4281 1994 4316 :

432 4338 642 4391 Postulo
675 4339 812 4408 quod
838 4341 928 4402 vis,
955 4353 1006 4394 ut
1040 4342 1152 4396 dem
1184 4346 1293 4396 tibi.
1320 4347 1561 4416 Dia-itque
1589 4348 1831 4401 Salomon
1851 4350 1954 4402 Deo
1977 4365 1992 4398 :

433 4429 506 4480 'l'u
534 4429 701 4498 fecisti
729 4449 844 4485 cum
880 4432 1040 4486 Darid
1089 4447 1234 4503 patre
1280 4453 1389 4488 meo
1439 4427 1848 4492 misu'icorditun
1885 4459 1995 4494 ma-

427 4539 603 4589 gnam,
634 4534 678 4575 et
727 4525 1037 4575 constituisti
1089 4543 1167 4578 me
1213 4544 1378 4595 regem
1413 4547 1504 4597 pro
1548 4547 1626 4581 eo.
1666 4530 1818 4583 .‘iunc
1849 4550 1992 4601 ergo,

431 4613 646 4664 [tamine
673 4613 831 4670 Deus,
867 4614 1142 4681 impleatur
1165 4634 1330 4668 sermo
1369 4629 1508 4678 tuus,
1540 4637 1687 4686 quem
1737 4622 1993 4682 inillicitus

425 4724 478 4757 cs
515 4706 681 4756 Darii!
708 4707 845 4774 patri
880 4723 1009 4757 meo.
1045 4705 1120 4758 Tu
1151 4707 1283 4759 enim
1315 4725 1391 4761 me
1421 4711 1586 4776 fecisti
1627 4728 1789 4778 regem
1843 4729 1995 4780 super

427 4792 673 4861 populant
716 4805 857 4845 tuum
905 4795 1140 4858 multum,
1193 4796 1282 4864 qui
1323 4807 1425 4850 tam
1472 4799 1861 4851 inmmzernbilis
1899 4812 1991 4865 est,

428 4899 580 4950 quam
605 4883 767 4949 pit/ris
791 4895 958 4936 terra}.
979 4885 1054 4936 Da
1072 4887 1508 4954 miliisapientixun
1526 4900 1569 4939 ct
1585 4889 1994 4956 intellig/entiam,

430 4983 483 5022 ut
514 4974 776 5038 ingrediru'
805 4985 848 5025 et
875 4977 1110 5042 egrediar
1135 4995 1306 5028 corum
1336 4980 1522 5046 populo
1561 4992 1667 5033 tuo.
1701 4983 1828 5045 Quis
1858 4986 1994 5037 enim

429 5071 591 5129 potest
622 5064 758 5115 lmnc
791 5064 1034 5132 populum
1059 5077 1201 5118 tuum
1224 5067 1395 5136 digne,
1422 5070 1509 5138 qui
1538 5081 1641 5124 tam.
1664 5075 1875 5140 grandis
1899 5084 1993 5138 est,

424 5153 687 5221 judicare,
727 5164 780 5207 et
828 5155 1050 5224 reliqua.
1090 5157 1186 5210 Ubi
1223 5160 1498 5214 moraliter
1547 5165 1994 5219 considerandum

431 5253 513 5298 est
548 5264 559 5298 :
595 5246 637 5299 si
679 5246 949 5312 Salomon,
984 5266 1076 5302 rex
1112 5251 1283 5304 factus
1315 5253 1366 5304 in
1402 5255 1640 5306 terrestri
1676 5254 1992 5321 Jerusalem,

431 5351 535 5388 non
574 5352 786 5401 aurum,
819 5355 919 5392 uec
957 5340 1170 5394 divitias
1199 5381 1213 5405 ,
1269 5358 1373 5394 non
1406 5342 1778 5406 substantiam,
1827 5364 1997 5417 neque

427 5426 650 5497 gloriam
685 5429 1008 5485 muminiqu
1045 5447 1073 5482 a
1102 5431 1210 5484 Deo
1242 5433 1447 5500 petivit,
1479 5444 1677 5501 quanto
1711 5439 1879 5503 magis
1908 5456 1998 5490 nr—

430 5539 580 5577 t'eSSt'
610 5523 682 5576 Sil.
729 5525 1025 5578 rectoribus
1074 5535 1270 5579 sanctie
1326 5526 1415 5579 Dei
1463 5526 1709 5580 Ecclesia!
1741 5569 1752 5588 ,
1805 5529 1994 5595 quibus.

433 5615 804 5669 conuuendata
836 5623 916 5668 est
947 5631 1072 5668 cura
1107 5625 1155 5668 et
1191 5617 1422 5684 regimen
1455 5617 1777 5676 animarum.
1810 5628 1860 5670 ut
1893 5635 1994 5670 non

2096 3163 2236 3226 tori,
2285 3171 2340 3217 et
2383 3161 2500 3229 ejus
2553 3163 2604 3216 in
2649 3164 2899 3216 omnibus
2946 3166 3202 3217 obediunt
3261 3164 3562 3227 voluntati;
3611 3167 3670 3218 de.

2093 3255 2286 3324 rpriims
2329 3255 2379 3307 in
2426 3253 2639 3308 Psalmo
2670 3254 2928 3323 scriptum
2971 3261 3053 3308 est
3086 3272 3097 3306 :
3138 3252 3335 3307 Curras
3368 3254 3464 3306 Dei
3494 3256 3668 3308 decem

2093 3343 2319 3396 millibus
2351 3342 2640 3411 multiplex,
2669 3344 2834 3396 millia
2865 3344 3176 3406 la’tantium,
3207 3343 3461 3395 Dominus
3489 3345 3541 3395 in
3569 3344 3669 3395 iliis

2095 3433 2264 3505 (Psal.
2293 3432 2479 3502 1.xvu).
2510 3433 2850 3486 Consuetudo
2880 3441 2964 3486 est
2989 3433 3276 3501 Scriptura:
3305 3432 3519 3494 divina‘,
3546 3433 3668 3485 alle-

2094 3528 2274 3597 gorice
2304 3527 2468 3596 loqui,
2505 3537 2561 3580 ut
2593 3543 2715 3582 cum
2752 3527 2921 3580 David
2950 3529 3114 3591 dicat,
3163 3527 3306 3580 aliud
3338 3528 3462 3579 velit
3516 3529 3666 3581 intel~

2095 3616 2205 3684 ligi.
2245 3617 2394 3672 [inde
2423 3619 2510 3672 hic
2550 3636 2736 3672 currus
2780 3618 3116 3685 signiﬁcatur
3171 3619 3444 3672 hominum
3491 3621 3666 3673 vineta

2095 3707 2398 3774 copulatio,
2444 3709 2566 3775 quia
2616 3709 2688 3762 ita
2748 3718 2962 3763 sanctos
3011 3709 3248 3762 Charitas
3293 3709 3493 3769 vineit,
3534 3712 3667 3764 sicut

2096 3799 2224 3853 loris
2254 3809 2306 3853 et
2329 3799 2470 3870 iugis
2504 3801 2752 3854 animalia
2785 3801 3076 3855 sociantur.
3129 3801 3282 3857 Unde
3329 3811 3381 3853 ct
3414 3802 3666 3856 Dominus

2096 3895 2171 3946 ait
2203 3912 2214 3945 :
2247 3893 2439 3963 Iugum
2485 3895 2618 3947 enim
2657 3912 2825 3947 meum
2875 3911 3031 3948 suave
3070 3906 3166 3960 est,
3225 3905 3272 3948 et
3325 3914 3454 3949 onus
3501 3916 3666 3951 uisum

2095 3985 2201 4037 lere
2231 3984 2440 4054 (Matth.
2476 3984 2572 4056 ιιι).
2606 3985 2924 4038 Sanctorum
2964 4002 3092 4053 ergo
3120 3988 3443 4040 uuanimitas
3478 4006 3668 4042 currus

2096 4082 2179 4126 est
2210 4074 2440 4136 Domini,
2475 4075 2598 4142 quia
2649 4074 2733 4127 ille
2782 4074 2923 4128 velut
2965 4076 3149 4145 auriga
3203 4077 3441 4141 insidet,
3496 4088 3550 4131 et
3605 4080 3668 4132 ad

2096 4163 2384 4217 voluntatis
2413 4180 2521 4217 sua:
2548 4166 2902 4220 ministerium
2935 4169 3154 4222 salutari
3187 4169 3300 4237 lege
3338 4171 3665 4224 moderatur.

2100 4251 2202 4305 Sed
2237 4263 2293 4305 ut
2323 4254 2480 4307 istum
2512 4269 2727 4308 cursum
2762 4257 3071 4311 ostenderet
3095 4274 3197 4311 non
3226 4261 3378 4328 equis
3405 4261 3666 4322 deditum,

2100 4343 2191 4396 sed
2219 4344 2465 4397 humanis
2496 4345 2909 4414 cogitationibus
2953 4350 3290 4414 attributum,
3339 4352 3452 4404 ait:
3486 4353 3665 4407 Decem

2100 4435 2319 4487 millium
2358 4435 2644 4504 multiplex.
2676 4437 2823 4503 Quod
2867 4439 3003 4493 bene
3044 4442 3109 4494 ad
3161 4442 3473 4495 innumeros
3501 4460 3660 4512 popu-

2102 4532 2199 4590 los,
2234 4547 2336 4582 non
2371 4531 2435 4582 ad
2476 4547 2672 4598 equos,
2725 4533 2964 4586 tui-.scitur
3012 4535 3301 4601 pertinere.
3334 4534 3661 4600 Subiunxit:

2104 4621 2271 4673 Militia
2302 4620 2612 4685 lirtantium,
2644 4624 2784 4690 quod
2821 4624 3000 4690 utique
3037 4626 3101 4674 de
3134 4624 3376 4678 fidelibus
3406 4626 3563 4680 debet
3590 4628 3667 4680 in~

2105 4708 2284 4774 teliigi.
2339 4709 2404 4761 iit
2449 4719 2507 4761 ut
2557 4720 2706 4763 osten
2732 4711 2929 4763 icrctur
2964 4712 3160 4765 l;etiti.e
3199 4713 3496 4782 plenitudo,
3551 4719 3621 4769 ait
3656 4737 3665 4768 :

2105 4796 2354 4849 Dominus
2396 4799 2448 4850 in
2482 4798 2618 4860 illis,
2652 4801 2738 4866 qui
2780 4816 2985 4868 magnze
3043 4803 3422 4857 cxsultationis
3461 4817 3542 4859 est
3584 4821 3668 4858 cu-

2105 4888 2297 4950 mulus,
2323 4898 2374 4940 et
2402 4887 2664 4941 bonorum
2696 4892 2936 4942 omnium
2972 4892 3214 4944 dulcedo.
3255 4893 3360 4945 Sed
3386 4895 3510 4961 quia
3535 4896 3669 4948 mille

2099 4979 2520 5046 tpntdringcnt03
2566 4996 2757 5032 currus
2790 4989 2842 5033 et
2883 4981 3162 5034 duodecim
3211 4983 3382 5035 millia
3432 4985 3667 5052 equitum

2101 5067 2378 5137 Scriptura
2401 5069 2529 5122 dicit
2553 5082 2671 5123 esse
2695 5069 3016 5130 Salomonis,
3040 5070 3166 5138 quid
3193 5086 3290 5140 per
3315 5074 3669 5142 quadringen-

2097 5157 2364 5210 tenarium
2391 5172 2693 5220 numerum,
2739 5157 2826 5209 ubi
2865 5158 3189 5226 quadragies
3222 5159 3341 5211 deni
3376 5175 3665 5213 numeran-

2101 5256 2209 5312 tur,
2242 5247 2343 5300 nisi
2376 5255 2614 5315 tempora
2653 5247 2783 5316 legis
2812 5249 3000 5316 prisca:
3031 5251 3382 5320 designantur
3405 5252 3430 5303 ?
3455 5251 3590 5319 Quia
3619 5259 3665 5302 et

2100 5339 2307 5408 Moyses
2336 5339 2477 5392 illam
2510 5349 2843 5408 accepturus,
2878 5341 2945 5396 40
2975 5342 3473 5410 (ιὶιειιυδᾸοᾸιιιιιιγίι,
3504 5353 3558 5397 et
3584 5358 3670 5413 po-

2098 5430 2256 5496 pulus
2279 5429 2616 5491 lsraeliticus,
2639 5430 2727 5498 qui
2753 5445 2847 5499 per
2869 5447 2989 5486 eam
3016 5433 3402 5499 instruebatur,
3429 5435 3499 5487 4-0
3525 5435 3669 5486 anuis

2100 5522 2151 5574 in
2195 5537 2375 5576 eremo
2426 5522 2619 5575 mansit
2652 5522 2844 5592 (Exod.
2876 5525 3041 5594 xxxv).
3083 5527 3146 5578 Et
3177 5527 3301 5594 quid
3332 5543 3431 5594 per
3479 5527 3666 5580 duode-

2103 5613 2307 5664 narium
2338 5627 2637 5676 numerum,
2673 5613 2771 5665 nisi
2800 5621 3008 5684 tempus
3031 5617 3212 5684 gratia:
3233 5615 3458 5681 Christi,
3496 5627 3664 5672 osten-
