3876 6136
285 367 380 418 HT

1210 357 1562 416 COMMENT.
1601 364 1666 416 IN
1710 361 2256 418 ΙΛΠΛΗΓΟἋΕΝᾹ.
2285 396 2352 404 -
2377 366 2499 419 LIB.
2543 368 2625 421 Ill.

3429 379 3532 433 US

265 479 465 540 dum,
510 473 562 526 in
612 486 718 540 quo
772 470 1062 540 apostolica
1110 455 1354 522 doctrina
1407 472 1657 540 populum
1723 471 1853 526 Novi
1885 478 1931 535 Α
1957 473 2102 541 pides
2135 475 2184 524 in
2228 476 2482 530 montibus
2521 481 2927 550 pt‘tt’positosqtte
2971 500 3147 536 eorum
3196 483 3375 550 3,600.
3427 491 3532 545 Do-

271 563 611 619 't'cstameuti
644 561 920 615 edocendo
951 559 1162 613 nutrit?
1190 561 1332 613 Bene
1360 577 1572 630 quoque
1614 578 1710 632 per
1733 579 1865 632 qua-

270 654 663 725 dragenarium
714 659 767 704 et
814 650 1203 704 duodenarium
1248 665 1529 704 numerum
1578 668 1769 715 currus
1809 662 1864 706 et

269 748 490 816 equites
520 743 824 799 Salomonis
853 753 1235 804 numerantur,
1275 743 1396 811 quia
1436 759 1532 811 per
1575 751 1860 811 utrumque

270 837 687 892 Tcstamentum
719 834 890 887 sancti
921 834 1044 896 viri,
1079 833 1251 886 sacris
1271 833 1467 886 litteris
1491 834 1717 896 eruditi,
1748 850 1860 888 ses-

268 931 414 984 δεοίιί
465 927 558 982 Dei
604 925 812 980 habiles
860 923 1187 986 eiliciuntur,
1227 924 1421 991 quibus
1453 923 1538 976 ille
1566 924 1858 992 pncsidcus

269 1020 574 1073 secundum
620 1016 946 1068 Voluntatcm
995 1030 1144 1067 suam
1193 1029 1290 1068 nos
1342 1015 1574 1084 regendo
1606 1014 1753 1068 ducit
1793 1031 1858 1069 ac

269 1113 361 1180 gul
387 1119 566 1163 eruat.

343 1198 758 1251 Additcebantur
788 1204 960 1247 (uitem
998 1193 1043 1246 ei
1079 1202 1124 1244 ct
1151 1192 1265 1261 equi
1294 1195 1357 1244 de
1398 1191 1662 1260 gypto,
1700 1202 1747 1245 et
1793 1193 1856 1244 tle

269 1292 380 1346 Coa
409 1309 442 1343 a
482 1285 891 1358 negotiatoribus
918 1287 1070 1355 regis,
1101 1285 1190 1353 qui
1216 1281 1358 1335 ibant
1403 1293 1449 1335 et
1474 1289 1709 1335 emebant
1739 1299 1855 1350 pre-

271 1385 344 1435 tio
378 1380 688 1452 quadrigam
719 1393 963 1447 equorum
998 1376 1249 1429 sexcentis
1277 1375 1551 1442 argenteis,
1587 1385 1633 1426 et
1666 1389 1852 1442 equum

273 1482 481 1523 centum
531 1466 929 1538 quinquaginta,
986 1464 1228 1516 similiter
1271 1463 1334 1516 de
1381 1463 1631 1516 universis
1683 1464 1851 1531 regnis

273 1561 444 1629 Syria'
489 1558 677 1627 emptio
721 1555 1094 1608 celebrabatur.
1143 1552 1305 1606 Coam
1355 1569 1483 1621 ergo
1529 1553 1618 1606 alii
1668 1554 1853 1606 dieunt

271 1651 503 1705 insulam
557 1663 676 1702 esse
716 1661 876 1699 unam
929 1645 994 1698 de
1043 1643 1404 1715 Cycladibus;
1459 1643 1667 1696 llebrmi
1723 1659 1850 1696 vero

271 1742 482 1802 dicunt,
510 1738 613 1791 hoc
642 1751 835 1790 nomen
878 1733 1342 1804 congregationem
1382 1732 1706 1803 signiﬁcare.
1741 1732 1847 1786 Ad-

1966 577 2084 616 mus
2117 564 2206 617 Dei
2234 605 2248 628 ,
2281 581 2438 634 quam
2466 569 2750 623 aediﬁcavit
2795 587 2888 625 rex
2921 572 3172 630 Salomon
3219 577 3271 632 in
3304 577 3524 636 Jerusa-

1963 653 2084 718 lcm,
2105 657 2155 708 in
2185 657 2406 725 ﬁguram
2433 657 2568 712 facta
2591 673 2671 714 est
2698 665 3232 722 sanctreuniversalis
3257 670 3528 738 Ecclesitr,

1962 759 2080 812 qua:
2110 761 2138 798 a
2168 747 2341 814 primo
2367 747 2538 802 electo
2564 765 2732 818 usque
2782 753 2847 805 ad
2894 753 3138 808 ultimum
3186 757 3275 826 qui
3329 759 3383 814 in
3425 760 3535 815 ﬁne

1959 834 2141 886 mundi
2175 837 2478 890 nasciturus
2519 847 2601 892 est
2635 880 2648 904 ,
2695 842 2935 908 quotidie
2984 859 3081 912 per
3127 848 3355 914 gratiam
3388 853 3531 921 regis

1958 923 2168 991 paciﬁci
2203 924 2307 994 (sui
2340 926 2586 980 videlicet
2626 932 3002 1000 redemptoris)
3050 936 3381 992 aediﬁcatur:
3409 956 3529 1009 qua:

1956 1014 2154 1080 partim
2186 1015 2361 1067 adhuc
2393 1019 2766 1086 peregrinatur
2790 1021 2855 1074 ab
2885 1021 2972 1075 illo
3004 1022 3056 1076 in
3089 1025 3270 1089 terris,
3307 1033 3525 1096 partim,

1957 1106 2131 1158 evasis
2159 1109 2534 1177 peregrinandi
2565 1112 2834 1174 aerumnis,
2862 1129 2984 1166 cum
3014 1114 3100 1168 illo
3122 1116 3231 1186 jam
3261 1130 3446 1188 regnat
3473 1121 3524 1174 in

1957 1195 2137 1258 caelis;
2163 1196 2271 1257 ubi,
2296 1208 2516 1266 peracto
2545 1199 2968 1268 ultimo-judicio,
2993 1212 3100 1258 tota
3128 1217 3210 1260 est
3237 1219 3526 1279 regnatura

1955 1297 2076 1336 cum
2127 1285 2218 1338 illo
2245 1285 2294 1356 (1
2320 1284 2441 1339 Cor.
2493 1291 2602 1357 xv).
2656 1289 2735 1342 Ad
2796 1291 2934 1344 hanc
2990 1294 3205 1348 domum
3256 1300 3526 1365 pertinent

1955 1373 2109 1426 electi
2141 1375 2334 1443 angeli,
2364 1391 2592 1443 quorum
2625 1379 2778 1432 nobis
2813 1380 3102 1435 similitudo
3132 1383 3183 1436 in
3212 1383 3388 1440 futura
3417 1390 3522 1444 vita

1953 1461 2288 1526 promittitur
2313 1501 2327 1525 ,
2360 1463 2572 1516 dicente
2603 1463 2832 1519 Domino
2865 1485 2878 1519 :
2912 1467 3002 1520 Illi
3027 1481 3232 1536 autent,
3267 1474 3356 1541 qui
3381 1475 3524 1545 digni

1952 1549 2281 1603 habebuntur
2299 1553 2491 1605 sa'culo
2519 1554 2608 1606 illo
2629 1565 2675 1607 et
2705 1560 3078 1614 resurrectione
3099 1577 3164 1613 ex
3181 1564 3420 1630 mortuis,
3436 1581 3525 1620 ne-

1953 1657 2053 1710 que
2078 1643 2277 1696 nubunt
2292 1661 2454 1714 neque
2465 1645 2658 1698 ducunt
2678 1663 2898 1702 uxores:
2919 1665 3080 1721 neque
3093 1652 3228 1704 enim
3243 1654 3380 1707 ultra
3395 1659 3527 1710 mori

1949 1742 2212 1802 poterunt.
2237 1734 2310 1788 ΛΞ
2315 1735 2494 1806 quales
2513 1738 2650 1790 enim
2673 1737 2872 1808 angelis
2902 1749 3040 1803 sunt,
3065 1751 3110 1794 et
3141 1741 3239 1809 ﬁlii
3261 1754 3382 1798 sunt
3405 1745 3520 1811 Dei,

271 1833 609 1886 ducebantur
651 1836 830 1882 autem
883 1826 1155 1881 Salomoni
1189 1825 1311 1894 equi
1343 1825 1408 1878 de
1433 1824 1667 1894 .Egypto
1693 1833 1746 1878 et
1778 1824 1844 1877 de
1875 1813 1918 1872 Β
1947 1839 2063 1875 cum
2087 1823 2190 1877 sint
2214 1824 2316 1893 ﬁlii
2363 1828 2760 1881 resurrectionis
2799 1829 2950 1901 (Luc.
2981 1831 3095 1901 xx).
3127 1831 3208 1886 Ad
3237 1833 3379 1888 hanc
3407 1835 3521 1904 ipse

271 1922 382 1976 Coa
435 1937 466 1974 a
514 1917 938 1988 negotiatoribus
995 1916 1158 1986 regis,
1206 1929 1326 1969 cum
1358 1929 1452 1984 per
1483 1915 1846 1985 negotiatores

273 2011 579 2082 spirituales
607 2051 622 2074 ,
677 2011 777 2064 hoc
810 2017 891 2062 est
915 2049 929 2070 ,
963 2008 1210 2060 docioxes
1241 2015 1454 2060 sanctos
1483 2005 1549 2059 de
1597 2005 1846 2074 gentibus

275 2101 519 2155 homines
571 2097 919 2152 mtionabiles
963 2097 1238 2150 intellectu
1289 2103 1451 2164 atque
1486 2101 1606 2148 actu
1640 2095 1845 2148 strenui

271 2193 336 2245 ad
369 2190 526 2244 ﬁdem
557 2189 755 2242 Christi
784 2195 1169 2241 convertuntur
1198 2225 1212 2250 ,
1259 2185 1596 2252 sessionique
1651 2184 1846 2240 divinae

270 2280 429 2348 digne
455 2278 823 2332 conversando
850 2277 1054 2330 habiles
1071 2275 1392 2330 eiﬁeiuntur.
1413 2273 1561 2329 Unde
1581 2287 1844 2345 equorum

271 2369 584 2441 quadrigam
609 2367 780 2438 pretio
803 2374 1176 2420 sexcentarum
1207 2373 1587 2437 argenteorum
1608 2372 1845 2434 emptam

271 2462 420 2525 dicit,
451 2472 506 2515 et
533 2476 728 2528 equum
757 2459 1004 2513 similiter
1033 2466 1247 2513 centum
1277 2457 1684 2527 quinquaginta,
1715 2455 1844 2526 quia

269 2553 575 2608 divinorum
607 2561 1048 2606 testamentorum
1073 2550 1448 2604 venustissima
1482 2549 1747 2604 locutione
1775 2547 1842 2603 ad

267 2645 696 2715 cognoscendam
728 2643 852 2698 ﬁdei
882 2644 1166 2697 veritatem
1197 2683 1210 2707 ,
1244 2641 1683 2712 prmdicatoribus
1718 2655 1843 2694 san-

267 2735 374 2788 ctis
403 2733 771 2788 laborantibus
794 2773 809 2798 ,
861 2734 913 2789 in
964 2750 1120 2787 usum
1167 2733 1308 2802 regis
1336 2731 1568 2786 cwlestis
1595 2731 1843 2787 homines

264 2825 657 2894 perducuntur.
692 2823 943 2886 Sescenti
985 2841 1112 2894 ergo
1143 2839 1396 2877 numerus
1416 2863 1430 2886 ,
1459 2821 1548 2875 ubi
1603 2823 1844 2892 scxagies

265 2912 392 2966 deni
440 2921 845 2978 enumerantur,
871 2911 1252 2982 perfectionem
1287 2908 1612 2978 evangelica:
1642 2908 1843 2962 doctri-

265 3021 350 3058 nm
378 3001 686 3073 signiﬁcat,
741 3020 844 3074 qua
895 3003 1155 3074 perfectio
1205 3004 1370 3058 totius
1404 3002 1536 3072 legis
1580 3004 1843 3056 veraciter

265 3103 482 3148 Constat
509 3135 525 3158 ,
555 3093 823 3163 praecipue
849 3109 968 3148 cum
1011 3093 1337 3162 Redemptor
1366 3103 1549 3146 noster
1574 3101 1723 3146 sexta
1757 3092 1844 3146 die

267 3201 465 3253 passus
496 3201 594 3254 pro
627 3184 800 3238 salute
829 3185 1048 3238 humani
1094 3183 1304 3255 generis
1332 3184 1509 3236 omnia
1538 3199 1654 3252 qua:
1689 3183 1753 3235 de
1783 3197 1840 3235 se

264 3275 320 3328 in
354 3274 469 3344 lege
522 3284 577 3327 et
626 3275 901 3344 prophetis
939 3276 1137 3344 scripta
1183 3281 1308 3329 sunt
1339 3273 1642 3344 complevit.
1690 3271 1841 3327 Unde

263 3366 382 3436 ipse
409 3366 460 3418 in
494 3381 656 3418 cruce
715 3364 954 3434 pendens
985 3405 998 3426 ,
1040 3365 1255 3434 quando
1280 3364 1608 3418 oﬁ'erebatur
1635 3365 1681 3416 ei
1715 3377 1838 3415 ace-

265 3467 380 3509 tum
409 3457 462 3510 in
497 3456 718 3526 spongia
762 3457 989 3526 hyssopo
1018 3455 1488 3524 circumpositum,
1529 3469 1651 3507 cum
1689 3469 1840 3508 acce-

262 3546 433 3614 pisset
462 3553 670 3614 potum,
703 3544 832 3597 dicit
868 3557 883 3596 :
913 3549 1340 3598 Consummatum
1371 3551 1446 3596 est
1472 3583 1485 3608 ,
1515 3553 1560 3596 et
1591 3543 1840 3595 inclinato

263 3636 433 3702 capite
476 3635 694 3688 tradidit
736 3635 975 3704 spiritum
1023 3633 1200 3704 (Joan.
1244 3632 1378 3704 XIX).
1432 3631 1658 3686 Centum
1711 3647 1840 3686 vero

266 3727 694 3796 quinquaginta,
730 3726 819 3781 ubi
856 3735 939 3780 ter
964 3725 1326 3795 quinquageni
1353 3724 1654 3778 consistunt
1687 3763 1701 3787 ,
1735 3723 1839 3778 Ve-

265 3817 400 3870 teris
431 3816 761 3871 Testamenti
785 3816 1114 3870 sanctionem
1152 3823 1371 3884 propter
1397 3814 1749 3868 Pentecosten
1777 3829 1840 3867 ac

254 3903 537 3976 jubikeum
569 3916 622 3961 et
653 3916 872 3976 propter
922 3907 1066 3960 illam
1121 3907 1386 3976 triplicem
1436 3906 1838 3960 distinctionem

263 3995 561 4066 Scriptura:
605 3997 816 4052 Veteris
847 3997 1174 4052 Testamenti
1224 3996 1426 4067 (quam
1485 3995 1733 4051 Salvator
1781 3997 1836 4052 in

261 4087 560 4159 Evangelia
585 4087 728 4154 fecit,
757 4089 940 4144 dicens
966 4106 978 4142 :
1017 4087 1272 4153 Quoniam
1304 4105 1506 4142 necesse
1537 4098 1610 4141 est
1635 4088 1838 4158 impleri

261 4177 462 4240 omnia,
488 4193 604 4247 qua:
622 4179 814 4246 scripta
836 4189 954 4231 sunt
977 4179 1030 4232 in
1055 4177 1161 4248 lege
1185 4177 1467 4248 Moysis,et
1501 4179 1758 4249 prophetis
1789 4191 1837 4234 et

261 4265 478 4333 psalmis
516 4265 579 4318 de
610 4281 689 4319 me
728 4265 878 4338 [Luc.
910 4265 1092 4338 ιιιιιν])
1124 4269 1406 4324 manifeste
1447 4270 1708 4340 designat.
1760 4271 1836 4325 De

263 4355 497 4409 diversis
521 4371 648 4426 ergo
675 4357 958 4428 gentilibus
991 4359 1264 4428 quadriga:
1293 4368 1346 4414 et
1374 4362 1497 4430 equi
1529 4361 1834 4429 spirituales

265 4459 394 4500 vero
421 4445 697 4502 Salomoni
728 4449 1052 4504 adhibentur
1075 4490 1089 4513 ,
1141 4451 1265 4520 quia
1290 4465 1356 4506 ex
1386 4453 1530 4506 omni
1578 4453 1794 4508 natione
1813 4496 1827 4520 ,

260 4549 383 4604 qua:
411 4537 510 4591 sub
546 4537 682 4592 caelo
718 4547 818 4604 est,
846 4538 1084 4594 Ecclesia
1115 4538 1228 4607 ejus
1255 4549 1628 4612 congregatur.
1659 4543 1829 4610 Unde,

261 4627 410 4679 iuta
440 4626 742 4683 Psalmistae
771 4644 976 4696 vocem,
1006 4631 1298 4685 adorabunt
1341 4649 1454 4685 eum
1495 4649 1668 4687 omnes
1694 4651 1832 4705 reges

259 4727 434 4780 teme,
470 4735 644 4772 attines
671 4730 844 4790 gentes
868 4723 1085 4774 servient
1115 4723 1182 4774 ei.
1220 4721 1380 4792 [leges
1407 4723 1619 4777 Thai-sis
1657 4737 1702 4777 et
1748 4728 1832 4779 in-

259 4805 391 4859 mite
435 4825 651 4860 munera
700 4810 952 4877 o/fcrent,
993 4825 1134 4879 reges
1165 4811 1397 4865 Arabum
1425 4823 1472 4866 et
1511 4813 1650 4868 Saba
1693 4820 1831 4870 dona

263 4895 518 4951 adducent
550 4893 720 4968 (Psal.
748 4907 913 4969 LXXI).

875 5034 1098 5092 CAPUT
1129 5036 1194 5090 ll.

261 5142 344 5198 De
374 5161 458 5218 eo,
493 5145 645 5218 quod
662 5144 916 5218 Salomon
943 5143 1092 5218 elegit
1119 5149 1383 5218 operarios
1423 5150 1608 5202 domus
1638 5149 1755 5214 Dei,
1781 5161 1828 5204 ct

333 5215 470 5287 misit
499 5216 569 5268 ad
597 5215 788 5287 Hiram
815 5231 984 5287 regem
1017 5215 1172 5287 Tyri,
1189 5217 1458 5286 postulans
1491 5219 1555 5272 ab
1581 5236 1638 5272 eo
1671 5221 1826 5273 auxi-

333 5282 486 5349 lium,
533 5285 620 5339 cui
661 5284 747 5356 ille
783 5282 1380 5356 postulata't'oluntarie
1425 5289 1693 5342 concessit.
1749 5289 1827 5343 De

337 5369 551 5424 numero
577 5353 952 5424 proselytorum
981 5357 1067 5423 qui
1109 5357 1177 5410 ad
1205 5373 1359 5422 opera
1388 5358 1572 5410 domus
1611 5358 1707 5411 Dei
1738 5377 1825 5413 or-

324 5422 666 5477 dinabant'ur.

332 5530 566 5586 Decrevit
597 5543 767 5586 autem
801 5533 1050 5587 Salomon
1081 5534 1342 5602 a‘dificare
1381 5537 1588 5589 domum
1635 5543 1833 5595 nomini

262 5625 498 5687 Domini,
529 5637 572 5677 et
601 5625 852 5694 palatium
882 5627 1001 5679 sibi.
1037 5625 1102 5677 Et
1134 5629 1416 5678 muneravit
1454 5629 1651 5692 70,000
1698 5632 1827 5684 riro—

263 5733 380 5770 rum
415 5718 737 5782 portamium
770 5719 996 5771 humeris
1020 5759 1033 5784 ,
1059 5729 1106 5770 et
1135 5719 1328 5783 70,000
1359 5723 1445 5789 qui
1471 5721 1722 5774 caderent
1751 5722 1829 5776 la-

1948 1919 2183 1985 pertinet
2224 1918 2487 1974 Mediator
2521 1921 2613 1976 Dei
2645 1931 2700 1977 et
2727 1923 3034 1991 hominum,
3068 1927 3317 1984 Christus
3343 1928 3520 1993 Jesus,

1946 2009 2065 2079 ipso
2092 2017 2398 2075 attestante,
2428 2029 2549 2066 cum
2582 2015 2659 2067 ait
2689 2032 2702 2067 :
2734 2013 2928 2070 Solvite
2970 2019 3216 2086 templum
3257 2019 3354 2072 hoc
3385 2028 3432 2073 et
3465 2020 3519 2073 in

1947 2101 2112 2154 tribus
2136 2102 2318 2156 diebus
2344 2105 2580 2156 excitabo
2604 2104 2737 2157 illud
2760 2104 2939 2176 (Joan.
2964 2107 3045 2178 ιι).
3074 2105 3225 2173 Quod
3249 2123 3521 2178 exponens

1945 2191 2277 2261 evangelista
2306 2193 2585 2264 subjnnxit
2619 2211 2631 2247 :
2667 2191 2784 2247 Hoc
2811 2205 2985 2248 autem
3021 2196 3222 2250 dicebat
3245 2198 3310 2251 de
3333 2199 3524 2269 templo

1941 2281 2173 2346 corporis
2193 2281 2297 2333 sui.
2326 2281 2534 2335 Dicitet
2563 2282 2853 2352 Apostolus
2883 2284 2950 2337 de
2978 2284 3135 2339 nobis
3163 2284 3215 2354 (Ι
3245 2285 3368 2340 Cor.
3409 2293 3512 2346 tu).

1938 2368 2181 2431 Nescitis.
2220 2373 2342 2440 quia
2393 2373 2641 2435 templum
2705 2374 2799 2428 Dei
2845 2375 2988 2440 estis,
3026 2385 3076 2429 et
3128 2375 3359 2444 Spiritus
3416 2379 3518 2432 Dei

1944 2455 2144 2509 habitat
2209 2457 2264 2512 in
2318 2458 2510 2511 vobis?
2560 2457 2618 2512 Si
2681 2473 2810 2528 ergo
2852 2458 2942 2513 ille
2981 2459 3237 2528 templum
3283 2460 3379 2516 Dei
3422 2477 3520 2530 per

1944 2554 2274 2614 assumptum
2299 2546 2687 2602 humanitatem
2718 2547 2892 2603 factus
2917 2559 3020 2614 est,
3057 2559 3111 2604 et
3137 2565 3236 2605 nos
3261 2551 3516 2621 templum

1945 2633 2038 2688 Dei
2072 2649 2168 2704 per
2196 2636 2586 2690 inhabitantem
2617 2636 2879 2707 Spiritum
2909 2638 3028 2708 ejus
3065 2639 3120 2692 in
3159 2639 3314 2694 nobis
3360 2641 3520 2695 cilici-

1945 2737 2086 2791 mur,
2115 2737 2329 2781 constat
2355 2728 2542 2798 utique
2565 2729 2691 2798 quia
2721 2729 2945 2800 ﬁguram
2977 2731 3219 2784 omnium
3249 2741 3515 2795 nostrum,

1943 2823 1998 2869 et
2038 2817 2206 2886 ipsius
2243 2818 2491 2873 videlicet
2537 2819 2790 2883 Domini,
2839 2830 2894 2874 et
2944 2823 3304 2876 membrorum
3359 2823 3474 2891 ejus
3500 2866 3517 2889 ,

1945 2921 2063 2973 qua:
2101 2922 2200 2960 nos
2231 2921 2436 2971 sumus,
2463 2908 2720 2978 templum
2751 2909 2879 2962 illud
2907 2911 3184 2966 materiale
3206 2914 3398 2978 tenuit,
3421 2919 3515 2970 sed

1947 2995 2134 3063 ipsius,
2167 3005 2422 3066 tanquam
2450 2998 2640 3067 lapidis
2661 2999 2933 3069 angularis
2956 3040 2969 3065 ,
2993 3001 3335 3071 singulariter
3361 3004 3517 3059 electi

1949 3095 2003 3139 et
2029 3088 2246 3156 pretiosi
2276 3129 2289 3152 ,
2335 3088 2387 3141 in
2426 3089 2780 3144 fundamento
2821 3090 3059 3157 fundati;
3091 3094 3260 3148 nostri
3295 3103 3474 3150 autem
3500 3135 3516 3160 ,

1867 3157 1911 3218 C
1948 3187 2200 3248 tanquam
2233 3179 2468 3250 lapidum
2505 3181 2746 3235 vivorum
2777 3221 2791 3246 ,
2827 3183 3372 3252 supertediﬁcatorum
3421 3201 3517 3241 su-

1941 3285 2039 3338 per
2099 3267 2506 3324 fluidamentum
2550 3271 2915 3341 apostolorum
2971 3282 3026 3328 et
3085 3275 3514 3346 prophetarum,

1942 3360 2043 3416 hoc
2075 3371 2180 3425 est,
2209 3377 2370 3430 super
2395 3363 2567 3433 ipsum
2593 3363 3192 3437 Dominum(Ephes.n;
3219 3366 3248 3420 Ι
3267 3365 3410 3422 Petr.
3430 3370 3514 3440 ιι).

1943 3451 2198 3521 Designat
2229 3453 2473 3507 eamdem
2505 3454 2724 3508 domum
2754 3455 2848 3509 Dei
2893 3457 3226 3525 spiritualem
3257 3469 3311 3513 et
3343 3461 3517 3516 taber-

1943 3542 2197 3594 naculum
2239 3545 2506 3610 qnondam
2550 3543 2748 3600 factum
2805 3547 2858 3600 in
2909 3563 3090 3602 eremo
3137 3565 3232 3618 per
3276 3549 3514 3623 Moysen.

1944 3625 2140 3682 Verum
2179 3632 2302 3698 quia
2349 3631 2439 3684 illa
2470 3631 2660 3688 domus
2711 3634 2765 3688 in
2818 3634 3013 3690 itinere
3061 3653 3168 3707 quo
3218 3640 3283 3692 ad
3317 3649 3512 3694 terram

1942 3720 2376 3787 repromissionis
2423 3723 2761 3789 veniebatur,
2793 3725 2906 3779 haec
2943 3735 3123 3780 autem
3151 3728 3517 3784 mdiﬁcabatur

1941 3809 1994 3863 in
2023 3811 2136 3879 ipsa
2165 3819 2310 3865 terra
2355 3813 2788 3881 repromissionis
2811 3856 2824 3877 ,
2857 3825 2911 3870 et
2948 3817 3000 3870 in
3033 3818 3257 3872 civitate
3287 3817 3510 3880 Jerusa-

1941 3897 2067 3962 lem,
2108 3899 2194 3952 illa
2249 3909 2307 3954 ut
2353 3902 2418 3954 de
2463 3902 2579 3956 loco
2627 3905 2695 3956 ad
2751 3903 2924 3958 locum
2967 3907 3158 3960 crebro
3205 3906 3510 3964 Levitarutu

1943 3989 2241 4044 ministerio
2270 4001 2506 4060 portata,
2537 3994 2754 4046 tandem
2787 3995 2838 4047 in
2872 4004 3066 4049 terram
3097 3998 3373 4065 promissa:
3397 3999 3508 4052 ha:-

1942 4082 2187 4136 reditatis
2232 4083 2596 4150 induceretur,
2628 4086 2740 4140 haec
2772 4093 2830 4139 ut
2877 4101 2996 4141 mox
3027 4089 3080 4142 in
3109 4090 3280 4158 patria
3311 4091 3423 4160 ipsa
3457 4101 3514 4146 et

1941 4174 2156 4229 civitate
2208 4185 2518 4230 constructa
2579 4177 2868 4230 inviolabili
2911 4194 3125 4248 semper
3163 4178 3512 4238 fundamento

1938 4265 2277 4328 consisteret,
2303 4267 2471 4319 donec
2499 4267 2727 4320 inditum
2757 4267 2857 4321 sibi
2889 4268 3178 4338 ﬁgurarum
3207 4271 3509 4327 caelestium

1936 4370 2131 4409 munus
2147 4355 2388 4424 impleret
2404 4355 2598 4426 (Exod.
2617 4373 2802 4420 xxxvr,
2827 4371 3032 4422 xxxvii,
3051 4373 3274 4425 xxxvrn,
3293 4363 3508 4432 xxxn‘),

1940 4454 2117 4514 potest
2147 4444 2198 4497 in
2230 4445 2318 4497 illa
2347 4446 2624 4514 praesentis
2654 4446 2926 4501 Ecclesia.“
2945 4448 3100 4502 labor
3140 4457 3192 4502 ct
3230 4451 3502 4517 exsilium,

1941 4534 1996 4588 in
2041 4535 2142 4588 hac
2190 4533 2372 4587 futura
2413 4535 2627 4603 requies
2671 4545 2726 4590 et
2769 4537 3044 4592 beatitudo
3107 4537 3348 4609 ﬁgurari.
3409 4540 3506 4596 Vel

1939 4635 2086 4682 certe
2124 4626 2250 4696 quia
2289 4625 2376 4680 illa
2416 4641 2447 4680 a
2481 4627 2608 4682 solis
2637 4627 2762 4682 ﬁliis
2784 4627 2948 4682 Israel
2977 4669 2990 4693 ,
3023 4630 3136 4685 htec
3162 4645 3192 4684 a
3220 4632 3506 4704 proselytis

1939 4723 2103 4778 etiam
2148 4732 2202 4776 et
2236 4723 2484 4791 gentibus
2524 4721 2666 4777 facta
2695 4731 2779 4779 est
2803 4765 2818 4790 ,
2858 4733 3081 4794 possunt
3110 4726 3162 4779 in
3192 4725 3278 4780 illa
3307 4729 3506 4798 princi-

1937 4813 2132 4883 paliter
2151 4822 2332 4883 patres
2346 4812 2558 4868 Veteris
2578 4812 2927 4879 Testamenti,
2954 4825 3008 4869 et
3027 4816 3278 4884 antiquus
3298 4817 3386 4872 ille
3408 4817 3506 4875 Dei

1939 4905 2234 4974 apostolus,
2259 4906 2310 4958 in
2355 4905 2456 4959 hac
2495 4914 2672 4958 autem
2701 4915 3020 4974 congregata
3046 4907 3110 4961 de
3136 4907 3381 4977 gentibus
3402 4909 3506 4968 Ec-

1935 4997 2095 5052 clesia
2125 4995 2421 5066 ﬁguraliter
2441 4998 2668 5066 exprimi
2690 5015 2702 5062 ;
2729 4999 2974 5067 quamvis
2997 5001 3279 5058 aediﬁcium
3302 5005 3504 5063 utrius-

1931 5101 2035 5154 que
2057 5084 2246 5138 domus
2274 5084 2602 5138 enucleatius
2629 5085 2890 5154 spirituali
2918 5102 3078 5141 sensu
3106 5103 3414 5158 excussum,
3446 5103 3501 5149 et

1931 5176 2142 5230 labores
2183 5165 2460 5245 praesentis
2500 5175 2753 5230 Ecclesia:
2780 5177 3140 5244 quotidianos,
3177 5189 3232 5234 et
3279 5186 3498 5251 praemia

1930 5265 1982 5319 in
2026 5264 2204 5318 futuro
2247 5264 2500 5333 perennia
2531 5303 2545 5328 ,
2581 5264 2882 5334 gaudiaque
2919 5269 3067 5337 regni
3123 5270 3398 5339 cmlcstis,
3447 5282 3504 5326 et

1933 5355 2251 5409 electionem
2295 5354 2480 5422 primae
2525 5352 2592 5408 de
2634 5355 2796 5408 Israel
2823 5355 3112 5422 Ecclesiaa,
3165 5368 3222 5415 et
3267 5362 3500 5415 salutem

1939 5449 2173 5502 omnium
2205 5448 2440 5517 gentium
2482 5446 2536 5500 in
2567 5447 2799 5510 Christo,
2826 5448 3156 5506 multimodis
3183 5453 3499 5507 ostendatur

1935 5539 2204 5592 insinuare
2237 5539 2437 5607 ﬁguris.

2006 5632 2156 5698 Quod
2184 5640 2362 5686 autem
2394 5631 2732 5687 Salomonem
2769 5633 3073 5687 decrevisse
3101 5633 3298 5686 dicitur
3329 5649 3374 5688 az
3396 5634 3498 5686 iiii-

1933 5740 2058 5780 care
2088 5725 2305 5780 domum
2335 5725 2537 5780 nomini
2567 5725 2774 5804 Domini
2805 5765 2819 5792 ,
2855 5732 2908 5780 et
2944 5724 3339 5794 palatium'sibi
3366 5765 3383 5795 ,
3429 5726 3498 5781 ad
