3870 6146
422 321 521 377 ιιι)

1074 308 1134 364 Β.
1176 307 1424 364 RABANI
1467 307 1682 362 MAUlll
1719 300 2035 358 ARClllEP.
2079 279 2396 355 MOGlTNT.
2429 298 2713 353 OPERUM
2759 297 2936 352 PARS
2972 295 3012 351 1.

3550 298 3659 353 tit)

418 433 664 487 eiimdem
701 442 913 481 sensum
956 426 1211 496 pertinet,
1242 424 1369 493 quia
1398 429 1586 475 sancta
1616 421 1706 474 Dei
1740 417 1979 472 Ecclesia
2011 415 2058 475 Α
2088 409 2278 479 gendis
2297 408 2418 478 jure
2439 415 2903 496 prmponerentur,
2939 405 3165 496 Domino
3198 405 3472 496 gentilitas
3495 409 3657 496 obtu-

422 527 609 579 domus
643 520 738 574 Dei
765 526 865 582 est,
895 532 1056 587 quam
1089 515 1176 570 ille
1198 513 1582 585 perpetualiter
1612 510 1898 573 inhabitat,
1928 516 1984 561 et

418 614 674 684 palatium
705 609 940 666 etelestis
967 609 1134 678 regis,
1165 607 1256 661 ubi
1284 607 1398 676 ipse
1428 605 1609 676 gloria:
1638 619 1748 659 suae
1776 601 1983 685 magni-

400 706 657 762 .tudinem
684 701 952 757 universis
975 700 1223 769 gentibus
1251 698 1502 752 ostendit.
1532 695 1775 763 Operarii
1802 701 1982 747 autem

420 798 532 852 veri
566 793 870 851 Salomonis
908 794 1106 863 quique
1155 799 1280 846 sunt
1320 792 1520 856 electi,
1572 790 1663 858 qui
1712 788 1796 841 vel
1840 796 1985 841 recte

423 886 691 941 credendo
716 900 780 938 ac
807 883 942 937 bene
970 883 1242 951 operando
1270 881 1587 949 semetipsos
1626 877 1834 933 habiles
1860 876 1988 930 ardi-

424 975 543 1028 ﬁcio
574 973 665 1026 Dei
704 970 928 1035 faciunt,
960 970 1042 1025 vel
1071 971 1203 1024 alios
1230 970 1471 1024 docendo
1495 970 1563 1023 ad
1588 968 1823 1022 futuram
1853 978 1987 1022 tem-

420 1066 491 1133 pli
549 1064 642 1117 Dei
690 1062 913 1131 gloriam
949 1069 1270 1130 praeparant.
1328 1060 1465 1125 Quid
1506 1067 1685 1113 autem
1722 1058 1989 1130 signiﬁcet

423 1154 848 1225 septuagesimus
887 1158 942 1205 et
988 1152 1345 1220 octogesimus
1369 1191 1383 1215 ,
1427 1165 1634 1205 necnon
1671 1156 1725 1203 et
1766 1165 1989 1205 sexcen-

424 1244 647 1298 tesimus
678 1252 837 1312 atque
884 1241 1077 1295 tertius
1116 1255 1374 1295 numerus
1398 1280 1413 1305 ,
1441 1242 1495 1294 in
1531 1240 1879 1309 sequentibus
1904 1239 1987 1293 di-

426 1348 629 1389 CClllllS.

499 1425 640 1478 Misit
670 1438 870 1494 quoque
895 1421 963 1475 ad
992 1419 1182 1474 Hiram
1211 1435 1377 1489 regem
1409 1418 1564 1489 Tyri,
1591 1418 1766 1472 dicens
1790 1432 1808 1469 :
1841 1416 1991 1472 Sicut

425 1515 573 1583 egisti
605 1531 720 1567 cum
744 1511 911 1565 David
937 1520 1084 1581 patre
1105 1526 1238 1574 meo,
1266 1519 1313 1563 et
1345 1509 1533 1563 misisti
1575 1509 1623 1561 ei
1654 1508 1796 1578 ligna
1824 1506 1993 1561 cedri-

427 1621 515 1668 na,
558 1612 610 1657 ut
643 1602 926 1671 wdiﬁcaret
977 1600 1076 1654 sibi
1124 1599 1335 1653 domum
1359 1639 1374 1664 ,
1404 1600 1459 1653 in
1487 1615 1591 1668 qua
1617 1596 1888 1661 habitavit,
1917 1597 1993 1649 sic

427 1695 512 1763 [ac
548 1710 745 1767 mecum
771 1732 787 1756 ,
815 1701 869 1746 ut
897 1691 1149 1759 wdiﬁcem
1173 1690 1385 1743 domum
1415 1688 1626 1741 Domini
1647 1687 1747 1741 Dei
1770 1687 1893 1749 mei,
1934 1694 1992 1739 ut

2086 499 2148 553 lit
2180 516 2193 551 :
2225 498 2400 567 qualis
2428 495 2529 551 fuit
2575 496 2706 566 ipsis
2756 495 3118 564 apostolorum
3156 494 3491 562 temporibus
3525 495 3661 550 Dio—

2084 589 2624 661 nysiusAreopagita,
2644 587 2817 657 qualis
2834 587 3086 651 deinceps
3100 587 3287 640 doctor
3307 588 3666 643 suavissimus

2085 679 2609 749 atque'l'ortissimus
2641 691 2848 749 martyr
2885 676 3206 748 Cyprianus,
3254 677 3452 746 aliique
3475 694 3668 747 quam-

2084 767 2322 839 plurimi.
2356 767 2502 823 Misit
2536 776 2589 821 et
2614 784 2826 833 aurum,
2858 767 3001 837 quod
3033 766 3085 820 in
3111 767 3298 821 eadem
3326 782 3468 836 pene
3498 769 3669 839 signi-

2090 859 2341 913 ﬁcatione
2371 858 2656 926 accipitur,
2686 858 2809 926 quia
2850 856 3107 911 nimirum
3137 857 3281 911 viros
3312 857 3579 926 sapientia
3610 868 3671 912 et

2088 949 2305 1020 ingenio
2326 947 2618 1017 praeclaros
2641 947 2896 1001 ostendit.
2924 944 3029 999 Pro
3052 945 3248 1015 quibus
3269 947 3481 1001 eunetis
3511 947 3669 1001 obla—

2089 1041 2323 1096 tionibus
2364 1040 2641 1109 gentilitas
2672 1055 2702 1093 a
2735 1038 2961 1093 Domino
2986 1039 3124 1093 dona
3168 1047 3448 1109 exspectat
3476 1041 3670 1110 gratim

2088 1133 2348 1198 caelestis,
2396 1132 2635 1187 triticum
2691 1131 2940 1186 videlicet
2962 1131 3189 1185 verbum
3230 1131 3344 1191 Dei,
3385 1136 3443 1185 et
3484 1131 3668 1185 oleum

2090 1222 2368 1277 cbaritatis
2400 1231 2564 1291 atque
2596 1221 2867 1276 unctionis
2905 1229 2961 1274 et
2987 1219 3393 1275 illuminationis
3420 1221 3664 1290 Spiritus

2090 1314 2279 1368 sancti.
2320 1312 2584 1367 Convenit
2620 1320 2798 1366 autem
2845 1320 2968 1381 apte
2996 1311 3157 1365 rebus
3183 1310 3460 1376 Ecclesize,
3491 1313 3664 1382 quod,

2090 1404 2350 1457 auxilium
2376 1402 2556 1473 operis
2583 1402 2756 1458 sancti
2778 1400 3092 1471 elllagitans,
3119 1402 3196 1457 ait
3222 1402 3291 1456 ad
3332 1402 3519 1457 Hiram
3558 1402 3662 1458 Sa-

2090 1493 2272 1549 lomon
2297 1512 2310 1548 :

2163 1582 2219 1636 Μ
2223 1584 2312 1636 itte
2333 1599 2453 1653 ergo
2474 1582 2603 1638 mihi
2622 1583 2791 1636 virum
2810 1582 3076 1637 eruditum
3090 1623 3105 1648 ,
3130 1582 3220 1654 qui
3241 1583 3438 1637 noverit
3459 1584 3671 1651 operari

2091 1672 2146 1726 in
2168 1688 2297 1726 auro
2318 1680 2366 1726 et
2399 1679 2635 1742 argento,
2663 1687 2768 1726 aere
2809 1680 2858 1725 et
2897 1671 3059 1741 ferro,
3089 1686 3343 1742 purpura,
3371 1674 3584 1726 coccino
3621 1683 3673 1725 et

426 1798 717 1838 consecrem
743 1798 857 1835 eam
886 1781 955 1834 ad
989 1779 1305 1835 adolendum
1350 1780 1615 1833 incensum
1654 1792 1831 1830 coram
1876 1775 1990 1841 illo,

2101 1762 2397 1832 hyacintho,
2423 1772 2470 1816 et
2493 1763 2584 1833 qui
2613 1763 2744 1817 sciat
2772 1762 3005 1834 sculpere
3028 1763 3214 1817 ccelata
3238 1780 3355 1817 cum
3383 1765 3465 1819 his
3495 1764 3673 1834 artiﬁ-

426 1886 473 1930 et
510 1874 816 1944 fumiganda
846 1882 1106 1937 aromata,
1145 1881 1192 1925 et
1238 1872 1307 1925 ad
1348 1871 1749 1941 propositionem
1796 1884 1992 1940 panum

426 1965 811 2033 sempiternam,
849 1972 896 2015 et
923 1962 991 2014 ad
1020 1959 1465 2016 holocaustomata
1502 1976 1652 2013 mane
1679 1968 1728 2013 et
1769 1974 1990 2029 vespere,

428 2055 657 2109 sabbatis
677 2069 877 2123 quoque
904 2061 953 2105 et
982 2051 1282 2105 Neomeniis
1329 2061 1376 2104 et
1420 2049 1833 2105 solemnitatibus
1880 2050 1993 2103 Do—

430 2143 556 2195 mini
603 2141 694 2193 Dei
742 2141 906 2193 nostri
950 2139 1005 2192 in
1032 2139 1426 2207 sempiternum,
1454 2154 1571 2209 qua:
1598 2137 1849 2191 mandata
1873 2146 1994 2191 sunt

433 2229 601 2284 Israel
634 2270 649 2294 ,
696 2236 748 2284 et
799 2228 1022 2298 reliqua.
1074 2226 1271 2282 Narrat
1321 2238 1500 2283 autem
1543 2228 1748 2298 Regum
1770 2226 1995 2282 historia

431 2321 547 2390 (IlI
579 2320 701 2391 Reg.
740 2320 794 2390 v)
821 2361 837 2384 ,
880 2319 1024 2389 quod
1077 2319 1327 2374 Salomon
1371 2320 1731 2376 aediﬁcaturus
1781 2321 1995 2375 domum

431 2410 679 2473 Domino,
727 2409 1001 2478 qumsierit
1050 2408 1309 2462 auxilium
1338 2410 1406 2464 ab
1437 2409 1623 2464 Hiram
1660 2425 1788 2480 rege
1830 2410 1995 2481 Tyri,

432 2501 523 2568 qui
556 2507 674 2553 erat
707 2498 914 2552 amicus
941 2497 1111 2551 David
1139 2497 1286 2552 omni
1323 2506 1583 2568 tempore,
1625 2508 1682 2553 et
1716 2515 1839 2554 eum
1882 2501 2000 2569 ipso

432 2604 646 2660 quoque
692 2588 1015 2653 Salomone,
1059 2597 1342 2657 postquam
1395 2604 1560 2659 regno
1618 2590 1820 2658 potitus
1865 2598 1948 2645 est
1980 2628 1996 2655 ,

434 2695 619 2749 pacem
665 2679 865 2733 habere
900 2676 1012 2746 jam
1057 2679 1305 2749 casperit,
1348 2687 1760 2749 promptumque
1783 2696 1907 2734 mox
1935 2679 1999 2734 ad

436 2768 794 2837 adjuvandum
825 2783 883 2823 se
917 2769 972 2822 in
1001 2769 1252 2823 omnibus
1289 2768 1407 2839 ejus
1440 2769 1705 2824 invenerit
1742 2769 1998 2834 animum,

436 2861 510 2915 ita
542 2869 600 2914 ut
633 2857 869 2913 artiﬁces
907 2857 1015 2926 illi,
1046 2867 1100 2913 et
1127 2858 1269 2929 ligna
1304 2864 1358 2912 et
1386 2874 1577 2913 aurum
1599 2898 1615 2924 ,
1662 2868 1822 2929 prout
1866 2873 2002 2928 opus

436 2948 688 3014 habebat,
728 2948 935 3004 dederit
963 2965 977 3001 :
1010 2947 1440 3018 cujus‘beneﬁcii
1471 2949 1644 3019 gratia
1671 2948 1921 3003 Salomon
1949 2949 2001 3003 ei

436 3054 533 3109 per
559 3053 730 3094 annos
757 3030 997 3110 singulos
1037 3037 1299 3108 plurimos
1340 3030 1509 3093 tritici
1557 3047 1613 3094 et
1654 3039 1759 3094 olei
1802 3040 1999 3095 choros

438 3104 491 3185 in
514 3130 692 3184 cibum
722 3104 899 3185 domui
923 3104 1245 3200 ejus—dabat.
1268 3128 1406 3184 Nulli
1428 3138 1608 3186 autem
1628 3131 1847 3185 dubium
1869 3132 1998 3201 quin
2025 3104 2069 3168 (ἶ

440 3220 716 3284 Salomon,
747 3221 836 3289 qui
860 3220 1245 3290 interpretatur
1262 3221 1536 3291 pacificus,
1562 3229 1616 3275 et
1643 3221 1759 3290 ipso
1783 3220 1999 3275 nomine

438 3323 494 3367 et
540 3310 884 3366 serenissima
925 3310 1076 3380 regni
1112 3311 1194 3365 sui
1246 3318 1389 3365 statu
1433 3310 1581 3364 illum
1630 3309 1901 3381 signiﬁcet
1935 3310 2001 3366 de

439 3417 546 3472 quo
574 3401 707 3455 dixit
733 3399 937 3454 lsaias:
972 3398 1409 3470 Multiplicabitur
1454 3399 1566 3467 eius
1602 3399 1873 3469 imperium
1898 3439 1913 3465 ,
1951 3407 2001 3453 et

441 3491 585 3562 pacis
614 3506 714 3543 non
737 3489 833 3543 erit
862 3489 983 3557 linis
1009 3487 1145 3560 (Isa.
1169 3488 1268 3561 ix).
1301 3488 1484 3544 Hiram
1524 3504 1671 3553 vero,
1701 3489 1792 3559 qui
1814 3489 2002 3544 Latine

442 3582 638 3636 dicitur
679 3581 846 3634 vivens
887 3578 1085 3634 excelse
1106 3619 1121 3645 ,
1149 3580 1432 3635 credentes
1458 3595 1525 3635 ex
1547 3581 1793 3651 gentibus
1817 3587 1872 3635 et
1893 3581 2004 3633 vita

440 3670 598 3726 simul
644 3685 764 3726 cum
793 3668 896 3725 ﬁde
919 3669 1181 3740 gloriosos
1206 3658 1499 3738 ﬁguraliter
1522 3671 1794 3740 exprimit.
1822 3669 2004 3739 Neque

440 3758 642 3828 aliquid
662 3758 912 3829 prohibet
933 3758 1061 3828 quin
1089 3757 1294 3823 Hiram,
1318 3758 1445 3826 quia
1468 3773 1559 3812 res
1579 3767 1716 3823 erat,
1731 3757 2004 3827 regalique

445 3848 703 3918 patientia
736 3844 1080 3902 Salomonem
1108 3846 1161 3900 in
1189 3845 1416 3901 :ediﬁcio
1463 3844 1652 3900 domus
1678 3845 1889 3900 Domini
1916 3861 2004 3914 Ju-

445 3941 634 4003 vabat,
672 3952 966 3994 conversos
1022 3939 1090 3992 ad
1138 3936 1297 3993 ﬁdem
1339 3937 1484 4007 ipsos
1518 3952 1699 3991 rerum
1752 3937 2005 3993 Dominos

445 4028 621 4098 typice
668 4027 989 4090 denuntiet,
1040 4042 1269 4096 quorum
1314 4043 1415 4097 ope
1445 4036 1655 4083 constat
1704 4027 2004 4082 Ecclesiam

444 4121 637 4189 sacpius
668 4121 736 4174 ad
780 4121 946 4173 vitam
982 4119 1233 4174 nobiliter
1267 4128 1667 4190 augmentatam
1708 4137 1771 4177 ac
1819 4130 2005 4176 contra

446 4209 727 4264 haereticos
752 4207 1124 4262 scbismaticos
1151 4215 1206 4261 et
1226 4222 1461 4277 paganos
1486 4207 1869 4277 principalibus
1892 4225 2008 4265 ere-

446 4308 590 4354 ctam
627 4312 747 4353 esse
792 4297 1041 4351 decretis.
1086 4295 1250 4350 Petiit
1286 4312 1413 4366 ergo
1461 4295 1712 4351 Salomon
1756 4298 1811 4352 in
1844 4313 2007 4368 opere

448 4386 630 4457 templi
675 4386 931 4440 auxilium
979 4386 1046 4440 ab
1092 4385 1300 4451 Hiram,
1348 4386 1473 4456 quia
1524 4401 1644 4441 cum
1690 4387 1910 4441 veniens
1951 4386 2006 4440 in

446 4494 608 4536 carne
637 4477 894 4532 Dominus
920 4476 1168 4532 dilectam
1204 4476 1307 4530 sibi
1336 4476 1573 4541 domum,
1613 4476 1865 4531 videlicet
1901 4474 2005 4531 Ec—

446 4572 682 4634 clesiam,
725 4568 993 4625 mdiﬁcare
1030 4569 1357 4639 disponeret,
1392 4582 1500 4622 non
1549 4568 1615 4622 de
1648 4565 1845 4623 Judazis
1891 4576 2009 4622 tan-

449 4659 742 4723 tummodo,
784 4673 973 4713 verum
1020 4665 1075 4712 et
1105 4658 1171 4712 de
1213 4656 1462 4727 gentibus
1510 4654 1782 4723 adjutores
1830 4657 2010 4725 operis

446 4751 624 4822 elegit.
651 4747 785 4802 Nam
826 4747 891 4802 de
928 4755 1156 4817 utroque
1192 4745 1388 4816 populo
1428 4745 1704 4800 ministros
1743 4746 2009 4802 sermonis

398 4906 411 4915 ,
446 4840 753 4912 assumpsit.
783 4839 928 4894 Misit
958 4838 1143 4893 Hiram
1172 4837 1443 4893 Salomoni
1472 4838 1690 4908 praecisa
1720 4838 1785 4893 de
1805 4836 2008 4894 Libano

402 5002 403 5005 η
446 4934 589 5003 ligna
616 4930 833 4986 cedrina
858 4936 915 4983 et
938 4928 1182 4999 abiegna,
1210 4943 1329 4998 qua:
1353 4929 1405 4982 in
1431 4930 1644 4984 domum
1670 4929 1881 4984 Domini
1906 4942 2004 4999 po-

449 5029 724 5086 nerentur,
746 5019 870 5089 quia
889 5032 1148 5073 conversa
1173 5018 1444 5088 gentilitas
1465 5017 1611 5073 misit
1633 5018 1698 5071 ad
1719 5017 2006 5073 Dominum

451 5115 592 5170 viros
620 5112 890 5183 quondam
922 5110 988 5164 ad
1029 5110 1282 5167 szeculum
1325 5109 1525 5176 claros,
1560 5112 1655 5166 scd
1701 5111 1879 5164 securi
1912 5112 2007 5167 do-

449 5203 657 5259 minica:
681 5199 1088 5272 prteparationis
1125 5200 1190 5255 de
1224 5210 1404 5254 monte
1452 5214 1561 5254 sua:
1605 5199 1868 5268 superbiae
1890 5198 2004 5268 jam

456 5292 684 5363 dejectns
713 5299 767 5345 et
800 5290 1126 5353 humiliatos,
1166 5290 1255 5358 qui
1287 5290 1353 5344 ad
1399 5304 1641 5344 normam
1682 5290 2004 5361 evangelica:

446 5381 689 5437 veritatis
717 5381 947 5437 instituti
977 5381 1031 5435 in
1066 5379 1293 5435 :ediﬁeio
1324 5379 1573 5434 Ecclesia:
1597 5394 1695 5449 pro
1723 5395 1820 5434 suo
1850 5381 2001 5451 quis-

441 5488 546 5541 que
569 5474 763 5527 merito
789 5471 872 5526 vel
905 5479 1140 5539 tempore
1164 5469 1533 5524 collocaretur.
1565 5468 1707 5523 Misit
1733 5469 1895 5523 etiam
1923 5486 2004 5524 ar-

445 5561 637 5628 tiﬁces,
670 5562 796 5632 quia
833 5575 1122 5615 conversos
1164 5558 1230 5611 ad
1257 5574 1435 5613 veram
1474 5560 1790 5630 sapientiam
1832 5560 2005 5630 philo-

445 5652 665 5719 sophos.
711 5651 801 5719 qui
849 5650 1021 5719 gratia
1065 5647 1383 5702 eruditionis
1411 5650 1618 5718 populis
1657 5666 1871 5721 quoque
1919 5666 2005 5706 re-

2092 1854 2236 1909 cibus
2264 1871 2391 1926 quos
2418 1872 2620 1910 mecum
2640 1854 2805 1910 habeo
2825 1856 2883 1909 in
2908 1855 3099 1909 Judtva
3123 1862 3172 1909 et
3207 1854 3501 1909 Jerusalem
3532 1874 3670 1927 quos

2090 1945 2402 2016 prteparavit
2443 1944 2608 1999 David
2632 1953 2781 2015 pater
2823 1960 2988 1999 meus.
3019 1944 3125 2000 Sed
3170 1954 3219 1999 et
3264 1945 3407 2016 ligna
3454 1948 3675 2000 cedrina

2092 2038 2235 2091 mitte
2279 2037 2427 2101 mihi,
2480 2036 2806 2103 arceutltina,
2847 2046 2897 2091 et
2947 2036 3100 2108 pinea
3156 2037 3222 2091 de
3274 2035 3495 2091 Libano.
3552 2038 3677 2092 Scio

2093 2126 2253 2191 enim,
2284 2125 2425 2195 quod
2447 2126 2581 2180 servi
2607 2124 2684 2179 tui
2715 2126 2949 2179 noverint
2969 2124 3166 2179 ccedere
3189 2123 3330 2195 ligna
3357 2125 3422 2179 de
3448 2124 3675 2179 Libano.

2094 2215 2163 2269 Et
2187 2226 2338 2271 erunt
2364 2217 2497 2271 servi
2518 2217 2619 2270 mei
2654 2231 2774 2270 cum
2811 2216 2970 2271 servis
3009 2216 3134 2280 tuis,
3166 2226 3223 2269 ut
3261 2225 3515 2286 parentur
3547 2217 3679 2270 milii

2094 2304 2237 2376 ligna
2265 2304 2514 2376 plurima.
2568 2305 2764 2360 Domus
2801 2306 2959 2370 enim,
3010 2322 3168 2376 quam
3199 2306 3349 2375 cupio
3382 2306 3677 2375 azdiﬁcare,

2095 2413 2286 2467 magna
2306 2407 2380 2451 est
2411 2396 2566 2452 nimis
2590 2406 2638 2451 et
2664 2397 2881 2468 inclyta.
2911 2394 3173 2451 Prwterea
3188 2398 3438 2467 operariis
3458 2399 3551 2467 qui
3579 2415 3683 2451 cae—

2097 2489 2208 2541 suri
2232 2497 2352 2542 sunt
2379 2487 2522 2559 ligna
2544 2490 2702 2543 servis
2725 2489 2830 2542 tuis
2854 2488 2989 2542 dabo
3016 2490 3071 2542 in
3100 2488 3317 2553 cibaria,
3342 2490 3505 2542 tritici
3527 2506 3681 2543 coras

2098 2576 2277 2647 viginti
2306 2577 2491 2642 millia,
2516 2587 2563 2631 et
2585 2578 2766 2632 hordei
2788 2577 3002 2633 totidem
3025 2594 3189 2640 coros,
3220 2576 3319 2631 olei
3337 2595 3542 2648 quoque
3561 2588 3682 2632 sata

2098 2668 2277 2738 viginti
2296 2668 2483 2736 millia,
2509 2678 2565 2724 et
2582 2670 2736 2740 reliq.
2762 2669 2918 2725 Servi
2938 2670 3133 2741 quippe
3149 2669 3356 2735 Hiram,
3378 2670 3472 2740 qui
3492 2671 3683 2739 praeci-

2099 2757 2300 2815 debant
2345 2758 2619 2816 Salomoni
2649 2761 2842 2816 cedros
2883 2761 2949 2815 de
2994 2759 3222 2825 Libano,
3262 2759 3514 2815 doctores
3552 2768 3682 2815 sunt

2099 2849 2256 2905 electi
2279 2848 2346 2904 de
2368 2847 2634 2921 gentibus,
2663 2864 2891 2919 quorum
2929 2849 3093 2905 olﬁcii
3120 2858 3204 2905 est
3229 2865 3323 2904 eos
3343 2850 3436 2918 qui
3478 2850 3536 2904 in
3577 2851 3683 2905 hoc

2100 2938 2302 2994 mundo
2335 2939 2500 2993 rebus
2534 2946 2589 2992 et
2627 2938 2796 3009 gloria
2840 2938 3110 3004 laetantur,
3157 2954 3187 2992 a
3228 2939 3496 3008 superbia:
3534 2937 3683 2994 fastu

2102 3030 2424 3103 corrigendo
2463 3039 2727 3095 sternere,
2758 3029 2932 3099 adque
2971 3029 3288 3099 obsequium
3326 3029 3409 3084 sui
3447 3028 3685 3084 Redem-

2098 3121 2272 3192 ptoris
2307 3135 2505 3195 eorum.
2541 3132 2663 3175 tota
2691 3119 3005 3175 transferre.
3033 3119 3167 3176 Cum
3207 3119 3405 3189 quibus
3428 3120 3683 3175 videlicet

2099 3213 2273 3267 servis
2291 3219 2445 3266 erant
2462 3218 2516 3266 et
2544 3211 2684 3267 servi
2714 3210 3035 3274 Salomonis,
3063 3227 3127 3266 ac
3147 3213 3353 3277 pariter
3374 3220 3684 3268 memorato

2101 3304 2376 3359 instabant
2396 3303 2568 3374 operi,
2591 3303 2716 3374 quia
2744 3303 2904 3374 primi
2941 3303 3191 3358 doctores
3217 3319 3279 3357 ex
3304 3303 3560 3374 gentibus
3589 3319 3685 3359 ne-

2106 3409 2259 3450 cesse
2282 3394 2553 3449 habebant
2583 3394 2820 3464 ipsorum
2847 3392 3232 3464 apostolorum,
3278 3394 3419 3463 quia
3451 3393 3684 3449 Domino

2101 3474 2421 3549 didicerant,
2466 3484 2764 3538 eruditiOne
2800 3483 2851 3537 in
2884 3484 3046 3539 verbo
3076 3483 3199 3538 ﬁdei
3234 3484 3463 3547 institui,
3497 3500 3589 3548 ne,
3637 3487 3682 3540 si

2105 3575 2310 3644 absque
2337 3574 2611 3646 magistris
2635 3575 2828 3630 docere
2852 3562 3169 3645 inciperent,
3199 3575 3440 3644 magistri
3479 3576 3683 3630 existe-

2101 3675 2224 3721 rent
2254 3667 2475 3721 erroris.
2506 3667 2711 3721 Idcirco
2746 3666 2944 3722 etenim
2989 3666 3241 3721 Salomon
3277 3682 3465 3722 servos
3492 3667 3681 3723 Hiram

2102 3756 2312 3811 caedere
2353 3756 2455 3811 sibi
2497 3756 2667 3812 voluit
2694 3757 2838 3827 ligna
2865 3756 2932 3811 de
2979 3755 3203 3822 Libano,
3236 3758 3360 3828 quia
3409 3759 3683 3814 doctiores

2102 3856 2260 3904 erant
2299 3849 2471 3903 servis
2506 3832 2618 3903 suis
2653 3848 2721 3903 ad
2758 3847 3088 3903 medendum.
3137 3847 3244 3903 Sed
3288 3849 3489 3904 idcirco
3516 3850 3681 3904 etiam

2107 3955 2295 3995 servos
2321 3955 2449 3996 suos
2490 3939 2650 3995 simul
2677 3940 2865 3994 adesse
2904 3938 3094 4003 voluit,
3124 3947 3182 3994 ut
3207 3940 3556 3995 ostenderent
3587 3956 3684 3996 c.12-

2104 4032 2354 4086 dentibus
2381 4031 2534 4100 eiijus
2566 4047 2832 4087 mensurae
2869 4030 3013 4101 ligna
3059 4032 3175 4087 ﬁeri
3209 4034 3485 4088 deberent.
3519 4033 3682 4102 Cujus

2105 4118 2180 4171 rei
2234 4117 2404 4189 ﬁgura
2447 4119 2500 4172 in
2543 4127 2793 4189 promptu
2832 4128 2947 4182 est,
2992 4120 3119 4189 quia
3153 4121 3408 4176 nimirum
3450 4124 3681 4193 apostoli

2104 4210 2304 4264 certius
2344 4210 2564 4264 verbum
2594 4209 2889 4282 Evangelii,
2918 4212 3063 4280 quod
3108 4227 3140 4265 a
3179 4212 3406 4267 Domino
3436 4214 3678 4278 audiere,

2105 4307 2390 4352 noverunt.
2419 4298 2526 4353 Sed
2555 4301 2779 4370 gentiles
2804 4303 2872 4357 ab
2906 4317 3093 4357 errore
3123 4304 3389 4366 cenversi,
3421 4313 3588 4373 atque
3615 4304 3681 4358 ad

2108 4389 2393 4443 veritatem
2424 4388 2695 4458 Evangelii
2732 4391 3124 4457 transformati,
3152 4393 3344 4448 melius
3372 4394 3521 4463 ipsos
3547 4409 3679 4463 gen-

2111 4480 2243 4534 tium
2268 4494 2484 4535 errores
2525 4489 2806 4547 noverant,
2846 4492 2901 4538 et
2935 4498 3044 4552 quo
3068 4483 3268 4539 certius
3308 4491 3590 4547 neverant,
3617 4499 3682 4538 eo

2109 4568 2454 4629 artiﬁciosius
2484 4574 2584 4629 hos
2613 4588 2921 4646 expugnare
2964 4584 3126 4646 atque
3168 4590 3433 4631 evacuare
3473 4576 3679 4631 didice-

2110 4670 2253 4718 ιἰιηι.

2181 4750 2324 4806 Dixit
2346 4760 2519 4807 autem
2545 4746 2736 4809 Hiram
2762 4771 2853 4809 rex
2881 4746 3005 4824 Tyri
3027 4770 3119 4824 per
3151 4754 3349 4808 litteras
3369 4770 3505 4826 quas
3528 4757 3680 4809 mise-

2111 4852 2191 4897 rat
2220 4842 2531 4928 Salomoni;
2559 4844 2698 4910 Quia
2731 4846 2913 4900 dilexit
2945 4845 3197 4899 Dominus
3222 4842 3472 4915 papulum
3504 4862 3674 4909 suum,

2106 4932 2224 4987 ideo
2247 4941 2296 4986 te
2318 4948 2532 5001 regnare
2560 4932 2680 5002 fecit
2702 4950 2857 5004 super
2879 4950 2995 4988 eum
3011 4973 3025 4997 ,
3047 4943 3095 4987 et
3114 4934 3319 4986 addidit
3345 4934 3527 4987 dicens
3543 4950 3561 4987 :
3586 4932 3681 4987 Be-

2107 5025 2340 5079 nedictus
2359 5024 2616 5079 Dominus
2638 5025 2779 5079 Deus
2809 5024 2997 5089 Israel,
3022 5026 3113 5095 qui
3140 5025 3261 5093 fecit
3291 5023 3481 5078 cretum
3501 5033 3549 5077 et
3578 5035 3677 5077 trr—

2108 5129 2242 5179 ram,
2259 5115 2348 5182 qui
2380 5113 2521 5168 dedit
2552 5113 2717 5168 David
2749 5116 2855 5184 regi
2884 5114 3051 5182 ﬁlium
3084 5114 3368 5184 sapientem
3416 5122 3470 5167 et
3500 5112 3675 5168 erudi—

2107 5210 2238 5267 tum,
2280 5211 2328 5254 et
2355 5196 2657 5256 sensatum’
2645 5208 2798 5273 atque
2820 5203 3143 5272 prudentem,
3174 5211 3232 5255 ut
3271 5202 3559 5271 aediﬁcaret
3588 5203 3677 5253 do-

2104 5305 2246 5342 mum
2279 5288 2525 5354 Domino,
2553 5301 2599 5343 et
2644 5289 2901 5361 palatium
2930 5292 3049 5345 sibi.
3093 5291 3215 5345 Misi
3240 5307 3361 5361 ergo
3390 5291 3486 5343 tibi
3514 5291 3673 5344 virum

2103 5381 2426 5450 prudentem,
2464 5392 2512 5436 et
2552 5383 2952 5437 scientissimum
2992 5383 3239 5452 fabrum,
3274 5379 3467 5435 Hiram
3493 5381 3669 5454 [Heb.,

2103 5470 2249 5543 Abii]
2274 5482 2473 5541 patrem
2500 5490 2691 5538 meum,
2733 5474 2902 5541 ﬁlium
2947 5473 3177 5527 mulieris
3202 5473 3266 5527 de
3289 5472 3506 5541 ﬁliabus
3534 5473 3669 5534 Dan,

2105 5562 2255 5632 cujus
2295 5574 2441 5634 pater
2468 5564 2655 5635 Tyrius
2681 5565 2803 5635 fuit,
2847 5566 2937 5636 qui
2966 5566 3159 5618 noverit
3186 5566 3391 5634 operari
3436 5566 3492 5617 in
3521 5578 3668 5625 auro,

2105 5661 2152 5706 et
2181 5661 2416 5722 argento,
2451 5664 2498 5707 et
2536 5671 2657 5721 wre,
2685 5665 2733 5708 et
2763 5654 2923 5723 ferro,
2959 5663 3007 5707 et
3047 5671 3305 5708 marmore
3347 5664 3395 5707 et
3420 5654 3671 5724 lignis.in
