3870 6146
238 324 332 379 421

1160 320 1512 375 (ΖΟΜΜΕΝΤ.
1552 319 1617 373 IN
1658 319 2210 377 PARALIPOMENA.
2238 351 2307 362 -
2345 323 2470 377 LIB.
2511 323 2595 378 III.

3386 334 3490 390 ﬂ!

230 456 466 510 purpura
496 454 701 508 quoque
735 446 783 490 et
809 437 1113 506 hyacintho,
1158 447 1204 490 et
1233 438 1403 508 bysso,
1427 444 1475 490 et
1504 436 1734 497 coccino,
1766 442 1815 487 et
1843 436 1891 494 A
1920 450 2035 488 rum
2058 436 2256 506 populi.
2298 436 2561 507 Proselyti
2590 420 2767 491 autem
2803 440 3138 496 vocabantur
3170 444 3354 498 Grarce
3376 449 3489 516 qui,

229 533 320 602 qui
363 529 496 583 sciat
544 527 738 581 ctrlare
781 543 984 581 omnem
1030 527 1374 598 sculpturam,
1424 536 1470 581 et
1519 526 1817 580 adinrenire

227 619 516 689 prudenter
540 616 887 688 quodcunque
921 617 974 669 in
1011 633 1161 684 opere
1189 616 1538 670 necessarium
1565 623 1639 668 est
1650 655 1663 679 ,
1696 629 1815 667 cum

230 710 525 779 artiﬁcibus
550 710 676 775 tuis,
699 718 747 762 et
787 724 905 762 cum
935 708 1224 777 artificibus
1264 707 1475 761 Domini
1515 707 1617 760 mei
1647 704 1815 758 David

230 804 395 871 patris
423 802 524 865 tui,
556 809 612 855 et
632 800 786 869 reliq.
819 799 970 865 Quod
1012 814 1140 869 ergo
1165 799 1295 854 dicit
1331 799 1511 853 Hiram
1540 814 1636 868 per
1673 798 1816 853 litte-

232 910 322 949 ras
344 909 474 948 suas
502 892 571 946 ad
604 890 945 946 Salomonem
972 908 985 944 :
1013 889 1138 944 Misi
1174 890 1267 943 tibi
1292 891 1456 944 virum
1487 889 1813 959 prudentem,

230 993 280 1038 et
322 982 728 1036 scientissimum
771 980 999 1049 fabrum,
1030 993 1231 1051 patrem
1261 996 1453 1044 meum,
1498 979 1709 1044 lliram,
1748 983 1851 1052 [in

231 1072 359 1126 lium
385 1073 625 1125 mulieris
645 1070 709 1124 de
729 1069 942 1141 ﬁliabus
967 1070 1107 1135 Dan,
1131 1072 1283 1140 cujus
1308 1082 1455 1140 pater
1482 1070 1672 1140 Tyrius
1693 1070 1813 1138 fuit,

231 1161 470 1217 ostendit
520 1176 642 1215 eum
694 1175 762 1213 ex
796 1162 1053 1230 progenie
1100 1177 1220 1215 csse
1270 1160 1532 1215 Salomilh
1564 1162 1630 1215 de
1674 1160 1817 1213 tribu

233 1252 374 1317 Dan,
402 1252 469 1306 de
500 1266 609 1320 quo
641 1252 696 1305 in
741 1251 878 1305 libro
918 1252 1282 1307 Numerorum
1313 1253 1570 1322 scriptum
1616 1251 1819 1322 reperi-

237 1352 323 1398 tur
351 1341 544 1412 (Num.
587 1340 797 1411 xxxxv).
839 1340 1054 1395 Patrem
1114 1357 1242 1396 vero
1286 1342 1403 1411 ejus
1445 1342 1663 1396 tradunt
1708 1342 1815 1395 Ile-

235 1433 363 1487 hraai
396 1432 565 1486 fuisse
601 1430 889 1484 Hebraeum
937 1431 1004 1485 de
1043 1432 1300 1501 progenie
1342 1430 1529 1485 O‘oliah
1560 1431 1626 1485 de
1674 1431 1817 1486 tribu

234 1522 372 1586 Dan,
408 1521 502 1589 qui
531 1521 584 1573 in
612 1534 797 1575 eremo
818 1535 939 1574 cum
966 1519 1203 1575 Besclcel
1228 1530 1484 1590 operatus
1510 1528 1594 1575 est
1616 1520 1813 1590 (Exod.

234 1613 442 1684 xxxvi).
481 1611 636 1679 Quod
659 1627 789 1666 vero
814 1627 936 1666 eum
968 1612 1190 1682 Tyrium
1215 1620 1388 1676 vocat,
1422 1613 1576 1667 aiunt
1605 1611 1816 1666 Hehrrci

233 1706 337 1759 hoc
370 1703 729 1758 translatione
762 1702 964 1757 factum
995 1702 1179 1758 fuisse.
1216 1702 1408 1756 Zochri
1450 1704 1594 1758 enim
1636 1703 1815 1774 lingua

232 1811 421 1851 eorum
447 1794 727 1865 plasmatio
756 1794 1090 1865 intelligitur.
1124 1794 1292 1864 Tyrus
1341 1795 1506 1860 enim,
1537 1810 1697 1864 quem
1736 1795 1814 1849 illi
1841 1776 1891 1838 Β

234 1883 378 1939 Osor
401 1892 620 1946 vocant,
649 1885 702 1938 in
725 1884 1046 1953 quibusdam
1069 1882 1200 1937 locis
1223 1884 1488 1953 angustia,
1518 1883 1570 1936 in
1595 1884 1815 1953 quihus-

231 1976 353 2029 dam
382 1974 680 2045 plasmalus
728 1974 951 2044 intelligi
984 1974 1139 2028 solet.
1195 1974 1400 2029 Idcirco
1432 1983 1589 2030 vocat
1628 1975 1813 2029 Hiram

228 2077 442 2140 patrem
471 2083 650 2130 suum,
683 2066 809 2135 quia
841 2066 908 2121 ad
941 2080 1064 2120 cum
1094 2066 1160 2120 de
1186 2074 1330 2121 terra
1363 2067 1527 2123 Israel
1556 2069 1624 2122 ad
1660 2083 1817 2138 pere-

229 2158 557 2231 grinandum
582 2156 859 2227 profectus
885 2158 1067 2211 docuit
1113 2157 1259 2211 illum
1293 2159 1540 2213 timorem
1578 2161 1812 2225 Domini,

229 2260 283 2305 et
316 2249 545 2303 adduxit
577 2249 645 2303 ad
674 2249 1035 2319 cognitionem
1080 2249 1194 2303 Dei.
1235 2249 1458 2319 Mystice
1504 2260 1683 2305 autem
1717 2251 1813 2305 Ili-

230 2355 345 2393 ram
383 2338 659 2409 signiﬁcat
685 2339 934 2393 doctores
964 2354 1031 2393 ex
1065 2340 1334 2408 gentibus,
1362 2355 1499 2408 quos
1521 2341 1667 2395 misit
1687 2356 1816 2411 geu-

231 2433 400 2487 tilitas
429 2432 501 2486 ad
540 2430 861 2487 Ecclesiam.
891 2430 986 2483 Isti
1013 2438 1213 2484 norunt
1235 2431 1447 2499 operari
1484 2431 1536 2484 in
1580 2445 1733 2494 auro,
1761 2437 1817 2483 et

229 2532 479 2594 argento,
507 2530 563 2576 et
594 2535 725 2586 iere,
755 2529 808 2574 et
832 2519 997 2584 ferro,
1039 2529 1093 2575 et
1122 2520 1297 2591 lignis,
1344 2529 1401 2575 et
1438 2536 1729 2586 marmore,
1763 2522 1815 2575 in

228 2630 470 2686 purpura
493 2629 734 2684 quoque,
764 2622 819 2668 et
844 2613 1156 2684 hyacintho,
1189 2622 1243 2668 et
1278 2614 1462 2685 bysso,
1492 2623 1547 2669 et
1570 2615 1812 2669 coccino.

229 2708 434 2761 Aurum
494 2706 766 2777 signiﬁcat
815 2706 1093 2775 sapientia:
1147 2706 1476 2773 claritatem,
1532 2716 1814 2777 argentum

230 2798 431 2868 eloquii
462 2798 723 2861 nitorem,
759 2813 832 2851 :es
862 2798 1265 2866 przedicationis
1302 2798 1677 2864 sonoritatem,
1711 2798 1817 2855 fer-

231 2903 350 2942 rum
405 2888 539 2942 ﬁdei
581 2888 917 2952 ﬁrmitatem,
966 2903 1204 2942 marmor
1230 2889 1489 2942 virtutum
1541 2888 1813 2954 decorem,

233 2981 374 3053 ligna
432 2982 704 3037 bonorum
758 2996 980 3051 operum
1037 2981 1383 3043 viriditatem,
1441 2994 1675 3049 purpura
1720 2995 1818 3049 per

234 3071 555 3144 martyrium
595 3072 872 3142 sanguinis
911 3069 1246 3135 elfusicnem,
1291 3070 1612 3141 hyacinthus
1650 3070 1815 3125 caele-

236 3172 369 3217 stem
416 3163 910 3225 conversationem,
964 3162 1161 3232 hyssus
1209 3162 1453 3231 corporis
1492 3161 1813 3227 castitatem,

237 3255 490 3308 coccinus
543 3253 830 3308 charitatis
868 3251 1275 3323 plenitudinem.
1323 3252 1378 3306 In
1429 3253 1514 3307 his
1569 3253 1821 3308 omnibus

238 3344 422 3399 Hiram
460 3345 725 3415 spiritalis
755 3345 858 3400 scit
895 3346 1127 3414 operari,
1161 3344 1286 3414 quia
1336 3344 1390 3398 in
1436 3343 1677 3400 Ecclesia
1725 3343 1820 3398 Dei

238 3435 290 3489 in
329 3434 566 3504 singulis
609 3435 697 3489 his
749 3434 1031 3503 speciebus
1075 3434 1226 3489 novit
1268 3441 1522 3488 strenuus
1566 3442 1623 3488 et
1675 3433 1822 3488 utilis

244 3526 375 3592 ﬁeri,
413 3535 688 3595 quatenus
727 3527 905 3581 omnis
950 3526 1125 3581 virtus
1179 3526 1369 3581 domus
1415 3526 1511 3581 Dei
1557 3526 1822 3595 condigno

241 3619 525 3689 splendore
573 3634 757 3674 coram
782 3617 953 3673 oculis
996 3618 1273 3673 hominum
1303 3618 1368 3672 ad
1413 3617 1821 3673 instructionem

242 3725 425 3764 eorum
470 3709 698 3779 fulgeat,
732 3697 789 3764 et
816 3711 972 3764 honre
997 3708 1291 3764 voluntatis
1334 3708 1500 3764 odore
1542 3718 1668 3765 ante
1694 3724 1821 3763 con-

243 3808 485 3868 spectum
510 3799 818 3854 divinitatis
844 3797 1191 3869 acceptabilis
1220 3798 1332 3852 ﬁat.
1359 3798 1511 3866 Quod
1539 3807 1714 3853 autem
1744 3798 1824 3853 di-

243 3893 316 3947 cit
337 3893 527 3948 Hiram
566 3893 635 3955 ad
678 3892 1022 3947 Salomonem
1052 3910 1066 3946 :
1096 3890 1211 3947 Nos
1252 3900 1426 3946 autem
1470 3891 1727 3945 cwdemus
1757 3889 1822 3945 li-

241 3997 340 4051 gna
373 3983 440 4036 de
472 3981 696 4046 Libano,
720 3982 858 4053 quod
887 3982 1234 4036 necessarium
1275 3981 1540 4046 habueris,
1573 3990 1622 4035 et
1655 3979 1823 4051 appli-

242 4076 473 4130 cabimus
514 4091 579 4130 ea
624 4076 823 4129 ratibus
851 4092 944 4145 per
986 4090 1132 4128 mare
1167 4074 1222 4127 in
1264 4072 1489 4142 Joppen,
1536 4082 1682 4125 tuum
1724 4072 1823 4125 erit

242 4167 529 4237 transferre
557 4183 620 4220 ea
660 4166 715 4221 in
746 4164 1100 4231 Hierusalem,
1133 4163 1403 4235 signiﬁcat
1434 4162 1577 4233 quod
1610 4169 1820 4231 gentes,

241 4257 417 4311 audita
468 4255 614 4311 fama
656 4256 957 4327 Evangelii,
985 4256 1227 4311 diversas
1258 4255 1533 4311 hominum
1560 4269 1822 4326 personas

242 4360 360 4400 cum
390 4346 720 4401 credulitate
748 4347 1123 4402 transmittunt
1156 4345 1224 4400 ad
1254 4345 1599 4414 baptismatis
1625 4359 1819 4415 perce-

1918 538 1984 577 ex
2012 525 2133 600 aliis
2161 525 2469 581 nationibus
2495 527 2782 597 progeniti,
2814 529 2864 582 in
2893 529 3053 585 ﬁdem
3082 540 3137 586 et
3161 537 3489 591 consortium

1915 616 2096 685 populi
2153 617 2289 682 Dei,
2339 626 2560 687 accepta
2616 619 3061 685 circumcisione,
3136 626 3484 680 transierunt.

1914 706 2158 761 Fuerunt
2209 708 2389 777 itaque
2441 709 2675 777 operarii
2729 711 2921 766 domus
2982 711 3192 767 Domini
3256 716 3322 770 de
3364 717 3490 773 ﬁliis

1914 798 2099 864 Israel,
2126 800 2420 855 fueruntde
2440 801 2743 872 proselytis,
2772 800 2991 857 fuerunt
3020 805 3086 859 de
3115 807 3383 875 gentibus.
3414 811 3491 865 De

1920 891 2045 945 ﬁliis
2067 892 2317 947 videlicet
2341 891 2505 946 Israel
2534 893 2610 946 illi
2633 893 2851 963 triginta
2882 894 3050 948 millia
3080 898 3170 965 qui
3199 899 3267 952 ad
3297 903 3490 967 ιπωαί-

1917 982 2117 1037 dendas
2143 982 2208 1037 de
2240 982 2444 1037 Libano
2481 983 2673 1036 cedros
2720 984 2871 1039 missi
2905 993 3051 1051 sunt,
3090 988 3228 1041 sicut
3268 990 3321 1044 in
3354 992 3490 1047 libro

1917 1072 2124 1143 Regum
2168 1082 2422 1151 narratur
2451 1072 2569 1143 (ΙΙΙ
2622 1073 2741 1143 Reg.
2774 1073 2861 1146 v);
2917 1076 2984 1131 de
3017 1080 3266 1147 gentibus
3297 1080 3482 1138 Hiram

1916 1170 1971 1216 et
1991 1162 2132 1217 servi
2158 1160 2294 1229 ejus,
2323 1162 2414 1231 qui
2444 1177 2565 1216 eum
2610 1162 2781 1217 servis
2810 1164 3118 1221 Salomonis
3145 1168 3285 1238 ligna
3311 1174 3489 1227 caade-

1916 1252 2049 1306 hant
2093 1252 2160 1307 de
2202 1251 2428 1306 Libano.
2455 1249 2625 1305 Omne
2672 1267 2800 1322 ergo
2846 1253 3124 1310 hominum
3165 1274 3354 1327 genus,
3393 1275 3491 1330 per

1917 1358 2053 1412 quos
2105 1343 2420 1398 :ediﬁcanda
2460 1351 2579 1397 erat
2620 1342 2886 1408 Ecclesia,
2935 1344 2992 1397 in
3040 1347 3266 1402 aediﬁcio
3304 1351 3487 1421 templi

1916 1444 2215 1504 praecessu.
2247 1432 2416 1488 Judaei
2444 1448 2677 1504 namque
2699 1434 2956 1506 proselyti
3000 1444 3057 1491 et
3100 1438 3329 1508 gentiles
3363 1456 3492 1495 con-

1917 1525 2059 1578 versi
2114 1524 2181 1578 ad
2236 1524 2524 1579 veritatem
2578 1524 2855 1593 Evangelii
2917 1539 3083 1579 unam
3141 1529 3493 1599 eamdemque

1917 1615 2118 1670 Christi
2147 1614 2443 1670 Ecclesiam
2464 1614 2579 1670 sive
2605 1623 2751 1670 recte
2778 1615 3030 1682 vivendo,
3061 1617 3177 1672 sive
3205 1619 3369 1673 etiam
3397 1621 3492 1676 do-

1917 1707 2089 1762 cendo
2113 1714 2450 1762 construunt.
2482 1705 2726 1762 Fuerunt
2752 1707 2935 1777 itaque
2967 1706 3244 1765 Salomoni
3272 1721 3490 1783 septua-

1919 1799 2064 1869 ginta
2092 1798 2260 1853 millia
2290 1812 2498 1863 eorum,
2543 1798 2635 1868 qui
2666 1812 2832 1853 onera
2869 1799 3182 1869 portabant,
3227 1810 3281 1856 et
3308 1810 3493 1858 octua—

1917 1890 2067 1961 ginta
2094 1888 2261 1942 millia
2293 1887 2619 1943 latomorum
2660 1887 2713 1943 in
2754 1895 2963 1954 monte,
2993 1890 3197 1959 absque
3239 1894 3495 1962 praeposi-

1917 1984 2006 2047 tis,
2049 1984 2141 2053 qui
2169 1991 2441 2053 praeerant
2482 1980 2706 2050 singulis
2748 1982 3026 2051 operibus,
3069 1998 3297 2038 numero
3330 1985 3489 2039 trium

1917 2075 2146 2128 millium
2195 2081 2587 2137 trecentorum,
2631 2079 2692 2125 ut
2741 2072 2795 2125 in
2850 2072 3054 2142 Regum
3102 2074 3363 2143 scriptum
3411 2084 3494 2129 est

1917 2163 2126 2236 (Ibid.),
2165 2163 2592 2233 praecipientium
2618 2162 2838 2231 pepulo,
2874 2170 2929 2216 et
2970 2163 3055 2217 his
3091 2164 3182 2234 qui
3225 2164 3495 2221 faciebant

1914 2271 2068 2325 opus.
2114 2254 2368 2309 Latomos
2412 2252 2542 2307 dicit
2570 2252 2806 2321 lapidum
2839 2266 3088 2307 caasores.
3117 2253 3263 2307 Idem
3308 2265 3490 2311 autem

1917 2345 2152 2415 lapidum
2178 2358 2409 2399 cmsores
2431 2342 2573 2411 quod
2614 2348 2671 2396 et
2705 2340 2971 2412 lignorum
3001 2357 3236 2398 caasores
3262 2345 3493 2415 ﬁgurate

1915 2436 2219 2506 designant,
2255 2435 2360 2488 hoc
2387 2440 2489 2497 est,
2522 2438 2741 2487 sanctos
2766 2430 3166 2500 praedicatores,
3211 2433 3301 2503 qui
3340 2448 3492 2489 men-

1916 2534 1998 2581 tes
2026 2524 2393 2596 insipientium
2421 2523 2642 2579 dolabra
2662 2522 2814 2578 verbi
2851 2523 2946 2577 Dei
2977 2533 3255 2591 exercent,
3287 2542 3488 2596 eosque

1916 2616 1984 2671 ab
2023 2632 2087 2671 ea
2131 2616 2185 2670 in
2226 2630 2331 2685 qua
2383 2615 2492 2669 nati
2524 2622 2651 2669 sunt
2683 2612 3002 2668 tortitudine
3058 2628 3123 2668 ac
3151 2616 3492 2672 deformitate

1917 2719 2281 2765 transmutare
2337 2710 2700 2775 contendunt,
2749 2724 2815 2763 ac
2857 2708 3177 2779 regulariter
3219 2710 3494 2765 institutos

1915 2802 2106 2855 unitati
2135 2800 2396 2865 ﬁdelium,
2430 2799 2657 2854 aediﬁcio
2681 2798 2937 2854 videlicet
2974 2800 3166 2856 domus
3195 2801 3311 2866 Dei,
3338 2810 3494 2872 aptos

1919 2890 2140 2945 reddere
2176 2898 2389 2945 curant.
2426 2889 2579 2956 Quod
2608 2897 2787 2943 autem
2816 2896 2871 2944 et
2912 2889 3056 2959 ligna
3102 2900 3156 2944 et
3192 2890 3397 2960 lapides
3436 2894 3491 2947 in

1917 2989 2099 3035 monte
2120 2981 2414 3043 czeduntur,
2451 2995 2514 3035 ac
2544 2995 2683 3035 cassa
2711 2995 2775 3035 ac
2797 2988 3102 3051 praeparata
3122 2990 3353 3053 utraque
3376 2998 3491 3038 uia-

1921 3073 2082 3127 teries
2117 3072 2183 3127 ad
2224 3079 2462 3127 montem
2498 3073 2690 3127 domus
2717 3072 2929 3128 Domini
2964 3072 3307 3140 transfertur,
3339 3085 3490 3145 patet

1921 3175 2131 3227 sensus,
2158 3162 2305 3231 quod
2330 3176 2519 3216 omnes
2554 3162 2608 3215 in
2642 3169 2827 3217 monte
2849 3163 3117 3233 superbiae
3141 3165 3253 3219 nati
3281 3181 3488 3228 sumus.

1920 3254 2045 3321 quia
2069 3254 2134 3308 de
2166 3252 2614 3323 praevaricatione
2635 3252 2793 3322 primi
2824 3252 3078 3318 hominis,
3118 3270 3278 3325 quam
3310 3271 3495 3326 super-

1919 3343 2008 3398 bia
2035 3342 2182 3406 fecit,
2210 3342 2475 3413 originem
2498 3343 2680 3396 carnis
2711 3342 2996 3398 traximus.
3027 3343 3302 3414 Quotquot
3317 3354 3493 3400 autem

1919 3439 2090 3509 gratia
2140 3437 2237 3492 Dei
2269 3438 2616 3508 praeordinati
2656 3454 2842 3495 sumus
2870 3441 2936 3495 ad
2965 3441 3152 3508 vitam,
3200 3444 3497 3500 excidimus

1923 3529 2333 3595 catechizando,
2386 3538 2443 3583 et
2485 3539 2825 3585 sacramenta
2864 3531 2986 3586 ﬁdei
3023 3532 3384 3603 percipiendo,
3430 3536 3497 3589 de

1919 3630 2098 3675 monte
2118 3619 2398 3689 superbiae,
2431 3627 2485 3672 et
2509 3618 2564 3673 in
2590 3628 2830 3675 montem
2866 3622 3056 3676 domus
3077 3622 3289 3676 Domini
3312 3631 3486 3679 trans-

1919 3711 2165 3777 ferimur,
2196 3712 2321 3782 quia
2358 3712 2499 3767 eruti
2530 3711 2597 3767 de
2624 3720 2891 3782 potestate
2919 3713 3273 3769 tenebrarum»
3308 3716 3376 3770 ad
3409 3731 3498 3771 ar-

1920 3816 2038 3857 cem
2068 3803 2353 3864 virtutum,
2381 3816 2503 3870 qua:
2535 3810 2621 3855 est
2654 3802 2707 3855 in
2736 3803 2944 3858 unitate
2983 3811 3186 3859 sancta:
3219 3804 3492 3873 Ecclesiae,

1918 3892 2284 3961 pervenimus.
2316 3890 2619 3945 Notandum
2648 3899 2850 3957 autem,
2880 3894 3024 3963 quod
3054 3893 3215 3948 iidem
3263 3897 3496 3965 operarii

1922 3980 1998 4033 ita
2028 3988 2184 4033 erant
2212 3978 2507 4043 distributi,
2541 3988 2601 4032 ut
2623 3994 2751 4049 pars
2778 3981 2830 4034 in
2861 3988 3046 4036 monte
3079 3982 3286 4051 lapides
3324 3987 3498 4042 crede-

1919 4079 2061 4134 rent,
2098 4086 2228 4141 pars
2265 4071 2394 4126 item
2442 4085 2611 4126 onera
2656 4080 2956 4141 portarent.
2998 4074 3220 4130 Diversa
3263 4092 3498 4147 namque

1921 4170 2047 4216 sunt
2070 4162 2211 4218 dona
2255 4160 2485 4233 Spiritus
2512 4177 2527 4227 ;
2567 4170 2623 4216 et
2647 4163 2862 4233 quidam
2894 4162 3153 4231 majorem
3181 4167 3393 4224 dicendi
3421 4187 3486 4229 ac

1920 4260 2201 4322 protervos
2228 4251 2484 4322 arguendi
2512 4251 2865 4306 constantiam
2900 4253 3130 4320 habent;
3160 4256 3379 4325 quidam
3413 4260 3498 4317 ir.-

1922 4342 2149 4396 teriores
2171 4340 2239 4396 ad
2258 4340 2611 4396 consolandos
2628 4342 2995 4411 pusillanimes
3018 4353 3073 4400 et
3095 4345 3340 4403 inﬁrmos
3360 4348 3493 4403 sub-

242 4437 499 4505 ptionem.
529 4435 712 4491 Solius
741 4445 921 4491 tamen
951 4443 1036 4491 est
1059 4436 1173 4489 veri
1198 4434 1437 4499 Paciﬁci,
1464 4435 1635 4491 nostri
1670 4434 1818 4489 vide-
1845 4463 1900 4522 D
1924 4431 2178 4487 levandos
2212 4431 2480 4497 existunt;
2532 4433 2750 4501 quidam
2794 4434 3074 4505 utriusque
3119 4436 3337 4493 virtutis
3375 4454 3498 4493 mu-

239 4528 365 4584 Iicet
407 4527 815 4598 Redemptoris,
842 4538 904 4583 ut
947 4526 1211 4583 abluendo
1243 4533 1465 4595 peccata
1508 4541 1609 4596 per
1639 4541 1822 4581 sacra-

238 4626 423 4673 menta
462 4616 733 4682 caelestia,
765 4616 960 4671 unitati
990 4615 1110 4671 illos
1150 4624 1350 4670 sancta:
1394 4616 1598 4671 inserat
1636 4616 1821 4672 Eccle-

238 4710 357 4764 siae.
392 4708 545 4765 Unde
572 4706 811 4763 Joannes
836 4708 891 4762 in
934 4706 1227 4776 Evangelio
1273 4707 1385 4761 ait:
1415 4707 1518 4773 Qui
1558 4723 1640 4761 me
1677 4708 1818 4762 misit

236 4800 507 4869 baptizare
533 4800 589 4853 in
616 4815 776 4870 aqua,
803 4796 890 4853 ille
914 4797 1042 4852 milii
1061 4792 1194 4852 discit
1222 4810 1239 4848 :
1272 4795 1441 4866 Super
1457 4812 1607 4867 quem
1631 4796 1819 4851 uideris

234 4885 496 4959 Spiritum
532 4888 930 4943 descendentem
950 4896 999 4942 et
1042 4872 1331 4942 mane'ntem
1367 4903 1524 4957 super
1549 4903 1691 4951 eum,
1733 4887 1818 4941 hic

231 4990 338 5043 est,
363 4982 448 5050 qui
472 4982 702 5052 baptizat
723 4983 780 5037 in
810 4979 1013 5050 Spiritu
1032 4989 1234 5034 sancto.
1263 4978 1328 5032 Et
1351 4995 1443 5048 ego
1469 4979 1574 5032 uidi
1597 4988 1644 5032 et
1673 4978 1817 5033 testi-

232 5073 475 5127 monium
501 5073 743 5144 perhibui
772 5073 896 5142 quia
919 5072 1005 5125 hic
1035 5081 1110 5126 est
1146 5068 1321 5125 Filius
1350 5069 1449 5123 Dei
1478 5068 1659 5141 (Joan.
1682 5067 1747 5139 ι).

315 5160 623 5216 Numeravit
656 5179 777 5232 ergo
809 5161 1062 5217 Salomon
1102 5177 1193 5215 rex
1227 5178 1402 5216 omnes
1428 5162 1565 5216 uiros
1591 5162 1822 5233 prosely—

231 5262 350 5316 tos,
381 5252 641 5321 quierant
670 5253 727 5306 in
766 5262 908 5306 terra
952 5251 1145 5317 Israel,
1191 5262 1305 5321 post
1351 5253 1821 5309 dinumerationem

227 5357 403 5413 quam
443 5342 790 5395 dinumeravit
834 5340 1003 5395 David
1042 5350 1192 5412 pater
1218 5341 1357 5411 ejus,
1387 5350 1435 5395 et
1477 5342 1669 5397 inventi
1701 5351 1823 5397 sunt

226 5437 451 5484 centum
482 5431 863 5500 quinquaginta
900 5429 1093 5493 millia,
1119 5439 1167 5484 et
1201 5431 1305 5484 tria
1335 5430 1523 5497 millia,
1566 5433 1823 5497 sexcenti;

231 5522 474 5592 fecitque
499 5538 565 5575 ea:
590 5522 664 5575 eis
703 5523 1033 5592 septuaginta
1060 5522 1247 5587 millia,
1279 5526 1369 5594 qui
1408 5525 1637 5579 humeris
1666 5542 1826 5581 onera

226 5618 536 5680 portarent,
564 5622 612 5665 et
644 5612 943 5681 octuaginta
966 5611 1134 5666 millia
1158 5613 1247 5681 qui
1269 5612 1468 5682 lapides
1489 5615 1541 5667 in
1567 5616 1826 5670 montibus

226 5703 526 5763 caderent,
541 5702 644 5756 tria
659 5712 832 5755 autem
854 5702 1020 5757 millia
1040 5713 1087 5756 et
1101 5713 1365 5758 sexcentos
1388 5707 1690 5776 prwpositos
1710 5725 1828 5778 ope-

1923 4536 2053 4578 nere
2100 4523 2311 4593 praediti
2360 4522 2428 4577 ad
2470 4538 2605 4595 opus
2650 4524 2842 4579 domus
2891 4525 3102 4581 Domini
3146 4528 3496 4589 conveniunt.

1922 4614 2109 4685 quales
2131 4614 2250 4670 ﬁeri
2283 4615 2452 4669 voluit
2483 4630 2578 4671 eos
2606 4615 2801 4685 quibus
2835 4614 3123 4685 Apostolus
3152 4616 3392 4687 loquitur
3410 4618 3499 4676 di-

1922 4720 2088 4760 cens:
2114 4704 2371 4776 Corripite
2408 4707 2679 4776 inquietos,
2725 4706 3068 4763 consolamini
3114 4709 3495 4779 pusillanimes,

1919 4796 2168 4865 suscipite
2195 4796 2457 4864 inﬁrmos,
2486 4797 2736 4865 patientes
2764 4805 2924 4850 estote
2946 4797 3016 4850 ad
3039 4813 3213 4852 omnes
3236 4796 3290 4870 (1
3315 4797 3496 4856 Thess.

1921 4888 1998 4957 v).
2020 4887 2299 4956 Przepositi
2329 4895 2529 4953 autem,
2562 4888 2653 4957 qui
2680 4897 2948 4957 praeerant
2969 4889 3191 4960 singulis
3218 4892 3496 4960 operibus,

1921 4980 2023 5050 ipsi
2053 4989 2180 5036 sunt
2221 4995 2391 5035 sacrm
2423 4981 2734 5036 conditores
2760 4980 3075 5051 Scriptura,
3120 4998 3353 5053 quorum
3383 5000 3500 5040 ma-

1924 5069 2150 5139 gisterio
2187 5069 2242 5124 in
2272 5070 2525 5125 omnibus
2556 5070 2856 5137 erudimur,
2881 5073 3151 5140 quomodo
3171 5074 3370 5129 inscios
3396 5074 3498 5130 do-

1924 5178 2051 5219 cere
2069 5172 2125 5218 et
2162 5170 2568 5233 contemptores
2607 5164 2902 5232 corripere,
2936 5165 3206 5233 quomodo
3230 5181 3329 5221 nos
3357 5165 3497 5220 invi-

1922 5269 2038 5309 cem
2085 5268 2252 5308 onera
2308 5260 2494 5307 nostra
2545 5261 2763 5322 portare
2787 5292 2803 5319 ,
2852 5261 2914 5307 ut
2963 5253 3283 5325 impleamus
3327 5255 3499 5324 legem

1927 5344 2150 5407 Christi,
2176 5342 2462 5398 conveniat
2488 5338 2631 5414 (Gal.
2670 5342 2769 5414 vr).
2821 5342 2991 5397 Recte
3020 5342 3230 5412 praelati
3265 5340 3497 5410 operarii

1928 5432 2150 5499 70,000,
2195 5441 2251 5488 et
2287 5431 2485 5498 80,000
2527 5433 2921 5501 perhibentur:
2967 5432 3306 5502 septuaginta
3358 5429 3500 5484 vide-

1926 5525 2055 5579 licet
2107 5532 2327 5593 propter
2389 5522 2776 5578 sabbatismum
2838 5521 3140 5577 animarum
3162 5560 3180 5585 ,
3236 5519 3497 5587 septimus

1928 5618 2075 5673 enim
2104 5617 2220 5672 dies
2265 5617 2319 5670 in
2348 5617 2653 5681 sabbatum,
2676 5615 2731 5669 id
2759 5622 2863 5679 est,
2902 5611 3163 5681 requiem,
3200 5623 3495 5664 consecra-

1929 5717 2018 5764 tus
2040 5717 2155 5773 est;
2181 5705 2458 5776 octoginta
2484 5713 2704 5775 propter
2731 5715 2883 5773 spem
2913 5695 3346 5764 resurrectionis,
3378 5713 3496 5768 quia:
