3876 6136
381 316 484 371 425

1060 308 1119 360 n.
1164 304 1409 375 regem:
1452 302 1669 361 usum
1708 302 1938 359 Ancun

2066 304 2371 360 MOGUNT.
2407 302 2690 358 OPERUM
2731 303 2909 358 PARS
2948 304 2966 357 ι

3535 313 3638 367 4ὶὶ

378 441 565 484 octava
598 426 706 490 die,
735 426 786 480 id
815 436 915 485 εει,
946 438 1043 491 per
1071 421 1353 474 sabbatum
1379 420 1431 472 in
1464 418 1689 473 Domino
1720 433 1953 487 praeccs~
1980 425 2024 481 Α
2056 414 2339 487 Apostolus
2370 432 2383 469 :
2416 415 2615 469 Fuistis
2662 415 2946 486 aliquando
2988 422 3233 483 tenebrzr,
3288 439 3427 476 nunc
3467 438 3640 480 utilem

380 527 469 585 sit,
501 529 557 574 et
599 519 653 572 in
684 518 838 571 nobis
868 529 1080 584 quoque
1117 528 1306 567 octava
1354 514 1439 567 die
1471 513 1629 567 simul
1665 523 1718 568 et
1764 523 1955 567 octava

377 620 536 665 :etate
586 615 854 677 speratur.
896 604 1175 674 Priepositi
1222 612 1401 657 autem
1444 612 1601 658 erant
1644 605 1746 656 tria
1789 603 1954 657 millia

379 698 605 753 trecenti
650 703 873 765 propter
915 694 1074 761 ﬁdem
1113 694 1368 747 nimirum
1404 702 1603 747 sancta:
1647 692 1951 755 Trinitatis,

375 802 533 855 quam
569 792 753 838 saneta
787 784 942 837 nobis
964 782 1176 850 eloquia
1202 782 1514 851 praedicam.
1548 781 1700 847 Quod
1744 797 1869 835 vero
1901 781 1954 834 in

375 875 654 946 pt'a‘sentis
706 874 827 927 libri
878 872 1137 937 historia,
1183 874 1285 925 hoc
1334 880 1436 937 est,
1483 870 1951 940 Paralipomenon,

374 980 470 1032 pro
500 964 670 1016 tribus
694 963 930 1016 millibus
955 962 1211 1015 trecentis
1239 962 1560 1031 pratpositis,
1587 962 1677 1030 qui
1707 963 1759 1014 in
1783 962 1953 1015 histo-

376 1058 450 1109 ria
492 1056 699 1125 Regum
730 1055 1154 1108 adnumerantur
1185 1051 1303 1123 (IlI
1350 1052 1478 1122 Reg.
1517 1054 1591 1123 v),
1639 1053 1742 1105 tria
1787 1050 1953 1105 millia

372 1145 613 1200 sexcenti
637 1153 763 1197 sunt
791 1144 1000 1213 scripti,
1036 1143 1101 1196 ad
1133 1142 1375 1196 eamdem
1399 1157 1620 1210 prorsus
1641 1140 1953 1208 sublimium

376 1237 615 1290 virorum
642 1233 1024 1303 perfectionem
1056 1233 1294 1302 respicit.
1327 1232 1460 1286 Nam
1491 1233 1616 1301 quia
1656 1234 1707 1286 in
1737 1232 1952 1287 senario

371 1342 599 1381 numero
624 1327 881 1380 Dominus
906 1327 1087 1380 mundi
1115 1334 1361 1380 ornatum
1394 1327 1699 1396 complevit,
1729 1335 1876 1381 recte
1899 1328 1952 1379 in

368 1431 433 1470 eo
460 1414 701 1484 perfecta
738 1416 1003 1470 bonorum
1046 1417 1218 1471 solent
1253 1432 1417 1486 opera
1444 1418 1686 1487 ﬁgurari.
1722 1418 1787 1471 Et
1824 1418 1949 1486 quia

368 1513 552 1559 sancta
598 1503 877 1573 Scriptura
920 1520 1039 1558 eum
1091 1505 1196 1559 ﬁde
1240 1506 1487 1561 veritatis
1531 1522 1695 1577 opera
1727 1508 1951 1577 justitiae

373 1597 528 1651 docet
567 1594 832 1660 habenda,
867 1604 1014 1650 recte
1051 1597 1317 1671 praepositi
1359 1612 1580 1667 operum
1622 1600 1805 1668 templi
1849 1600 1949 1654 tria

370 1685 535 1739 millia
566 1693 621 1739 et
640 1685 879 1739 sexcenti
910 1683 1079 1740 fuisse
1116 1686 1486 1756 perhibentur.

970 1792 1197 1853 CAPUT
1246 1798 1329 1852 Ill.

365 1870 441 1920 De
481 1869 704 1940 (edi/icio
744 1868 928 1922 domus
954 1868 1160 1940 Dei,_et
1203 1868 1525 1940 longitudine
1559 1889 1620 1924 ac
1669 1871 1942 1928 latitudine

437 1947 593 2010 atque
615 1937 1092 2010 altitudineﬂuod
1122 1937 1335 2010 domum
1361 1942 1615 2010 majorem
1639 1944 1765 1996 texit
1793 1943 1943 1996 tabu-

435 2007 502 2060 lis
535 2008 751 2078 ligneis,
783 2017 845 2078 et
896 2008 1119 2077 desuper
1165 2008 1376 2063 laminis
1422 2007 1597 2065 aureis
1644 2012 1942 2078 adornavit,

432 2076 745 2151 sculpsitque
772 2076 919 2151 illam
949 2076 1110 2132 variis
1138 2079 1375 2151 picturis.
1406 2079 1484 2133 De
1521 2081 1814 2151 pavimento
1845 2076 1942 2135 doé

430 2144 551 2199 nius
584 2144 704 2211 Dei,
734 2147 872 2217 quod
908 2144 1168 2200 marmore
1202 2144 1577 2216 pretiosissima
1611 2151 1813 2205 stravit.
1865 2151 1944 2206 De

429 2226 610 2269 sancto
658 2216 959 2270 sanctorum
987 2226 1033 2268 et
1065 2216 1273 2285 factura
1304 2219 1571 2272 cherubim
1608 2224 1663 2274 in
1706 2222 1819 2275 illo.
1865 2222 1944 2276 De

430 2285 540 2338 velo
589 2287 728 2355 quod
758 2302 1046 2355 oppensum
1089 2295 1203 2340 erat
1248 2303 1424 2343 coram
1455 2307 1579 2343 arca
1620 2290 1855 2356 Domini,
1895 2304 1942 2346 et

428 2365 610 2408 sancta
635 2366 935 2409 sanctorum
983 2373 1015 2408 a
1040 2357 1341 2409 sauctuario
1372 2359 1651 2413 dividebat.
1697 2360 1775 2414 De
1804 2364 1940 2415 dua-

430 2433 524 2501 bus
546 2423 801 2501 columnis
827 2442 891 2477 ea:
919 2426 992 2501 eis
1033 2441 1162 2495 quas
1192 2426 1344 2493 ﬁnxit
1385 2425 1654 2495 Salomon,
1680 2439 1729 2483 et
1768 2431 1943 2501 posuit

430 2495 487 2545 in
518 2493 768 2546 vestibulo
802 2493 998 2562 templi.

432 2580 497 2634 Et
525 2582 672 2650 cmpit
703 2580 956 2636 Salomon
992 2583 1258 2651 cediﬁcare
1283 2586 1495 2641 domum
1529 2588 1738 2643 Domini
1770 2592 1825 2645 in
1851 2590 1943 2645 Je-

361 2672 587 2728 rusalem
641 2675 696 2727 in
737 2682 912 2727 monte
957 2674 1153 2741 Maria,
1211 2678 1300 2748 qui
1348 2678 1733 2735 demonstratus
1769 2683 1941 2752 fuerat

360 2763 529 2819 David
554 2766 693 2834 patri
730 2765 842 2835 ejus
868 2768 921 2820 in
945 2765 1057 2821 loco
1080 2785 1231 2838 quem
1273 2782 1659 2841 pratparaverat
1686 2773 1857 2827 David
1887 2775 1942 2829 in

356 2881 483 2918 area
538 2862 719 2918 Ornan
747 2863 979 2920 Jebustei
1007 2862 1094 2937 (II
1138 2866 1265 2938 Reg.
1300 2884 1467 2935 xxrv;
1508 2869 1530 2922 I
1560 2869 1754 2925 Chron.
1798 2871 1936 2943 xm).

359 2954 752 3010 {Ediﬁcabatur
778 2970 910 3027 ergo
937 2957 1128 3010 domus
1154 2956 1367 3012 Domini
1398 2960 1453 3013 in
1487 2959 1805 3029 Jerusalem,
1834 2962 1939 3018 hoc

355 3053 439 3099 est
464 3046 518 3099 in
549 3046 746 3099 uisione
772 3046 936 3116 pacis,
970 3047 1095 3116 quia
1133 3046 1354 3103 dilatata
1396 3058 1569 3104 totum
1618 3067 1715 3121 per
1749 3053 1937 3108 orbem

359 3138 601 3193 Ecclesia
629 3139 683 3194 in
702 3155 810 3194 una
838 3139 1138 3210 eademque
1165 3140 1288 3205 ﬁde,
1304 3151 1367 3196 et
1388 3144 1635 3199 veritatis
1655 3145 1937 3202 catholica:

358 3231 619 3285 societate
668 3231 936 3285 consistit.
992 3230 1235 3302 Namque
1286 3234 1339 3287 in
1389 3235 1622 3289 scissura
1676 3238 1937 3293 mentium

355 3318 500 3372 Deus
530 3333 635 3371 non
664 3326 766 3383 est,
815 3319 911 3373 sed
959 3316 1159 3373 Factus
1186 3330 1261 3375 est
1294 3323 1350 3375 in
1378 3339 1506 3392 pace
1544 3322 1687 3378 locus
1728 3326 1861 3395 ejus,
1892 3339 1939 3382 et

357 3407 609 3460 habitatio
651 3408 763 3477 ejus
805 3409 859 3462 in
914 3407 1042 3463 Sion
1085 3409 1256 3482 (Psal.
1295 3411 1480 3486 Lxxv).
1518 3412 1842 3472 IEdiﬁcatur
1883 3419 1937 3473 iu

358 3504 564 3563 monte,
602 3498 855 3553 videlicet
902 3499 957 3552 in
1000 3500 1115 3570 ipso
1145 3501 1371 3558 Domino
1401 3503 1701 3571 Salvatore,
1736 3509 1801 3563 de
1830 3524 1936 3577 quo

356 3588 518 3643 Isaias
562 3588 638 3641 ait
667 3605 679 3639 :
707 3587 775 3641 Et
820 3590 916 3643 erit
963 3590 1017 3643 in
1062 3592 1354 3646 novissimis
1398 3593 1578 3648 diebus
1609 3605 1936 3665 prwparatus

354 3696 504 3733 mons
548 3679 763 3733 Domini
802 3680 858 3732 in
886 3681 1075 3734 vertice
1118 3682 1373 3736 montium
1404 3683 1559 3755 (Isai.
1593 3685 1676 3754 ιι).
1730 3684 1796 3739 Et
1825 3686 1939 3755 ipse

352 3770 421 3824 de
461 3785 519 3824 se
550 3770 605 3823 in
640 3769 932 3839 Evangelio
960 3788 972 3823 :
1001 3769 1123 3824 Non
1161 3782 1346 3840 potest,
1371 3773 1565 3842 inquit,
1606 3774 1784 3828 civitas
1812 3775 1935 3829 abs-

355 3861 509 3915 condi
538 3874 697 3930 supra
718 3868 941 3914 montem
975 3862 1144 3929 posita
1175 3860 1391 3933 (Matth.
1428 3862 1503 3934 v).
1537 3863 1657 3933 ipse
1684 3872 1767 3919 est
1791 3865 1936 3918 enim

355 3966 513 4006 mons
546 3952 833 4015 montium,
871 3952 961 4019 qui
998 3951 1063 4006 de
1086 3961 1231 4005 terra
1270 3952 1487 4023 quidem
1529 3967 1628 4022 per
1671 3954 1935 4023 originem

356 4051 647 4111 assumpta:
683 4041 863 4095 carnis
908 4053 1060 4095 ortus
1098 4049 1200 4107 est,
1230 4042 1325 4096 sed
1372 4043 1612 4096 omnium
1650 4047 1937 4114 terrigena-

357 4148 474 4187 rum
527 4132 824 4202 potentiam
869 4147 932 4186 ac
974 4133 1318 4188 sanctitatem
1365 4134 1651 4203 singularis
1701 4135 1935 4190 culmine

355 4223 635 4294 dignitatis
661 4222 1015 4276 transcendit.
1052 4222 1109 4275 In
1143 4237 1251 4292 quo
1292 4222 1548 4277 nimirum
1589 4232 1774 4278 monte
1802 4224 1936 4279 civi-

357 4324 440 4367 tas
462 4314 575 4367 sive
621 4310 812 4366 domus
842 4311 1052 4366 Domini
1102 4320 1411 4367 constructa
1450 4320 1553 4380 est,
1582 4315 1707 4383 quia
1742 4315 1786 4369 si
1824 4329 1933 4369 non

357 4402 409 4454 in
437 4401 528 4455 illo
562 4400 801 4454 radicem
836 4398 965 4471 ligat
996 4415 1121 4469 spes
1160 4410 1216 4454 et
1243 4400 1374 4456 ﬁdes
1414 4411 1619 4467 nostra,
1654 4402 1794 4456 nulla
1824 4411 1926 4457 est.

354 4492 595 4546 Elmete
639 4504 794 4545 mons
823 4489 1020 4555 Maria,
1047 4489 1099 4542 id
1127 4499 1230 4555 est,
1274 4492 1485 4545 visionis
1515 4502 1758 4557 vocatur,
1802 4493 1928 4562 quia

354 4583 558 4637 electos
585 4597 734 4647 suos,
763 4596 897 4650 quos
923 4581 988 4635 ad
1021 4590 1278 4635 aeternam
1326 4598 1437 4637 sua:
1482 4584 1744 4640 claritatis
1766 4586 1928 4641 visio-

352 4687 477 4725 nem
513 4676 820 4734 conservat,
854 4668 909 4722 in
954 4668 1057 4722 hac
1099 4669 1322 4723 interim
1367 4671 1476 4724 vita
1521 4672 1827 4727 laborantes
1854 4675 1930 4727 vi-

354 4763 485 4816 dere
513 4767 568 4817 et
593 4760 852 4828 adjuvare
881 4758 1154 4828 dignatur.
1186 4758 1289 4826 Qui
1326 4760 1727 4817 demonstratus
1751 4762 1928 4818 fuerat

354 4850 525 4904 David
585 4849 727 4919 patri
777 4846 912 4916 ejus.
969 4847 1229 4905 Ostensus
1279 4866 1512 4921 namque
1571 4861 1690 4907 erat
1731 4853 1921 4919 David,

352 4941 497 4993 sicut
521 4940 732 4994 caneris
748 4940 1040 5008 prophetis,
1070 4950 1330 4996 venturus
1366 4943 1418 4996 in
1446 4958 1609 4998 carne
1647 4945 1924 5000 Dominus.

356 5029 502 5084 Bene
547 5029 688 5083 idem
729 5028 878 5084 locus
922 5030 978 5084 in
1013 5044 1139 5084 area
1162 5042 1280 5084 erat
1311 5032 1494 5087 Ornan
1518 5032 1770 5099 Jehuszei,
1800 5035 1927 5103 quia

348 5129 411 5174 et
452 5119 691 5174 Ecclesia
735 5134 875 5175 areae
904 5120 1039 5175 solet
1082 5120 1344 5176 vocabulo
1389 5123 1682 5193 designari,
1715 5125 1927 5181 dicente
1972 5195 1975 5198 g

354 5210 562 5264 Joanne
587 5210 653 5263 de
689 5209 916 5263 Domino
940 5228 953 5262 :
975 5209 1140 5279 Cujus
1166 5211 1506 5264 ventilabrum
1537 5214 1590 5265 in
1619 5230 1777 5267 manu
1804 5232 1924 5281 sua,

353 5309 402 5353 et
425 5298 787 5368 permundabit
814 5314 994 5351 aream
1026 5290 1175 5352 Suam
1206 5299 1424 5369 (Matth.
1459 5301 1562 5373 ιιι).
1596 5302 1799 5369 Ornan,
1831 5306 1921 5374 qui

359 5390 741 5456 interpretatur
775 5385 1125 5452 illuminatus,
1149 5397 1202 5442 et
1232 5397 1348 5443 erat
1373 5390 1591 5445 natione
1619 5390 1917 5458 Jebuszeus,

357 5477 575 5530 natione
614 5476 828 5545 quidem
872 5476 1100 5546 gentiles
1140 5477 1427 5547 signiﬁcat,
1482 5496 1676 5535 nomen
1740 5491 1919 5537 autem

355 5568 570 5627 eosdem
601 5568 944 5622 illustrandors
968 5584 999 5621 a
1031 5569 1257 5623 Domino
1294 5580 1452 5639 atque
1484 5573 1537 5625 in
1575 5575 1713 5629 iilios
1736 5576 1921 5631 Eccle—

354 5656 447 5710 sia:
492 5659 900 5714 commutandos
948 5659 1225 5727 ostendit,
1279 5663 1473 5731 quibus
1534 5666 1730 5721 merito
1778 5669 1919 5723 dicat

2059 508 2150 561 lux
2189 509 2241 561 in
2285 508 2506 560 Domino
2544 506 2757 578 (Ephes.
2788 506 2864 575 v).
2914 506 3080 561 Jebus
3116 509 3303 563 eadem
3335 522 3417 565 est
3449 516 3639 570 civitas

2056 614 2175 666 qua:
2204 605 2285 650 est
2308 595 2626 659 Jerusalem,
2658 596 2797 649 sicut
2823 611 2984 665 supra
3019 605 3297 652 ostensum
3321 611 3422 655 est.
3460 604 3529 657 Et
3556 606 3641 660 Je-

2054 686 2155 740 Lus
2180 685 2396 754 quidem
2438 684 2831 751 interpretatur
2858 684 3188 750 conculcata,
3214 685 3517 744 Jerusalem
3551 708 3642 746 au—

2058 785 2163 831 tem
2189 777 2314 829 visio
2340 775 2508 845 pacis.
2541 774 2599 828 ln
2627 790 2745 846 .qua
2773 775 3010 844 quandiu
3034 774 3215 830 Ornan
3244 780 3419 846 gentis
3448 796 3645 852 regna-

2054 866 2167 930 bat,
2193 865 2356 920 Jcbus
2383 866 2527 921 dicta
2576 875 2692 931 est;
2735 881 2860 919 cum
2887 881 3016 920 vero
3065 867 3116 920 in
3152 882 3217 921 ea
3246 868 3416 923 David
3463 871 3643 926 locum

2054 957 2355 1011 holocausti
2406 965 2632 1020 emeret,
2685 971 2808 1009 cum
2855 955 3112 1010 Salomon
3163 958 3422 1027 templum
3476 961 3535 1014 in
3584 979 3643 1015 ea

2053 1044 2280 1101 Domino
2323 1045 2637 1109 mdiﬁearet,
2678 1061 2782 1098 non
2822 1043 2937 1112 jam
2966 1045 3155 1110 Jebns,
3198 1048 3292 1101 sed
3338 1048 3642 1105 Jerusalem

2052 1148 2239 1193 vocata
2288 1148 2391 1203 est,
2422 1137 2547 1207 quia
2596 1136 2849 1189 nimirum
2881 1136 3153 1204 gentilitas
3177 1139 3418 1206 quandiu
3470 1140 3641 1193 divini

2053 1228 2229 1283 cultus
2256 1227 2437 1281 nescia
2467 1226 2814 1295 perdurabat,
2846 1225 3267 1281 conculcabatur
3289 1237 3344 1282 et
3376 1228 3642 1284 illudeba-

2053 1331 2141 1387 tur
2189 1318 2257 1372 ab
2299 1316 2590 1370 immundis
2639 1315 2940 1384 spiritibus,
2992 1316 3060 1370 ad
3110 1317 3403 1372 simulacra
3465 1330 3638 1384 muta,

2051 1417 2213 1478 prout
2252 1407 2573 1470 ducebatur,
2633 1420 2907 1475 sequens;
2963 1421 3084 1460 cum
3113 1423 3243 1460 vero
3287 1408 3432 1462 illam
3462 1412 3638 1480 gratia

2051 1498 2136 1552 sui
2163 1496 2457 1552 conditoris
2510 1496 2761 1565 respexit,
2794 1496 3053 1551 continuo
3082 1497 3234 1566 pacis
3280 1498 3335 1553 in
3384 1514 3445 1554 se
3483 1510 3543 1554 et
3570 1501 3620 1556 lo

2050 1605 2172 1645 cum
2206 1589 2414 1643 invenit
2443 1597 2498 1642 et
2521 1604 2740 1643 nomen.

2120 1679 2281 1751 Coepit
2308 1689 2481 1733 autent
2508 1679 2772 1747 a’di/icare
2800 1696 2975 1734 mense
3002 1680 3251 1746 secundo,
3278 1698 3418 1737 anno
3446 1695 3638 1753 quarto

1975 1779 2022 1837 Β
2050 1774 2195 1844 regni
2224 1773 2325 1826 sui.
2358 1772 2417 1825 In
2446 1772 2583 1826 libro
2620 1788 2749 1826 vero
2777 1772 2979 1842 Regum
3011 1773 3078 1828 de
3105 1773 3210 1828 hoc
3250 1777 3323 1828 ita
3370 1777 3638 1846 scriptum

2051 1875 2135 1919 est
2163 1883 2175 1917 :
2201 1862 2427 1917 Factum
2457 1873 2675 1933 estergo
2702 1864 3212 1933 quadringentesimo
3238 1875 3286 1918 et
3318 1868 3637 1936 octogesimo

2047 1971 2185 2009 anno
2210 1954 2517 2025 egressionis
2555 1954 2787 2023 ﬁliorum
2817 1953 2991 2009 Israel
3032 1955 3095 2009 dc
3139 1965 3276 2010 terra
3307 1956 3555 2027 Egypti,
3584 1961 3636 2012 in

2045 2062 2184 2099 anno
2212 2055 2422 2116 quarto,
2454 2061 2629 2099 mense
2654 2042 2775 2111 Zio,
2799 2045 2907 2115 ipse
2936 2056 3009 2099 est
3037 2046 3228 2100 mensis
3255 2048 3522 2101 secundus
3554 2064 3635 2101 re-

2044 2138 2124 2206 gis
2171 2134 2467 2190 Salomonis
2500 2151 2655 2205 super
2701 2133 2873 2189 Israel
2915 2135 3037 2206 (III
3075 2135 3204 2206 Reg.
3259 2137 3355 2208 vi).
3404 2136 3557 2193 Ordo
3584 2148 3637 2190 ct

2045 2240 2237 2281 sensus
2276 2233 2397 2279 est:
2425 2224 2482 2278 ln
2529 2239 2671 2278 anno
2702 2238 2900 2293 quarto
2947 2225 3091 2294 regis
3118 2224 3424 2280 Salomonis
3467 2241 3635 2295 Super

2043 2315 2229 2381 Israel,
2279 2330 2464 2370 mense
2496 2315 2611 2381 Zio,
2645 2315 2760 2384 ipse
2789 2323 2873 2370 est
2918 2316 3122 2371 mensis
3151 2317 3443 2371 secundus.
3482 2317 3634 2370 Men—

2048 2424 2161 2464 sem
2203 2418 2387 2463 autem
2428 2407 2721 2463 secundum
2768 2398 2883 2476 ipse
2927 2406 3125 2461 Maium
3174 2406 3323 2462 dicit.
3380 2406 3632 2477 Namque

2045 2498 2324 2570 apostolis,
2352 2513 2459 2568 quo
2487 2496 2692 2552 Pascha
2739 2496 3064 2561 celebratur,
3113 2496 3441 2566 principium
3477 2513 3634 2552 men-

2042 2590 2182 2644 sium
2211 2596 2330 2643 erat
2355 2589 2409 2641 in
2438 2587 2714 2643 mensibus
2741 2586 2887 2641 anni.
2916 2587 2995 2641 Ex
3024 2601 3132 2656 quo
3180 2586 3471 2642 manifeste
3523 2587 3634 2641 cla-

2043 2689 2129 2735 ret
2153 2680 2281 2750 quia
2307 2693 2454 2742 mox,
2482 2686 2702 2748 peracto
2737 2678 2967 2743 Pascha,
3018 2679 3183 2748 coepit
3221 2680 3497 2735 aediﬁcare
3537 2681 3632 2733 do-

2041 2784 2189 2823 mum
2220 2768 2496 2839 .Domino;
2536 2776 2591 2822 et
2641 2776 2993 2822 consecratur
3033 2768 3258 2839 mystica
3286 2768 3632 2823 solemnitate

2041 2858 2292 2929 populus,
2332 2858 2457 2928 quia
2481 2871 2701 2911 manum
2731 2856 2797 2911 ad
2845 2858 3131 2928 mysticum
3161 2873 3297 2928 opus
3338 2858 3514 2912 'misit.
3545 2858 3632 2912 Fit

2038 2961 2224 3006 autem
2244 2950 2296 3005 in
2321 2949 2526 3019 Regum
2550 2949 2999 3004 commemoratio
3019 2950 3348 3019 egressionis
3365 2964 3432 3004 ex
3456 2948 3632 3021 {Egy-

2040 3049 2153 3114 pto,
2213 3042 2429 3112 quando
2482 3041 2892 3097 tabernaculum
2952 3043 3205 3096 aediﬁcari
3255 3052 3495 3113 emptum
3545 3053 3630 3099 est

1963 3125 2008 3189 C
2040 3131 2228 3206 Ibid.),
2265 3140 2326 3187 ut
2351 3132 2706 3189 admoneatur
2732 3133 2905 3188 lector
2946 3142 3079 3203 quot
3114 3148 3378 3189 annorum
3410 3144 3633 3206 tempus

2044 3223 2187 3278 inter
2222 3220 2633 3278 aediﬁcationem
2675 3223 2958 3291 utriusque
2996 3224 3187 3279 domus
3228 3225 3536 3291 transierit,
3576 3236 3632 3280 et

2043 3314 2171 3369 huic
2197 3327 2411 3384 quoque
2444 3328 2668 3369 summie
2704 3313 2962 3383 temporis
3006 3324 3408 3369 sacramentum
3443 3316 3629 3371 inesse

2043 3405 2280 3475 speciale
2311 3413 2621 3475 cognoscat.
2653 3403 2957 3459 Permansit
2991 3411 3171 3458 autem
3197 3403 3374 3460 cultus
3401 3415 3457 3460 et
3492 3407 3628 3460 reli-

2044 3496 2133 3566 gio
2182 3494 2515 3550 tabernaculi
2556 3509 2729 3548 annos
2756 3495 3184 3565 quadringentos
3230 3506 3285 3550 et
3317 3499 3624 3568 octoginta,

2042 3602 2106 3642 ac
2131 3588 2209 3642 sic
2241 3586 2495 3657 templum
2523 3586 2777 3642 aediﬁcari
2807 3587 3012 3657 incipit.
3040 3587 3191 3654 Quod
3220 3597 3399 3643 autem
3426 3601 3628 3659 quarto

2042 3693 2184 3734 anno
2226 3679 2370 3749 regis
2409 3677 2714 3735 Salomonis
2760 3677 3018 3734 aediﬁcari
3070 3687 3245 3750 coepta
3297 3688 3383 3734 est
3427 3682 3628 3737 domus

2040 3770 2275 3834 Domini,
2312 3778 2491 3839 potest
2520 3783 2586 3823 eo
2614 3767 2804 3823 referri
2831 3770 3078 3839 mystice,
3111 3769 3255 3839 quod
3284 3778 3409 3840 post
3437 3771 3627 3841 exple-

2040 3867 2151 3911 tam
2175 3858 2630 3928 dispensationem
2660 3857 2957 3913 Dominica:
2981 3858 3392 3925 lncarnationis,
3417 3875 3542 3930 quae
3569 3863 3625 3918 in

2039 3956 2270 4019 quatuor
2292 3949 2573 4020 Evangelii
2615 3949 2768 4003 libris
2797 3950 3000 4019 scripta
3030 3958 3131 4015 est,
3162 3951 3331 4004 misso
3356 3952 3424 4005 de
3464 3953 3625 4010 caelis

2040 4040 2241 4110 Spiritu
2273 4050 2481 4106 saneto,
2516 4038 2773 4094 Ecclesiae
2800 4025 3070 4095 structura
3099 4041 3327 4109 cmperit
3356 4041 3498 4112 (Act.
3528 4043 3619 4113 ιι).

2039 4129 2106 4183 Et
2131 4127 2273 4197 quod
2318 4143 2510 4183 mense
2554 4131 2789 4184 secundo
2817 4139 2996 4200 ccepta
3032 4139 3138 4195 est,
3173 4139 3353 4201 potest
3392 4135 3458 4189 ad
3512 4135 3626 4190 ele-

2039 4220 2271 4274 ctionem
2318 4219 2557 4289 gentium
2610 4218 2824 4283 referri,
2877 4234 2999 4288 qua:
3054 4221 3290 4276 secundo
3332 4221 3453 4278 loco
3496 4232 3623 4293 post

2036 4309 2201 4364 Israel
2231 4309 2639 4364 aediﬁcationem
2686 4311 2741 4364 in
2773 4325 2832 4366 se
2881 4313 2963 4365 sui
2991 4327 3283 4382 suscepere
3317 4314 3617 4372 Creatoris.

2040 4400 2192 4455 Unde
2226 4407 2281 4454 et
2320 4400 2587 4455 secundus
2616 4402 2819 4455 mensis
2859 4402 2916 4455 in
2946 4401 3062 4473 lege
3104 4418 3398 4460 concessus
3431 4416 3520 4461 est
3549 4409 3621 4462 ad

1955 4469 2008 4527 Ῑ)
2033 4486 2339 4544 faciendum
2362 4489 2571 4544 Pascha
2594 4490 2680 4546 his
2699 4491 2792 4560 qui
2816 4469 3080 4547 immundi
3103 4508 3269 4564 super
3295 4495 3500 4561 anima,
3533 4497 3619 4552 vel

2033 4578 2088 4632 in
2125 4578 2205 4632 via
2231 4579 2418 4648 procul
2466 4581 2650 4649 positi,
2680 4582 2747 4635 ad
2792 4579 3097 4637 faciendum
3138 4584 3192 4638 in
3217 4585 3392 4654 primo
3429 4603 3620 4643 mense

2034 4667 2240 4724 Pascha
2260 4683 2547 4725 occurrere
2568 4672 2848 4740 nequirent
2875 4670 3064 4744 (Num.
3084 4674 3184 4745 ix).
3211 4673 3314 4730 Ubi
3335 4690 3435 4730 nos
3455 4692 3618 4748 aper-

2032 4761 2241 4816 tissime
2268 4761 2534 4833 designati
2574 4777 2778 4848 sqmus,
2813 4764 2903 4832 qui
2944 4764 3207 4820 immundi
3237 4782 3400 4837 super
3436 4780 3615 4826 morte

2032 4853 2468 4917 animaeuostrze,
2494 4861 2549 4908 et
2585 4855 2773 4923 procul
2812 4855 2989 4912 adhuc
3028 4858 3191 4927 positi
3219 4873 3250 4911 a
3282 4860 3481 4929 populo
3504 4863 3613 4927 Dei

2030 4961 2139 5000 non
2165 4945 2440 5014 potuimus
2471 4946 2702 5014 primum
2733 4945 2939 5002 Pascha
2960 4948 3157 5013 facere,
3188 4953 3330 5019 quod
3362 4952 3413 5005 in
3444 4967 3612 5008 carne

2030 5043 2086 5090 et
2132 5036 2393 5106 sanguine
2437 5036 2813 5107 Redemptoris
2869 5041 3063 5106 nostri,
3108 5056 3137 5093 a
3162 5057 3270 5111 quo
3306 5044 3521 5112 (λαλιξείιί
3554 5056 3613 5100 et

2031 5127 2270 5181 mandati
2302 5142 2508 5191 sumus,
2535 5138 2716 5182 aetum
2742 5138 2844 5183 est.

2100 5218 2169 5271 Et
2210 5219 2324 5273 hac
2370 5230 2487 5272 sunt
2517 5221 2858 5289 fundamenta
2896 5239 3014 5293 quis
3048 5224 3177 5294 jecit
3228 5224 3501 5289 Salomon,
3546 5236 3605 5281 ut

2029 5309 2315 5376 crdiﬁcaret
2361 5310 2571 5363 domum
2622 5311 2853 5378 Domini,
2915 5313 3255 5383 longitudinis
3298 5316 3496 5369 cubitus
3544 5317 3603 5369 in

2028 5414 2270 5450 mensura
2314 5398 2483 5467 prima
2513 5399 2599 5463 60,
2651 5399 2945 5454 latitudinis
2980 5403 3181 5457 cubitos
3225 5403 3313 5458 ‘20.
3354 5402 3601 5458 Porticus

2027 5506 2144 5543 vero
2184 5500 2304 5543 ante
2340 5491 2581 5559 frontem,
2632 5509 2748 5562 qua:
2776 5494 3157 5551 tendebaturin
3196 5497 3404 5568 longum
3438 5498 3601 5566 juxta

2029 5596 2323 5633 mensuram
2358 5580 2652 5635 latitudinis
2692 5584 2889 5637 cubitos
2919 5584 3022 5648 20;
3052 5603 3207 5656 porro
3244 5587 3463 5641 alti:urlo
3495 5586 3599 5639 {20

2025 5669 2313 5722 cubitorum
2335 5680 2464 5724 erat.
2500 5672 2737 5740 Denique
2768 5674 2820 5726 in
2844 5673 2983 5729 libro
3010 5674 3216 5749 Regum
3245 5678 3312 5732 de
3342 5692 3595 5733 mensura
