3870 6146
234 186 342 267 ιὲε

1160 211 1518 270 (ΣΟΜΜΕΝΤ.
1555 210 1622 267 IN
1660 210 2216 269 PARALIPOMENA.
2255 245 2325 254 -—
2360 212 2487 269 LIB.
2526 213 2610 271 Ill.

3404 221 3509 277 426

236 327 393 383 istius
436 325 634 381 domus
670 307 745 380 ita
790 324 1051 395 scriptum
1081 334 1201 381 est:
1229 326 1429 381 Domus
1467 337 1640 380 autem
1664 344 1822 397 quant
1855 332 1906 389 Α
1934 327 2068 382 tium
2096 327 2289 383 domus
2319 328 2530 383 Domini
2551 327 2893 384 eoenaculum
2920 336 3350 395 consummatur,
3378 334 3507 402 quia

234 418 534 487 wdi/icabat
583 416 842 474 Salomon
891 418 1117 496 Domino
1169 419 1390 501 Italiebat
1434 419 1503 474 60
1530 420 1729 474 cubitos
1767 420 1823 474 in

234 510 581 581 longitudine,
608 518 656 565 et
692 510 764 565 ‘20
788 511 990 565 subitos
1018 511 1073 566 in
1108 510 1407 578 latitudine,
1437 520 1487 566 et
1519 510 1589 566 30
1622 511 1822 566 cubitos

233 602 288 656 in
309 601 590 655 altitudine
616 599 739 671 (III
778 599 906 672 Reg.
936 600 1034 672 vi).
1063 600 1367 672 Longitudo
1410 602 1603 657 domus
1630 600 1822 672 longa-

234 693 539 747 nimitatem
570 691 819 763 designat
846 700 1048 749 sanctae
1090 692 1368 758 Ecclesiae,
1398 708 1561 762 quam
1588 693 1645 748 in
1683 694 1827 748 exsi-
1896 712 1911 727 κ

234 782 305 838 lio
331 781 790 852 peregrinationis
814 781 972 850 hujus
997 782 1201 851 patitur
1223 791 1387 853 atque
1411 783 1625 847 tolerat,
1651 784 1823 839 donec

235 875 300 928 ad
348 873 607 941 patriam,
654 888 815 941 quam
861 880 1163 944 exspectat,
1211 875 1510 944 perveniat.
1562 874 1819 930 Latitudo

235 965 473 1020 insinuat
499 965 847 1030 charitatem,
879 981 984 1035 qua
1040 967 1267 1024 dilatato
1310 968 1431 1023 sinu
1479 970 1681 1025 mentis
1713 986 1819 1024 non

235 1055 407 1109 solum
437 1056 645 1110 amicos
677 1056 734 1110 in
764 1055 896 1121 Deo,
934 1058 1031 1113 sed
1073 1066 1132 1112 et
1160 1058 1409 1115 inimicos
1437 1058 1663 1130 diligere
1689 1076 1822 1131 gau-

235 1147 322 1200 det
377 1163 477 1216 per
532 1145 701 1202 Deum
749 1146 963 1217 (Matth.
1011 1147 1089 1217 v),
1147 1149 1320 1205 donec
1364 1151 1545 1205 veniat
1607 1161 1820 1224 tempus

234 1239 451 1307 quando
476 1240 693 1303 sivelad
730 1256 918 1309 pacem
964 1255 1119 1296 suam
1157 1243 1455 1308 conversis,
1498 1245 1614 1299 sive
1644 1243 1821 1299 fundi-

235 1340 320 1385 tus
359 1333 613 1387 omnibus
648 1333 935 1389 exstinctis
973 1335 1228 1401 inimicis,
1269 1352 1392 1393 cum
1432 1338 1562 1394 solis
1590 1340 1824 1409 gaudeat

232 1423 427 1478 amicis
455 1424 510 1478 in
559 1425 688 1481 Deo.
716 1426 959 1483 Altitudo
989 1444 1140 1501 spem
1176 1429 1458 1486 denuntiat
1500 1430 1694 1488 futurze
1732 1449 1818 1488 re-

233 1515 568 1581 tributionis,
615 1516 772 1586 cujus
818 1520 1017 1574 intuitu
1070 1520 1303 1576 libenter
1344 1522 1528 1578 inﬁma
1567 1540 1817 1595 quaeque,

228 1604 345 1658 sive
384 1619 509 1674 qua;
555 1606 898 1672 demulceut,
947 1624 1043 1664 seu
1073 1624 1193 1679 qua:
1237 1612 1635 1676 adversantur,
1687 1630 1820 1671 con-

1928 428 2051 489 post
2099 430 2395 490 prtesentes
2441 420 2677 475 ﬁdelium
2708 421 2942 485 labores.
2979 432 3101 491 post
3147 434 3425 493 acceptam
3457 427 3508 480 in

1928 509 2111 565 futuro
2164 502 2405 580 requiem
2459 512 2786 574 animarum,
2834 511 2993 580 plena
3044 511 3209 567 totius
3251 513 3511 571 Ecclesia:

1925 602 2155 658 felicitas
2189 603 2240 656 in
2281 604 2697 659 resurrectionis
2725 603 2894 674 gloria
2920 604 3297 675 complebitur.

1994 694 2222 748 Domum
2245 709 2448 764 quoque
2498 694 2750 763 majorem
2796 694 2921 748 texit
2968 695 3161 750 tabulis
3211 697 3397 765 ligneis
3424 715 3505 767 cg-

1922 784 2193 854 pressinis,
2224 793 2272 839 et
2320 784 2548 840 laminas
2583 786 2705 840 auri
2757 786 2923 841 obrizi
2975 787 3136 856 allicit
3182 804 3276 857 per
3318 800 3505 843 totum.

1923 878 2153 934 Domum
2185 880 2466 950 majorem,
2518 879 2691 950 ipsum
2743 880 3021 950 templum,
3056 884 3198 951 quod
3222 892 3365 938 .erat
3411 900 3509 952 pro

1924 969 2129 1024 foribus
2156 970 2383 1035 oraculi,
2417 970 2565 1026 dicit.
2622 969 2755 1024 Nam
2789 971 3056 1039 tripartita
3108 970 3209 1025 fuit
3236 973 3511 1029 distinctio

1923 1058 2091 1128 ipsius
2129 1058 2391 1115 fabricae:
2424 1060 2528 1116 hoc
2566 1070 2671 1126 est,
2714 1062 2953 1129 porticus
2998 1070 3122 1117 ante
3152 1063 3423 1133 templum,
3456 1075 3514 1120 et

1921 1149 2095 1219 ipsum
2117 1150 2372 1220 templum
2400 1150 2475 1220 (in
2503 1166 2613 1220 quo
2641 1152 2813 1207 altare
2838 1153 3226 1223 thymiamatis,
3251 1164 3307 1210 et
3327 1172 3510 1211 mensa
3568 1166 3577 1167 ’

1920 1254 2118 1308 panum
2148 1240 2554 1310 propositionis,
2583 1250 2638 1296 et
2667 1243 3059 1296 eamlelahrum
3089 1243 3309 1299 luminis
3336 1248 3509 1314 posita

1919 1335 2118 1401 erant),
2155 1340 2211 1387 et
2241 1332 2545 1397 oraculum,
2595 1334 2699 1388 hoc
2739 1342 2843 1393 est.
2881 1344 3131 1389 sanctum
3174 1344 3509 1400 sanctorum,

1921 1421 2011 1477 ubi
2035 1437 2162 1479 arca
2197 1423 2529 1487 testamenti,
2572 1432 2629 1478 et
2670 1424 2951 1480 cherubim
2992 1434 3115 1494 post
3142 1426 3319 1481 velum
3348 1426 3515 1481 collo-

1921 1520 2043 1567 cata
2089 1521 2264 1567 erant.
2295 1512 2424 1579 Quae
2452 1514 2634 1569 omnia
2672 1514 2972 1570 secundum
3016 1514 3315 1585 spiritalem
3345 1516 3513 1587 signi-

1921 1604 2229 1660 ﬁcationem
2277 1605 2351 1660 ita
2397 1605 2655 1676 distingui
2705 1618 2952 1675 possunt,
2979 1615 3041 1663 ut
3067 1606 3313 1664 dicamus
3350 1611 3519 1679 porti.

231 1697 447 1763 temnit,
491 1713 664 1767 usque
697 1700 846 1764 dunt,
879 1701 1123 1771 utrisque
1152 1705 1505 1769 transccnsis,
1547 1705 1660 1760 sola
1706 1721 1820 1762 ine-
1846 1694 1894 1754 B
1922 1709 2065 1759 cum,
2094 1709 2214 1762 (111ίὲ
2254 1702 2374 1750 erat
2416 1704 2542 1750 θηιθ
2582 1696 2864 1765 templum:
2910 1697 3256 1765 θιιιίιῖυοτιιω
3288 1696 3516 1769 “80mm

228 1797 416 1841 rentur
445 1787 620 1865 ridere
662 1789 797 1843 bona
828 1790 1045 1845 Domini
1066 1793 1121 1846 in
1170 1803 1311 1847 terra
1339 1795 1617 1850 viventium
1644 1795 1819 1868 (Psal.

232 1878 404 1949 nrt).
438 1878 543 1934 Ubi
574 1882 868 1955 notandum
893 1883 1039 1954 quod
1065 1883 1136 1939 50
1163 1885 1335 1941 cubiti
1372 1886 1678 1943 altitudinis
1715 1905 1823 1944 non

232 1982 409 2037 usque
435 1969 509 2023 ad
545 1977 746 2025 tectum
785 1972 1001 2042 templi,
1021 1974 1115 2029 sed
1160 1990 1334 2044 usque
1375 1977 1443 2032 ad
1485 1978 1823 2035 cmnaculum

230 2055 463 2114 inferius
486 2060 892 2130 pertingebant.
916 2061 1162 2134 Namque
1188 2065 1241 2119 in
1270 2065 1408 2122 libro
1430 2071 1688 2137 pra-senti
1722 2070 1825 2124 Pa-

228 2148 611 2219 ralipomenon
641 2162 831 2222 aperte
856 2153 1121 2224 scriptum
1160 2165 1244 2211 est
1272 2158 1419 2227 quod
1462 2159 1691 2214 altitudo
1724 2161 1824 2215 19.0

232 2243 540 2296 cubitorum
568 2250 708 2323 erat.
741 2242 1050 2298 Notandqu
1078 2259 1211 2298 sane
1235 2246 1379 2314 quod
1409 2245 1479 2299 ‘50
1501 2245 1670 2299 cubiti
1695 2245 1818 2300 alti-

234 2336 455 2401 tudinis,
507 2334 578 2389 de
627 2335 824 2405 quibus
878 2338 932 2389 in
977 2338 1180 2406 llegum
1211 2337 1410 2406 legitur
1440 2331 1558 2399 JH
1588 2335 1713 2406 Reg.
1739 2339 1816 2408 vt)

232 2435 400 2489 usque
430 2421 503 2475 ad
544 2423 781 2478 medium
819 2425 1159 2481 cmnaculum
1186 2429 1582 2500 pertingebant.
1622 2429 1825 2486 Deinde

229 2513 316 2568 alii
366 2514 441 2569 30
478 2516 651 2571 cubiti
685 2532 857 2586 usque
902 2520 971 2573 ad
1013 2522 1234 2576 tertium
1275 2524 1612 2579 cmuaculum
1662 2526 1825 2583 adde-

234 2607 451 2670 bantur,
487 2623 773 2678 quousque
807 2618 997 2679 portae,
1027 2626 1147 2687 qua:
1196 2621 1353 2667 erant
1383 2615 1529 2670 circa
1563 2614 1823 2687 templum

230 2700 302 2753 ab
329 2700 538 2754 Austro
569 2708 627 2755 et
659 2700 923 2780 Aquilone
958 2712 1014 2759 et
1050 2685 1277 2771 Occasu,
1309 2708 1377 2762 ad
1408 2715 1608 2764 tectum
1636 2685 1826 2780 perve-

230 2789 476 2854 niebant,
510 2800 573 2846 ut
599 2778 837 2863 Josepbo
873 2805 1130 2853 narrante
1162 2799 1469 2855 didicimus.
1506 2778 1711 2857 Deinde
1732 2818 1826 2859 us-

232 2894 337 2949 que
371 2882 440 2935 ad
472 2896 788 2950 supremum
830 2885 1016 2955 templi
1046 2897 1247 2942 tectum
1293 2889 1383 2945 alii
1410 2890 1480 2945 60
1519 2891 1687 2946 cubiti
1725 2908 1826 2947 nu-

234 2973 615 3037 merabantur,
655 2983 714 3029 et
758 2976 839 3031 sic
881 2984 992 3032 tota
1048 2979 1275 3035 altitudo
1324 2982 1518 3038 domus
1554 2983 1711 3053 juxta
1759 2985 1827 3039 li-

231 3062 389 3116 brum
440 3062 900 3133 Paralipomenon
949 3067 1001 3121 in
1056 3069 1157 3123 120
1207 3071 1408 3127 ειιιείιίθ
1452 3083 1828 3129 consummata

232 3164 337 3211 est.
363 3155 623 3212 Porticus
651 3173 889 3230 quoque,
920 3175 1041 3230 quas
1067 3170 1187 3217 erat
1229 3171 1355 3218 ante
1384 3162 1618 3221 frontem
1642 3166 1830 3237 templi

233 3247 304 3301 ad
325 3246 635 3313 Orientem,
648 3247 804 3317 juxta
835 3242 995 3306 ﬁdem
1020 3252 1228 3321 prmlati
1252 3254 1562 3321 voluminis,
1583 3258 1828 3312 eamdem

230 3337 546 3393 cubitorum
586 3354 856 3394 summam
888 3341 940 3395 in
969 3342 1254 3399 altitudine
1279 3343 1533 3410 habebat,
1563 3346 1655 3416 qui
1682 3347 1832 3403 vide-

235 3428 363 3484 licet
416 3431 562 3487 liber
608 3431 752 3497 illas,
803 3432 870 3487 de
914 3434 1116 3502 quibus
1158 3435 1529 3503 prtediximus,
1587 3437 1831 3507 porticus

232 3521 381 3577 circa
425 3523 691 3594 templum
727 3523 947 3579 cellaria
978 3533 1137 3581 vocat
1180 3534 1236 3581 et
1282 3525 1545 3581 cubicula.
1580 3527 1735 3583 Unde
1774 3531 1830 3584 in

236 3613 417 3681 priore
464 3613 610 3669 libro
649 3614 723 3668 ita
771 3615 1033 3686 scriptum
1077 3625 1199 3673 est:
1233 3616 1385 3671 Dedit
1429 3626 1605 3672 autem
1658 3618 1831 3674 David

234 3701 519 3758 Salomoni
557 3703 671 3772 ﬁlio
707 3721 804 3759 suo
844 3706 1246 3776 descriptionem
1288 3709 1522 3778 porticus
1552 3710 1751 3777 templi,
1782 3720 1831 3765 et

236 3795 578 3850 cellariorum
609 3805 656 3851 et
694 3799 947 3852 caenaculi
975 3810 1023 3853 et
1065 3800 1427 3855 cubiculorum
1459 3803 1514 3855 in
1555 3802 1753 3873 adytis,
1781 3813 1833 3857 et

230 3883 429 3939 domu
479 3887 873 3956 propitiationis
901 3887 959 3959 (I
1002 3886 1133 3956 Eur.
1170 3889 1388 3962 xxvm).
1431 3889 1535 3947 Ubi
1573 3899 1629 3947 et
1677 3903 1831 3948 exte-

238 3974 455 4030 riorum
484 3978 795 4045 domorum,
820 3995 941 4049 qua:
975 3988 1133 4035 erant
1163 3990 1316 4036 extra
1355 3984 1556 4037 atrium
1585 3985 1837 4040 sacerdo-

236 4072 359 4120 tum
390 4068 445 4121 in
465 4068 704 4124 circuitu
738 4071 945 4141 templi,
986 4070 1112 4127 fecit
1138 4074 1492 4140 mentionem,
1519 4089 1641 4130 cum
1667 4077 1837 4145 proti-

238 4173 350 4210 nus
383 4157 699 4225 adjunxerit
724 4175 739 4212 :
767 4158 991 4215 Necnon
1018 4172 1067 4215 et
1094 4165 1327 4236 omnium
1371 4181 1490 4236 qum
1516 4165 1835 4235 cogitaverat

236 4248 507 4300 atriorum
549 4259 599 4301 et
643 4249 955 4303 exedrarum
1000 4268 1094 4322 per
1139 4234 1417 4307 circuitum
1467 4254 1522 4307 in
1559 4254 1835 4309 thesauros

236 4338 437 4390 domus
457 4337 696 4404 Domini,
719 4348 769 4393 et
799 4340 859 4394 in
906 4342 1177 4397 thesauros
1204 4355 1526 4399 sanctorum.
1553 4344 1707 4413 Quod
1732 4362 1833 4400 au-

235 4435 355 4481 tem
410 4428 587 4485 ottnis
631 4429 863 4486 altitudo
891 4433 1075 4503 templi
1128 4434 1232 4488 120
1266 4434 1369 4490 fuit
1402 4436 1728 4501 cubitorum,
1768 4437 1835 4492 ad

234 4519 396 4573 idem
433 4529 837 4577 sacramentum
884 4524 1149 4594 respicit:
1178 4526 1322 4596 quod
1359 4534 1416 4582 et
1461 4528 1735 4597 primitiva
1780 4528 1835 4582 in

235 4610 643 4681 Hierosolymis
670 4612 915 4669 Ecclesia
958 4624 1081 4686 post
1114 4617 1444 4687 passionem,
1485 4619 1839 4673 resurrectio-

232 4718 373 4757 nem
422 4712 478 4756 et
507 4705 884 4760 ascensionem
924 4707 1138 4762 Domini
1182 4708 1236 4762 in
1268 4709 1455 4774 caelos,
1488 4709 1542 4763 ia
1593 4710 1694 4764 hoc
1732 4726 1838 4763 nu-

230 4808 406 4849 mero
434 4794 672 4851 virorum
700 4797 935 4868 gratiam
961 4798 1196 4870 Spiritus
1219 4802 1390 4857 sancti
1417 4802 1643 4872 accepit.
1668 4802 1836 4869 Quin.

227 4886 428 4940 decim
470 4902 722 4957 namque,
753 4888 846 4958 qui
870 4904 936 4943 ex
963 4900 1169 4960 septem
1212 4904 1268 4948 et
1294 4902 1416 4949 octo
1451 4904 1719 4959 constant,
1747 4911 1840 4951 so-

224 4976 354 5030 lent
411 4993 800 5050 nonnunquam
852 4979 919 5034 ad
971 4982 1422 5053 signiﬁcationem
1475 4988 1664 5042 referri
1715 4988 1841 5043 vine

224 5066 471 5130 futurzr,
514 5084 633 5137 quae
656 5085 801 5124 nunc
827 5070 882 5124 in
925 5072 1257 5129 sabbatismo
1295 5077 1507 5145 geritur
1533 5079 1837 5136 animarum

220 5160 514 5220 ﬁdelium,
543 5160 867 5230 perﬁcietur
892 5174 1074 5218 autem
1120 5165 1172 5218 iu
1202 5166 1310 5221 ﬁne
1351 5168 1555 5235 sreculi,
1592 5160 1836 5227 resurre-

217 5252 433 5307 ctione
473 5265 758 5320 corporum
798 5254 1206 5310 immortalium.
1244 5256 1361 5327 Ipsa
1402 5269 1581 5313 autem
1613 5262 1837 5331 quinde-

218 5347 337 5401 cim
378 5345 446 5397 in
497 5345 779 5415 trigorium
821 5346 1004 5410 ducta.
1048 5348 1100 5402 id
1132 5357 1236 5415 est,
1267 5364 1388 5404 cum
1436 5353 1688 5408 omnibus
1725 5358 1837 5410 suis

202 5434 500 5508 partibus
525 5445 900 5500 annumerata,
933 5437 1036 5491 120
1060 5438 1318 5494 elﬁciunt.
1352 5440 1691 5513 Quapropter
1710 5457 1838 5514 apte

218 5539 483 5584 numero
524 5526 837 5582 centenario
882 5536 939 5582 et
986 5529 1262 5586 vicenario
1301 5547 1492 5603 magna
1538 5532 1836 5590 electorum

220 5614 533 5674 beatide
563 5615 616 5670 in
663 5614 842 5671 futura
872 5618 979 5672 vita
1023 5619 1360 5692 designatur.
1412 5622 1548 5692 Apte
1598 5626 1685 5680 hic
1732 5636 1841 5679 ter-

581 5709 852 5768 l‘srnoL.
898 5709 1062 5771 CIX.

1925 1791 2140 1853 gestare
2187 1782 2442 1848 ﬁdelium,
2492 1783 2664 1853 ipsum
2712 1800 2841 1838 vero
2878 1784 3138 1856 templum
3181 1801 3370 1843 eorum
3421 1793 3516 1858 qui

1922 1883 2048 1944 post
2077 1873 2469 1931 incarnationis
2492 1875 2788 1930 Dominicze
2815 1886 3026 1947 tempus
3055 1877 3108 1932 in
3132 1877 3393 1935 mundum
3421 1892 3518 1933 vo-

1924 1972 2144 2028 nerunt,
2197 1979 2360 2033 porro
2419 1965 2639 2021 dntnum
2698 1966 3014 2025 interiorem
3072 1969 3223 2039 regni
3280 1970 3520 2027 cmlestis

1922 2054 2139 2124 gaudia,
2172 2070 2293 2125 qua:
2325 2055 2572 2125 utrisque
2600 2056 2763 2127 justis
2788 2056 3008 2122 dantur,
3033 2056 3287 2129 ﬁgurare.
3318 2059 3521 2115 Notau-

1924 2147 2051 2201 dum
2078 2161 2206 2218 ergo
2235 2147 2378 2216 quod
2406 2146 2573 2215 ipsius
2602 2149 2792 2202 domus
2834 2149 3074 2218 parietes
3097 2150 3365 2219 lapidibus
3395 2166 3522 2221 pre-

1922 2236 2079 2292 tiosis
2107 2235 2330 2291 fuerunt
2371 2238 2523 2303 facti,
2569 2240 2852 2309 opertique
2897 2241 3257 2297 tabernaculis
3299 2257 3521 2313 cypres-

1924 2325 2059 2382 sinis
2088 2326 2205 2382 sive
2230 2327 2484 2391 cedi-iiiis,
2517 2336 2572 2383 et
2608 2328 2828 2399 insuper
2859 2328 3081 2387 laminis
3105 2332 3294 2388 aureis
3324 2333 3519 2387 vestie-

1924 2417 2140 2473 bantur.
2192 2417 2346 2475 Unde
2398 2419 2451 2473 in
2506 2419 2714 2490 Regum
2764 2421 3025 2491 scriptum
3073 2429 3197 2477 est:
3250 2422 3321 2476 Et
3364 2424 3521 2477 cedro

1924 2512 2091 2566 omnis
2114 2511 2300 2565 domus
2320 2509 2646 2577 vestiebatur,
2664 2511 2858 2566 habens
2882 2521 3178 2567 :ornaturas
3192 2529 3318 2567 suas
3331 2522 3380 2567 et
3390 2514 3520 2584 jun-

1922 2612 2101 2658 cturas
2122 2603 2443 2674 fabrefactus
2464 2601 2792 2658 etcazlaturas
2820 2605 3102 2658 eminentes
3128 2602 3247 2673 (Ill
3272 2602 3396 2674 Reg.
3421 2603 3519 2660 vti.

1925 2692 2154 2766 Lapides
2177 2692 2404 2763 parietis
2425 2692 2540 2747 sive
2566 2692 2884 2763 pavimenti,
2916 2702 2972 2748 ct
2998 2693 3192 2748 tabulae
3226 2703 3282 2748 et
3307 2708 3524 2754 aurum,

1926 2797 2238 2843 sanctorum
2278 2787 2332 2840 in
2377 2784 2620 2840 Eccbsia
2647 2786 2814 2839 vitam
2854 2787 3036 2841 omnia
3067 2786 3393 2858 designant;
3427 2788 3523 2843 seti

1926 2893 1991 2934 ea
2018 2879 2207 2948 utique
2227 2876 2591 2943 distinctione,
2616 2892 2741 2933 cum
2788 2879 2994 2948 pariter
3021 2889 3319 2948 ponuntur,
3351 2889 3412 2935 ut
3446 2881 3522 2936 la-

1929 2971 2082 3042 pides
2109 2971 2218 3025 vivi
2246 2971 2356 3025 sint
2385 2970 2585 3036 sancti,
2610 2970 2926 3026 fortitudine
2949 2971 3070 3026 ﬁdei
3099 2972 3154 3026 in
3186 2988 3348 3027 unam
3374 2989 3522 3029 eatu-

1857 3045 1901 3107 C
1933 3064 2166 3134 demque
2219 3063 2463 3135 regulam
2520 3063 2739 3119 sibimet
2794 3063 3151 3135 agglutinati;
3195 3066 3390 3121 tabulae
3431 3082 3524 3123 ce-

1932 3155 2101 3211 drina:
2125 3156 2241 3211 sive
2261 3155 2591 3226 cypressinte
2628 3155 2740 3210 sint
2767 3156 2965 3219 sancti,
3013 3154 3299 3212 latitudine
3344 3157 3526 3212 varia-

1931 3262 2052 3302 rum
2080 3247 2342 3302 virtutum
2377 3244 2676 3302 secundum
2702 3245 3050 3300 donationem
3079 3244 3321 3316 Spiritus
3338 3228 3524 3302 sancti

1930 3338 1986 3393 in
2027 3354 2132 3393 una
2167 3341 2465 3409 eademque
2498 3337 2604 3393 ﬁde
2631 3337 2849 3393 sibimet
2888 3336 3206 3393 alterutrum
3248 3340 3478 3397 connexi
3508 3356 3524 3405 ;

1933 3428 2291 3485 aurilaminze
2333 3430 2447 3484 sint
2497 3427 2673 3484 sancti
2723 3428 3220 3498 supereminentem
3275 3431 3531 3509 scientia;

1933 3524 2258 3578 charitatem
2288 3524 2572 3588 habentes,
2626 3522 2838 3592 hocque
2872 3520 3081 3593 fulgore
3120 3523 3430 3594 gratissimo
3459 3525 3525 3577 ad

1932 3612 2164 3668 invicem
2204 3613 2626 3683 congaudeutcs.
2681 3612 2812 3679 Quae
2847 3612 2949 3667 tria
2997 3613 3189 3668 beatus
3239 3613 3528 3682 Apostolus

1933 3710 2040 3758 una
2069 3704 2648 3775 scientiacomplexus
2672 3712 2776 3768 est,
2800 3704 3030 3759 dicens:
3063 3703 3209 3758 Nam
3232 3704 3288 3757 in
3318 3702 3527 3758 Christo

1932 3797 2066 3853 Iesu
2103 3815 2267 3869 neque
2292 3799 2625 3852 circumcisio
2668 3797 2870 3867 aliquid
2904 3796 3061 3860 valet,
3113 3812 3278 3867 neque
3322 3812 3528 3866 purpu-

1934 3891 2089 3954 tium,
2112 3888 2201 3943 sed
2230 3888 2383 3957 ﬁdes,
2406 3904 2522 3958 quis
2542 3904 2637 3958 per
2659 3886 2988 3941 dilectionem
3014 3897 3263 3956 operatur
3282 3884 3424 3959 (Cal.
3451 3892 3523 3956 γ).

1937 3979 2087 4035 Fidei
2114 3994 2348 4049 namque
2373 3979 2588 4034 invian
2630 3976 2767 4048 lapis
2814 3976 3042 4047 ﬁguram
3089 3979 3301 4043 tenuit;
3332 3979 3530 4033 cedrus

1936 4071 2052 4127 sive
2072 4083 2382 4142 cypressus,
2411 4069 2641 4124 actionis
2660 4067 2982 4133 odoriferae;
3006 4082 3225 4132 aurum,
3250 4058 3531 4124 transcen-

1922 4162 2119 4218 .dcntis
2146 4160 2328 4216 omnia
2358 4160 2687 4216 dilectionis.

2007 4253 2338 4325 Sculpsitque
2367 4255 2422 4309 in
2450 4270 2513 4309 ea
2554 4253 2758 4324 palmas
2806 4262 2854 4308 et
2880 4254 3032 4325 quasi
3079 4254 3348 4310 catenulas
3369 4256 3525 4310 sein-

1939 4348 2102 4402 viccm
2123 4344 2539 4416 complectentes.
2570 4343 2859 4414 Sculptura
2896 4343 3200 4413 palmarum
3238 4345 3532 4414 descriptio

1943 4445 2030 4493 est
2054 4437 2335 4501 virtutum,
2384 4450 2484 4506 per
2525 4450 2661 4505 quas
2689 4433 2916 4490 victoria
2963 4448 3090 4489 vera
3117 4434 3451 4504 adipiscitur,
3478 4445 3533 4490 et

1946 4527 2313 4585 remuneratio
2352 4527 2533 4583 futura
2558 4526 2681 4582 cmli
2711 4534 3072 4596 promeretur.
3101 4525 3376 4581 Catenulze
3402 4543 3533 4598 ergo

1944 4623 2179 4679 invicem
2205 4636 2266 4679 se
2290 4622 2709 4693 complectentes
2731 4622 2844 4693 ipsa
2867 4627 2994 4677 sunt
3012 4621 3187 4678 ofﬁcia
3224 4622 3530 4689 charitatis,

1945 4716 2143 4786 quibus
2158 4716 2225 4770 ad
2243 4715 2474 4771 invicem
2499 4714 2815 4769 fraternitas
2829 4722 3019 4769 sancta
3044 4714 3346 4785 copulatur,
3370 4724 3534 4787 atque

1946 4805 2003 4859 in
2031 4820 2195 4859 uuam
2225 4803 2427 4859 Christi
2454 4804 2673 4859 domum
2700 4811 2814 4858 toto
2838 4812 3109 4861 terrarum
3155 4806 3288 4861 orbe
3312 4814 3535 4877 compa.

1942 4895 2109 4950 nitur.
2158 4893 2289 4961 Quae
2335 4894 2499 4948 etiam
2543 4894 2757 4959 domus,
2784 4892 2943 4964 juxta
2979 4895 3033 4950 id
3059 4895 3202 4964 quod
3241 4896 3296 4949 in
3329 4894 3533 4967 Regum

1941 4987 2204 5054 scriptum
2243 4990 2328 5038 est
2351 4982 2471 5056 (III
2506 4981 2629 5054 Reg.
2653 4980 2751 5054 γι),
2786 4983 3248 5039 habetcaalaturas
3291 4986 3538 5040 etutineu-

1943 5083 2044 5137 tes,
2078 5090 2201 5129 cum
2227 5088 2392 5143 opera
2432 5073 2713 5127 virtutum
2736 5072 2919 5127 sancti
2949 5088 3290 5143 nequaquam
3320 5076 3533 5130 occulta

1945 5174 2154 5237 tegunt,
2203 5164 2300 5220 sed
2346 5162 2634 5219 manifesta
2674 5165 3027 5234 expressione
3069 5162 3212 5221 foris
3259 5168 3534 5229 oninihus,

1942 5257 2132 5328 quales
2159 5258 2272 5311 sint
2312 5256 2437 5328 ipsi,
2488 5257 2618 5326 quid
2666 5264 2831 5327 agant
2875 5258 2931 5311 in
2977 5258 3286 5329 exemplum
3321 5258 3533 5312 vivendi

1937 5350 2238 5420 proferunt.

2013 5441 2209 5498 Stravit
2256 5458 2460 5515 quoque
2526 5442 2880 5512 pavimentum
2935 5442 3112 5512 templi
3160 5440 3533 5510 pretiosissima

1942 5553 2201 5591 marmore
2226 5535 2411 5590 decore
2433 5536 2619 5589 multo.
2648 5535 2705 5590 In
2745 5535 2950 5607 Regum
2974 5552 3104 5590 vero
3131 5536 3196 5589 de
3224 5533 3535 5605 pavimento

1942 5627 2133 5683 domus
2156 5626 2248 5681 Dei
2282 5627 2355 5683 ita
2390 5628 2651 5696 scriptum
2687 5636 2809 5681 est:
2838 5626 3031 5679 Attcxit
3056 5625 3408 5691 pavimentum
3442 5635 3526 5677 ta-

2980 5714 3051 5773 1's
