3870 6146
372 223 486 279 ³127

1020 217 1082 273 Β.
1123 214 1378 272 RABANI
1416 213 1636 272 MAURI
1674 211 1996 272 ARCIIIEP.
2041 218 2348 277 MOGUNT.
2389 221 2672 279 OPERUM
2713 222 2891 280 PARS
2928 224 2972 280 Ι.

3524 234 3614 291 428

379 337 517 392 tntis
543 334 773 405 abiegnis
800 331 918 407 (III
946 331 1077 402 Reg.
1103 329 1201 403 vi).
1226 329 1379 385 Unde
1402 336 1570 399 patet,
1596 330 1722 400 quia
1735 328 1957 420 tabulas
1984 332 2030 393 Α
2059 349 2292 405 namque
2329 346 2551 392 vocatur
2579 338 2690 407 ipsa
2717 339 2929 405 domus,
2981 356 3101 410 qua:
3136 349 3193 398 et
3216 353 3396 398 sancta
3427 361 3616 403 sancto-

384 430 657 499 abicgnas,
705 426 900 496 quibus
940 423 1304 494 pavimentum
1349 430 1576 491 tegeret,
1618 437 1958 493 nequaquam

385 523 438 575 in
469 516 842 588 terra‘posuit,
885 515 980 570 sed
1006 513 1182 583 primo
1208 511 1339 568 illud
1375 527 1646 567 marmore
1686 512 1954 582 praetexit,

383 627 446 666 ac
482 609 675 665 deinde
713 605 923 661 tabulas
965 603 1222 658 marmori
1253 605 1613 674 superposuit,
1644 619 1709 658 ac
1739 602 1957 658 tertium

385 701 467 756 his
494 698 700 755 duobus
727 695 845 750 auri
867 694 1122 750 vestitum
1151 694 1538 763 superaddidit,
1566 702 1627 747 ut
1651 693 1704 747 in
1733 706 1960 760 sequen-

385 793 524 846 tibus
548 789 763 860 legitur.
793 785 946 842 Sicut
969 793 1150 840 autem
1186 785 1413 840 latitudo
1449 784 1672 854 parietis
1694 784 1746 838 in
1789 783 1957 836 altum

382 897 692 952 exsurgens,
745 888 906 948 atque
949 893 1122 948 usque
1173 878 1242 931 ad
1293 876 1569 946 laquearia
1615 878 1956 947 perveniens,

377 975 656 1045 profectus
681 973 962 1036 virtutum,
992 971 1189 1040 quibus
1211 969 1369 1025 electi
1393 972 1458 1024 ad
1489 985 1714 1039 regnum
1735 970 1959 1025 cmleste

383 1067 720 1138 perveniunt,
743 1062 829 1119 vel
851 1071 999 1117 certe
1027 1062 1173 1130 ipsos
1201 1061 1494 1116 electorum
1522 1062 1716 1116 choros
1742 1061 1958 1116 sibimet

380 1172 478 1226 per
528 1165 770 1224 tempora
802 1152 1070 1206 variantia
1119 1151 1468 1206 succedentes
1523 1151 1826 1220 significat;
1883 1150 1956 1204 ita

380 1244 658 1315 :eqrmlitas
685 1241 979 1312 pavimenti
1009 1240 1331 1295 concordem
1377 1241 1690 1296 eorumdem
1741 1243 1958 1296 humili-

382 1341 570 1402 tatein,
601 1335 796 1406 quain
827 1333 1104 1403 temporali
1153 1333 1256 1388 hac
1305 1333 1415 1387 vita
1466 1332 1629 1402 positi
1681 1333 1957 1388 socialiter

381 1429 634 1492 invicem,
664 1424 931 1480 cbaritate
969 1424 1226 1487 aictante,
1271 1429 1680 1486 conversantur,
1721 1437 1828 1476 non
1852 1423 1956 1476 im-

383 1520 575 1575 merito
596 1519 947 1573 demonstrat.
981 1514 1135 1580 Quod
1157 1513 1408 1568 videlicet
1441 1513 1805 1582 pavimentum
1833 1528 1956 1582 pre-

381 1608 674 1668 tiosissimo
715 1614 840 1662 erat
895 1619 1167 1660 marmore
1217 1611 1452 1659 stratum
1496 1602 1692 1658 decore
1747 1604 1950 1669 multo,

378 1701 627 1769 idemque
651 1710 890 1751 marmor
926 1709 1052 1749 mox
1081 1693 1279 1748 tabulis
1301 1698 1503 1748 tectum
1535 1692 1798 1763 abiegnis,
1825 1693 1950 1762 quia

376 1788 634 1844 nimirum
665 1786 778 1840 vita
793 1785 1062 1854 iustorum
1085 1783 1263 1854 primo
1297 1781 1419 1838 ﬁdei
1444 1783 1698 1836 ﬁrmitate
1717 1798 1949 1852 praemu-

376 1880 569 1935 nienda
596 1879 651 1933 in
678 1878 858 1942 corde,
886 1891 952 1932 ac
979 1875 1174 1931 deinde
1194 1875 1518 1946 spiritalium
1541 1875 1804 1929 virtutum
1830 1874 1951 1929 lati-

377 1971 560 2027 tudine
587 1978 672 2026 est
697 1968 1004 2025 adornanda
1038 1967 1094 2022 in
1131 1981 1313 2036 opere.
1363 1966 1617 2036 Alioquin
1649 1965 1773 2034 quid
1805 1964 1950 2019 utili-

373 2062 498 2116 tatis
517 2059 748 2115 habebat
773 2059 936 2114 decor
956 2057 1240 2112 marmoris
1260 2057 1658 2127 pretiosissimi,
1678 2057 1946 2124 lignorum

373 2151 570 2207 tabulis
585 2151 853 2215 obtectus,
876 2148 922 2202 si
946 2163 1053 2202 non
1079 2148 1366 2217 mysticum
1387 2147 1587 2217 aliquid
1607 2147 1766 2201 tacite
1790 2147 1950 2216 signi-

369 2244 583 2310 ﬁcabat,
604 2259 669 2299 ac
688 2243 953 2298 bmorum
977 2240 1362 2310 plenitudinem
1388 2254 1609 2308 operum
1636 2238 1949 2293 fortitudine

371 2335 492 2389 ﬁdei
521 2335 855 2389 intemeratae
883 2330 1289 2386 sull‘ulciendam
1323 2344 1442 2384 esse
1487 2329 1758 2384 docebat?
1783 2328 1948 2383 Abies

367 2437 498 2478 vero
523 2431 740 2492 propter
765 2419 1098 2473 altitudinem
1132 2419 1240 2484 sui,
1279 2425 1333 2473 et
1360 2419 1523 2473 robur
1548 2419 1636 2474 diu
1681 2418 1943 2483 durabile,

370 2518 606 2567 mentem
631 2509 926 2564 electorum
952 2506 1136 2561 inﬁma
1171 2522 1385 2576 quoque
1409 2507 1673 2563 desideria
1694 2524 1948 2577 spernen-

369 2611 500 2666 tem,
529 2607 585 2654 et
611 2599 908 2654 caelestium
955 2597 1392 2668 contemplationi
1422 2613 1633 2668 semper
1659 2599 1941 2665 intentam,

367 2691 567 2745 virtute
614 2703 830 2759 quoque
873 2688 1150 2758 patientia:
1201 2688 1545 2758 singulariter
1593 2689 1942 2744 excellentem

367 2795 473 2836 non
497 2783 790 2851 incongrue
820 2781 1173 2836 demonstrat.
1200 2781 1333 2834 Auri
1361 2789 1541 2834 autem
1566 2779 1794 2843 laminae,
1824 2797 1944 2850 quze

367 2873 624 2930 marmori
649 2882 745 2928 aut
769 2873 970 2928 tabulis
999 2880 1123 2926 sunt
1149 2871 1390 2942 abiegnis
1419 2871 1789 2941 superpositis,
1823 2871 1942 2940 ipsa

363 2973 445 3021 est
482 2964 708 3019 latitudo
737 2962 1007 3017 charitatis
1043 2963 1106 3016 de
1155 2961 1308 3016 corde
1344 2979 1496 3032 puro,
1548 2972 1594 3014 et
1625 2961 1941 3015 conscientia

365 3055 519 3120 bona,
549 3062 598 3108 et
625 3052 730 3122 ﬁde
762 3069 862 3106 non
893 3051 1016 3121 [icta
1041 3051 1092 3124 (1
1126 3050 1260 3105 Tim.
1290 3051 1352 3121 ι).
1397 3050 1532 3116 Quia
1574 3051 1712 3105 sicut
1747 3066 1940 3104 aurum

365 3145 486 3200 aliis
530 3143 820 3214 pretiosius
871 3151 955 3197 est
1005 3141 1256 3208 metallis,
1312 3143 1386 3196 ita
1443 3143 1681 3197 charitas
1731 3143 1942 3198 ueteris

366 3221 596 3290 eximior
616 3234 906 3289 virtutibus
923 3233 979 3287 in
1007 3233 1206 3303 templo
1237 3233 1331 3287 Dei
1353 3232 1611 3302 singulari
1636 3234 1755 3287 luce
1783 3231 1944 3287 reful-

361 3335 468 3398 get.
497 3327 572 3381 De
599 3341 707 3396 quo
737 3331 1129 3394 consequenter
1155 3323 1496 3394 subiungitur
1520 3341 1533 3376 :

435 3416 604 3470 Porro
631 3432 819 3469 aurum
852 3425 965 3469 erat
987 3414 1434 3484 probatissimum,
1473 3414 1535 3468 de
1553 3430 1703 3484 σηιελδ
1731 3413 1942 3471 laminis

362 3510 488 3564 texit
512 3509 745 3575 domum,
775 3517 823 3562 et
862 3507 1029 3562 trabes
1072 3506 1188 3576 ejus
1213 3516 1260 3560 et
1305 3516 1495 3576 postes,
1539 3516 1586 3560 et
1627 3507 1872 3576 parietes,
1893 3518 1941 3561 et

363 3599 517 3653 ostia.
541 3597 786 3653 Parietes
813 3596 996 3667 templi
1035 3595 1290 3651 Salomon
1321 3611 1456 3650 auro
1483 3596 1630 3660 texit,
1664 3611 1786 3650 cum
1832 3595 1940 3650 Rc-

363 3693 612 3761 dctnptor
635 3705 838 3746 caecum
874 3689 1042 3743 ﬁlium
1085 3688 1287 3744 lumine
1322 3688 1598 3757 sapientiae
1624 3696 1786 3757 atque
1813 3690 1943 3744 cha-

366 3784 541 3838 ritatis
567 3781 974 3845 illustravit;et
1009 3779 1210 3846 trabes,
1261 3793 1382 3834 cum
1432 3787 1647 3834 sanctos
1690 3779 1942 3834 doctores

363 3875 553 3930 eodem
600 3872 880 3944 sapientia:
926 3871 1128 3926 lumine
1172 3879 1335 3940 atque
1383 3870 1850 3941 contemplationis
1887 3878 1942 3924 et

363 3964 665 4020 dilectionis
686 3963 890 4019 honore
920 3963 1188 4034 praecipue
1207 3961 1536 4016 sublimavit.
1571 3960 1728 4016 Texit
1755 3968 1939 4030 postes

363 4067 417 4110 et
446 4055 604 4120 ostia,
638 4067 760 4108 cum
814 4052 1031 4121 adytum
1064 4053 1206 4114 ﬁdei,
1251 4051 1367 4120 ipso
1418 4051 1642 4106 Domino
1672 4051 1940 4121 pandente

362 4166 466 4219 qua
495 4147 721 4203 veritate
750 4144 1004 4208 reluccat,
1055 4143 1306 4198 omnibus
1333 4143 1385 4196 in
1412 4141 1708 4196 Ecclesium
1734 4141 1939 4195 intran-

361 4242 504 4295 tibus
553 4237 809 4294 ostendit.
865 4235 1074 4290 Ostium
1129 4249 1256 4306 ergo
1299 4233 1480 4304 templi
1533 4233 1789 4288 Dominus
1831 4242 1934 4299 est,

361 4330 482 4399 quia
530 4343 688 4384 nemo
719 4327 865 4382 venit
890 4325 956 4380 ad
983 4325 1221 4391 Patrem,
1260 4325 1360 4379 nisi
1391 4339 1487 4395 per
1532 4326 1707 4394 ipsum
1750 4323 1930 4394 (Joan.

355 4423 487 4492 τιν).
518 4419 585 4474 Et
619 4419 759 4483 sicut
787 4418 914 4472 alibi
940 4417 1112 4471 dicit:
1147 4416 1259 4486 Ego
1296 4433 1411 4470 sum
1452 4417 1674 4481 ostium;
1720 4433 1814 4486 per
1853 4433 1934 4471 me

357 4511 401 4563 si
420 4511 536 4578 quis
565 4510 843 4573 introierit,
884 4507 1194 4570 salvabitur,
1225 4515 1271 4560 et
1317 4506 1658 4575 ingredietur,
1703 4514 1750 4560 et
1779 4522 1928 4576 egre-

352 4604 548 4667 dietur,
573 4611 619 4655 et
646 4616 842 4670 pascua
870 4599 1090 4651 inveniet
1117 4595 1297 4667 (Joan.
1321 4595 1397 4664 ι).

424 4696 493 4749 Ει
517 4693 718 4748 culavit
762 4689 1026 4746 cherubim
1053 4689 1110 4741 in
1140 4686 1448 4759 parietibus.
1481 4685 1594 4741 Hoc
1639 4693 1741 4752 est,
1773 4701 1936 4756 angc-

357 4785 514 4840 licam
539 4781 1004 4838 conversationem
1025 4777 1274 4833 formavit
1295 4777 1345 4831 in
1363 4777 1639 4832 hominum
1669 4777 1930 4844 moribus,

352 4884 411 4929 ut
428 4875 567 4929 sicut
591 4873 658 4926 ab
681 4870 886 4942 angelis
909 4869 1010 4924 sibi
1051 4868 1389 4924 laudabiliter
1416 4869 1648 4923 servitur
1668 4869 1722 4923 in
1758 4869 1927 4934 cmlis,

287 4997 302 5010 ο
351 4969 423 5022 ita
454 4976 509 5020 et
541 4965 608 5020 ab
641 4962 947 5020 hominibus
971 4962 1159 5016 devote
1201 4961 1305 5034 sibi
1352 4961 1619 5014 serviatur
1665 4961 1718 5014 in
1748 4962 1924 5015 terris.

421 5056 570 5113 Fecit
595 5071 796 5128 quoque
834 5053 1046 5107 domum
1084 5053 1251 5106 sancti
1293 5061 1612 5114 sanctorum,
1645 5050 1928 5120 longitudi-

351 5167 486 5214 nem,
507 5147 666 5218 juxta
713 5143 1043 5200 latitudinem
1081 5143 1288 5208 domus,
1314 5143 1603 5195 cubitorum
1649 5142 1847 5211 viginti,
1877 5151 1927 5195 et

348 5240 676 5296 latitudinem
719 5237 959 5293 similiter
1000 5236 1178 5305 viginti
1239 5234 1524 5288 cubitorum
1555 5273 1572 5297 ,
1623 5243 1668 5284 et
1716 5232 1924 5286 laminis

349 5337 522 5389 aureis
558 5332 680 5386 texit
704 5345 838 5395 eam,
868 5329 1017 5400 quasi
1045 5329 1252 5382 talentis
1298 5329 1568 5382 sexcentis.
1619 5327 1752 5383 llinc
1792 5317 1923 5397 quo-

347 5441 450 5495 que
479 5426 531 5479 in
561 5422 767 5494 Regum
794 5421 867 5476 ita
893 5421 1150 5490 scriptum
1178 5428 1262 5474 est
1286 5438 1298 5472 :
1334 5416 1500 5470 Porro
1525 5417 1794 5471 oraculum
1832 5419 1925 5470 ha-

351 5517 494 5568 bebat
527 5513 596 5568 20
623 5513 822 5567 cubitos
853 5509 1214 5580 longitudinis,
1244 5516 1291 5560 et
1333 5507 1401 5560 ‘20
1441 5507 1638 5561 cubitos
1685 5505 1924 5559 latitudi-

352 5606 448 5667 πίε,
480 5614 524 5657 et
555 5605 624 5658 ‘20
647 5604 842 5657 cubitos
868 5599 1164 5654 altitudinis
1197 5595 1318 5666 (III
1355 5595 1478 5667 Reg.
1509 5597 1605 5666 γι).
1633 5598 1920 5655 Oraculum

2058 443 2174 479 rum
2202 428 2417 493 dicitur,
2450 430 2576 499 quia
2596 430 2680 486 vel
2719 432 2899 486 divina
2929 433 3253 502 hominibus,
3279 437 3362 491 vel
3397 453 3613 510 evange-

2048 513 2159 570 liea
2186 515 2438 571 allocutio
2465 533 2588 572 cum
2617 529 2947 575 secretorum
2987 537 3199 592 quoque
3243 527 3615 586 revelationmn

2058 605 2314 674 mysterio
2337 609 2668 662 conceditur.
2698 609 2849 664 Unde
2883 612 3021 666 bene
3045 614 3320 669 oraculum
3353 616 3407 670 in
3436 620 3613 688 adytis,

2056 693 2158 748 hoc
2188 703 2288 757 est,
2316 696 2370 749 in
2397 696 2642 751 interiori
2679 699 2836 754 domo
2882 699 3082 756 factum
3125 712 3245 770 est;
3292 708 3418 776 quia
3465 709 3516 761 in
3541 726 3617 763 su-

2055 799 2219 854 perna
2254 786 2429 854 patria
2455 794 2510 841 et
2530 788 2842 856 angelorum
2867 792 3021 846 nobis
3064 794 3202 848 visio
3243 804 3404 864 atque
3432 797 3618 851 allocu-

2056 875 2156 941 tio,
2175 886 2229 931 et
2251 876 2364 946 ipsa
2390 878 2483 933 Dei
2509 881 2790 947 praesentia
2838 883 3182 938 revelabitur.
3223 885 3374 953 Quod
3406 889 3534 943 dicit
3556 891 3620 943 ‘20

2056 967 2266 1022 cubitos
2323 968 2644 1036 altitudinis,
2695 971 2956 1040 parietem
3009 975 3275 1044 signiﬁcat
3329 979 3616 1040 cedrinum,

2055 1059 2147 1128 qui
2166 1059 2464 1124 oraculum,
2496 1061 2546 1114 id
2575 1069 2676 1127 est,
2708 1071 2892 1119 sancta
2921 1074 3231 1120 sanctorum
3252 1068 3321 1123 ab
3346 1069 3460 1123 aede
3483 1079 3618 1124 exte-

2054 1152 2196 1206 riore
2222 1153 2556 1222 segregabat.
2584 1153 2870 1210 Oraculum
2901 1171 3055 1222 vero,
3085 1159 3177 1213 ubi
3199 1171 3318 1214 erat
3350 1176 3498 1225 arca,
3528 1164 3614 1217 ha-

2052 1241 2214 1295 bebat
2233 1243 2453 1298 vicenos
2479 1245 2690 1299 cubitos
2714 1245 2769 1299 in
2813 1245 3146 1316 longitudine
3172 1257 3228 1304 et
3265 1250 3544 1306 latitudine
3568 1263 3615 1307 et

2054 1331 2356 1399 altitudine,
2388 1333 2440 1387 id
2459 1343 2568 1400 est,
2593 1351 2691 1405 per
2729 1337 3015 1406 quadrum,
3043 1342 3170 1410 quia
3199 1342 3253 1395 in
3286 1359 3516 1413 superna
3538 1345 3615 1398 illa

2053 1422 2248 1489 patria,
2269 1423 2361 1477 ubi
2379 1438 2557 1494 regem
2579 1423 2852 1480 Christum
2879 1427 2932 1480 in
2949 1430 3142 1484 decore
3163 1445 3261 1485 suo
3282 1431 3467 1486 vident
3487 1433 3615 1486 oculi

2053 1520 2386 1576 sanctorum,
2423 1514 2536 1568 sola
2581 1515 2718 1570 visio
2761 1517 3042 1574 charltatis
3069 1519 3264 1574 divina:
3289 1536 3353 1575 ac
3379 1520 3617 1576 fraternze

2052 1618 2149 1672 per
2174 1603 2356 1657 omnia
2399 1602 2584 1675 fulget.
2626 1604 2779 1671 Quod
2823 1609 3174 1677 sequentibus
3211 1625 3422 1679 quoque
3452 1613 3619 1676 verbis

1982 1670 2026 1728 Β
2054 1695 2335 1759 astruitur,
2365 1710 2488 1748 cum
2513 1696 2745 1750 dicitur:
2780 1696 2848 1750 Et
2888 1699 3098 1753 laminis
3127 1670 3301 1755 aureis
3333 1670 3614 1756 lexit-eam.

2052 1784 2205 1852 Quod
2233 1792 2316 1839 est
2339 1794 2523 1855 aperte
2563 1787 2766 1853 dicere,
2797 1789 2922 1858 quia
2950 1804 3196 1858 supernas
3239 1793 3419 1846 munia
3454 1794 3620 1848 chari-

2053 1877 2180 1931 tatis
2208 1876 2465 1948 implevit.
2505 1877 2659 1944 Quod
2709 1887 2888 1933 autem
2933 1881 3198 1945 subditur,
3225 1883 3378 1952 quasi
3421 1882 3620 1937 talentis

2049 1968 2322 2032 sexcentis,
2353 1967 2410 2021 in
2438 1967 2619 2021 talenti
2660 1969 2898 2035 nomine,
2937 1985 3045 2039 quo
3073 1969 3334 2040 perfectio
3375 1974 3619 2041 ponderis

2049 2058 2469 2122 demonstratur,
2503 2058 2672 2128 ipsius
2693 2061 2978 2116 charitatis
3005 2061 3252 2130 perfectit
3295 2061 3459 2134 (sicut
3494 2072 3545 2119 et
3569 2064 3618 2118 in

2047 2150 2323 2222 sexcentis)
2358 2151 2679 2218 insinuatur,
2722 2154 2813 2208 ubi
2847 2155 3193 2209 centenarius
3234 2170 3493 2210 numerus
3530 2163 3641 2225 per

2047 2242 2318 2296 senarium
2348 2242 2735 2311 multiplicatus
2754 2252 2984 2298 constat.

2120 2333 2226 2388 Sed
2248 2343 2294 2387 et
2322 2333 2493 2388 clavos
2521 2335 2642 2404 fecit
2669 2351 2875 2399 aureos,
2907 2337 2979 2388 ita
3017 2344 3071 2388 ut
3096 2334 3289 2404 singuli
3315 2335 3448 2389 claci
3473 2334 3621 2390 siclos

2045 2425 2432 2496 quinquagenos
2471 2426 2853 2496 appenderent;
2897 2428 3263 2497 cwnaculaque
3301 2430 3428 2482 texit
3471 2446 3616 2484 auro.

2045 2515 2514 2585 Quinquagenario
2537 2530 2771 2585 namque
2794 2532 3020 2570 numero
3060 2517 3197 2571 solet
3232 2519 3285 2571 in
3330 2518 3622 2589 Scripturis

2046 2604 2295 2659 remissio
2322 2613 2691 2675 peccatorum,
2727 2614 2780 2659 et
2827 2607 3002 2676 gratia
3061 2605 3292 2676 Spiritus
3340 2610 3534 2674 sancti,
3570 2618 3622 2664 et

2046 2695 2261 2764 requies
2285 2705 2484 2749 acterna
2537 2695 2778 2764 ﬁgurari.
2829 2695 2896 2750 Et
2925 2697 3425 2767 quinquagenorum
3469 2707 3621 2752 erant

2043 2785 2298 2839 siclorum
2335 2784 2469 2840 clavi
2505 2785 2720 2855 singuli,
2777 2786 2971 2854 quibus
3007 2787 3220 2842 iamiam
3271 2790 3391 2843 auri
3432 2789 3618 2858 allige-

2043 2876 2242 2931 bantur
2270 2877 2322 2930 in
2349 2877 2648 2946 parietibus
2681 2877 2870 2932 domus
2917 2879 3150 2943 Domini,
3196 2880 3322 2948 quia
3361 2880 3618 2934 nimirum

2045 2970 2207 3023 verba
2236 2969 2496 3034 coelestia,
2523 2969 2718 3039 quibus
2745 2969 2990 3025 inamore
3002 2969 3624 3040 bonorumoperumpro-

2046 3056 2256 3112 ﬁcimus
2303 3064 2358 3110 et
2402 3070 2806 3121 conservamur,
2857 3055 3071 3110 veniam
3116 3056 3270 3110 nobis
3305 3057 3625 3125 promittunt

2044 3155 2384 3217 peccatorum
2430 3162 2526 3216 per
2567 3147 2798 3217 gratiam
2828 3145 3064 3215 Spiritus
3116 3146 3310 3210 sancti,
3351 3155 3404 3200 et
3436 3145 3629 3198 sabba-

2047 3241 2263 3294 tismum
2292 3239 2344 3292 in
2382 3237 2562 3293 futuro
2605 3238 2926 3309 pollicentur
2958 3247 3219 3294 attentum
3267 3237 3422 3309 (Isai.
3453 3237 3626 3304 mm).

2043 3330 2111 3384 Et
2141 3331 2195 3385 hi
2227 3331 2442 3400 quidem
2479 3339 2604 3385 sunt
2645 3330 2783 3386 clavi
2809 3331 3128 3387 dilectionis.
3181 3330 3320 3386 Sunt
3348 3346 3481 3385 vero
3533 3329 3626 3382 alii

2045 3421 2179 3475 clavi
2212 3422 2444 3486 timoris,
2470 3423 2667 3491 quibus
2706 3423 3024 3492 incipientes
3057 3423 3278 3492 quique,
3307 3433 3360 3478 et
3395 3423 3630 3479 necdum
3687 3425 3690 3430 '

2044 3513 2120 3566 ad'
2144 3511 2527 3580 perfectionem
2554 3512 2852 3577 venientes,
2895 3513 3179 3568 illecebras
3224 3515 3482 3568 vitiorum
3515 3527 3634 3567 car-

2042 3601 2352 3671 naliumque
2400 3603 2731 3672 voluptatum
2791 3603 3158 3680 mortificant,
3216 3605 3320 3659 illis
3376 3603 3633 3658 videlicet

2043 3693 2382 3748 sermonibus
2431 3693 2678 3748 veritatis
2729 3683 2948 3760 conﬁxi,
2998 3710 3230 3764 quorum
3288 3691 3636 3748 institutione

2042 3802 2250 3840 carnem
2278 3795 2509 3840 nostram
2542 3787 2844 3856 cruciﬁgere
2885 3802 3005 3840 cum
3031 3785 3164 3840 vitiis
3184 3796 3232 3840 et
3259 3786 3636 3856 concupiscen-

2042 3876 2129 3930 tiis
2175 3876 2464 3932 edocemur
2513 3874 2652 3947 (Gal.
2692 3876 2766 3945 v).
2827 3875 2973 3944 Quos
3026 3875 3226 3931 habere
3281 3877 3637 3932 desiderabat

2039 3966 2329 4036 Propheta,
2355 3981 2476 4020 cum
2501 3965 2578 4019 ait
2601 3983 2614 4020 :
2644 3964 2856 4036 Conﬁge
2873 3963 3034 4019 clauis
3063 3983 3093 4018 a
3120 3966 3304 4019 timore
3323 3977 3414 4019 tuo
3443 3981 3637 4018 carnes

2041 4072 2220 4121 meas;
2251 4073 2282 4110 α
2299 4056 2518 4122 judiciis
2557 4056 2695 4109 enim
2733 4057 2836 4108 tuis
2874 4056 3022 4109 timui
3065 4055 3238 4125 (Psal.
3264 4056 3478 4126 cxvm).
3530 4054 3637 4120 Qui

2039 4162 2253 4200 rursum
2276 4147 2342 4200 ad
2372 4144 2698 4216 perfectiora
2723 4146 3042 4214 perveniens
3062 4146 3192 4200 dicit
3214 4146 3279 4200 de
3309 4145 3472 4201 clavo
3502 4145 3638 4199 dile-

2039 4235 2267 4290 ctionis:
2311 4235 2442 4288 Mihi
2485 4244 2659 4288 autem
2686 4234 2952 4288 adhaerere
2996 4235 3098 4290 Deo
3125 4235 3312 4289 bonum
3342 4247 3418 4289 est
3447 4233 3634 4306 (Psal.

2039 4323 2232 4394 usu).
2281 4322 2433 4390 Quod
2490 4331 2669 4378 autem
2733 4324 3012 4379 clunacula
3055 4340 3271 4394 quoque
3318 4333 3470 4381 tecta
3525 4326 3642 4380 sint

2041 4429 2191 4476 auro,
2227 4414 2295 4468 ad
2324 4413 2570 4468 eumdem
2623 4429 2842 4468 sensum
2893 4414 3129 4483 respicit.
3165 4413 3318 4470 Sicut
3342 4415 3501 4469 enim
3554 4415 3641 4467 in-

2041 4503 2210 4558 terior
2235 4503 2446 4570 domus,
2477 4509 2663 4557 sancta
2700 4511 3034 4569 sanctorum,
3069 4503 3160 4557 ubi
3197 4512 3313 4557 erat
3354 4518 3522 4567 arca,
3549 4504 3639 4557 in-

2042 4603 2248 4649 ternam
2273 4600 2580 4648 sanctorum
2606 4593 2772 4646 vitam
2810 4593 2863 4647 in
2899 4602 3187 4662 conspectu
3212 4594 3292 4647 sui
3319 4593 3644 4649 conditoris

2038 4698 2094 4743 et
2149 4687 2505 4757 redemptoris
2553 4686 2832 4757 signiﬁcat,
2883 4684 3036 4753 juxta
3094 4685 3222 4740 illud
3269 4685 3640 4743 Psalmistce:

2037 4779 2331 4834 Abscondes
2369 4795 2454 4833 eos
2488 4779 2542 4831 in
2583 4775 2759 4831 abdito
2805 4777 2976 4831 vultus
3021 4778 3097 4830 tui
3138 4793 3171 4829 a
3223 4777 3645 4833 conturbatione

2036 4871 2301 4925 hominum
2329 4867 2500 4941 (Psal.
2531 4867 2659 4938 xxx)
2685 4885 2700 4932 ;
2733 4868 2805 4922 ita
2835 4867 3108 4922 cenacula
3141 4867 3195 4920 in
3225 4867 3334 4922 alto
3371 4871 3645 4924 eamdem

2035 4960 2224 5022 vitam,
2255 4960 2358 5013 hoc
2385 4965 2486 5024 est,
2526 4958 2580 5011 in
2619 4957 2769 5012 cretis
2803 4971 2943 5021 esse,
2970 4966 3027 5010 et
3055 4972 3158 5010 non
3198 4957 3253 5010 in
3282 4958 3389 5013 hoc
3424 4961 3647 5014 mundo

2034 5049 2342 5119 designant,
2368 5049 2578 5102 dicente
2608 5047 2862 5117 Apostolo
2890 5065 2902 5100 :
2937 5045 3067 5111 Quae
3096 5063 3302 5101 sursum
3327 5060 3460 5103 sunt
3492 5067 3648 5121 qua:-

2034 5142 2152 5205 rite,
2181 5140 2269 5193 ubi
2295 5138 2530 5193 Christus
2575 5148 2671 5204 est,
2712 5139 2765 5191 in
2815 5138 3027 5190 dextera
3073 5136 3168 5190 Dei
3215 5137 3431 5192 sedens.
3502 5139 3648 5205 Quia

2031 5248 2237 5286 sursum
2272 5241 2391 5284 sunt
2422 5231 2606 5299 sapite,
2639 5245 2740 5282 non
2779 5245 2894 5298 qum
2924 5245 3079 5298 super
3103 5238 3294 5281 terram
3328 5228 3487 5297 (Col.
3530 5231 3643 5304 Ill).

2098 5320 2246 5375 Fecit
2284 5321 2439 5375 etiam
2487 5322 2539 5372 in
2585 5319 2738 5372 domo
2788 5319 2953 5371 sancti
3001 5327 3299 5370 sanctorum
3347 5319 3645 5373 cherubim

2027 5415 2130 5468 duo
2161 5431 2310 5483 opere
2334 5413 2610 5476 statuario,
2650 5421 2697 5465 et
2727 5411 2850 5464 texit
2886 5427 2971 5463 eos
2997 5425 3146 5462 auro.
3193 5409 3306 5464 Αιω
3347 5413 3646 5465 cherubim

2029 5506 2206 5577 uiginti
2235 5505 2420 5560 cubitis
2450 5503 2876 5564 extrudebantur,
2931 5503 3004 5555 ita
3050 5512 3104 5554 ut
3153 5519 3254 5555 una
3282 5502 3368 5555 ala
3406 5505 3644 5558 haberet

2029 5600 2222 5652 cubitos
2250 5597 2471 5666 quinque
2517 5606 2562 5645 el
2622 5603 2852 5664 tangeret
2907 5594 3153 5662 parietem
3206 5593 3421 5655 domus,
3461 5609 3512 5647 c:
3553 5596 3646 5648 (εἰη
