3870 6146
217 311 322 368 £29

1143 304 1496 362 COMMENT.
1539 303 1605 360 IN
1646 301 2202 360 PARAUPOMENA.
2242 334 2311 344 —
2350 303 2476 358 LIB.
2519 303 2603 359 Ill.

3398 311 3506 367 45η

213 431 382 480 altera
406 420 636 494 qui-tque
657 421 858 476 cubitus
886 421 1099 487 habens,
1141 423 1286 476 alam
1313 433 1545 493 tangeret
1591 422 1808 476 alterius
1837 430 1888 487 Α
1912 420 2046 485 suis,
2079 420 2350 488 diligendo
2374 433 2428 477 et
2454 423 2730 492 proximos
2767 431 3022 492 tanquam
3052 425 3280 496 seipsos.
3324 426 3504 482 Pleni-

211 513 430 569 cherub.
457 509 718 566 Similiter
739 511 942 564 cherub
965 511 1183 566 alterius
1211 512 1299 566 ala
1335 513 1562 584 quinque
1589 513 1810 566 habebat

211 605 437 668 cubitus,
460 612 510 657 et
530 603 772 673 tangebat
799 603 1067 672 parietem,
1097 614 1145 658 et
1172 603 1261 657 ala
1302 604 1419 674 ejus
1448 603 1616 657 altera
1659 603 1813 673 quin-

209 715 311 770 que
329 697 628 751 cubitorum
651 694 792 749 alam
816 694 1008 748 cherub
1029 694 1244 749 alterius
1267 696 1614 765 contingebat.
1638 694 1812 764 Igitur

212 793 314 847 alte
344 794 622 857 utriusque
646 789 838 843 cherub
865 804 1108 857 expansa'
1131 797 1280 842 erant
1317 798 1364 841 et
1403 788 1811 840 extendebantur

213 900 302 953 per
325 881 530 935 cubitos
559 880 652 944 20,
681 878 781 949 ipsi
827 889 1002 932 autem
1045 880 1253 932 stabant
1290 878 1472 932 erectis
1499 879 1735 948 pedibus,
1760 887 1808 930 et

216 973 377 1040 [acies
425 963 607 1026 eorum
648 987 810 1025 versa:
849 980 998 1024 erant
1026 970 1095 1024 ad
1133 971 1442 1024 exteriorem
1468 970 1700 1023 domum.
1737 969 1810 1024 De

213 1066 314 1120 hoc
361 1080 583 1134 quoque
622 1062 835 1134 plenius
883 1062 938 1116 in
975 1062 1113 1116 libro
1151 1061 1360 1132 Regum
1406 1069 1678 1124 narratur,
1718 1060 1809 1114 ubi

212 1159 284 1213 ita
313 1159 582 1229 scriptum
613 1153 734 1214 est':
770 1157 923 1222 Quod
953 1158 1073 1226 fecit
1099 1156 1154 1210 in
1179 1156 1394 1211 oraculo
1419 1157 1523 1210 duo
1545 1155 1810 1210 cherubim

210 1249 272 1302 de
295 1249 456 1319 lignis
494 1247 751 1301 olivarum
772 1247 947 1300 decem
973 1245 1267 1299 cubitorum
1297 1245 1610 1300 altitudinis.
1643 1245 1811 1311 Quin-

208 1356 304 1408 que
341 1338 640 1391 cubitorum
671 1335 758 1390 ala
790 1335 984 1390 cherub
1016 1353 1144 1400 una,
1166 1346 1214 1389 et
1253 1336 1479 1407 quinque
1515 1336 1809 1390 cubitorum

211 1429 295 1484 ala
336 1429 532 1483 cherub
567 1427 757 1492 altera,
790 1427 846 1480 id
893 1436 992 1492 est,
1041 1427 1217 1481 decem
1261 1428 1462 1482 cubitus
1505 1427 1751 1481 habentes
1777 1444 1810 1480 α

210 1521 512 1573 summitate
556 1516 658 1571 alte
708 1533 868 1580 usque
910 1517 979 1570 ad
1033 1515 1134 1571 alte
1167 1517 1383 1570 alterius
1433 1518 1805 1572 summitatem.

209 1609 397 1662 Decem
445 1624 650 1678 quoque
697 1609 990 1660 cubitorum
1037 1617 1150 1661 erat
1201 1609 1390 1662 cherub
1438 1611 1717 1676 secundus,
1751 1613 1810 1665 in

209 1719 458 1753 mensura
485 1701 622 1769 pari,
657 1711 704 1754 et
735 1718 865 1771 opus
897 1718 1057 1755 unum
1083 1712 1195 1756 erat
1217 1703 1271 1756 in
1290 1703 1492 1757 duobus
1520 1704 1804 1770 cherubim,

1911 511 2038 565 tudo
2065 513 2210 566 enim
2255 515 2381 582 legis
2411 513 2641 567 charitas
2681 524 2756 567 est
2807 514 2985 586 (llam.
3008 518 3154 589 xm).
3185 518 3501 576 Proximum

1909 609 2089 655 autem
2111 617 2298 656 eorum
2321 611 2376 657 et
2399 603 2500 673 ipsi
2525 604 2592 658 ad
2614 603 2842 660 invicem
2866 607 3236 679 suntangelici
3257 610 3502 679 spiritus.

1908 699 1962 744 et
1990 690 2236 746 homines
2265 692 2443 756 electi,
2472 707 2659 748 eorum
2686 710 2839 764 aaque
2866 698 3139 754 concives.
3181 699 3334 755 Unde
3361 709 3504 757 utra-

1907 795 2012 849 que
2056 780 2142 836 ala
2172 781 2376 836 cherub
2404 783 2644 852 ejusdem
2694 802 2962 843 mensura:
3017 805 3140 845 esse
3185 792 3502 861 perhibetur

1917 877 2048 945 quia
2082 877 2338 931 videlicet
2367 877 2558 930 eadem
2588 878 2706 944 ipsa
2728 878 3038 944 devotione,
3057 895 3163 947 qua
3192 894 3311 934 sese
3332 880 3501 933 alter-

1921 980 2105 1023 utrum
2134 968 2186 1020 in
2213 967 2322 1021 Deo
2345 967 2604 1037 d.ligunt,
2630 979 2870 1023 nostram
2895 985 3116 1039 quoque
3137 969 3204 1023 ad
3230 987 3287 1026 se
3308 986 3503 1025 ascen-

1919 1060 2168 1114 dentium
2195 1061 2514 1113 societateut
2539 1058 3181 1130 desiderantﬂlebrmn).
3203 1061 3406 1132 Sicque
3430 1068 3503 1116 si-
3581 1097 3585 1106 ι

1921 1155 2030 1208 mul
2049 1155 2146 1208 alae
2165 1155 2354 1208 decem
2377 1151 2591 1207 cubitus
2606 1152 3038 1220 complcnt,cum
3063 1156 3114 1208 in
3140 1157 3356 1224 gemina
3375 1158 3473 1210 cha
3498 1184 3503 1189 -

1924 1248 2105 1303 ritatis
2121 1246 2463 1301 exhibitione
2486 1245 2660 1315 angeli
2687 1244 2758 1298 de
2785 1245 3088 1300 conditoris
3105 1249 3186 1300 sui
3209 1251 3499 1315 praesentia

1909 1329 2178 1384 lietantur.
2211 1331 2405 1385 Decem
2433 1346 2646 1399 quoque
2674 1331 2979 1386 cubitorum
3021 1339 3140 1387 erat
3181 1333 3265 1387 ala
3292 1334 3498 1389 cherub

1917 1420 2158 1484 secundi,
2186 1435 2439 1475 mensura
2471 1420 2611 1488 pari,
2639 1429 2695 1474 et
2721 1436 2857 1490 opus
2880 1437 3046 1476 unum
3074 1431 3192 1476 erat
3215 1423 3268 1476 in
3294 1423 3504 1480 duobus

1910 1513 2210 1568 cherubim.
2251 1515 2367 1567 Duo
2395 1521 2553 1568 erant
2591 1512 2733 1568 facta
2783 1513 3063 1568 cherubim
3109 1524 3330 1585 propter
3375 1531 3505 1572 con-

1910 1604 2137 1658 sortium
2168 1602 2432 1670 ejusdem,
2465 1604 2530 1658 de
2555 1619 2663 1673 quo
2707 1604 2998 1674 loquimur,
3025 1605 3313 1660 cbaritatis
3340 1608 3503 1678 signi-

1910 1690 2203 1757 ﬁcandum,
2230 1693 2358 1762 quia
2385 1693 2565 1748 minus
2584 1709 2745 1762 quam
2774 1695 2908 1750 inter
2940 1696 3072 1750 duos
3098 1697 3335 1752 Charitas
3358 1707 3505 1754 stare

210 1795 263 1847 id
295 1803 392 1856 est,
435 1791 771 1845 altitudinem
800 1791 1020 1846 habebat
1052 1809 1186 1848 unus
1215 1794 1404 1848 cherub
1455 1795 1629 1849 decem
1653 1797 1802 1850 cubi-

1913 1801 2014 1840 non
2043 1794 2238 1856 potest.
2273 1786 2424 1842 Unde
2443 1793 2498 1841 et
2528 1785 2778 1842 Salvator
2819 1787 2976 1842 binos
3000 1788 3067 1842 ad
3096 1790 3499 1858 praedicandum

209 1893 402 1945 torum,
434 1891 483 1933 et
527 1879 773 1933 siuti/iter
798 1881 989 1934 cherub
1033 1881 1314 1936 secundus.
1356 1881 1646 1954 Posuitque
1686 1885 1808 1938 che-

209 1973 379 2025 rubim
407 1972 465 2024 in
509 1971 682 2024 medio
709 1970 885 2040 templi
915 1972 1196 2026 interioris.
1245 1971 1607 2028 Extendebant
1635 1985 1810 2028 autent

209 2060 321 2113 alas
356 2077 489 2114 suas
515 2059 805 2123 cherubim,
834 2068 882 2112 et
923 2060 1167 2131 tangebat
1211 2060 1300 2114 ala
1332 2079 1436 2116 una
1461 2065 1732 2133 parietem,
1761 2074 1809 2120 et

208 2152 292 2204 ala
322 2153 518 2206 cherub
567 2153 784 2205 secundi
833 2153 1073 2222 tangebat
1111 2154 1363 2222 parietem
1393 2154 1658 2220 alterum;
1708 2155 1810 2211 ala:

209 2255 379 2297 autent
406 2243 594 2296 altene
617 2244 673 2296 in
703 2243 876 2295 media
903 2253 1051 2312 parte
1071 2243 1246 2313 templi
1274 2260 1329 2297 se
1354 2245 1570 2298 invicem
1607 2246 1811 2316 contiu-

210 2334 413 2403 gebant.
467 2333 619 2387 Texit
655 2349 859 2403 quoque
893 2332 1159 2387 cherubim
1213 2350 1345 2388 auro
1387 2333 1508 2406 (111
1551 2336 1678 2407 Reg.
1708 2340 1804 2408 vt).

210 2424 537 2488 CberuLim,
589 2424 731 2477 sicut
788 2422 1037 2477 Ezechiel
1075 2433 1260 2492 aperte
1312 2425 1552 2480 declarat
1590 2427 1805 2498 (Ezech.

211 2516 264 2583 ι)
294 2515 559 2584 angelica:
606 2514 886 2584 dignitatis
941 2516 1263 2571 vocabulum
1317 2526 1420 2584 est,
1476 2535 1810 2590 numeroque

211 2605 476 2674 singulari
507 2605 700 2659 cherub
724 2604 940 2670 dicitur,
970 2606 1162 2676 plurali
1185 2607 1471 2663 cherubim.
1505 2609 1656 2665 Unde
1684 2619 1810 2680 apte

213 2697 262 2750 in
291 2697 482 2768 ﬁguris
509 2696 819 2764 cherubim,
841 2712 960 2767 qua:
987 2708 1146 2754 erant
1174 2701 1226 2754 in
1253 2701 1474 2758 oraculo
1503 2702 1675 2770 facte,
1706 2720 1807 2760 an-

211 2789 374 2859 gelica
402 2790 732 2855 ministeria,
767 2805 887 2860 qua:
912 2793 1178 2848 conditori
1209 2809 1308 2849 suo
1334 2795 1389 2849 in
1416 2794 1568 2851 caelis
1594 2811 1809 2867 semper

212 2881 494 2946 assistunt,
527 2889 753 2950 possunt
781 2881 1022 2952 intelligi.
1081 2882 1183 2950 Qui
1236 2893 1387 2940 recte
1415 2885 1481 2940 de
1513 2885 1675 2958 lignis
1706 2888 1808 2942 oli-

1910 1879 2202 1948 discipulos
2250 1880 2467 1936 mittere
2516 1880 2727 1935 curavit
2776 1880 3092 1952 (Marc.vi;
3148 1882 3277 1936 Luc.
3307 1883 3386 1953 χ),
3440 1893 3500 1938 ut

1911 1970 2077 2027 tacite
2106 1971 2325 2025 doceret
2350 1971 2431 2026 eis
2459 1971 2550 2040 qui
2581 1971 2960 2041 verbumﬁdei
3001 1973 3364 2042 przedicarent
3389 1975 3499 2027 vir-

1910 2068 2082 2115 tutem
2113 2060 2418 2116 dilectionis
2449 2069 2574 2116 ante
2597 2062 2780 2116 omnia
2806 2074 2927 2117 esse
2959 2063 3268 2118 tenendam.
3307 2064 3500 2120 Unius-

1909 2169 2015 2222 que
2041 2166 2311 2208 mensurae
2359 2161 2416 2207 et
2443 2153 2625 2222 operis
2677 2160 2833 2208 erant
2875 2154 2981 2208 duo
3016 2153 3321 2220 cherubim,
3377 2155 3504 2225 quia

1909 2244 2241 2313 disparilitas
2265 2244 2602 2300 voluntatum
2629 2245 2744 2301 sive
2777 2246 3158 2316 cogitationum
3189 2246 3243 2300 in
3271 2263 3502 2316 superna

1908 2336 2083 2405 patria
2109 2336 2252 2390 nulla
2280 2345 2383 2403 est,
2410 2337 2501 2391 ubi
2539 2353 2731 2393 omnes
2759 2354 2866 2392 una
2909 2339 3208 2408 eademque
3237 2340 3330 2394 Dei
3358 2355 3502 2410 pra:-

1909 2425 2078 2480 sentis
2101 2425 2307 2481 visione
2335 2435 2390 2481 et
2427 2426 2599 2498 gloria
2630 2426 2994 2482 illuStrantur.
3043 2427 3337 2499 Posuitquc
3374 2432 3503 2485 che-

1909 2517 2086 2572 rubim
2116 2517 2171 2570 in
2204 2518 2381 2572 medio
2419 2518 2604 2588 templi
2651 2519 2948 2574 interioris.
2989 2519 3365 2576 Extendebant
3408 2539 3504 2578 au-

1916 2617 2025 2660 tem
2052 2607 2171 2661 alas
2193 2622 2320 2661 suas
2359 2607 2663 2673 cherubim,
2689 2615 2744 2663 et
2783 2609 3038 2680 tangebat
3079 2608 3164 2662 ala
3192 2625 3299 2664 una
3327 2612 3506 2680 parie-

1912 2704 2046 2762 tem,
2075 2705 2130 2752 et
2157 2697 2243 2752 ala
2281 2699 2488 2753 cherub
2533 2698 2756 2754 secundi
2798 2700 3052 2770 tangebat
3082 2700 3347 2770 parietem
3374 2700 3507 2755 alte-

1911 2802 2050 2842 rum.
2095 2787 2208 2842 Ala:
2248 2798 2427 2843 autem
2463 2788 2648 2844 altera:
2695 2790 2750 2844 in
2794 2791 2973 2846 medio
2999 2792 3206 2860 pariete
3235 2793 3420 2864 templi
3446 2811 3504 2849 se

1910 2878 2140 2936 invicem
2167 2880 2573 2951 contingebant.
2627 2879 2968 2936 Manifestum
3017 2891 3104 2937 est
3149 2899 3217 2938 ex
3270 2884 3356 2940 bis
3383 2901 3506 2956 qua:

213 2988 401 3027 varum
434 2972 566 3027 facti
598 2988 718 3028 esse
746 2974 1120 3043 perhibentur,
1148 2977 1274 3045 quia
1303 2977 1558 3032 nimirum
1581 2979 1808 3036 virtutes
1906 2973 2164 3041 Ρΐτεάἱειίι
2189 2982 2337 3039 sum.
2389 2989 2558 3044 quare
2588 2974 2869 3031 Chembim
2897 2977 2951 3031 in
2983 2978 3160 3034 ιηεάίο
3207 2981 3390 3052 lempli
3417 2983 3502 3036 ill-

212 3065 468 3135 angelica:
497 3065 671 3135 gratia
701 3063 936 3134 Spiritus
961 3066 1153 3130 sancti,
1173 3082 1243 3122 ne
1275 3083 1509 3137 unquam
1537 3068 1604 3124 ah
1619 3084 1805 3124 amore

1910 3065 2126 3121 terioris
2154 3066 2265 3121 sint
2289 3067 2475 3137 positi,
2522 3083 2755 3138 quorum
2782 3069 3048 3126 habitatio
3091 3087 3308 3143 semper
3331 3083 3416 3131 est
3448 3077 3500 3131 in

213 3158 303 3212 Dei
331 3168 611 3223 arescant,
652 3167 828 3212 uncta:
858 3166 1003 3213 sunt.
1048 3159 1247 3214 Decem
1289 3136 1472 3216 autem
1497 3171 1624 3216 sunt
1650 3163 1802 3218 eubi-
1832 3136 1876 3197 (ἶ
1909 3157 2081 3212 caelis.
2113 3136 2492 3216 Extendehant
2520 3136 2702 3216 autem
2731 3161 2846 3217 alas
2888 3163 3192 3229 cherubim,
3224 3167 3380 3235 quasi
3433 3169 3502 3222 ad

218 3257 387 3302 torum
420 3248 746 3314 altitudinis,
777 3249 901 3318 quia
948 3249 1171 3305 denario
1205 3251 1331 3306 vitae
1377 3259 1594 3308 mternte
1623 3253 1810 3309 fruun-

216 3347 318 3400 uir,
350 3338 621 3392 habentes
648 3337 960 3393 inviolatam
989 3339 1046 3393 in
1075 3355 1134 3394 se
1161 3341 1244 3395 sui
1289 3343 1584 3398 conditoris
1614 3345 1808 3417 imagi-

216 3443 356 3491 nem,
387 3435 607 3482 servata
636 3437 896 3498 perpetuo
926 3431 1238 3497 sanctitate,
1261 3441 1316 3486 et
1339 3429 1568 3501 justitia,
1594 3445 1649 3490 et
1671 3438 1812 3492 veri-

219 3525 341 3581 tate,
370 3531 538 3586 quam
584 3517 758 3586 prima
793 3519 1101 3575 conditione
1127 3531 1507 3591 perceperunt.
1542 3525 1812 3582 Denarius

219 3620 450 3676 namque
475 3607 660 3662 decem
685 3607 858 3662 obolis
903 3618 1136 3676 constat,
1167 3619 1222 3665 et
1251 3613 1528 3670 continere
1556 3616 1609 3670 in
1638 3631 1697 3671 se
1721 3633 1813 3672 no-

219 3713 333 3753 men
366 3698 514 3770 regis
569 3707 623 3753 et
677 3699 967 3772 imaginem
1021 3703 1322 3758 consuevit.
1376 3703 1714 3778 Quapropter
1757 3717 1815 3764 et

219 3790 398 3862 ﬁgura:
433 3791 586 3863 regni
615 3791 856 3848 cwlestis
897 3794 1174 3864 aptissime
1211 3799 1481 3866 congruit,
1524 3801 1613 3856 ubi
1643 3809 1697 3856 et
1717 3817 1815 3856 an-

219 3884 313 3952 geli
340 3885 517 3940 sancti
561 3885 614 3938 in
655 3885 888 3956 imagine
925 3889 1009 3942 sui
1037 3889 1354 3958 conditoris,
1386 3893 1452 3947 ad
1482 3909 1644 3963 quam
1687 3895 1813 3956 facti

221 3985 364 4041 sunt,
393 3978 615 4046 Semper
660 3985 904 4044 manent,
940 3988 995 4035 et
1039 3981 1196 4037 electi
1245 3984 1491 4040 homines
1521 3987 1812 4058 imaginem

225 4066 355 4135 ejus,
389 4083 557 4137 quam
587 4069 865 4138 peccando
891 4070 1208 4138 amiserant,
1254 4073 1537 4144 recipiunt.
1569 4075 1815 4148 Quinque

230 4156 527 4212 cubitorum
557 4158 640 4212 ala
667 4160 870 4214 cherub
899 4176 1028 4226 una,
1056 4169 1113 4217 et
1137 4163 1374 4233 quinque
1402 4165 1703 4220 cubitorum
1727 4169 1814 4222 ala

229 4248 422 4303 cherub
453 4249 648 4314 altera,
700 4251 753 4305 id
809 4260 908 4316 est,
972 4253 1156 4308 decem
1207 4255 1418 4310 cubitus
1465 4256 1724 4313 habentes
1761 4259 1813 4314 in

230 4343 534 4397 summitate
577 4342 675 4396 ala:
713 4359 885 4414 usque
915 4343 983 4398 ad
1027 4344 1125 4399 alae
1166 4345 1387 4402 alterius
1427 4349 1810 4404 summitatem.

231 4432 332 4488 Alte
367 4450 490 4489 cum
523 4434 577 4488 in
626 4445 936 4489 sanctorum
981 4437 1259 4492 hominum
1309 4438 1479 4510 ﬁgura
1519 4450 1808 4510 ponuntur,

232 4524 450 4580 virtutes
478 4523 788 4595 signiﬁcant
815 4541 1004 4580 eorum
1034 4527 1231 4596 quibus
1267 4529 1336 4584 ad
1379 4529 1622 4586 coelestia
1670 4547 1812 4586 sem-

233 4627 320 4682 per
343 4617 522 4672 volare
547 4627 710 4687 atque
761 4618 814 4672 in
865 4618 950 4672 his
988 4622 1448 4677 conversationem
1497 4622 1809 4694 angelorum

235 4717 496 4775 ponuntur
521 4707 640 4774 alie,
673 4705 815 4780 quid
831 4710 1071 4778 apertius
1109 4727 1271 4780 quam
1321 4715 1548 4783 gratiam
1594 4717 1812 4770 demon-

209 4805 696 4869 strantperpetme
721 4808 777 4853 et
803 4800 1139 4856 indefectiva:
1167 4801 1439 4859 felicitatis
1488 4820 1675 4860 eorum
1718 4807 1812 4876 qui

237 4902 436 4956 semper
457 4890 510 4942 in
542 4890 853 4945 cmlcstibus
883 4891 936 4945 in
962 4892 1262 4948 ministerio
1289 4893 1369 4948 sui
1400 4896 1697 4964 pcrsistunt
1725 4913 1815 4951 au-

236 4979 431 5032 ctoris?
463 4977 558 5032 γει
583 4988 749 5043 certe,
778 4980 903 5048 quia
929 4979 1144 5035 levitate
1171 4983 1427 5051 spiritalis
1454 4993 1659 5040 natura:
1688 4997 1815 5042 sunt

237 5069 459 5136 praediti,
513 5071 589 5124 ita
635 5079 694 5124 ut
744 5072 1050 5142 ubicunque
1096 5074 1382 5139 voluerint,
1424 5077 1606 5130 statim
1657 5079 1815 5147 quasi

239 5161 459 5217 volando
509 5165 879 5232 prmveniant;
934 5174 987 5219 et
1022 5166 1109 5220 hic
1164 5182 1288 5220 cum
1335 5168 1435 5222 alis
1492 5168 1730 5240 ﬁgurati,
1763 5180 1816 5225 et

238 5253 502 5319 prophetis
551 5269 674 5307 cum
719 5252 819 5307 alis
861 5256 1085 5309 ostensi.
1147 5255 1292 5310 Bene
1345 5267 1522 5312 autem
1574 5259 1812 5325 dicitur,

235 5343 371 5408 quod
399 5345 636 5414 quinque
679 5345 983 5399 cubitorum
1029 5348 1113 5402 ala
1167 5349 1373 5404 cherub
1410 5366 1534 5416 una,
1563 5361 1616 5407 et
1651 5353 1813 5423 quin-

235 5447 337 5498 que
370 5435 672 5489 cubitorum
724 5435 807 5488 ala
855 5437 1057 5492 cherub
1115 5439 1307 5503 altera,
1360 5443 1612 5509 quoniam
1644 5443 1816 5496 virtu-

239 5532 317 5576 tes
340 5527 590 5596 angelicae
643 5527 814 5598 legem
871 5528 986 5591 Dei,
1021 5545 1140 5599 qua:
1187 5531 1238 5584 in
1277 5533 1512 5602 quinque
1542 5533 1692 5589 libris
1725 5537 1813 5590 de-

234 5616 429 5684 scripta
468 5627 570 5679 est,
596 5616 861 5672 indefessa
885 5618 1170 5675 devotione
1193 5621 1521 5686 custodiunt,
1545 5623 1816 5693 diligendo

241 5705 476 5762 videlicet
507 5707 788 5761 Dominum
829 5707 996 5763 Deum
1039 5726 1192 5766 suum
1223 5726 1289 5768 ex
1323 5713 1574 5768 omnibus
1610 5714 1812 5767 viribus

1909 3248 2202 3303 velandum
2230 3292 2244 3316 ,
2303 3251 2431 3320 quia
2487 3252 2723 3322 spiritus
2758 3254 2986 3323 angelici
3039 3270 3256 3326 semper
3303 3257 3506 3316 habent

1911 3339 2154 3393 animum
2197 3340 2266 3395 ad
2307 3342 2629 3412 obsequium
2659 3343 2854 3399 divinae
2903 3345 3198 3402 voluntatis
3232 3359 3500 3420 paratum.

1911 3428 2063 3496 Quod
2093 3446 2223 3485 vero
2260 3431 2346 3486 ala
2387 3447 2491 3486 una
2522 3433 2778 3504 tangebat
2815 3435 3076 3504 parietem
3104 3445 3159 3492 et
3184 3437 3270 3494 ala
3297 3441 3505 3496 cherub

1910 3523 2131 3577 secundi
2165 3523 2392 3579 alterum
2416 3527 2701 3595 parietem,
2732 3529 2803 3582 ad
2838 3528 2984 3584 illam
3011 3531 3299 3590 cbaritatis
3325 3534 3499 3590 admi-

1914 3612 2317 3680 nistrationem,
2340 3630 2503 3684 quam
2527 3617 2685 3673 nobis
2700 3613 2964 3674 exhibent
2985 3621 3180 3689 angeli,
3206 3624 3500 3692 pertinent.

1913 3701 2066 3769 Quod
2093 3704 2192 3759 ala:
2219 3705 2405 3761 altera:
2453 3706 2509 3760 in
2541 3707 2720 3762 medio
2749 3723 2810 3764 se
2835 3710 3067 3765 invicem
3096 3703 3502 3784 contingebant,

1913 3810 2036 3849 eam
2059 3785 2362 3852 dilectionis
2385 3799 2636 3868 gratiam,
2673 3815 2782 3869 qua
2821 3817 2882 3856 se
2908 3801 3228 3857 alterutrum
3263 3807 3496 3877 comple.

1915 3893 2152 3949 ctuntur,
2183 3887 2456 3955 exprimit.
2496 3889 2641 3944 Bene
2664 3899 2847 3944 autem
2878 3893 3161 3960 sequitur:
3196 3893 3344 3950 Teatit
3373 3915 3506 3969 quo-

1913 3989 2012 4042 que
2031 3973 2296 4027 cherubim
2323 3992 2474 4041 auro,
2503 3978 2629 4046 quia
2663 3986 2720 4032 et
2745 3989 2991 4034 naturam
3019 3997 3210 4038 eorum
3243 3985 3505 4044 Conditor

1916 4062 2208 4118 immortali
2226 4065 2494 4120 charitate
2521 4065 2848 4133 sublimavit,
2877 4078 2934 4123 et
2960 4081 3196 4127 mentem
3224 4090 3349 4132 vera
3377 4079 3501 4134 dile-

1915 4159 2108 4213 ctionis
2143 4170 2306 4230 atque
2360 4161 2678 4218 humilitatis
2734 4163 2855 4219 luce
2900 4152 3145 4235 replevit.
3195 4167 3497 4226 Notandum

1915 4263 2068 4314 sane,
2098 4251 2240 4319 quod
2263 4250 2494 4320 Moyses,
2523 4253 2650 4307 dum
2693 4255 3095 4311 tabernaculum
3127 4257 3342 4326 faceret,
3376 4260 3502 4317 ferit

1914 4349 1972 4394 et
1989 4339 2124 4394 duos
2171 4341 2452 4396 cherubim
2493 4359 2708 4409 aureos,
2757 4361 2894 4415 quos
2921 4348 3101 4417 posuit
3143 4349 3198 4403 in
3237 4352 3498 4420 propitia-

1916 4435 2074 4497 torio,
2105 4434 2246 4501 quod
2275 4442 2396 4488 erat
2423 4450 2586 4505 super
2606 4453 2787 4491 arcam
2838 4439 3034 4510 (Exod.
3071 4441 3300 4514 xxxvii).
3351 4442 3503 4498 Salo-

1915 4538 2043 4576 mon
2067 4532 2248 4577 autem
2276 4525 2484 4579 addidit
2509 4526 2644 4581 alios
2682 4527 2819 4583 duos
2865 4529 3036 4585 multo
3062 4531 3316 4602 majores,
3367 4551 3502 4604 quos

1917 4615 1971 4668 in
2003 4614 2203 4683 templo
2227 4624 2473 4685 poneret,
2505 4618 2606 4672 sub
2645 4633 2876 4688 quorum
2899 4620 2999 4676 alis
3027 4636 3211 4677 arcam
3242 4626 3295 4678 in
3323 4627 3502 4682 medio

1915 4720 2143 4779 poneret
2194 4726 2316 4764 cum
2363 4712 2738 4782 propitiatorio
2782 4724 2837 4770 et
2883 4717 3162 4773 cherubim
3207 4721 3496 4789 prioribus.

1919 4798 2116 4870 Sicque
2164 4798 2362 4854 factum
2393 4809 2478 4856 est
2505 4810 2562 4856 ut
2603 4803 2658 4857 in
2689 4805 3034 4861 tabernaculo
3063 4809 3277 4876 quidem
3321 4822 3504 4866 essent

1918 4893 2196 4947 cherubim
2226 4894 2351 4955 duo,
2384 4895 2437 4948 in
2469 4896 2670 4966 templo
2706 4909 2884 4954 autem
2930 4909 3179 4970 quatuor.
3210 4902 3291 4958 Ad
3337 4921 3499 4960 unam

1919 4999 2050 5038 vero
2080 4983 2430 5054 eamdemque
2460 4988 2906 5058 signiﬁcationem
2953 4995 3166 5063 utrique
3211 4997 3497 5065 pertinent.

1921 5072 2028 5128 Sed
2057 5076 2342 5144 repetitum
2375 5087 2458 5132 est
2485 5092 2620 5148 opus
2655 5091 2816 5150 atque
2850 5085 3128 5152 augustius
3163 5086 3363 5142 factum
3407 5106 3505 5160 per

1919 5165 2285 5231 Salomoncm,
2328 5176 2388 5222 ut
2415 5170 2590 5239 typice
2615 5171 2900 5226 doceretur
2941 5176 3106 5243 quod,
3152 5179 3501 5248 multiplicata

1919 5265 2043 5326 post
2094 5258 2524 5313 incarnationem
2595 5259 2926 5317 Dominicam
2997 5266 3238 5321 Ecclesia
3273 5308 3288 5331 ,
3343 5269 3502 5322 latius

1917 5357 2060 5402 esset
2087 5349 2337 5417 gentibus
2359 5349 2660 5405 sublimitas
2683 5353 2802 5407 coeli
2842 5355 3038 5409 civium
3079 5357 3375 5424 pandenda,
3409 5360 3497 5425 qui

1918 5438 2000 5491 sic
2025 5437 2372 5493 Conditorem
2403 5441 2468 5496 de
2493 5441 2690 5498 collato
2737 5444 2839 5499 sibi
2890 5462 3112 5502 munere
3154 5447 3500 5504 beatitudinis

1917 5535 2245 5600 collaudant,
2277 5543 2335 5590 ut
2360 5534 2428 5591 de
2470 5546 2653 5592 nostra
2693 5555 2906 5609 quoque
2944 5542 3218 5610 ereptione
3243 5549 3407 5608 atque
3432 5543 3499 5594 ad

1917 5629 2163 5682 eamdem
2215 5628 2601 5684 beatitudinem
2659 5631 3054 5686 introductione
3101 5631 3494 5700 congaudeant.

1919 5717 2231 5773 Extendunt
2289 5719 2433 5774 enim
2506 5720 2619 5774 alas
2683 5720 2981 5776 adinvicem
3046 5737 3207 5791 super
3261 5737 3444 5776 arcam
3480 5761 3496 5785 ,
