3870 6146
303 301 400 358 431

950 290 1014 347 Β.
1056 288 1309 347 RABANI
1348 289 1567 347 MAURI
1608 287 1933 345 ARCHIEP.
1976 286 2286 345 MOGUNT.
2326 288 2611 346 OPERU)!
2650 287 2829 344 PARS
2868 289 2909 343 l.

3469 291 3585 349 452

302 433 426 476 cum
452 417 520 496 aii
555 413 780 469 laudem
834 410 1047 467 Domini
1101 408 1402 465 Salvatoris
1456 408 1701 465 referunt
1729 410 1894 464 bene-
1921 410 1972 468 A
1997 422 2126 479 ergo
2149 408 2429 464 cherubim
2480 410 2766 465 interiores
2808 424 2970 480 super
3012 424 3195 464 arcam
3245 425 3306 466 se
3346 411 3585 468 Invicem

305 513 485 569 ﬁcium
546 510 671 565 vitae
736 513 1094 579 perceptum;
1159 502 1460 569 extendunt
1514 501 1714 557 alteras
1778 500 1893 556 alas

303 606 372 661 ad
413 603 650 676 parietes
702 598 938 658 oraculi,
989 610 1111 651 cum
1162 600 1380 650 sanctos
1425 595 1589 650 etiam
1641 594 1888 649 homines

301 711 484 753 secum
510 693 694 749 videre
718 689 985 749 laetantur,
1016 700 1220 757 eosque
1251 685 1397 741 velut
1423 685 1629 740 alarum
1661 684 1889 739 summi-

304 787 504 844 tatibus
552 788 809 851 tangunt,
867 793 1005 850 quos
1054 786 1335 833 consortes
1381 784 1543 846 atque
1586 775 1890 830 imitatores

304 880 465 945 fuisse
494 877 547 929 in
587 876 688 929 hac
718 873 827 927 vita
857 886 967 926 sum
988 870 1242 940 puritatis
1268 869 1562 924 exsultant.
1613 868 1758 922 Duos
1795 882 1893 920 au-

303 977 406 1022 tem
447 979 600 1034 aeque
635 963 870 1032 parietes
911 959 1012 1013 aiis
1048 959 1160 1013 suis
1203 964 1431 1028 tangunt
1469 975 1485 1011 :
1526 956 1671 1027 quod
1707 954 1891 1010 ﬁdeles

302 1057 579 1126 utriusque
604 1052 784 1124 populi
812 1092 828 1118 ,
859 1050 1027 1105 Judaei
1051 1059 1106 1104 et
1134 1049 1393 1120 gentiles,
1422 1061 1775 1119 possessores
1798 1062 1888 1103 se-

299 1164 420 1206 cum
446 1148 654 1203 habent
678 1144 814 1200 aula:
840 1141 1077 1213 caelestis
1106 1159 1120 1195 :
1150 1156 1258 1195 non
1308 1140 1451 1211 quod
1491 1142 1547 1195 in
1592 1138 1678 1193 illa
1712 1139 1890 1208 patria

297 1241 571 1299 distinctio
620 1239 691 1295 sit
732 1236 918 1292 locaiis
956 1235 1097 1289 inter
1136 1242 1428 1304 utrumque
1468 1232 1745 1303 populum,
1794 1231 1889 1287 sed

298 1336 427 1407 quia
482 1331 656 1401 major
704 1330 799 1384 ﬁat
843 1327 1111 1384 festivitas
1157 1326 1383 1381 interna:
1423 1325 1777 1381 beatitudinis
1824 1324 1893 1379 de

297 1424 571 1491 consortio
609 1424 861 1478 adunata:
896 1420 949 1474 in
994 1420 1106 1475 Deo
1141 1417 1521 1472 fraternitatis.
1576 1415 1890 1470 Extendunt

296 1531 428 1588 ergo
454 1513 735 1572 cherubim
771 1511 851 1566 ad'
886 1519 1178 1579 utrumque
1218 1508 1481 1579 parietem
1533 1507 1736 1563 oraculi
1774 1506 1890 1561 alas

294 1620 443 1668 suas,
472 1604 598 1674 quia
624 1603 869 1657 laetantes
889 1601 943 1654 in
973 1598 1181 1654 eteiesti
1211 1597 1381 1669 patria
1400 1596 1577 1665 justos
1608 1597 1890 1666 utriusque

297 1694 478 1766 populi
506 1694 711 1749 visione
730 1703 943 1762 quoque
964 1705 1075 1745 sua:
1089 1688 1271 1761 gloriae
1299 1688 1366 1741 ad
1393 1687 1603 1742 laudem
1626 1686 1711 1740 sui
1736 1701 1888 1740 crea-

1990 503 2394 574 contingebant,
2427 504 2549 572 quia
2571 503 2917 558 Testamenta
2942 503 3058 573 pari
3091 504 3158 557 de
3187 502 3417 559 Domino
3439 515 3589 564 atto-

1991 595 2229 650 statione
2276 594 2640 649 consentiunt.
2704 593 2835 649 Item
2894 594 2996 649 alis
3056 594 3419 657 exterioribus
3481 594 3590 651 isto

1990 702 2157 741 unum
2184 686 2467 756 parietem,
2491 685 2578 739 illc
2615 684 2842 739 alterum
2878 684 3286 755 contingebant,
3313 685 3442 755 quia
3477 685 3591 741 Ve-

1992 790 2078 835 tus
2123 779 2528 835 Testamentum
2572 777 2791 847 proprie
2848 786 2933 832 est
2975 777 3197 846 antiquo
3249 776 3343 831 Dei
3385 777 3591 848 pepulo

1991 875 2275 942 scriptum,
2308 871 2522 925 Novum
2559 885 2689 924 vero
2731 868 2909 934 nobis,
2953 870 3045 939 qui
3084 877 3208 939 post
3250 868 3592 925 incarnatio—

1991 980 2114 1019 nem
2154 964 2491 1019 Dominicam
2523 963 2591 1018 ad
2629 963 2788 1018 fidem
2822 963 3094 1018 venimus.
3137 960 3202 1016 Et
3229 962 3469 1017 secundo
3497 978 3595 1033 pa-

1991 1057 2114 1112 rieti
2140 1097 2156 1122 ,
2210 1058 2314 1111 hoc
2370 1064 2488 1120 est,
2535 1052 2943 1126 septentrionali
2986 1064 3135 1111 recte
3182 1058 3588 1126 comparamur,

1991 1148 2187 1219 quibus
2205 1158 2328 1219 post
2355 1147 2555 1219 frigora
2586 1163 2650 1202 ac
2674 1148 2926 1202 tenebras
2948 1147 3264 1202 idololatriae
3289 1146 3464 1202 lucem
3488 1160 3590 1202 ve-

1993 1240 2170 1295 ritatis
2211 1254 2538 1311 cognoscere
2576 1239 2760 1295 datum
2795 1246 2898 1293 est.
2957 1238 3159 1293 Versas
3189 1237 3390 1292 habent
3418 1235 3595 1292 facies

1991 1332 2271 1387 cherubim
2294 1330 2360 1386 ad
2387 1331 2717 1387 exteriorem
2745 1331 2985 1394 domum,
3022 1328 3151 1398 quia
3180 1327 3352 1382 nostri
3381 1327 3587 1399 gratia,

1992 1423 2083 1493 qui
2114 1424 2289 1478 adhuc
2315 1422 2447 1478 foris
2473 1431 2703 1481 stamus.
2732 1435 2909 1490 neque
2944 1434 3003 1474 re
3044 1420 3180 1490 ipsa,
3216 1417 3312 1474 sed
3335 1435 3425 1488 spe
3455 1417 3593 1472 salvi

1992 1514 2121 1584 facti
2159 1531 2341 1568 sumus
2391 1513 2564 1586 (Rom.
2609 1513 2761 1586 Vlll);
2809 1513 2976 1566 divini
3026 1520 3154 1567 sunt
3192 1511 3314 1565 libri
3359 1509 3589 1574 conditi,

1993 1606 2118 1675 quia
2153 1606 2449 1674 scriptorcs
2474 1620 2660 1659 eorum
2694 1604 2806 1673 jam
2855 1604 3145 1674 regnantes
3186 1619 3309 1659 cum
3356 1604 3593 1659 Domino

1993 1695 2251 1765 illumque
2290 1695 2660 1750 collaudantes
2706 1695 2759 1749 in
2810 1694 2983 1760 cmlis,
3028 1709 3214 1749 curam
3259 1703 3462 1748 nostra:
3491 1709 3591 1765 ge-

298 1764 431 1842 ιοίίε
463 1785 739 1850 enim“;
766 1798 866 1839 nec
890 1782 1064 1838 50'0"!
1091 1783 1159 1835 de
1179 1780 1413 1842 “10mm,
1437 1793 1573 1849 quos
1593 1792 1775 1833 Secum
1803 1778 1885 1833 iﬂ-
1920 1764 1966 1823 Β
1996 1796 2123 1843 runt
2149 1764 2360 1853 salutis,
2393 1803 2601 1859 proque
2627 1788 2828 1843 nostris
2854 1787 3125 1843 erratibus
3159 1787 3297 1857 apud
3328 1785 3447 1855 ejus
3474 1764 3594 1856 pie-

296 1885 385 1931 tus
429 1876 665 1940 habent,
710 1874 987 1929 hominum
1028 1871 1298 1942 justorum
1337 1868 1598 1925 felicitate
1640 1869 1891 1924 ltetantur

296 1967 516 2040 agmina
544 1964 813 2032 cmlestia,
832 1979 1021 2021 verum
1042 1964 1207 2019 etiam
1242 1962 1434 2028 nostri,
1462 1963 1556 2034 qui
1596 1962 1687 2017 hie
1714 1961 1890 2017 adhuc

294 2058 459 2130 positi
486 2058 553 2114 de
584 2056 864 2129 profundis
893 2056 961 2111 ad
1002 2055 1289 2110 Dominum
1322 2053 1652 2120 clamamus,
1700 2067 1889 2108 curam

295 2157 494 2222 gerunt
521 2148 785 2204 sedulam.
804 2146 986 2203 ~Unde
1027 2146 1164 2201 bene
1193 2145 1261 2199 de
1292 2144 1498 2200 eisdem
1528 2144 1812 2199 cherubim
1834 2144 1889 2198 in

295 2242 417 2297 libri
448 2241 732 2312 praesentis
757 2238 982 2295 historia
1006 2238 1268 2308 scriptum
1302 2255 1315 2290 :
1347 2236 1461 2307 Ipsi
1481 2246 1654 2291 autem
1679 2237 1891 2292 stabant

293 2333 475 2388 erectis
494 2330 733 2404 pedibus,
762 2339 812 2384 et
846 2328 1010 2400 [acies
1045 2344 1226 2383 eorum
1264 2343 1428 2382 uerae
1456 2337 1606 2382 erant
1650 2327 1719 2381 ad
1750 2337 1892 2382 exte-

295 2423 487 2477 riorem
512 2421 727 2476 domum
751 2435 771 2474 :
790 2420 917 2490 quia
951 2433 1051 2474 nos
1078 2418 1147 2473 ab
1173 2416 1335 2486 hujus
1361 2433 1604 2474 aerumna
1642 2418 1892 2491 peregri—

301 2514 536 2570 nationis
564 2520 777 2567 erectos
803 2511 870 2565 ad
900 2524 1058 2565 suum
1082 2509 1391 2565 desiderant
1424 2510 1710 2579 pervenire
1751 2525 1886 2566 con-

298 2606 549 2662 sortium.
588 2604 681 2659 Sic
707 2618 835 2675 ergo
857 2603 1084 2673 pedibus
1106 2611 1253 2658 stant
1272 2603 1493 2668 erectis,
1518 2602 1597 2659 sic
1621 2602 1736 2658 alas
1761 2618 1890 2660 suas

295 2713 430 2755 auro
469 2705 642 2753 tectas
678 2696 747 2751 ad
772 2695 974 2751 oraculi
1001 2695 1242 2767 parietes
1275 2695 1590 2761 extendunt,
1632 2704 1691 2750 ut
1721 2690 1891 2752 iacies

297 2792 534 2847 habeant
564 2790 630 2844 ad
660 2788 878 2845 domum
913 2802 1100 2843 versas
1132 2787 1481 2854 exteriorem,
1517 2786 1644 2858 quia
1679 2788 1758 2842 sic
1785 2802 1889 2842 an-

296 2882 400 2954 geli
439 2898 593 2938 suam
632 2892 898 2953 perpetuo
939 2881 1305 2937 innocentiam
1340 2888 1685 2946 conservant,
1712 2879 1793 2936 sic
1820 2880 1889 2935 de

296 2973 597 3029 animarum
634 2980 945 3028 sanctarum
993 2972 1047 3026 in
1089 2971 1243 3027 caelis
1291 2971 1627 3027 beatitudine
1655 2986 1888 3043 congau-

300 3064 451 3128 dent,
475 3072 537 3117 ut
561 3062 641 3118 eis
663 3076 897 3133 quoque,
917 3076 1055 3131 quos
1082 3062 1138 3116 in
1166 3061 1328 3116 terris
1350 3061 1525 3116 adhuc
1551 3062 1885 3133 peregrinari

1993 1885 2159 1933 tatem
2193 1877 2558 1948 interpellant.

2063 1966 2213 2023 Fecit
2242 1982 2447 2040 quoque
2478 1968 2645 2023 velum
2674 1983 2740 2022 ea:
2762 1968 3067 2039 hyacintho,
3092 1984 3348 2038 purpura,
3377 1968 3594 2022 coccino

1991 2068 2040 2115 et
2076 2059 2244 2130 bysso,
2287 2068 2336 2113 et
2370 2058 2589 2112 intexuit
2628 2058 2675 2112 ei
2711 2056 2998 2112 cherubim.
3049 2057 3161 2112 Hoc
3202 2057 3345 2127 quod
3391 2057 3481 2111 hic
3525 2057 3593 2111 de

1991 2151 2111 2207 velo
2139 2159 2264 2205 ante
2288 2150 2566 2205 oraculum
2596 2156 2802 2212 narrat,
2830 2149 2885 2203 in
2913 2147 3121 2219 Regum
3160 2148 3591 2219 przetermissum

1991 2251 2104 2309 est;
2144 2242 2240 2297 sed
2287 2241 2360 2296 ibi
2406 2249 2682 2304 narratur,
2712 2240 2854 2309 quod
2882 2239 2973 2294 hic
3007 2254 3115 2293 non
3141 2239 3374 2293 habetur
3403 2255 3417 2291 :
3442 2237 3591 2308 quod

1992 2334 2047 2389 in
2073 2333 2320 2403 ingressu
2346 2330 2552 2387 oraculi
2580 2330 2770 2386 fecerit
2794 2330 2989 2385 ostiola
3018 2330 3085 2384 dc
3115 2329 3276 2401 lignis
3302 2328 3592 2395 alivarum,

1989 2431 2279 2495 postesque
2307 2422 2629 2492 angulorum
2655 2420 2912 2491 quinque,
2946 2429 3002 2475 et
3026 2421 3133 2475 duo
3154 2420 3294 2475 ostia
3325 2421 3392 2475 de
3426 2418 3593 2491 lignis

1990 2516 2254 2573 olivarum
2302 2513 2419 2587 (111
2470 2513 2595 2585 Reg.
2638 2512 2737 2584 vi).
2802 2512 2909 2568 Sed
2958 2512 3136 2568 velum
3178 2512 3322 2568 istud
3371 2511 3597 2569 decoris
3682 2532 3686 2539 δ

1990 2607 2207 2678 quidem
2234 2606 2405 2677 gratia
2432 2604 2634 2660 factum
2666 2611 2770 2671 est,
2800 2614 2860 2659 ut
2879 2605 3019 2660 inter
3038 2604 3277 2676 parietes
3296 2604 3595 2660 deauratos

1989 2699 2151 2754 etiam
2178 2697 2248 2753 ob
2274 2690 2508 2753 sericum
2541 2696 2793 2767 fulgeret,
2826 2696 2920 2752 sed
2957 2696 3012 2751 iu
3051 2697 3293 2767 ejusdem
3318 2695 3591 2767 mystcrii,

1990 2790 2147 2866 cujus
2167 2797 2221 2845 et
2258 2789 2473 2850 ostiola,
2499 2803 2736 2858 congrua
2767 2785 3165 2858 signiﬁcatione
3204 2802 3385 2841 arcam
3425 2796 3597 2855 atque

1989 2884 2292 2955 ingressum
2338 2881 2543 2937 oraculi
2583 2895 2904 2951 appensum,
2955 2888 3013 2935 ut
3057 2880 3199 2936 sicut
3226 2880 3421 2936 ostiola
3449 2895 3589 2935 con—

1989 2981 2141 3051 gruis
2166 2979 2319 3033 boris
2347 2976 2751 3048 aperiebantur,
2788 2975 2869 3031 sic
2909 2983 2966 3031 et
3001 2975 3181 3029 velum
3222 2974 3591 3038 rcvelaretur,

1990 3072 2200 3142 quoties
2214 3068 2551 3133 advenirent,
2579 3069 2774 3139 quibus
2794 3068 2849 3121 in
2874 3067 3072 3123 Sancta
3097 3078 3413 3131 sanctorum
3442 3077 3599 3123 esset

297 3154 662 3224 conspiciunt,
693 3152 882 3208 electis
903 3166 1061 3222 opem
1090 3150 1234 3206 ferre
1270 3166 1377 3205 non
1409 3151 1678 3217 desinant,
1720 3154 1888 3207 donec

1994 3160 2426 3233 ingrediendum.
2480 3158 2650 3228 llujus
2674 3174 2802 3233 ergo
2830 3158 2927 3213 veli
2968 3158 3154 3213 sedula
3195 3159 3455 3219 revelatio
3503 3174 3597 3214 se—
3650 3164 3655 3171 “

295 3252 353 3300 ει
396 3243 517 3299 illos
556 3243 625 3297 ad
669 3242 945 3297 cmlestem
996 3242 1230 3312 patriam
1277 3240 1644 3295 introducant.
1698 3238 1888 3295 Omnes

1992 3253 2228 3309 modum
2256 3251 2428 3323 icgcm
2454 3231 2788 3322 apertionem
2819 3250 3088 3320 signiﬁcat
3118 3250 3271 3320 regni
3321 3249 3593 3314 cmiestis,

294 3334 440 3390 enim
488 3342 610 3387 sunt
673 3331 1109 3386 administratorii
1158 3331 1375 3401 spiritus
1425 3332 1483 3386 in
1539 3331 1888 3386 ministerium

1992 3359 2111 3415 qua:
2141 3343 2298 3399 nobis
2342 3358 2439 3413 per
2482 3342 2910 3398 incarnationem
2944 3341 3156 3396 Domini
3189 3339 3593 3396 et-Salvatoris

294 3426 439 3481 missi
489 3432 700 3496 propter
741 3439 830 3478 eos
879 3423 971 3494 qui
1034 3421 1391 3477 hmreditatem
1443 3424 1656 3494 capiunt
1702 3424 1888 3478 salutis

1992 3436 2162 3492 nostri
2197 3437 2393 3492 donata
2431 3444 2533 3492 est.
2580 3434 2733 3492 Unde
2773 3442 2827 3489 et
2866 3433 3229 3504 baptizaton
3258 3431 3381 3486 εαξη
3411 3433 3595 3500 aperti

296 3518 457 3594 (Ποῦ.
484 3519 548 3590 ι).
590 3517 824 3574 Possunt
857 3520 1022 3572 etiam
1049 3531 1148 3587 per
1174 3515 1309 3571 duos
1336 3517 1618 3571 cherubim
1646 3516 1753 3572 duo
1793 3515 1892 3571 Te-

295 3619 566 3666 stamenta
613 3608 836 3681 ﬁgurari
867 3626 881 3662 :
911 3607 1005 3678 qui
1045 3606 1301 3662 nimirum
1344 3608 1625 3663 cherubim
1669 3608 1721 3663 in
1760 3624 1889 3663 ora-

295 3702 419 3760 culo
458 3708 586 3759 sum
627 3700 796 3767 facti,
838 3699 967 3771 quia
994 3699 1049 3754 in
1072 3698 1297 3755 consilio
1317 3699 1515 3754 divina:
1538 3700 1887 3771 provisionis,

296 3794 454 3852 nobis
482 3793 672 3864 utique
722 3790 1086 3847 inaecessibili
1131 3798 1293 3862 atque
1333 3791 1885 3863 incomprehensibili,

296 3894 427 3941 ante
450 3882 645 3940 saecula
668 3883 993 3953 dispositum
1018 3890 1123 3947 est,
1144 3882 1367 3953 quando
1397 3891 1453 3938 et
1472 3882 1728 3953 qualiter,
1762 3883 1886 3954 qui-

295 3978 467 4033 busve
511 3975 824 4031 auctoribus
873 3986 1029 4029 saera
1081 3971 1361 4043 Scriptura
1410 3974 1754 4028 conderetur.
1810 3972 1889 4028 De

296 4068 457 4142 lignis
483 4066 751 4123 olivarum
777 4072 907 4122 sunt
935 4064 1089 4131 facti,
1113 4065 1242 4135 quia
1262 4063 1438 4120 lucem
1460 4064 1616 4120 nobis
1646 4065 1888 4121 scientia:

297 4160 562 4225 tribuunt,
576 4156 801 4228 jnvaute
822 4155 1037 4211 ﬂamma
1056 4156 1337 4212 charitatis
1358 4156 1477 4222 Dei,
1507 4170 1626 4227 quae
1646 4172 1743 4227 per
1764 4156 1889 4228 Spi-

298 4252 463 4308 ritum
492 4257 740 4307 sanctum
766 4248 1084 4303 diffunditur
1110 4248 1165 4303 in
1194 4248 1449 4303 cordibus
1474 4249 1674 4303 nostris
1702 4247 1882 4320 (Rom.

297 4347 374 4414 v).
433 4346 629 4401 Decem
656 4341 853 4398 cubitis
881 4353 1006 4398 sunt
1032 4341 1147 4407 alti,
1178 4343 1305 4413 quia
1339 4354 1436 4413 per
1482 4342 1885 4397 observantiam

296 4437 540 4508 decalogi
582 4437 715 4509 legis
775 4435 885 4492 Deo
937 4435 1278 4491 serviendum
1335 4436 1648 4504 praedicant.
1729 4434 1882 4490 Unde

1991 3537 2140 3596 sunt,
2168 3538 2229 3584 ut
2252 3529 2635 3586 ostenderetur
2664 3528 2788 3599 quia
2816 3542 2915 3599 per
2942 3526 3208 3596 baptisma
3226 3565 3243 3589 ,
3291 3524 3435 3595 quod
3487 3541 3595 3579 no-

1988 3623 2075 3680 bis
2120 3623 2234 3695 ipse
2278 3623 2639 3686 consecravit,
2669 3636 2891 3693 januam
2929 3619 3119 3691 patria:
3148 3617 3390 3673 caelestis
3423 3616 3596 3671 debe-

1990 3733 2174 3773 remus
2201 3715 2407 3787 ingredi
2432 3712 2649 3787 (Matth.
2677 3711 2784 3786 ut).
2811 3713 2893 3777 Et,
2918 3710 3184 3766 moriente
3203 3708 3298 3764 illo
3321 3708 3375 3762 in
3398 3722 3595 3771 cruce,

1990 3808 2134 3864 idem
2173 3807 2348 3863 velum
2395 3805 2622 3861 scissum
2670 3811 2754 3858 est
2800 3794 3039 3858 medium
3078 3816 3110 3855 a
3154 3812 3368 3855 summo
3410 3812 3594 3867 usque

1989 3901 2240 3957 deorsum
2267 3898 2480 3971 (Matth.
2529 3893 2724 3969 xxvn),
2760 3904 2821 3950 ut
2857 3901 3046 3965 aperte
3084 3892 3392 3957 doceretur,
3438 3893 3595 3961 quod

1990 3992 2175 4063 ﬁgurae
2204 3990 2405 4062 legales
2424 3988 2537 4059 jam
2562 3996 2692 4043 tunc
2718 3987 2784 4042 ad
2815 3985 2977 4040 ﬁnem
3010 3984 3304 4049 venissent,
3339 3998 3405 4038 ac
3434 3983 3592 4039 veri-

1991 4092 2072 4138 tas
2114 4081 2387 4153 Evangelii
2433 4094 2739 4148 arcanaque
2784 4077 3050 4142 coelestia,
3102 4084 3156 4131 et
3202 4077 3315 4144 ipse
3341 4075 3465 4130 caeli
3497 4091 3586 4129 in-

1988 4189 2207 4246 gressus
2250 4187 2356 4228 non
2404 4172 2581 4227 adhuc
2616 4168 3021 4243 prophetandus
3058 4182 3123 4222 ac
3167 4166 3467 4238 ﬁguraliter
3504 4167 3588 4221 si-

1986 4266 2322 4336 gniﬁcandus
2342 4306 2356 4329 ,
2386 4265 2478 4319 sed
2492 4261 2605 4332 jam
2624 4263 2847 4333 jamque
2874 4268 3020 4315 esset
3048 4260 3291 4330 proxime
3328 4258 3592 4313 omnibus

1987 4357 2329 4429 aperiendus,
2361 4355 2453 4425 qui
2481 4355 2549 4409 ab
2581 4354 2737 4408 initio
2761 4348 2943 4407 mundi
2967 4367 3137 4420 usque
3160 4350 3297 4405 adid
3319 4350 3592 4420 temporis

1988 4450 2040 4504 in
2068 4447 2177 4504 ﬁde
2199 4446 2445 4502 veritatis
2490 4445 2555 4501 de
2596 4444 2795 4499 mundo
2840 4441 3194 4496 transierunt.
3243 4439 3387 4495 Bene
3436 4440 3589 4494 idem

301 4535 409 4588 Deo
436 4531 666 4587 ﬁdeliter
701 4531 1003 4586 servientes
1040 4529 1262 4584 denario
1297 4527 1726 4583 remunerandos
1763 4540 1884 4582 esse
1910 4521 1963 4583 D
1989 4541 2189 4606 velum,
2229 4539 2331 4595 sub
2351 4553 2458 4609 quo
2493 4537 2546 4591 ίη
2590 4535 2869 4591 oraculum
2893 4534 3218 4597 mirabatur,
3253 4547 3317 4587 ex
3349 4532 3587 4603 ιιςτιοίη-

299 4633 447 4705 regni
480 4631 724 4703 perpetui
748 4629 1039 4685 ostendunt
1071 4624 1286 4699 (Matth.
1323 4627 1435 4696 xx).
1495 4625 1754 4680 Geminas
1783 4623 1882 4678 ba-

251 4720 263 4735 ’
298 4726 425 4781 bent
457 4724 591 4787 alas,
628 4720 756 4790 quia
793 4733 1065 4776 memores
1104 4716 1409 4772 testamenti
1455 4717 1537 4771 sui
1576 4715 1884 4771 Conditoris

298 4832 393 4887 per
443 4828 637 4887 aspera
681 4800 834 4883 aeque
882 4820 943 4867 ut
983 4824 1243 4883 prospera
1296 4808 1567 4864 indefesso
1607 4810 1885 4880 proposito

298 4906 617 4977 scmperad
653 4905 895 4962 caelestia
933 4904 1227 4959 tetendisse
1254 4916 1319 4956 ac
1355 4900 1671 4971 pervenisse
1694 4913 1756 4954 se
1783 4900 1881 4955 dc-

1991 4635 2107 4699 tho,
2138 4646 2401 4703 purpura,
2427 4629 2650 4686 coccino
2687 4635 2742 4681 et
2780 4627 2942 4697 bysso
2975 4624 3173 4679 factum
3200 4638 3339 4685 esse,
3366 4624 3415 4675 ei
3444 4637 3590 4692 quo-

1990 4742 2096 4799 que
2136 4726 2414 4782 cherubim
2442 4723 2631 4778 intexti
2652 4734 2773 4776 esse
2799 4728 3194 4774 memorantur.
3242 4715 3589 4785 Hyacinthus
3680 4716 3691 4717 7

1990 4816 2206 4888 quippe,
2238 4815 2330 4886 qui
2364 4814 2489 4870 εαξη
2517 4812 2753 4868 colorem
2782 4811 3059 4875 imitatur,
3090 4822 3453 4878 supernorum
3481 4807 3584 4862 de-

1987 4908 2203 4965 sideriis
2249 4916 2372 4977 apte
2415 4913 2781 4975 comparatur.
2826 4900 3105 4973 Purpura,
3152 4915 3273 4971 qua:
3310 4900 3588 4969 sanguine

297 5002 537 5064 clarant.-
576 4997 670 5073 qui
713 4997 803 5052 hic
841 4997 983 5051 idem
1037 4994 1371 5049 θυάὶιοΐὶὶὶυε
1418 4993 1531 5048 δυίε
1575 4990 1883 5048 faeiendum
1987 4996 2392 5068 conchyliorum
2414 4994 2720 5058 conﬁcitur,
2749 4999 2806 5047 et
2831 4992 3182 5061 sanguineam
3215 4990 3330 5059 ipsa
3358 4988 3587 5060 pnel‘ert

299 5109 418 5150 esse
444 5092 837 5150 demonstrant.
870 5089 1118 5159 Quinque
1136 5088 1439 5144 cubitorum
1458 5088 1540 5142 aia
1562 5088 1897 5156 cherubuna,
1987 5090 2247 5162 speciem,
2283 5104 2392 5143 non
2416 5085 2687 5141 immerito
2719 5092 3119 5139 sacramentum
3158 5078 3456 5135 Dominicze
3499 5079 3582 5133 si-

299 5196 354 5243 et
394 5185 635 5258 quinque
683 5182 987 5238 cubitorum
1032 5180 1114 5235 ala
1154 5181 1357 5236 cherub
1407 5180 1600 5248 altera,
1647 5181 1774 5253 quia
1829 5181 1882 5235 in
1987 5193 2116 5258 gnat
2155 5183 2443 5255 passionis,
2490 5179 2633 5250 quod
2682 5192 2781 5233 nos
2827 5175 3051 5241 imitari,
3090 5187 3307 5229 crucem
3333 5180 3583 5227 nostram

298 5281 447 5339 omni
494 5278 791 5335 labentium
838 5291 1023 5333 rerum
1064 5276 1326 5331 varietate
1382 5277 1554 5331 sancti
1601 5277 1888 5332 universos
1986 5276 2271 5348 portando,
2321 5273 2599 5328 debemus.
2646 5269 2905 5331 ‘Cuctino,
2966 5266 3111 5337 quod
3171 5266 3340 5320 rnbeo
3393 5263 3585 5319 colore

300 5374 384 5429 sui
415 5371 661 5445 corporis
686 5384 881 5425 sensus
905 5369 958 5422 in
986 5367 1304 5438 obsequium
1344 5368 1425 5423 sui
1456 5367 1764 5424 Conditoris
1794 5385 1879 5424 εχ.
1986 5365 2327 5429 liammescit,
2367 5374 2605 5434 congrue
2644 5361 2817 5415 virtus
2870 5356 3198 5427 imprimitur
3244 5354 3472 5415 amoris,
3511 5353 3585 5406 de

303 5444 546 5523 tendunt.
594 5464 662 5519 Et
697 5477 834 5532 opus
864 5477 1028 5515 unum
1064 5469 1182 5516 erat
1226 5460 1279 5515 in
1323 5460 1532 5515 duobus
1580 5459 1883 5525 cherubim,
1989 5471 2097 5528 quo
2123 5456 2380 5510 mirantes
2406 5452 2591 5507 dixere
2619 5450 2710 5522 qui
2738 5464 2862 5504 cum
2899 5447 3128 5502 Domino
3165 5444 3584 5500 ambulaverant

298 5563 426 5629 quia
456 5557 741 5627 utriusque
776 5554 1107 5611 Testamcnli
1137 5554 1433 5625 scriptores
1450 5569 1557 5607 una
1588 5552 1884 5621 eademque

303 5654 550 5707 castitate
570 5649 771 5721 operis,
795 5656 849 5704 et
877 5648 1157 5704 charitatis
1177 5640 1462 5702 devotione
1487 5647 1598 5700 Dco
1621 5644 1881 5700 serviunt.

306 5744 332 5798 ι
357 5760 420 5794 na
452 5752 505 5793 ut
531 5756 768 5795 consona
792 5739 1000 5794 Domini
1034 5754 1165 5793 voce
1189 5753 1251 5792 ac
1282 5736 1383 5791 ﬁde
1412 5737 1725 5806 praedicant.
1773 5735 1883 5789 Mat

1991 5548 2236 5619 discipuli
2265 5566 2277 5602 :
2306 5546 2495 5601 Nonne
2518 5562 2609 5599 cor
2637 5556 2871 5598 nostrum
2911 5542 3101 5596 ardens
3148 5549 3261 5594 erat
3302 5539 3359 5592 in
3406 5537 3578 5602 nobis,

1990 5640 2116 5694 dum
2158 5639 2452 5710 loqueretur
2475 5638 2531 5691 in
2556 5637 2662 5700 via,
2700 5646 2747 5689 et
2785 5634 3008 5705 aperiret
3046 5631 3191 5686 nobis
3226 5630 3535 5700 Scriptura:
3560 5634 3585 5686 .9

1992 5734 2142 5805 (Luc.
2178 5730 2351 5803 xxtv.)
2389 5730 2609 5801 Byssus,
2650 5743 2769 5797 qum
2804 5727 2869 5780 de
2903 5736 3042 5778 terra
3087 5722 3279 5776 virenzi
3335 5719 3582 5792 germine
