3870 6146
174 381 258 440 435

1064 374 1418 433 COMMENT.
1456 373 1524 430 IN
1562 370 2118 431 PABALIPOMENA.
2159 402 2228 411 -
2265 372 2394 428 LIB.
2435 372 2519 429 Ill.

3320 380 3417 434 ibi

173 498 408 561 nascitur,
440 501 496 549 et
526 492 688 564 longo
711 492 982 547 artiﬁcum
1009 493 1270 548 exercitio
1306 491 1551 548 nativum
1577 490 1729 547 exuit
1757 493 1804 551 A
1833 498 2059 547 cunctos
2106 491 2380 561 spiritales
2421 491 2771 563 signiﬁcatur,
2809 492 2979 552 fortes
3016 496 3270 553 nimirum
3319 499 3422 556 llde

174 594 396 652 virorem,
449 592 615 655 atque
668 583 741 639 ad
793 583 1063 640 albentem
1109 583 1427 654 perducitur
1473 580 1735 654 speciem,

173 692 379 750 oingrue
407 674 822 748 castigationem
857 674 1042 731 carnis
1068 682 1270 730 nostrae
1294 673 1555 739 insinuat,
1582 674 1738 743 cujus

176 767 306 843 quasi
328 766 615 821 humorem
643 765 943 838 ingenitum
971 765 1236 820 exsiccari
1250 762 1409 834 jubet
1426 764 1737 835 Apostolus,

178 862 372 919 dicens:
405 855 728 928 Honiﬁcate
770 854 1002 910 membra
1041 863 1213 911 uestra
1260 870 1379 926 qua:
1415 864 1538 910 sunt
1584 872 1742 926 super

180 962 338 1007 terrain
366 965 381 1002 :
418 946 838 1018 fornicationem,
867 945 1277 1012 immunditiam,
1307 943 1595 1009 libidinem,
1622 961 1744 999 con-

180 1039 520 1111 cupiscentiam
564 1036 784 1104 malam,
828 1044 877 1092 et
920 1036 1224 1102 avaritiam,
1255 1052 1374 1108 qua!
1407 1046 1482 1091 est
1522 1035 1743 1092 simula-

182 1146 355 1190 crorum
389 1127 613 1185 servitus
648 1124 788 1202 (Col.
830 1124 936 1199 ut).
986 1125 1070 1182 Ad
1098 1135 1358 1193 quantam
1384 1142 1515 1184 vero
1542 1127 1743 1183 cando-

183 1225 243 1281 ris
278 1222 496 1294 gratiam
532 1220 677 1277 hanc
709 1218 841 1276 velit
881 1221 1124 1292 perduci,
1174 1220 1311 1277 alias
1354 1221 1611 1284 ostendit,
1662 1220 1745 1275 di-

181 1332 321 1373 cens:
343 1313 710 1389 Obsecro-vos,
733 1312 967 1382 fratres,-
988 1329 1080 1383 per
1106 1312 1520 1368 misericordiam
1560 1312 1655 1368 Dei
1684 1322 1743 1367 ut

181 1408 432 1464 allibeatis
457 1422 680 1477 corpora
708 1414 878 1461 vestra
906 1405 1135 1460 hostiam
1173 1405 1445 1469 virentem,
1482 1415 1741 1469 sanctam,

181 1498 273 1554 Deo
289 1497 589 1568 placentem,
613 1496 926 1551 rationabile
954 1496 1257 1569 obsequium
1293 1505 1516 1551 vestrum
1562 1493 1740 1568 (Rom.

181 1590 282 1661 xu).
324 1590 643 1648 lntexnntur
664 1603 796 1644 vero
826 1588 1132 1654 cherubim,
1166 1588 1481 1659 eisdemque
1510 1595 1745 1657 quatuor

180 1681 364 1736 eximiis
396 1679 671 1737 coloribus
708 1678 1092 1743 coniiciuntur,
1136 1694 1261 1734 cum
1301 1679 1577 1743 universa,
1623 1692 1745 1749 quae

180 1772 253 1843 pie
280 1771 503 1842 agimus,
526 1785 560 1824 a
583 1769 867 1825 venenatis
898 1768 1202 1823 dtemonum
1229 1767 1350 1823 telis
1373 1782 1471 1838 per
1501 1766 1745 1837 angelica

1838 589 2002 651 atque
2023 597 2206 650 opere,
2234 590 2289 636 et
2325 583 2790 653 contemplatione-
2815 586 2897 640 ad’
2922 601 3152 656 superna
3188 599 3419 647 erectos.

1840 676 1968 731 Duae
2011 677 2155 730 enim
2205 683 2350 741 sunt,
2404 685 2465 730 ut
2510 685 2565 731 et
2610 686 2816 748 gentes,
2861 690 2917 733 et
2953 679 3421 738 circumcisionem

1840 768 2182 839 [medicande
2222 769 2276 823 in
2326 768 2623 824 Ecclesiam
2668 768 3033 827 introducam.
3090 770 3323 829 Stabant
3370 774 3423 829 in

1839 859 2052 930 porticu
2096 867 2223 914 ante
2257 858 2404 915 l'ores
2457 848 2658 928 templi,
2701 868 2758 913 et
2798 859 3099 930 ingressum
3141 861 3287 919 illius
3326 878 3424 919 suo

1840 951 2037 1006 decore
2065 964 2129 1006 ac
2152 949 2550 1021 pulchritudine
2575 964 2644 1005 ex
2669 958 2898 1020 utraque
2921 960 3078 1022 parte
3103 952 3427 1009 mirabiliter

1841 1040 2129 1096 ornabant.
2183 1038 2396 1096 Ostium
2430 1047 2611 1094 autem
2653 1040 2832 1110 templi
2857 1041 3118 1098 Dominus
3143 1050 3269 1098 est:
3298 1043 3424 1113 quia

1844 1147 2004 1187 nemo
2030 1131 2180 1188 venit
2204 1131 2272 1186 ad
2292 1130 2534 1197 Patrem,
2562 1130 2664 1186 nisi
2704 1146 2802 1201 per
2848 1133 3023 1203 ipsum
3060 1133 3242 1206 (Joan.
3289 1134 3424 1206 xlv).

1843 1220 1911 1276 Et
1933 1219 2066 1276 sicut
2098 1219 2225 1276 alibi
2250 1220 2382 1275 dicit
2409 1234 2423 1272 :
2449 1217 2562 1290 Ego
2587 1238 2703 1275 sum
2743 1221 2933 1276 ostium
2962 1238 2981 1278 .'
3012 1240 3106 1292 per
3134 1241 3214 1280 me
3240 1225 3435 1297 siquis

1842 1310 2141 1377 introierit,
2204 1309 2493 1367 salvabitur
2565 1310 2748 1385 (lacn.
2819 1310 2897 1385 ι).
2966 1312 3121 1380 Quod
3179 1317 3433 1374 videlicet
3534 1368 3545 1375 .

1842 1402 2042 1458 ostium
2084 1386 2348 1458 columine
2394 1401 2462 1456 ab
2507 1409 2739 1471 utroque
2790 1401 2963 1458 latere
3009 1419 3197 1460 eorum
3232 1407 3433 1476 posiae

1844 1492 2219 1558 circumstant,
2252 1507 2375 1548 cum
2412 1491 2644 1549 ministri
2685 1494 2951 1551 sermonis
2984 1495 3201 1567 utrique
3238 1498 3434 1568 populo

1845 1584 2126 1641 introitum
2172 1584 2322 1655 regni
2356 1583 2593 1641 caelestis
2629 1584 2943 1651 ostendunt,
2985 1592 3046 1641 ut
3083 1585 3198 1643 sive
3236 1602 3269 1642 a
3314 1588 3433 1645 luce

1846 1674 2089 1732 scientias
2120 1673 2310 1744 legalis
2344 1673 2591 1743 quisque,
2642 1688 2738 1729 seu
2779 1688 2846 1728 ex
2893 1674 3072 1746 rigore
3120 1676 3437 1750 gentilitatis

1850 1766 1916 1821 ad
1944 1766 2102 1823 (idem
2131 1763 2405 1834 Evangelii
2435 1764 2666 1830 venerit,
2695 1765 2894 1820 haheat
2930 1773 3148 1847 paratos
3183 1782 3298 1839 eos,
3341 1768 3461 1840 qui»

180 1862 421 1933 praesidia,
457 1860 688 1916 Domino
725 1858 980 1925 donante,
1019 1857 1372 1928 protegimus.
1422 1855 1744 1912 Intcxuntur
1849 1856 1952 1913 sibi
1979 1855 2084 1912 iter
2115 1854 2305 1911 salutis
2335 1861 2390 1910 et
2425 1855 2593 1911 verbo
2622 1856 2993 1915 demonstrent
3043 1844 3101 1914 et
3139 1860 3388 1931 exemplo
3415 1875 3463 1917 εδ

179 1970 289 2011 vero
306 1953 601 2019 cherubim,
614 1968 741 2010 cum
763 1952 818 2007 in
842 1951 1000 2008 bonis
1012 1966 1135 2023 quae
1148 1950 1386 2021 agimus,
1401 1950 1747 2006 multitudine

177 2046 432 2117 sapientia:
475 2044 851 2105 indesinenter
894 2043 1119 2115 utimur,
1151 2040 1507 2111 respicientes
1533 2055 1750 2111 semper

178 2140 236 2194 ad
252 2139 452 2211 eloquia
466 2138 670 2203 divina,
686 2146 759 2201 et,
782 2152 853 2192 ne
874 2134 1012 2192 forte
1029 2151 1063 2191 a
1091 2136 1351 2191 virtutum
1373 2135 1512 2191 colle
1532 2136 1750 2192 aberre-

176 2245 300 2296 mus,
316 2230 504 2285 borum
532 2228 728 2284 intuitu
751 2227 1009 2284 continuo
1025 2227 1251 2298 vestigia
1272 2235 1460 2283 nostra
1486 2226 1745 2299 regimus.

235 2316 368 2374 Fecit
395 2320 558 2374 etiam
592 2329 714 2373 ante
747 2317 888 2403 fores
915 2316 1094 2388 templi
1124 2317 1260 2373 duas
1299 2317 1594 2384 columnas,
1632 2333 1750 2388 qua:

177 2415 365 2483 trigirua
391 2425 442 2470 et
463 2416 693 2487 quinque
716 2412 916 2468 subitos
937 2412 1195 2468 habebant
1222 2413 1539 2469 altitudinis.
1578 2410 1751 2467 Porro

178 2508 328 2576 capita
365 2523 552 2561 earum
586 2507 813 2577 quinque
847 2504 1179 2568 cubitorum;
1222 2520 1316 2559 nec
1355 2520 1459 2558 non
1503 2512 1551 2558 et
1597 2502 1752 2574 quasi

177 2596 418 2652 catenatas
460 2598 516 2652 in
552 2596 787 2662 oraculo,
829 2605 880 2650 et
919 2595 1250 2677 superposuit
1273 2611 1364 2650 eas
1384 2593 1640 2662 capitibus
1668 2610 1755 2648 co-

178 2680 478 2737 lumnarum.
525 2682 901 2754 Malogranata
924 2683 1083 2736 etiam
1107 2690 1335 2747 malum,
1357 2698 1476 2752 qua:
1496 2680 1753 2736 catenulis

177 2772 483 2844 interposuit.
527 2774 682 2846 Ipsus
707 2790 909 2846 quoque
937 2772 1211 2828 columnas
1231 2773 1403 2844 posuit
1426 2772 1480 2827 in
1505 2769 1752 2827 vestibqu

177 2866 351 2934 templi,
389 2883 558 2923 unam
595 2884 630 2921 a
673 2866 896 2932 dextris,
928 2874 978 2920 et
1016 2864 1238 2920 alteram
1263 2882 1296 2920 a
1321 2864 1570 2919 sinistris.
1615 2861 1755 2917 Eam

176 2972 325 3027 quae
345 2958 549 3014 dextris
572 2966 709 3022 erat,
738 2957 938 3011 vocavit
964 2955 1179 3022 Jac/lin,
1218 2956 1317 3010 hoc
1363 2964 1439 3009 est
1481 2955 1752 3024 firmitas;

175 3042 442 3120 etquiead
470 3048 680 3115 lienam,
703 3046 869 3112 Boos,
908 3047 1007 3102 hoc
1053 3058 1149 3113 est,
1200 3047 1256 3100 in
1291 3045 1495 3100 robore.
1545 3044 1600 3099 In
1646 3043 1755 3099 Re-

175 3154 283 3208 gum
323 3154 476 3205 vero,
526 3136 617 3193 ubi
659 3139 726 3194 de
765 3136 1215 3208 adventullliram
1247 3136 1474 3191 artiﬁcis
1503 3135 1571 3189 ad
1598 3132 1752 3190 Salo-

174 3244 369 3286 monem
405 3238 687 3295 narratur,
717 3230 785 3285 de
811 3228 897 3283 his
922 3192 1188 3287 columnis
1224 3226 1300 3282 ita
1326 3227 1590 3296 scriptum
1619 3233 1703 3282 est
1734 3242 1748 3279 ι

177 3320 267 3388 Qui
304 3339 420 3377 cum
457 3323 681 3377 venisset
724 3329 794 3375 ad
831 3336 1002 3391 regem
1033 3317 1394 3382 Salomonem,
1433 3316 1556 3386 fecit
1601 3332 1754 3371 omne

175 3428 287 3481 opus
300 3415 434 3484 ejus,
460 3423 513 3470 et
536 3413 691 3482 ﬁnxit
715 3411 851 3466 duas
873 3410 1143 3465 columnas
1162 3425 1349 3475 terens,
1374 3408 1551 3463 decem
1570 3417 1619 3462 et
1636 3419 1752 3462 octo

174 3502 444 3558 cubitorum
470 3501 772 3558 altitudinis
795 3494 1091 3555 columnam
1115 3514 1297 3565 unam,
1317 3507 1367 3553 et
1389 3497 1529 3552 linea
1552 3495 1751 3551 duode-

174 3592 260 3645 cim
291 3594 589 3648 cubitorum
620 3590 913 3660 ambigebat
950 3589 1248 3643 columnam
1290 3596 1587 3659 utramque.
1634 3584 1755 3641 Duo

174 3696 354 3750 quoque
372 3678 623 3752 capitella
651 3679 794 3749 fecit,
819 3694 938 3751 qua:
955 3686 1271 3749 ponerentur
1289 3692 1446 3746 super
1468 3675 1641 3745 capita
1668 3690 1756 3728 co-

171 3768 480 3838 lumnarum,
511 3770 660 3843 fusili
686 3788 810 3826 aere.
852 3768 1093 3840 Quinque
1130 3769 1424 3824 cubitorum
1459 3767 1755 3822 altitudinis

172 3862 455 3930 capitellum
487 3879 678 3928 unum,
706 3871 755 3916 et
778 3861 1002 3934 quinque
1023 3860 1316 3915 cubitorum
1342 3858 1637 3913 altitudinis
1667 3874 1758 3913 ca-

170 3952 386 4021 pitellum
407 3954 663 4020 alterum,
690 3962 740 4008 et
766 3952 920 4025 quasi
953 3953 1009 4007 in
1042 3952 1257 4007 modum
1298 3950 1420 4005 retis
1454 3958 1501 4004 et
1540 3958 1755 4004 catena-

172 4059 276 4098 rum
298 4046 398 4100 sibi
419 4047 647 4101 invicem
680 4046 816 4099 miro
847 4060 1003 4114 opere
1026 4051 1411 4098 contextorum.
1471 4038 1759 4111 Utrumque

170 4135 456 4204 capitellum
482 4134 853 4203 columnarum
881 4132 1038 4203 fusile
1074 4142 1206 4187 erat.
1260 4130 1486 4203 Septena
1516 4146 1758 4185 versuum

175 4225 409 4280 ruiacula
443 4229 503 4281 in
534 4224 779 4297 capitello
809 4242 939 4290 uno,
981 4234 1029 4280 et
1067 4232 1277 4295 septena
1308 4220 1562 4278 retiacula
1588 4221 1642 4277 in
1665 4238 1758 4275 ca-

168 4313 333 4383 pitello
358 4317 558 4372 altero.
607 4315 677 4370 Et
716 4315 930 4388 perfecit
975 4312 1247 4370 columnas
1284 4322 1332 4368 et
1372 4314 1503 4367 duos
1551 4312 1758 4367 ordines

169 4421 250 4473 per
284 4409 573 4463 circuitum
619 4404 989 4461 retiaculorum
1025 4403 1385 4475 singulorum,
1433 4411 1489 4461 ut
1536 4411 1759 4473 tegerent

1849 1945 1935 2002 vel
1959 1954 2131 2012 certe,
2155 1945 2299 2015 quod
2327 1943 2395 2000 de
2422 1945 2629 2001 eisdem
2654 1945 2920 2003 columnis
2948 1946 3003 2003 in
3034 1947 3264 2004 historia
3298 1966 3439 2022 prae-

1850 2038 2009 2105 senti,
2035 2038 2141 2094 hoc
2152 2046 2257 2105 est,
2278 2036 2722 2109 Paralipomenon
2746 2038 2821 2094 ita
2847 2041 3111 2110 scriptum
3135 2052 3256 2099 est:
3284 2044 3438 2117 Ipsas

1850 2148 2051 2205 quoque
2091 2130 2362 2187 columnas
2404 2132 2577 2201 posuit
2616 2130 2672 2185 in
2706 2131 2954 2188 vestibulo
2989 2133 3187 2206 templi,
3218 2152 3379 2191 unam
3403 2154 3438 2192 a

1850 2222 2066 2288 dextris,
2095 2229 2145 2277 et
2175 2221 2398 2276 alteram
2422 2238 2456 2276 α
2483 2220 2711 2277 sinistris
2736 2235 2756 2276 :
2781 2222 2903 2279 ideo
2950 2233 3078 2279 sunt
3113 2225 3235 2281 dum
3279 2225 3440 2284 facta

1852 2315 2134 2382 columnae,
2164 2322 2329 2385 atque
2353 2314 2431 2371 ita
2462 2315 2769 2387 dispositae,
2795 2325 2853 2372 ut
2878 2316 3035 2374 nobis
3054 2319 3183 2374 etin
3212 2336 3437 2392 prospe-

1851 2405 1929 2461 ris
1967 2414 2023 2462 et
2048 2404 2293 2462 adversis
2322 2405 2624 2478 ingressum
2651 2407 2843 2477 patriai
2868 2407 3111 2465 ccelcstis
3139 2420 3267 2466 ante
3314 2427 3438 2468 ocu-

1852 2495 1934 2552 los
1969 2495 2170 2552 mentis
2191 2496 2499 2553 habendum
2523 2511 2647 2553 esse
2673 2498 2921 2556 doceant.
2971 2498 3277 2556 Notandum
3306 2518 3438 2560 sane

1852 2586 1907 2643 in
1945 2587 2050 2642 hac
2086 2587 2357 2643 sententia
2395 2586 2861 2658 Paralipomenon,
2912 2594 3056 2662 quod
3091 2609 3155 2650 ca
3197 2597 3450 2667 porticus

1853 2677 2038 2748 templi
2060 2676 2224 2732 etiam
2246 2677 2573 2734 vestibulum
2609 2679 2797 2750 templi
2833 2684 3159 2753 vocabatur;
3196 2695 3252 2743 et
3294 2688 3440 2758 quod

1852 2770 1909 2826 in
1934 2770 2213 2842 prophetis
2241 2771 2492 2843 legimus,
2512 2772 2656 2842 quod
2677 2774 2823 2831 inter
2848 2775 3173 2835 vestibulum
3195 2787 3251 2835 et
3270 2779 3461 2837 altare-

1853 2864 2084 2920 orabant
2109 2864 2438 2927 sacerdotes,
2488 2865 2633 2921 inter
2658 2866 2926 2936 porticum
2960 2876 3016 2923 et
3046 2868 3217 2926 altare
3243 2870 3462 2928 deberes

1853 2955 2100 3028 intelligi.
2159 2955 2305 3012 Bene
2353 2964 2535 3012 autem
2589 2966 2821 3028 utraque
2856 2960 3108 3019 columna
3147 2950 3333 3021 decem
3386 2974 3444 3021 et

1852 3056 1978 3104 octo
1999 3046 2211 3103 cubitos
2240 3046 2540 3103 altitudinis
2573 3048 2777 3105 habere
2806 3060 3163 3107 memoratur.
3205 3053 3313 3110 Ter
3334 3062 3443 3111 etc-

1840 3140 1969 3209 ,nim
1990 3140 2106 3195 seni
2131 3139 2319 3195 decem
2352 3147 2408 3194 et
2432 3148 2558 3196 octo
2585 3137 2807 3196 faciunt.
2865 3141 2989 3197 Tria
3013 3158 3144 3199 vero
3176 3144 3243 3199 ad
3279 3144 3438 3201 ﬁdem

1854 3228 2128 3302 pertinere
2150 3236 2369 3298 propter
2387 3237 2631 3285 sanctam
2671 3228 3024 3307 Trinitatem;
3072 3249 3169 3291 ses
3206 3235 3276 3291 ad
3313 3249 3443 3306 0pc-

1854 3321 2139 3384 rationem,
2180 3321 2326 3390 quod
2368 3320 2425 3375 in
2464 3336 2530 3377 eo
2572 3322 2782 3379 dierum
2830 3340 3057 3382 numero
3107 3329 3340 3384 mundus
3372 3329 3444 3385 sit

1855 3410 2048 3477 factus,
2094 3410 2212 3467 luce
2254 3410 2455 3466 clarius
2483 3419 2570 3467 est
2611 3410 2767 3484 (Gen.
2826 3413 2887 3485 ι).
2934 3414 3003 3471 Et
3048 3416 3151 3470 tria
3193 3432 3293 3487 per
3345 3433 3440 3474 sex

1855 3501 2303 3573 multiplicantur,
2333 3516 2457 3557 cum
2474 3501 2651 3572 justus
2679 3511 2734 3558 et
2755 3503 2861 3572 ﬁde
2883 3505 3007 3560 vivit
3035 3505 3202 3579 (llab.
3239 3506 3320 3579 ιι),
3353 3524 3445 3565 co-

1854 3592 2273 3664 gnationemque
2336 3592 2440 3661 pia:
2496 3592 2832 3651 credulitatis
2892 3597 3241 3653 exsecutione
3288 3599 3441 3655 bona:

1856 3686 2084 3741 actionis
2113 3684 2437 3741 accumulat.
2490 3684 2858 3757 Columnaque
2896 3698 3024 3744 ante
3074 3689 3220 3747 fores
3261 3694 3451 3763 templi

1857 3779 2042 3835 decem
2071 3787 2130 3834 et
2150 3786 2274 3834 octo
2298 3777 2496 3833 cubitis
2520 3778 2630 3833 alta
2655 3786 2759 3843 est,
2786 3794 2911 3834 cum
2936 3781 3262 3851 praedicator
3292 3784 3443 3853 quis-

1854 3883 1965 3939 que
1987 3866 2238 3938 egregius
2274 3866 2455 3937 palam
2491 3867 2702 3923 cunctis
2744 3867 3004 3935 insinuat,
3047 3884 3180 3937 non,
3211 3872 3315 3927 nisi
3349 3888 3463 3944 per»

1860 3958 2019 4014 ﬁdem
2039 3966 2097 4013 et
2127 3972 2291 4028 opera
2313 3956 2558 4028 justitiae,
2588 3972 2688 4013 nos
2712 3958 2781 4014 ad
2815 3973 3050 4029 superna
3076 3962 3271 4033 gaudia
3318 3965 3446 4021 vita:

1857 4067 2019 4123 posse
2039 4050 2342 4122 pervenire.
2386 4050 2539 4119 Quod
2564 4060 2748 4106 autem
2774 4052 2974 4110 dicitur
2996 4055 3051 4110 in
3079 4055 3447 4128 Paralipome-

1860 4160 1967 4200 non
2007 4145 2152 4214 ipsas
2172 4144 2452 4200 columnas
2473 4144 2691 4215 triginta
2723 4152 2780 4201 et
2807 4146 3047 4218 quinque
3084 4164 3206 4206 esse
3236 4152 3446 4209 cubito»

1862 4251 2006 4300 rum,
2055 4234 2341 4306 allegorica
2387 4235 2781 4307 signiﬁcatione
2821 4238 3073 4296 similiter
3112 4241 3284 4312 ipsam
3323 4259 3467 4313 per-—

1863 4324 2149 4381 lectionem
2203 4324 2405 4381 indicat
2453 4326 2857 4397 magistrorum.
2912 4326 3265 4399 Septenarius
3314 4348 3446 4406 ergo

1862 4432 2122 4473 numerus
2147 4416 2192 4472 si
2222 4431 2322 4486 per
2342 4417 2672 4487 quinarium,
2711 4418 2797 4474 vel
2825 4419 3109 4491 quinarius
3143 4422 3190 4477 si
3228 4438 3326 4494 per
3363 4441 3449 4481 se-

168 4498 420 4567 capitella,
454 4514 578 4571 quin
602 4507 751 4552 erant
785 4511 942 4567 super
983 4496 1334 4550 summitatem
1370 4493 1761 4564 malogranato-

1864 4508 2167 4580 ptenarium
2215 4507 2680 4578 multiplicantur,
2724 4510 3063 4567 tricesimum
3104 4520 3162 4568 et
3198 4514 3445 4584 quintum

167 4603 291 4643 rum.
343 4589 555 4645 Eodem
582 4587 737 4643 modo
770 4586 890 4657 fecit
925 4595 976 4641 et
1018 4582 1259 4656 capitello
1296 4583 1546 4639 secundo.
1599 4582 1759 4652 Capi-

168 4677 282 4733 tella
323 4692 533 4747 autem,
582 4696 700 4751 qua:
739 4686 889 4733 erant
946 4693 1104 4747 super
1144 4676 1322 4745 capita
1373 4674 1759 4741 columnarum,

162 4772 317 4859 quasiI
349 4788 516 4842 opere
563 4769 664 4823 lilii
707 4768 968 4838 fabricata
1000 4774 1150 4821 erant
1186 4765 1243 4820 in
1271 4765 1500 4835 porticu,
1534 4774 1763 4837 quatuor

164 4855 459 4916 cubitorum
482 4877 502 4926 ;
532 4869 582 4915 et
614 4875 825 4914 rursum
861 4856 970 4912 alia
1002 4855 1246 4929 capitella
1269 4857 1325 4910 in
1352 4856 1650 4911 summitate
1676 4874 1764 4912 co-

164 4942 467 5005 lumnarum
510 4951 733 5021 desuper
770 4949 932 5019 juxta
969 4965 1267 5003 mensuram
1295 4946 1553 5002 columna:
1583 4957 1766 5003 contra

164 5045 444 5098 retiacula.
524 5042 1019 5113 Malogranatorum
1074 5050 1248 5094 autent
1289 5039 1505 5094 ducenti
1557 5040 1766 5095 ordines

160 5148 301 5190 erant
329 5138 390 5192 in
417 5136 651 5190 circuitu
680 5132 911 5204 copitelli
936 5131 1172 5197 secundi,
1202 5138 1309 5186 etc.
1343 5130 1459 5203 (III
1495 5131 1625 5202 Reg.
1645 5132 1766 5205 vn).

162 5227 251 5286 lla
276 5242 409 5286 sunt
439 5230 731 5294 colurnum,
772 5229 838 5284 de
867 5228 1062 5298 quibus
1090 5227 1293 5284 Paulus
1321 5228 1397 5282 ait
1421 5245 1433 5283 :
1457 5227 1690 5284 Iacobus
1717 5238 1768 5285 et

158 5323 361 5395 Cephea
410 5332 465 5378 et
510 5322 745 5377 Joannes
773 5361 789 5388 ,
842 5321 932 5391 qui
977 5320 1283 5376 videbantur
1326 5319 1583 5375 columna:
1627 5338 1765 5387 esse,

159 5414 374 5469 dextras
402 5411 669 5467 dederunt
698 5410 826 5465 milii
845 5419 892 5465 et
913 5409 1176 5465 Barnaba:
1196 5411 1455 5466 societatis
1476 5424 1497 5485 ί
1516 5420 1571 5465 ut
1599 5428 1691 5505 pos
1712 5413 1769 5468 in

156 5507 426 5575 gentibus,
452 5502 537 5557 illi
560 5511 738 5556 autem
766 5502 819 5557 in
842 5502 1238 5558 circumcisione
1267 5499 1408 5573 (Gal.
1438 5502 1522 5574 ιι).
1561 5499 1766 5571 Quibus

158 5598 336 5653 verbis
368 5595 544 5668 quasi
587 5608 859 5665 exponere
894 5594 1107 5649 videtur
1142 5594 1458 5666 mysterium
1491 5595 1769 5651 columna-

156 5702 272 5745 rum
302 5685 712 5753 materialium,
750 5694 805 5742 et
840 5684 971 5756 quid
1014 5685 1263 5741 videlicet
1298 5685 1668 5755 ﬁguraverint,
1712 5694 1768 5742 et

155 5795 327 5850 quare
351 5781 495 5837 dum
521 5776 629 5832 sint
657 5778 831 5834 facuc.
865 5774 1151 5847 Apostolus
1183 5790 1416 5847 namque
1440 5786 1494 5832 et
1518 5777 1767 5835 doctores

1868 4612 2153 4653 numerum
2180 4597 2577 4668 adimplebunt,
2596 4605 2652 4652 et
2677 4599 2961 4669 quinarius
2994 4608 3218 4673 propter
3253 4602 3451 4660 Penta-

1868 4690 2120 4746 teuchum
2166 4689 2335 4761 Moysi
2380 4689 2551 4760 legem
2599 4698 2877 4757 veterem,
2934 4693 3274 4762 septenarius
3319 4710 3451 4752 vero

1866 4790 2089 4852 propter
2129 4779 2499 4852 septiformem
2532 4780 2792 4850 Spiritum
2832 4783 2889 4838 in
2927 4781 3059 4840 ﬂore
3098 4786 3296 4842 radicis
3329 4802 3452 4843 esse

1867 4879 2221 4935 manentem,
2267 4868 2617 4939 Evangelium
2664 4870 2972 4940 exprimere
3010 4871 3242 4928 videtur.
3299 4872 3472 4931 Unde

1866 4960 2127 5016 Dominus
2148 4958 2276 5013 alibi
2301 4956 2539 5027 quinque
2564 4957 2792 5026 panibus
2818 4959 3056 5031 quinque
3080 4960 3249 5017 millia
3272 4961 3451 5018 homi-

1867 5065 1996 5105 num
2020 5047 2235 5121 (Mallh-
2268 5046 2402 5118 XIV),
2445 5053 2500 5101 et
2528 5044 2661 5109 alibi
2700 5055 2908 5117 septem
2951 5050 3181 5118 panibus
3216 5061 3454 5122 quatuor

1866 5140 2035 5196 millia
2087 5140 2328 5194 virorum
2388 5136 2601 5208 pavisse
2651 5138 2704 5193 in
2761 5139 3055 5212 Evangelio
3127 5143 3454 5200 describitur

1867 5230 2085 5303 (Matth.
2124 5229 2234 5302 xv).
2285 5227 2559 5286 Columna:
2590 5244 2719 5302 ergo
2756 5231 3028 5301 prmdictre
3055 5233 3277 5305 triginta
3298 5236 3454 5306 quin-

1867 5335 1975 5392 que
2030 5319 2241 5376 cubitos
2298 5319 2604 5385 habebant,
2654 5329 2714 5374 ut
2767 5320 3133 5389 insinuarent,
3184 5324 3454 5394 apostolos

1868 5410 2071 5468 Christi
2117 5418 2172 5465 ct
2229 5409 2478 5467 doctores
2535 5409 2807 5482 Evangelii
2871 5411 3207 5481 geminorum
3259 5412 3458 5467 Testa-~

1873 5509 2179 5557 mentorum
2235 5499 2475 5571 perfecte
2517 5500 2718 5557 habere
2760 5502 3062 5581 scientiam.
3113 5500 3318 5567 Quibus
3352 5499 3455 5557 Βοο

1873 5591 2051 5651 minus
2102 5591 2155 5646 in
2211 5590 2499 5662 Evangelio
2551 5590 2630 5645 ait
2676 5605 2691 5645 :
2754 5589 2911 5645 Vobis
2950 5591 3134 5644 datum
3180 5583 3256 5645 est
3303 5606 3453 5645 nosse

1874 5684 2175 5756 mysterium
2234 5686 2375 5755 regni
2422 5683 2520 5737 Dei
2548 5725 2564 5748 ,
2615 5685 2816 5738 ca‘teris
2860 5693 3034 5737 autent
3084 5683 3139 5736 in
3189 5683 3453 5754 parabolis

1876 5776 2070 5850 (Marc.
2105 5775 2214 5849 1v);
2246 5785 2303 5832 et
2321 5776 2514 5857 quibus
2534 5777 2646 5848 ipse
2674 5786 2793 5847 post
2826 5776 3276 5837 resurrectionem
3301 5793 3452 5835 suam
