3870 6146
383 363 408 380 ιν

383 363 408 380 ιν

382 360 450 412 .ο›5

338 473 540 544 aperuit
559 485 784 532 sensum,
801 479 855 522 ut
878 465 1217 536 intelligerent
1244 465 1544 537 Scripturas
1567 465 1716 539 (Luc.
1739 467 1920 538 xxw):
1954 472 2001 529 Α

342 568 584 621 tribuens
612 565 690 619 cis
718 561 978 631 Spiritum
1011 569 1277 624 sanctum,
1314 560 1406 629 qui
1443 559 1548 614 illis
1585 559 1768 613 omnia
1811 573 1928 612 ma-

342 643 639 721 nifestavit,
695 657 836 712 sicut
886 654 1001 723 ipse
1055 652 1305 723 promisit
1341 652 1456 718 eis,
1500 651 1728 706 dicens:
1757 650 1930 704 Para-

341 751 494 802 rlitus
525 756 696 800 autent
735 743 967 814 Spiritus
992 751 1226 805 sanctus,
1255 757 1406 812 quem
1459 741 1622 793 mittet
1671 738 1834 792 Pater
1872 739 1928 792 in

343 841 546 893 nomine
575 853 709 901 meo,
737 835 826 888 ille
853 850 943 889 vos
972 833 1171 887 docebit
1203 833 1398 898 omnia,
1437 843 1483 885 et
1522 842 1758 902 suggeret
1785 831 1926 886 vobis

342 931 553 995 omnia,
600 943 923 999 quiscunque
965 925 1147 980 dixero
1190 925 1331 979 vobis
1385 924 1568 994 (Joan.
1617 910 1768 996 ιιν).’
1814 925 1930 980 Duo

339 1035 553 1090 quoque
583 1019 830 1090 capitella
855 1018 1002 1083 fecit,
1038 1032 1158 1086 quae
1183 1025 1509 1085 ponerentur
1555 1031 1718 1086 super
1750 1015 1930 1086 capita

340 1114 734 1179 columnarum,
766 1112 908 1168 fusili
947 1127 1071 1166 tere.
1126 1111 1374 1182 Quinque
1408 1111 1712 1166 cubitorum
1747 1112 1930 1165 altitu-

340 1206 483 1262 dinis
525 1205 834 1277 capitellum
853 1219 1042 1270 unum,
1068 1213 1122 1259 ct
1149 1204 1388 1272 quinque
1420 1202 1724 1258 cubitorum
1749 1202 1934 1257 altitu-

339 1299 482 1352 dinis
527 1295 837 1368 capitellum
876 1295 1126 1350 alterum.
1179 1295 1368 1364 Capita
1410 1294 1609 1350 ctenim
1650 1293 1929 1350 columna-

341 1403 482 1453 rum,
512 1387 618 1443 hoc
643 1394 746 1451 est,
771 1399 1021 1455 suprema
1045 1398 1174 1454 pars
1207 1399 1414 1448 earum,
1461 1383 1758 1453 prmeordia
1805 1389 1933 1436 sunt

343 1474 578 1534 ﬁdelium
611 1479 916 1544 doctorum,
946 1491 1177 1548 quorum
1200 1475 1312 1531 Deo
1338 1475 1548 1530 devotis
1590 1473 1932 1546 cogitationi-

340 1573 440 1625 bus
464 1612 479 1637 ,
519 1571 659 1626 sicut
692 1570 870 1638 capite
908 1568 1148 1624 membra
1175 1608 1189 1634 ,
1231 1568 1303 1621 ita
1357 1567 1599 1637 ipsorum
1643 1564 1826 1620 omnia
1877 1570 1931 1618 et

339 1678 503 1732 opera
558 1661 881 1730 diriguntur,
926 1668 980 1714 et
1031 1660 1214 1714 verba.
1269 1659 1384 1713 Duo
1430 1665 1611 1713 autem
1657 1656 1928 1724 capitella,

341 1770 460 1822 qua:
482 1752 566 1807 bis
589 1752 857 1822 capitibus
881 1758 1034 1804 erant
1056 1749 1416 1818 superposita,
1444 1749 1549 1803 duo
1581 1755 1712 1803 sunt
1741 1746 1930 1802 Testa-

341 1856 796 1918 menta,quorum
833 1847 1168 1901 meditationi
1221 1855 1382 1916 atque
1429 1846 1785 1902 observantia:
1837 1844 1932 1900 do-
1959 1837 2007 1896 B

341 1951 521 1996 ctores
565 1939 737 1995 sancti
787 1948 900 1994 toto
943 1947 998 1994 et
1041 1939 1224 1993 animo
1267 1938 1570 1993 subduntur
1593 1946 1649 1993 et
1681 1951 1926 2007 corpore.

345 2033 498 2088 Unde
553 2033 690 2087 bene
733 2041 1023 2101 utrumque
1075 2031 1380 2101 capitellum
1429 2032 1667 2102 quinque
1719 2031 1932 2086 eubitos

343 2123 578 2178 habebat
629 2123 965 2189 altitudinis,
1009 2124 1137 2193 quia
1186 2125 1439 2179 nimirum
1486 2127 1724 2196 quinque
1778 2125 1932 2181 libris

342 2215 609 2283 scriptura
654 2213 904 2268 Mosaicze
943 2213 1078 2284 legis
1117 2216 1503 2285 comprehensa
1545 2225 1650 2281 est,
1694 2217 1932 2286 quinque

340 2307 505 2361 etiam
545 2305 724 2361 saeculi
749 2313 937 2360 aetates
966 2305 1177 2360 Veteris
1204 2307 1548 2361 l’nstrumenti
1579 2308 1747 2362 series
1780 2323 1930 2362 com-

341 2397 498 2468 plcxa
526 2405 629 2452 est.
680 2394 888 2450 Novum
918 2410 1047 2465 ergo
1073 2396 1477 2451 Testamentum
1505 2413 1608 2451 non
1643 2397 1797 2453 nobis
1828 2399 1933 2453 alia

345 2487 606 2556 praedicat
647 2501 809 2555 quam
832 2500 951 2553 qua:
971 2484 1180 2555 Moyses
1205 2486 1544 2555 praedicanda
1564 2501 1662 2555 per
1687 2487 1790 2542 hoc
1815 2501 1935 2542 esse

344 2577 671 2646 prmdixerat
691 2583 746 2630 et
769 2558 1063 2645 prophetae.
1122 2575 1190 2629 Et
1214 2576 1368 2645 quasi
1401 2577 1453 2630 in
1481 2577 1698 2631 modum
1725 2578 1856 2633 retis
1881 2585 1936 2632 et

347 2675 682 2734 catenarum,
733 2667 834 2722 sibi
881 2667 1110 2722 invicem
1155 2668 1294 2722 miro
1329 2655 1493 2738 opere
1533 2678 1930 2737 contextamm,

348 2767 634 2826 utrumque
667 2757 974 2827 capitellum
1012 2757 1385 2813 columnarum
1413 2758 1568 2814 fusile
1588 2768 1724 2814 erat.
1779 2760 1934 2816 Unde

348 2849 597 2918 superius
623 2849 676 2904 in
717 2847 941 2904 historia
969 2849 1230 2919 scriptum
1253 2857 1353 2914 est,
1387 2849 1531 2918 quod
1569 2848 1756 2904 Hiram
1791 2849 1935 2905 fece-

353 2949 436 2995 rat
471 2942 626 3010 quas‘i
673 2940 952 2996 catenulas
1002 2941 1058 2996 in
1109 2941 1347 3006 oraculo,
1381 2950 1437 2998 et
1464 2943 1806 3014 superposuit
1840 2958 1934 3000 eas

349 3031 618 3100 capitibus
652 3032 1049 3087 columnarum.
1091 3030 1310 3100 Species
1350 3048 1584 3102 namque
1617 3043 1932 3089 catenarum

348 3129 402 3174 ct
431 3120 725 3176 similitudo
748 3123 880 3175 retis
909 3121 964 3175 in
992 3121 1257 3190 capitellis
1292 3122 1523 3176 varietas
1555 3131 1640 3177 est
1673 3123 1931 3178 virtutum

350 3212 713 3282 spiritualium
747 3212 798 3264 in
826 3212 1052 3276 sanctis,
1082 3210 1149 3266 de
1189 3227 1294 3282 qua
1332 3212 1560 3268 Domino
1593 3222 1845 3269 cantatur
1879 3214 1934 3268 in
1961 3191 2007 3254 Ο

353 3301 573 3369 psalmis
594 3299 801 3355 :Astitit
819 3301 995 3370 regina
1016 3318 1047 3354 a
1059 3301 1254 3356 dextris
1269 3302 1372 3356 tuis
1388 3303 1441 3355 in
1457 3303 1642 3356 vestitu
1657 3302 1934 3371 deaurato,

352 3391 683 3444 circumdata
709 3391 959 3446 varietate
983 3391 1318 3446 diversorum
1344 3391 1732 3448 charismatum
1763 3391 1934 3463 (Psal.

357 3477 521 3550 κων).
570 3478 669 3534 Vel
716 3489 866 3535 certe
910 3479 1186 3550 multiplex
1224 3482 1496 3538 contextio
1535 3491 1849 3537 catenarum
1886 3491 1942 3537 et

357 3570 490 3622 retis
515 3568 775 3637 expansio
813 3567 1132 3624 multifarias
1172 3569 1464 3624 electorum
1511 3587 1769 3641 personas
1810 3573 1941 3628 insi-

329 3669 484 3715 umat
519 3676 683 3730 :qute
704 3676 827 3716 eum
855 3661 1038 3716 verbis
1075 3668 1387 3716 sanctorum
1423 3663 1838 3731 praedicatorum
1879 3663 1942 3717 ﬁ-

354 3753 548 3808 dciiter
575 3753 930 3809 auscultando
951 3761 1112 3824 atque
1131 3753 1430 3809 obcdiendo
1456 3754 1754 3819 adhterent,
1785 3756 1940 3824 quasi

355 3843 725 3898 t-ohimnarum
752 3843 1016 3913 capitibus
1043 3844 1299 3914 apposita:
1327 3844 1458 3899 retis
1478 3853 1532 3899 et
1553 3845 1811 3900 catenulee
1842 3845 1943 3900 mi-

361 3937 599 3991 t'uculttm
624 3952 734 3992 sua:
762 3937 1114 3992 connexionis
1140 3939 1350 3994 cunctis
1378 3941 1779 4009 aspectantibus
1807 3955 1944 4008 prae-

358 4028 501 4082 bent.
549 4026 785 4099 Septena
814 4030 1030 4098 quidem
1053 4047 1304 4086 versuum
1329 4033 1584 4088 retiacula
1613 4034 1666 4088 in
1693 4034 1944 4103 capitello

359 4134 494 4185 uno,
525 4129 580 4175 et
609 4129 831 4192 septena
869 4122 1127 4177 retiacula
1174 4123 1228 4177 in
1269 4123 1519 4193 capitello
1559 4124 1728 4179 altero
1765 4133 1940 4180 erant.

361 4213 679 4281 Septenaria
730 4229 964 4284 namque
1017 4229 1246 4270 numero
1297 4216 1531 4286 Spiritus
1583 4219 1756 4272 sancti
1812 4218 1947 4273 solet

358 4301 532 4369 pratia
563 4301 854 4374 designari,
870 4301 1078 4359 Joanne
1099 4313 1386 4361 attestante
1408 4307 1459 4361 in
1479 4307 1821 4379 Apocalypsi.
1843 4308 1944 4375 Qui

360 4409 484 4446 cum
510 4393 708 4448 vidisse
734 4409 794 4450 se
820 4395 1026 4451 diceret
1056 4411 1249 4467 agnum
1279 4399 1566 4454 habentem
1611 4416 1813 4457 cornua
1857 4417 1945 4456 se-

361 4493 527 4552 ptem,
567 4493 623 4540 et
655 4485 842 4542 oculos
870 4496 1096 4557 septem,
1132 4503 1256 4543 mox
1275 4492 1594 4559 exponendo
1621 4491 1898 4560 subiunxit
1927 4513 1940 4548 :

364 4575 466 4640 Qui
491 4586 613 4630 sunt
633 4587 825 4647 septem
849 4579 1062 4646 spiritus
1098 4578 1195 4631 Dei
1221 4580 1365 4632 missi
1411 4580 1466 4634 in
1506 4582 1798 4635 universam
1835 4595 1941 4637 ter-

359 4683 475 4720 ram
499 4664 682 4739 (Apoc.
705 4665 782 4739 v).
837 4666 990 4734 Quod
1025 4669 1283 4736 propheta
1317 4669 1482 4724 Isaias
1509 4671 1746 4738 apertius
1779 4674 1945 4743 expli-

361 4767 468 4824 cat,
499 4772 622 4812 cum
652 4757 719 4813 de
748 4759 1022 4813 nascituro
1049 4757 1104 4812 in
1133 4773 1295 4813 carne
1321 4759 1548 4815 Domino
1582 4759 1846 4829 loquens:
1873 4763 1942 4817 Et

361 4852 660 4920 requiescet,
689 4850 880 4921 inquit,
907 4867 1063 4921 super
1085 4866 1202 4904 eum
1231 4851 1443 4921 spiritus
1467 4851 1696 4917 Domini,
1727 4854 1943 4922 spiritus

363 4941 650 5008 sapientia},
669 4951 716 4995 et
737 4941 1049 5006 intellectus,
1064 4941 1279 5010 spiritus
1303 4941 1507 4994 consilii
1527 4951 1573 4994 et
1597 4941 1974 5010 fortitudinis,

362 5029 576 5098 spiritus
596 5030 827 5085 scientia:
849 5039 900 5084 et
921 5031 1148 5100 pietatis,
1171 5039 1218 5083 et
1247 5029 1456 5099 replebit
1483 5047 1600 5084 eum
1638 5031 1853 5100 spiritus
1884 5033 1947 5084 ti-

364 5120 523 5184 moris
546 5118 759 5174 Domini
782 5119 936 5193 (Isai.
965 5119 1062 5192 χι).
1117 5119 1349 5190 Septena
1394 5136 1524 5192 ergo
1564 5137 1815 5176 versuum
1862 5137 1948 5176 re-

367 5208 562 5264 tiacula
589 5217 747 5263 erant
771 5210 826 5264 iu
855 5209 1101 5279 capitello
1128 5219 1378 5280 utroque,
1402 5212 1526 5280 quia
1552 5220 1732 5280 patres
1749 5212 1949 5266 utrius-

365 5317 473 5372 que
487 5301 819 5358 Testamenti
841 5318 940 5372 per
965 5303 1194 5373 gratiam
1224 5303 1381 5358 unius
1406 5303 1753 5373 ejusdemque
1779 5305 1948 5373 Spiri-

367 5403 453 5448 tus
477 5391 824 5465 scptiformis,
857 5401 916 5448 ut
937 5393 1313 5462 essentelecti,
1335 5404 1674 5464 acceperunt.
1721 5397 1787 5449 Et
1824 5413 1947 5466 per-

366 5487 494 5543 t'eeit
520 5487 802 5544 columnas
827 5495 884 5542 et
911 5487 1044 5542 duos
1073 5487 1291 5542 ordines
1329 5503 1428 5558 per
1461 5487 1745 5542 circuitum
1781 5489 1946 5542 retia-

365 5578 608 5634 culorum
634 5578 987 5650 singulorum,
1017 5587 1078 5633 ut
1108 5588 1350 5649 tegerent
1376 5580 1643 5650 capitella.
1694 5581 1810 5634 Duo
1838 5582 1951 5650 qui-

367 5667 489 5719 dem
519 5668 739 5725 ordines
764 5679 924 5726 erant
949 5669 1328 5725 retiaculorum
1366 5670 1421 5723 in
1443 5687 1574 5741 gyro
1604 5671 1857 5741 capitelli,
1891 5682 1951 5727 ut

372 5771 588 5814 rursum
625 5760 682 5817 in
721 5763 957 5836 seipsum
997 5765 1154 5836 quasi
1189 5763 1388 5820 circulo
1415 5763 1555 5819 facto
1586 5765 1803 5819 rediret.
1843 5766 1950 5821 Nec

1969 4543 2021 4602 D

983 355 1044 409 B.
1087 353 1340 408 RABANI
1381 352 1599 410 MAURI
1636 352 1956 409 ARClllEP.
1999 354 2310 412 MOGUNT.
2352 355 2638 413 OPERUM
2673 355 2856 412 PARS
2892 357 2933 410 l.

3509 357 3616 413 456

2030 469 2198 540 ﬁgura
2225 474 2551 528 sacramenti
2580 473 2634 527 in
2656 474 2972 529 abscondito
3004 482 3108 540 est,
3145 490 3315 544 quare
3343 476 3452 530 duo
3475 480 3624 531 ordi-

2031 577 2128 616 nes
2153 562 2264 616 sint
2285 563 2690 630 reti-acutorum,
2728 578 2852 618 cum
2893 571 3106 619 constet
3148 566 3377 635 geminat
3423 569 3631 622 discre-

2029 653 2192 708 tionis
2216 667 2339 709 esse
2364 653 2623 708 virtutem
2649 653 2975 720 dilectionis,
2997 656 3213 724 quando
3242 656 3498 710 videlicet
3528 657 3633 710 Do-

2029 743 2236 798 minum
2271 761 2337 800 ex
2370 753 2484 800 toto
2512 745 2692 809 corde,
2734 753 2849 801 tota
2871 747 3072 810 anima,
3106 756 3220 801 tota
3243 749 3464 811 virtute,
3499 764 3631 817 pio-

2030 835 2521 907 ximum‘tanquam
2552 837 2800 908 nosipsos
2825 853 3013 893 amare
3050 840 3398 910 praecipimur
3442 840 3632 911 (Deut.

2030 931 2128 1004 γι).
2187 930 2294 987 Sed
2337 941 2566 1003 uterque
2599 932 2730 985 ordo
2777 931 2867 984 ille
2912 942 3115 999 septem
3163 932 3326 985 habet
3369 947 3634 986 versuum

2032 1021 2315 1086 retiacula,
2342 1022 2468 1090 quia
2497 1036 2598 1076 nec
2621 1023 2763 1076 Deus
2791 1021 2995 1091 absque
3025 1023 3198 1090 gratia
3231 1021 3469 1091 Spiritus
3503 1038 3633 1076 san-

2032 1114 2104 1170 cti
2132 1121 2312 1183 potest
2340 1113 2534 1179 amari,
2571 1127 2673 1168 nec
2709 1114 3010 1182 proximus.
3069 1113 3236 1169 Facta
3278 1125 3408 1168 sunt
3446 1123 3633 1168 autem

2033 1204 2293 1259 retiacula
2314 1206 2449 1270 haec,
2472 1213 2532 1258 ut
2561 1211 2805 1276 tegerent
2827 1204 3101 1274 capitella,
3125 1205 3228 1260 hoc
3256 1213 3361 1271 est,
3387 1206 3634 1274 undique

2032 1293 2088 1350 in
2109 1308 2242 1365 gyro
2263 1293 2684 1360 circumdarent,
2720 1294 2849 1364 quia
2877 1293 3055 1349 omnis
3093 1293 3388 1365 Scriptura:
3421 1305 3634 1350 sanctae

2030 1387 2248 1458 pagina,
2295 1402 2420 1443 cum
2467 1395 2618 1443 recte
2659 1387 2998 1450 intelligitur,
3039 1387 3270 1458 gratiam
3310 1401 3410 1457 per
3441 1389 3630 1444 omnia

2033 1478 2313 1534 cbaritatis
2334 1486 2492 1533 sonat
2515 1494 2580 1533 ac
2607 1478 2779 1548 pacis.
2826 1477 3090 1547 Lapitella
3115 1477 3318 1533 etenim
3351 1478 3628 1532 volumina

2033 1569 2335 1624 divinorum
2362 1568 2720 1637 eloquiorum,
2754 1567 3014 1622 retiacula
3042 1577 3171 1622 sunt
3189 1568 3404 1623 vincula
3427 1577 3634 1623 mutua:

2033 1660 2355 1714 dilectionis.
2421 1659 2488 1713 Et
2532 1658 2810 1713 retiaculis
2863 1667 3115 1729 teguntur
3160 1658 3410 1730 capitella
3437 1699 3452 1724 ,
3503 1675 3632 1714 cmn

2037 1764 2192 1804 sacra
2226 1748 2460 1819 eloquia,
2495 1756 2547 1803 ut
2585 1748 2660 1802 ita
2687 1747 2936 1812 dixerim,
2980 1748 3122 1802 dono
3153 1749 3438 1804 charitatis
3466 1750 3630 1804 undi-

2034 1854 2139 1908 que
2162 1839 2464 1908 probantur
2487 1853 2608 1893 esse
2626 1837 2846 1892 vestita.
2892 1836 3030 1892 Nam
3064 1846 3120 1893 et
3159 1839 3211 1892 in
3256 1839 3358 1904 eis,
3409 1854 3534 1908 qum
3578 1840 3631 1894 in

2035 1929 2332 2000 Seripturis
2359 1944 2466 1984 non
2495 1929 2864 1998 intelligimus,
2892 1930 3134 1986 cbaritas
3164 1930 3316 1996 latet,
3349 1941 3407 1987 et
3443 1933 3499 1986 in
3526 1933 3631 1998 eis,

2033 2036 2152 2092 qum
2177 2021 2546 2093 intelligimus,
2573 2021 2816 2076 cbaritas
2835 2021 2942 2076 late
2967 2031 3135 2092 patet.
3181 2025 3324 2079 Bene
3344 2035 3534 2080 autem
3563 2029 3634 2081 de

2031 2113 2234 2169 eisdem
2250 2113 2524 2168 retiaculis
2543 2113 2656 2168 sive
2680 2114 2947 2183 capitellis
2963 2113 3298 2186 adjungitur:
3329 2116 3464 2182 Qua:
3478 2129 3632 2172 erant

2033 2221 2189 2275 super
2201 2205 2555 2258 summitatem
2566 2203 3072 2274 malogranatorum.
3092 2205 3457 2278 Malogranata
3475 2224 3636 2261 nam-

2034 2310 2159 2364 que,
2196 2309 2426 2364 quorum
2465 2301 2663 2347 natura
2698 2301 2784 2348 est
2808 2309 2916 2348 uno
2945 2293 3080 2350 foris
3104 2297 3308 2352 cortice
3335 2297 3508 2351 multa
3544 2297 3633 2350 in-

2034 2385 2204 2439 terius
2239 2397 2405 2455 grana
2432 2382 2794 2448 circumdare,
2827 2391 2950 2453 apte
2991 2384 3046 2439 in
3086 2385 3259 2456 ﬁgura
3293 2397 3495 2441 sancue
3528 2401 3633 2455 po-

2035 2485 2238 2532 nuntur
2258 2475 2536 2542 Ecclesiae,
2559 2491 2680 2545 quae
2710 2476 2977 2532 catholico
2999 2477 3156 2532 unius
3185 2477 3307 2532 ﬁdei
3329 2478 3638 2533 munimine

2035 2569 2319 2624 innumera
2343 2567 2638 2624 electorum
2671 2569 2888 2640 agmina
2929 2569 3066 2625 solet
3096 2569 3390 2626 includere.
3445 2569 3642 2625 Potest

2036 2668 2218 2715 autem
2253 2668 2310 2714 et
2353 2658 2778 2730 uniuscujusque
2813 2660 2918 2715 viri
2964 2662 3132 2716 vitam
3165 2676 3453 2732 moresque
3482 2662 3630 2716 desi-

2035 2771 2223 2826 gnare,
2263 2755 2528 2824 quivelut
2551 2755 2787 2824 plurima
2815 2771 2926 2812 uno
2951 2757 3154 2813 cortice
3181 2773 3368 2830 grana,
3395 2761 3640 2814 circum-

2034 2847 2278 2918 plectens
2299 2845 2440 2902 mala
2462 2848 2847 2918 cogitationum
2871 2851 3239 2920 virtutumque
3260 2851 3631 2922 spiritualium

2036 2938 2287 3008 insignia,
2312 2951 2382 2993 ne
2408 2937 2548 2993 forte
2575 2938 2834 3003 deﬂuant,
2861 2939 3016 2994 ﬁrma
3047 2941 3170 2997 ﬁdei
3210 2951 3267 2997 et
3303 2942 3640 2999 humilitatis
3703 2944 3712 2950 ”

2037 3039 2190 3086 curat
2216 3029 2417 3085 vallare
2443 3030 2709 3085 custodia.
2764 3031 2832 3086 Et
2853 3040 2979 3100 apto
3004 3047 3225 3103 prorsus
3247 3035 3511 3105 mysterio
3544 3050 3642 3089 ca-

2034 3121 2148 3189 pita
2170 3119 2553 3191 malogranatis
2576 3128 2733 3174 erant
2760 3120 2816 3174 in
2842 3137 2976 3192 gyro
2997 3122 3355 3187 circumdata,
3378 3124 3508 3193 quia
3531 3126 3639 3179 do-

2038 3219 2216 3265 ctores
2240 3218 2459 3265 sanctos
2491 3225 2713 3266 necesse
2737 3217 2822 3265 est
2849 3213 3089 3282 priorum
3112 3213 3276 3267 vitam
3296 3213 3538 3268 ﬁdelium
3569 3216 3642 3269 ad

2039 3301 2358 3356 memoriam
2401 3315 2698 3365 revocare,
2743 3316 3040 3373 eorumque
3097 3318 3311 3374 semper
3367 3306 3646 3375 exemplis

2037 3399 2190 3445 actus
2215 3406 2340 3445 suos
2363 3406 2427 3446 ac
2442 3405 2719 3446 sermones
2737 3408 2806 3447 ex
2825 3400 2980 3461 parte
2993 3393 3140 3447 omni
3153 3395 3514 3458 communire,
3545 3411 3640 3460 ne,

2039 3479 2083 3533 si
2101 3477 2240 3534 forte
2255 3479 2432 3545 aliter,
2446 3495 2607 3550 quam
2623 3480 2837 3535 illorum
2856 3482 3021 3536 habet
3045 3482 3250 3553 regula,
3275 3484 3518 3538 vixerint
3544 3494 3648 3539 aut

2041 3570 2341 3636 docuerint,
2355 3580 2558 3626 errent.
2574 3571 2707 3627 Cum
2727 3586 2855 3628 vero
2873 3572 3075 3628 dictum
3093 3575 3164 3628 sit
3180 3574 3244 3628 de
3258 3575 3558 3642 retiaculis,
3582 3587 3648 3632 ut

2041 3668 2284 3730 tegerent
2297 3662 2567 3730 capitella,
2582 3679 2701 3733 qua:
2716 3675 2871 3718 erant
2884 3679 3046 3735 super
3057 3667 3425 3722 summitatem
3455 3668 3644 3724 malo-

2041 3751 2794 3821 granatorum,videturjuxta
2807 3755 3049 3810 ordinem
3071 3757 3251 3826 operis
3269 3758 3462 3827 Ipsius,
3487 3759 3650 3829 quod

2041 3844 2409 3915 malogranata
2436 3843 2652 3899 fuerunt
2675 3843 2816 3900 facta
2848 3847 2900 3900 in
2931 3847 3158 3902 circuitu
3191 3848 3577 3918 capitellorum
3615 3866 3650 3904 a

2041 3945 2196 4006 parte
2210 3935 2486 4002 inferiore,
2499 3947 2660 4007 atque
2671 3951 2737 3990 ex
2750 3937 2950 3992 eisdem
2967 3937 3349 4008 malogranatis
3360 3939 3656 3994 orirentur

2043 4026 2322 4091 retiacula,
2342 4027 2535 4097 quibus
2555 4025 2804 4096 capitella
2826 4041 2892 4081 ex
2919 4035 3072 4096 parte
3095 4027 3273 4097 aliqua
3296 4037 3652 4097 tegerentur.

2045 4119 2305 4188 Patctque
2321 4118 2491 4189 ﬁgura
2507 4118 2773 4189 mysterii,
2787 4133 2952 4188 quare
2968 4119 3228 4194 retiacula
3241 4135 3404 4189 super
3416 4123 3660 4176 summi-

2049 4221 2213 4266 tatem
2265 4209 2467 4265 fuerint
2523 4209 3018 4281 malogranatorum
3095 4226 3325 4272 annexa,
3384 4227 3515 4280 qua:
3579 4215 3658 4268 ad

2045 4317 2210 4355 unam
2263 4315 2400 4370 pene
2448 4299 2896 4370 signiﬁcationem
2946 4301 3062 4356 sive
3119 4317 3481 4370 personarum
3548 4319 3659 4358 seu

2045 4393 2305 4447 virtutum
2331 4391 2606 4462 pertinent
2624 4392 2967 4462 spiritalium.
2995 4392 3211 4448 Scimus
3237 4393 3380 4448 enim
3405 4393 3664 4451 virtutes

2047 4486 2113 4540 de
2135 4485 2423 4540 virtutibus
2445 4486 2612 4548 nasci,
2647 4494 2702 4539 et
2737 4495 2943 4539 sanctos
2965 4485 3235 4539 ambulare
3261 4485 3325 4538 de
3354 4486 3562 4540 virtute
3601 4489 3664 4542 in

2049 4579 2317 4642 uirtutum,
2343 4579 2504 4631 donec
2533 4578 2771 4631 videatur
2797 4577 2933 4632 Deus
2958 4579 3174 4632 deorum
3213 4580 3268 4632 in
3295 4578 3430 4633 Sion
3459 4578 3662 4649 (Psat.

2051 4669 2279 4740 LXXXIII)
2311 4687 2323 4722 :
2362 4684 2469 4738 qua
2491 4668 2695 4723 virtute
2716 4668 2858 4722 nulla
2883 4677 3061 4737 potest
3090 4667 3265 4737 major
3289 4669 3455 4723 adiri.
3483 4671 3666 4727 Unde

2052 4768 2108 4814 et
2131 4759 2420 4829 Apostolus
2454 4779 2466 4814 :
2500 4758 2756 4824 Scientes,
2810 4760 3003 4828 inquit,
3051 4760 3176 4831 quia
3224 4759 3504 4815 tribulatio
3557 4783 3671 4834 pa-

2052 4853 2287 4906 tientiam
2312 4862 2576 4922 operatur,
2610 4853 2862 4922 patientia
2897 4862 3072 4906 autem
3099 4854 3486 4924 probationem,
3522 4876 3670 4927 pro-

2051 4942 2193 4996 batio
2219 4960 2335 4996 vero
2363 4959 2504 5012 spem
2531 4942 2708 5012 (Rom.
2730 4943 2806 5014 v).
2837 4943 3098 5012 Capitella
3129 4953 3306 4998 autem
3334 4960 3462 5013 qua:
3489 4962 3677 5007 erant

2050 5047 2213 5101 super
2233 5033 2410 5100 capita
2453 5031 2852 5097 columnarum,
2881 5033 3037 5101 quasi
3062 5049 3226 5102 opere
3251 5034 3345 5087 lilii
3371 5036 3673 5094 fabricata

2049 5131 2208 5177 erant
2236 5125 2287 5177 in
2315 5125 2528 5192 porticu
2572 5133 2803 5193 quatuor
2839 5127 3163 5180 cubitorum.
3202 5126 3338 5193 Quid
3371 5129 3529 5182 enim
3562 5149 3680 5202 per

2054 5213 2184 5278 lilia,
2216 5215 2320 5270 nisi
2350 5231 2597 5285 superna:
2637 5215 2897 5271 claritatis
2927 5217 3126 5287 patria,
3163 5227 3325 5286 atque
3349 5217 3677 5277 immorta-

2054 5306 2222 5361 litatis
2247 5307 2466 5362 ﬁoribus
2509 5308 2756 5362 redelens
2795 5307 3033 5378 paradisi
3063 5309 3374 5378 designatur
3405 5315 3682 5370 amoeni-

2057 5397 2172 5451 tas?
2232 5397 2371 5462 Quid
2426 5413 2524 5466 per
2574 5408 2806 5466 quatuor
2852 5400 3087 5465 cubitos,
3138 5399 3242 5453 nisi
3294 5403 3685 5470 evangelicus

2058 5504 2252 5552 sermo,
2281 5489 2370 5557 qui
2411 5489 2688 5543 introitum
2734 5489 2888 5543 nobis
2917 5498 3131 5543 aiternae
3161 5489 3303 5544 illius
3352 5491 3689 5554 beatitudi-

2057 5581 2143 5637 nis
2184 5581 2470 5649 promittit,
2526 5589 2582 5634 ct
2631 5581 2753 5646 iter,
2809 5596 2916 5650 quo
2963 5581 3030 5634 ad
3083 5583 3223 5636 hanc
3269 5585 3688 5656 perveniatur,

2057 5674 2328 5729 ostendit?
2359 5673 2490 5728 Cum
2521 5691 2648 5742 ergo
2679 5675 2849 5729 sancti
2891 5673 3143 5729 doctores
3170 5674 3436 5743 promissa
3495 5684 3691 5741 nobis

2059 5765 2258 5818 lumina
2305 5766 2452 5835 regni
2504 5767 2743 5822 caelestis
2784 5768 2835 5821 in
2887 5779 3117 5838 quatuor
3163 5768 3437 5840 Evangelii
3496 5773 3688 5836 libris
