3870 6146
212 347 311 404 ‘37

1100 342 1452 404 COMMENT.
1494 347 1560 402 IN
1598 307 2150 404 PARALIPOMENA.
2194 380 2261 389 -
2297 349 2426 404 LlB.
2462 349 2549 405 ιιι.

3363 354 3467 410 458

209 462 525 526 ostendunt,
560 461 714 530 quasi
742 461 919 528 capita
945 461 1315 518 columnarum
1342 478 1478 532 opus
1518 463 1573 517 in
1604 479 1664 519 se
1692 462 1786 516 lilii
1813 463 1866 523 Α
1892 462 2112 534 Mystice
2138 471 2315 518 autem
2341 465 2481 520 sicut
2507 466 2873 521 centenarium
2906 482 3185 521 numerum
3219 467 3462 536 praedixi-

210 563 446 623 quatuor
469 550 778 606 cubitorum
829 551 1105 605 exhibent.
1147 550 1247 606 Ubi
1288 553 1606 618 notandum,
1633 552 1787 622 juxta

209 641 474 705 litteram,
496 641 624 709 quia
643 656 768 695 cum
788 656 925 710 opus
948 640 1046 694 lilii
1075 641 1130 695 in
1155 642 1421 710 eapitellis
1445 652 1678 711 quatuor
1697 658 1793 696 eu-

211 732 448 788 bitorum
477 746 601 786 esse
628 740 984 796 memoratur,
1016 747 1192 802 neque
1223 732 1462 796 additur,
1497 731 1791 794 latitudinis

213 829 304 875 aut
321 820 643 885 altitudinis,
669 820 886 874 lectoris
926 820 1111 889 utique
1132 821 1358 890 judicio,
1381 829 1564 874 utrum
1595 822 1649 875 in
1671 820 1793 876 alti-

215 912 416 976 tudine,
471 926 542 965 an
583 910 642 965 in
675 910 956 965 latitudine
998 911 1221 983 intelligi
1276 913 1489 977 debeat,
1543 913 1791 968 relictum

214 1010 310 1057 est.
355 1001 586 1057 Constat
611 1011 788 1057 autem
833 1003 1038 1072 absque
1071 1003 1178 1056 ulla
1216 1017 1439 1072 prorsus
1468 1004 1744 1060 dubietate
1773 1022 1787 1058 :

212 1094 333 1162 quia
361 1093 636 1158 columna,
667 1108 829 1161 quam
856 1093 1138 1148 duodecim
1161 1095 1465 1149 cubitorum
1491 1095 1654 1149 restis
1676 1110 1793 1149 amo

212 1186 390 1239 biebat
413 1226 431 1252 ,
501 1193 736 1255 quatuor
801 1185 1014 1240 cubitos
1079 1185 1313 1241 habebat
1388 1185 1786 1257 grossitudinis.

209 1277 397 1332 Omnis
425 1278 573 1331 enim
621 1277 858 1332 circulus
903 1286 1164 1347 quantum
1195 1279 1361 1334 habet
1403 1279 1562 1349 spatii
1589 1279 1643 1333 in
1677 1279 1791 1334 dia-

209 1375 402 1429 metro,
455 1374 668 1420 tantum
716 1367 882 1421 habet
936 1377 1020 1422 ter
1072 1370 1124 1421 in
1162 1384 1314 1440 gyro.
1360 1369 1602 1440 Denique
1640 1387 1791 1426 mare

208 1473 438 1521 a-ncum,
470 1457 598 1526 quia
628 1458 947 1512 diametrum
979 1459 1213 1515 habebat
1240 1461 1426 1515 decem
1462 1461 1789 1529 cubitorum,

209 1547 348 1598 utin
396 1547 751 1616 sequentibus
824 1548 1036 1619 legitur,
1105 1560 1501 1620 consequenter
1552 1551 1790 1608 habebat

209 1639 428 1708 triginta
460 1639 672 1695 cubitos
716 1640 768 1694 in
812 1657 963 1711 gyro.
997 1643 1199 1696 Verum
1225 1645 1369 1712 quod
1398 1645 1612 1712 dicitur,
1653 1662 1790 1718 opus

211 1728 305 1782 lilii
335 1739 574 1798 quatuor
605 1729 772 1786 fuisse
797 1731 1126 1798 cubitorum,
1163 1734 1276 1790 sive
1304 1734 1663 1803 latitudinem,
1693 1754 1788 1794 seu

1891 566 2011 606 mus
2053 561 2310 607 aeternam
2354 552 2741 609 beatitudinem
2775 554 3024 626 ﬁgurare,
3056 564 3112 610 et
3137 556 3460 610 ducenteua—

1891 644 2030 698 rium
2043 643 2331 712 utriusque
2346 642 2676 700 Testamenti
2701 646 2923 715 populos
2955 646 3151 700 ibidem
3170 645 3223 701 in
3246 645 3467 701 Christo

1890 733 2224 798 adunandus,
2249 736 2322 788 ita
2358 745 2414 791 et
2443 752 2583 790 nunc
2609 744 2894 802 testamur,
2925 753 3022 806 per
3048 738 3465 808 quadringente-

1889 825 2102 879 narium
2151 835 2383 893 quatuor
2438 825 2727 896 Evangelia
2781 827 3024 882 eamdem
3078 826 3462 881 beatitudinem

1889 914 2136 969 omnibus
2182 915 2285 969 rite
2327 914 2382 970 in
2431 914 2598 969 Deum
2644 915 2991 970 credentibus
3035 923 3091 970 et
3117 915 3259 970 hanc
3301 915 3464 972 ﬁdem

1888 999 2045 1056 bonis
2087 1001 2340 1071 operibus
2376 1017 2550 1072 usque
2595 1002 2650 1056 in
2691 1003 2852 1056 ﬁnem
2889 1003 3013 1057 vitm
3058 1003 3322 1074 condigne
3350 1019 3465 1059 ser-

1887 1091 2139 1146 vantibus
2169 1092 2454 1160 spondere,
2489 1107 2519 1146 a
2560 1093 2826 1147 bonorum
2851 1094 3090 1148 omnium
3129 1093 3385 1165 largitore
3409 1095 3463 1148 in

1891 1181 2098 1238 caelesti
2126 1197 2292 1253 regno
2318 1183 2679 1238 tribuendam.
2706 1183 2778 1238 Et
2798 1186 3005 1255 statuit,
3038 1185 3236 1256 inquit,
3259 1184 3463 1240 colum-

1891 1292 1985 1329 nas
2037 1275 2171 1328 duas
2216 1275 2272 1328 in
2300 1275 2503 1346 porticu
2533 1274 2729 1347 templi.
2772 1274 2906 1330 Cum
2953 1277 3235 1332 statuisset
3255 1277 3460 1332 colum-

1890 1381 2016 1420 nam
2043 1365 2341 1430 dexteram,
2366 1366 2576 1420 vocavit
2603 1381 2721 1420 eam
2750 1366 2967 1421 nomine
2987 1365 3203 1432 Jac/lin,
3227 1369 3328 1422 hoc
3357 1378 3458 1430 est,

1888 1455 2131 1524 ﬁrmitas.
2184 1456 2447 1511 Similiter
2495 1457 2671 1513 erexit
2709 1457 3016 1512 columnam
3059 1459 3375 1523 secundam,
3411 1471 3465 1514 et

1888 1548 2103 1604 vocavit
2158 1564 2356 1604 nomen
2424 1549 2539 1620 ejus
2593 1548 2770 1615 Booz,
2820 1549 2924 1605 hoc
2973 1559 3090 1615 est,
3144 1551 3198 1604 in
3259 1550 3462 1604 robore.

1890 1642 2121 1697 Dextera
2165 1642 2436 1707 columna,
2464 1649 2526 1696 ut
2561 1657 2724 1711 supra
2752 1641 3008 1707 diximus,
3040 1641 3253 1696 illorum
3283 1641 3464 1711 expri-

1890 1731 1989 1786 mit
2021 1731 2244 1803 ﬁguram
2275 1731 2576 1796 doctorum,
2607 1730 2699 1799 qui
2729 1730 3062 1800 primitivam
3105 1730 3159 1785 in
3210 1729 3465 1786 Hieroso-

209 1819 459 1887 dcsignet
516 1819 872 1883 altitudinem,
929 1822 1281 1878 nihilominus
1326 1826 1465 1880 ratio
1506 1828 1790 1896 perspicua
1819 1803 1866 1863 B
1893 1820 2052 1892 limis
2078 1821 2360 1875 inSlitllel‘e
2399 1819 2733 1885 ECCleSiam;
2768 1821 3002 1874 Secunda
3038 1833 3247 1885 Θοΐιιῐηι
3275 1819 3367 1889 (Illi
3397 1821 3464 1872 3"

211 1918 312 1973 est,
345 1910 476 1980 quia
528 1926 637 1964 non
685 1912 790 1966 nisi
835 1927 930 1981 per
978 1913 1352 1987 Evangelium,
1389 1919 1794 1986 exoptatissima

213 2000 298 2054 illa
329 2017 432 2056 vox
467 2002 705 2057 insonuit
735 2020 748 2055 :
784 2003 1152 2059 Paenitentiam
1181 2007 1338 2076 agite,
1363 2009 1796 2080 appropinquabit

211 2087 345 2138 enim
385 2096 601 2156 regnum
627 2087 872 2141 malorum
905 2089 1120 2158 (Matth.
1151 2091 1256 2162 ιιι).
1283 2091 1435 2158 Quod
1466 2109 1594 2149 vero
1615 2095 1797 2165 sequi—

214 2185 300 2228 tur
330 2194 344 2229 :
380 2176 449 2230 Et
477 2171 686 2231 rursum
716 2177 824 2232 alia
847 2179 1087 2248 capitella
1112 2181 1168 2234 in
1193 2184 1492 2238 summitate
1522 2183 1796 2239 columna-

213 2285 325 2320 rum
357 2269 584 2338 desuper
598 2270 760 2338 juxta
786 2287 1085 2326 mensuram
1119 2272 1376 2329 columna:
1414 2285 1598 2330 contra
1631 2277 1792 2332 retia-

210 2358 351 2423 cula,
374 2357 532 2426 juxta
557 2374 865 2414 mensuram
888 2361 1152 2417 columnae
1187 2364 1320 2419 dicit
1348 2373 1512 2421 tantae
1539 2366 1792 2436 amplitu-

214 2448 369 2513 dinis,
393 2459 598 2517 quanta
637 2460 757 2504 erat
782 2459 838 2505 et
862 2451 1128 2506 columna.
1154 2452 1320 2522 Cujus
1355 2461 1539 2510 tamen
1567 2455 1793 2512 altitudo

212 2546 409 2604 quanta
437 2540 618 2604 fuerit,
643 2539 863 2596 minime
884 2550 1159 2596 narratur.
1191 2543 1322 2611 Quae
1346 2545 1532 2611 etiam,
1557 2555 1616 2601 ut
1643 2561 1790 2614 reor,

214 2644 451 2698 pizcsens
481 2629 711 2684 historia
737 2632 791 2684 in
821 2634 1190 2702 sequentibus,
1239 2635 1332 2690 ubi
1367 2635 1631 2691 facturam
1658 2646 1793 2691 tem-

214 2719 282 2788 pli
315 2735 413 2788 per
456 2720 697 2789 singulas
728 2722 935 2790 species
980 2732 1282 2790 enumerat,
1317 2719 1563 2798 epistylia
1613 2726 1790 2782 nomi-

223 2817 328 2862 nat.
360 2808 470 2863 Sed
518 2811 634 2865 hiec
662 2811 906 2881 capitella
929 2814 1324 2884 qualiacunque
1356 2824 1410 2871 et
1453 2826 1790 2885 quantacun-

216 2914 317 2966 que
346 2899 549 2953 fuerint
573 2905 698 2968 (non
729 2902 870 2956 enim
903 2918 1156 2960 mensura
1198 2919 1386 2960 eorum
1421 2916 1609 2976 aperte
1638 2907 1787 2963 Scri-

217 2997 363 3056 ptura
386 2989 656 3059 designat)
682 3007 828 3046 more
848 2993 1082 3048 liliorum
1105 2996 1356 3051 videntur
1377 3013 1499 3053 esse
1519 3000 1785 3069 apposita.

218 3079 287 3133 De
319 3096 548 3148 quorum
598 3083 804 3138 factura
829 3085 872 3140 si
899 3086 1027 3154 quid
1056 3088 1340 3158 mysticum
1375 3089 1650 3159 inquirere
1691 3092 1787 3148 de-

215 3170 392 3236 lectat,
431 3173 576 3228 illam
608 3177 757 3244 regni
783 3179 1037 3246 perennis
1064 3181 1448 3238 sublimitatem
1473 3193 1652 3254 potest
1680 3200 1786 3240 non

216 3261 509 3334 incongrue
531 3265 834 3336 designare,
870 3269 995 3339 quia
1019 3287 1112 3324 nec
1141 3272 1324 3328 oculus
1352 3274 1502 3342 vidit,
1529 3293 1622 3330 nec
1643 3292 1787 3330 auris

214 3361 433 3425 audivit,
466 3377 560 3414 nec
602 3361 655 3414 in
689 3378 780 3415 cor
808 3363 1030 3418 hominis
1053 3366 1308 3433 ascendit,
1328 3384 1444 3438 quia
1471 3371 1791 3440 prwparaoit

214 3452 351 3506 Deus
397 3453 734 3523 diligentibus
762 3471 816 3508 se
842 3455 894 3527 (I
921 3455 1044 3510 Cor.
1076 3456 1161 3530 ιι).
1203 3459 1403 3515 Verum
1437 3461 1564 3530 quia
1598 3463 1789 3518 eadem

215 3560 571 3615 supernorum
613 3547 844 3602 societas
873 3548 1070 3603 civium
1096 3550 1375 3620 utriusque
1413 3552 1593 3623 populi
1618 3553 1792 3610 ﬁdeli-

215 3636 311 3692 bus
357 3637 643 3704 tribuitur,
685 3647 832 3695 recte
863 3640 1205 3714 subjungitur
1250 3661 1264 3696 :
1299 3643 1789 3715 Malogranatorum

215 3739 382 3783 autem
429 3731 642 3784 ducenti
683 3731 891 3787 ordines
934 3743 1083 3787 erant
1110 3735 1166 3789 in
1203 3734 1425 3788 circuitu
1452 3737 1678 3806 capitelli
1711 3754 1790 3793 se-

217 3823 388 3876 cundi.
420 3823 669 3878 Diximus
707 3825 874 3890 enim,
899 3825 1264 3898 malogranata
1291 3827 1373 3882 vel
1400 3829 1564 3884 totius
1591 3839 1791 3885 sanctae

218 3912 484 3977 Ecclesize,
514 3913 596 3967 vel
619 3915 952 3986 singulorum
972 3932 1308 3988 quorumque
1335 3917 1572 3973 ﬁdelium
1603 3927 1786 3990 typum

218 4009 414 4056 tenere.
444 4003 801 4059 Centenarius
831 4019 957 4060 vero
988 4022 1266 4074 numerus,
1289 4009 1381 4078 qui
1413 4009 1480 4065 ad
1510 4009 1787 4064 dexteram

220 4108 429 4147 manum
455 4096 720 4164 pervenit,
744 4112 1127 4167 nonnunquam
1170 4099 1225 4153 in
1247 4107 1462 4155 aeternae
1500 4100 1789 4156 beatitudi-

221 4183 298 4236 nis
340 4184 512 4253 ﬁgura
561 4185 688 4254 poni
739 4188 1036 4243 consuevit.
1087 4189 1400 4258 Duplicatur
1455 4199 1640 4245 autem
1694 4191 1786 4246 hic

223 4287 466 4328 numerus
519 4274 1010 4346 malagranatorum
1061 4278 1115 4334 in
1145 4280 1374 4334 circuitu
1415 4280 1654 4351 capitelli
1695 4295 1785 4336 se-

225 4363 390 4428 cundi,
417 4374 476 4419 ut
509 4365 813 4422 insinuetur
840 4368 1178 4438 mysterium,
1201 4371 1342 4438 quod
1369 4371 1650 4440 utriusque
1681 4371 1784 4428 Te-

1891 1910 2290 1981 praadicandum
2361 1908 2612 1980 gentibus
2657 1907 2913 1963 destinati
2962 1916 3107 1963 sunt.
3162 1907 3256 1964 Vel
3287 1924 3294 1930 '
3321 1917 3467 1963 certe

1892 2002 2083 2056 dextra
2106 2000 2354 2055 columna
2376 2013 2470 2055 eos
2510 1998 2780 2069 signiﬁcat
2800 1999 2890 2068 qui
2911 2009 3196 2054 venturum
3225 1999 3279 2055 in
3300 2015 3467 2055 carne

1892 2091 2181 2147 Dominum
2230 2090 2600 2161 prophetando
2641 2091 3039 2159 praedixerant:
3066 2091 3300 2147 secunda
3345 2093 3468 2148 illos

1892 2183 1985 2254 qui
2009 2183 2153 2238 hunc
2171 2180 2282 2251 jam
2325 2183 2559 2248 venisse,
2587 2191 2643 2238 et
2671 2184 2928 2239 mun‘dum
2971 2199 3069 2239 suo
3093 2185 3356 2256 sanguine
3382 2202 3466 2242 re-

1890 2273 2125 2328 demisse
2171 2279 2459 2328 testantur.
2509 2272 2578 2327 Et
2621 2279 2744 2342 apte
2787 2272 2952 2327 simili
2997 2271 3258 2328 vocabulo
3292 2275 3465 2329 ambae

1891 2364 2253 2420 censebantur
2275 2361 2560 2429 columnae,
2587 2375 2708 2418 cum
2731 2377 2860 2427 una,
2887 2361 3111 2432 ﬁrmitas
3137 2380 3157 2428 ,-
3187 2361 3380 2428 altera,
3405 2365 3460 2417 in

1892 2453 2094 2518 robore,
2145 2453 2287 2509 dicta
2327 2461 2412 2508 est
2455 2470 2468 2506 :
2501 2461 2562 2507 ut
2589 2467 2696 2507 una
2727 2451 2850 2506 ﬁdei
2879 2461 2936 2505 et
2979 2451 3159 2522 operis
3207 2451 3464 2507 fortitudo

1889 2543 2099 2599 cunctis
2133 2544 2311 2599 inesse
2359 2543 2670 2598 doctoribus
2722 2549 3137 2608 monstraretur,
3187 2543 3466 2611 nostrique

1891 2635 2151 2704 temporis
2188 2635 2384 2690 inertia
2443 2634 2606 2689 tacite
2653 2643 2936 2689 notaretur
2966 2649 2980 2686 :
3011 2634 3102 2688 ubi
3139 2649 3197 2688 se
3223 2632 3466 2688 nonnulli

1891 2725 2138 2781 doctores
2167 2725 2476 2780 sacerdotes
2522 2733 2577 2779 et
2609 2723 2889 2780 columnas
2932 2723 3123 2779 domus
3167 2723 3262 2780 Dei
3290 2720 3464 2777 videri

1890 2821 2055 2883 atque
2083 2813 2336 2884 appellari
2361 2813 2569 2880 volunt,
2600 2827 2723 2868 cum
2763 2813 2837 2867 nil
2867 2813 2919 2868 in
2960 2827 3019 2868 se
3042 2826 3270 2882 prorsus
3295 2811 3473 2865 ﬁrma).

1890 2905 2014 2960 ﬁdei
2042 2905 2111 2960 ad
2139 2905 2560 2960 contemnendas
2583 2903 2762 2958 saeculi
2795 2918 3038 2974 pompas,
3069 2917 3134 2957 ac
3153 2901 3466 2959 desideran-

1891 2995 1960 3050 da
2000 2996 2140 3050 bona
2169 2994 2485 3059 invisibilia,
2518 2993 2668 3048 nihil.
2684 2993 2918 3048 habeant
2949 2993 3158 3049 roboris
3173 2993 3250 3050 .ad
3290 2992 3462 3048 corri-

1891 3085 2113 3156 gendos,
2142 3085 2218 3140 nil
2241 3085 2518 3142 industria:
2543 3085 2735 3142 saltem
2755 3085 2830 3142 ad
2852 3084 3228 3157 intelligendos
3248 3101 3457 3151 eorum,

1890 3175 2084 3246 quibus
2107 3175 2314 3246 prmlati
2335 3184 2482 3244 sunt,
2512 3190 2729 3233 errores
2751 3216 2768 3234 .

2493 3288 2721 3346 CAPUT
2769 3289 2860 3346 1V.

1890 3379 1969 3435 De
1991 3379 2157 3436 altare
2196 3381 2520 3446 holocausti;
2549 3381 2612 3434 de
2641 3380 2778 3450 mari
2821 3395 2985 3450 teneo,
3013 3388 3062 3433 et
3094 3379 3258 3433 bubus
3304 3397 3461 3450 super

1997 3452 2279 3522 uosipsum
2313 3453 2538 3522 positum
2559 3459 2680 3522 erat
2693 3449 2807 3515 ;.de
2831 3449 3006 3522 decem
3031 3450 3238 3504 concitis
3261 3451 3319 3522 in
3341 3449 3464 3522 qui;

1997 3469 2091 3504 ιιοδ
2109 3469 2279 3522 tpsum
2313 3469 2538 3522 posuum
2565 3469 2807 3515 erat;.ae
2831 3469 3006 3503 aecem
3031 3469 3238 3504 σοησηιδ
3261 3469 3315 3502 ιη
3341 3469 3462 3520 qut:

1961 3469 2056 3575 ius
2083 3519 2320 3575 lavanda?
2347 3531 2497 3575 erant
2545 3520 2763 3584 hostile;
2809 3520 2873 3572 de
2919 3519 3094 3572 decem
3135 3519 3462 3573 candelabris

1963 3590 2135 3644 aureis
2166 3600 2212 3644 et
2267 3591 2446 3644 decem
2477 3591 2704 3653 mensis;
2747 3589 2813 3642 de
2849 3589 3000 3642 atriis
3027 3589 3211 3642 domus
3248 3589 3461 3642 Domini

1963 3669 2020 3714 et.
2055 3660 2383 3714 distinctione
2405 3676 2616 3724 eorum;
2649 3658 2712 3712 de
2745 3658 2960 3728 diversis
2993 3658 3125 3728 vasis
3167 3674 3284 3728 qua:
3306 3658 3460 3726 ﬁnxit

1963 3729 2154 3800 Hiram
2175 3728 2442 3784 Salomoni
2466 3730 2521 3784 in
2547 3731 2755 3800 regione
2777 3727 3049 3800 Jordanis,
3072 3727 3307 3800 fundens
3324 3743 3384 3779 ea
3406 3728 3461 3781 in

1963 3799 2192 3870 argilosa
2219 3809 2377 3853 terra.
2405 3800 2482 3853 De
2502 3797 2659 3852 altari
2697 3814 2881 3870 aureo,
2905 3797 3002 3852 hoc
3025 3797 3459 3870 est,_tl_ty_miama-

1962 3866 2052 3933 tis',
2083 3878 2129 3922 et
2164 3885 2342 3922 mensa
2371 3869 2753 3938 prepositionis,
2805 3878 2958 3938 atque
3005 3866 3320 3938 candelabro.
3343 3881 3466 3938 cum.

1962 3938 2187 3992 lucernis
2231 3935 2380 3999 suis,
2412 3935 2474 3992 etf
2509 3939 2710 3992 caeteris
2736 3935 2881 3991 vasis
2897 3935 3345 3991 ministerialibus.
3385 3935 3463 3990 De

1963 4008 2145 4061 hostiis
2174 4007 2349 4077 templi
2378 4006 2709 4061 interioribus
2737 4004 3173 4062 et‘exterioribus.

1961 4095 2110 4151 Fecit
2137 4113 2340 4168 quoque
2382 4095 2548 4152 altare
2575 4112 2778 4152 teneam
2818 4096 2996 4166 uiginti
3027 4096 3317 4150 cubitorum
3339 4094 3457 4150 lou-

1890 4189 2161 4260 gitudinis,
2194 4198 2254 4243 et
2282 4189 2466 4259 viginti
2510 4188 2802 4244 cubitorum
2846 4186 3164 4253 latitudinis,
3192 4197 3238 4241 et
3282 4187 3457 4240 decem

1890 4277 2184 4333 cubitorum
2213 4276 2526 4332 altitudinis.
2558 4276 2831 4348 Scriptum
2873 4284 2956 4333 est
2984 4277 3040 4331 in
3068 4275 3460 4346 posterioribus

1891 4369 2035 4441 quod
2065 4367 2318 4424 Salomon
2346 4367 2536 4423 fecerit
2557 4369 2739 4423 omnia
2764 4383 2893 4423 vasa
2923 4368 3116 4423 domus
3158 4366 3275 4434 Dei,
3306 4375 3362 4421 et
3381 4355 3458 4420 al;

226 4452 459 4505 stamenti
504 4453 733 4523 populus
771 4454 1083 4511 adunandus
1127 4457 1181 4510 in
1226 4456 1464 4523 Christo,
1515 4466 1675 4528 atque
1710 4461 1778 4516 ad
1807 4497 1861 4556 D
1889 4470 2008 4517 tare
2032 4475 2279 4527 aureum,
2304 4468 2362 4532 et
2394 4474 2609 4516 mensas
2637 4466 2693 4514 et
2723 4473 2885 4531 super
2912 4473 3005 4516 eas
3024 4473 3193 4530 panes
3213 4458 3458 4533 proposi-

229 4548 465 4595 a2ternam
492 4543 617 4597 vitae
656 4544 727 4598 sit
749 4544 1165 4603 introducendus
1192 4562 1469 4603 coronam.
1493 4545 1647 4617 Quod
1682 4565 1782 4604 au-
1807 4543 1856 4556 ”
1881 4553 2070 4622 tionis,
2100 4562 2209 4612 etc.
2237 4553 2302 4608 Et
2347 4552 2566 4623 quidem
2610 4551 2782 4607 altare
2829 4553 3203 4624 thymiamatis
3245 4551 3458 4625 MoySes

231 4637 322 4685 tem
349 4635 545 4689 dicitur
565 4635 619 4689 in
642 4638 1033 4706 posterioribus
1065 4638 1220 4708 hujus
1248 4641 1486 4697 historia:
1512 4642 1663 4706 locis,
1702 4643 1784 4698 in-

230 4729 302 4774 ter
328 4733 517 4780 caztera
558 4742 680 4795 quae
708 4727 991 4784 fabricavit
1019 4729 1204 4784 Hiram
1253 4731 1445 4787 artifex
1479 4735 1589 4804 regi
1623 4734 1780 4790 Salo-

231 4815 356 4867 ιιιοηί
405 4817 457 4870 in
494 4817 722 4872 aediﬁcio
766 4819 972 4888 templi,
1002 4820 1192 4876 fecisse
1235 4823 1604 4892 malogranata
1646 4840 1780 4894 qua-

230 4903 511 4975 dringenta,
569 4916 625 4962 et
690 4909 949 4965 retiacula
993 4911 1124 4976 duo,
1182 4912 1255 4966 ita
1305 4922 1363 4967 ut
1406 4913 1520 4969 bini
1564 4914 1782 4970 ordines

230 4993 704 5064 malogranatorum
771 5000 997 5070 singulis
1065 4985 1340 5059 reliaculis
1393 5004 1782 5076 jungerentur,

225 5098 332 5150 qua:
359 5096 700 5158 protegerent
754 5090 1001 5161 epistylia
1033 5100 1088 5145 et
1111 5093 1357 5162 capitella
1386 5094 1780 5162 columnarum,

226 5171 318 5226 hoc
353 5192 454 5230 non
491 5177 764 5233 historica:
801 5179 1098 5236 narrationi
1130 5180 1237 5236 ullo
1275 5183 1451 5246 modo,
1499 5197 1673 5252 neque
1700 5183 1783 5239 al-

223 5259 440 5331 legorico
493 5269 678 5322 sensui
731 5269 1071 5337 adversatur,
1129 5272 1255 5342 quia
1295 5271 1448 5341 juxta
1498 5274 1782 5330 historiam

223 5352 350 5407 sicut
371 5356 485 5412 dua:
507 5359 771 5415 columnae
797 5368 852 5413 et
875 5360 1000 5415 bina
1030 5360 1297 5430 capitella,
1321 5362 1553 5432 binaque
1578 5364 1783 5434 episty-

223 5441 305 5508 lia,
337 5446 402 5500 ita
433 5458 484 5503 et
516 5450 774 5504 retiacula
804 5451 909 5504 duo
934 5449 1154 5506 fuerunt
1183 5466 1280 5520 per
1311 5452 1548 5524 singulas
1574 5454 1781 5508 colum—

223 5549 311 5589 nas
356 5539 594 5610 singula,
626 5550 680 5595 et
723 5542 836 5596 bini
861 5542 1082 5597 ordines
1127 5542 1642 5614 malogranatorum,
1675 5544 1780 5600 hoc

222 5635 311 5689 est,
343 5631 566 5686 ducenta
612 5632 981 5702 malogranata
1029 5632 1255 5703 singulis
1296 5634 1570 5690 retiaculis
1589 5634 1776 5705 junge-

223 5717 417 5774 hantur.
453 5723 540 5777 Bis
600 5724 740 5779 enim
772 5725 986 5780 ducenti
1040 5726 1462 5797 quadringentos
1514 5725 1770 5782 eﬁiciunt.

1882 4645 2010 4702 fecit
2059 4646 2114 4700 in
2162 4660 2345 4702 eremo
2390 4644 2610 4716 (Exod.
2672 4660 2858 4700 xxxvu
2892 4644 2935 4714 ),
2969 4646 3178 4701 habens
3207 4645 3456 4702 cubitum

1883 4728 2255 4801 longitudinis,
2283 4735 2339 4782 et
2375 4726 2604 4782 alterum
2642 4725 2964 4793 latitudinis,
3008 4725 3219 4782 etdaos
3242 4723 3455 4780 cubitos

1885 4821 1940 4877 in
1967 4820 2267 4876 altitudine.
2297 4818 2522 4888 Quanta:
2564 4825 2743 4873 autem
2787 4816 3170 4889 magnitudinis
3219 4816 3323 4872 hoc
3357 4815 3458 4870 Sa-

1886 4913 2068 4967 lomon
2097 4908 2308 4973 fecerit,
2332 4907 2610 4978 Scriptura
2641 4907 2848 4978 Regum
2873 4908 2987 4964 sive
3010 4906 3455 4976 Paralipomenon

1887 5020 1996 5060 non
2017 5002 2166 5066 dicit,
2217 5000 2311 5055 sed
2361 5008 2571 5054 tantum
2620 5000 2763 5069 quod
2815 5014 3039 5054 aureum
3068 4996 3260 5054 fecerit
3304 4997 3456 5053 dicit.

1887 5095 2112 5152 Constat
2132 5101 2312 5146 autem
2334 5091 2475 5162 quod
2497 5099 2707 5146 tantum
2729 5089 2910 5148 facere
2932 5104 3038 5146 non
3086 5091 3260 5161 potuit
3285 5105 3459 5160 quan-

1886 5194 2000 5241 tum
2045 5184 2175 5240 fecit
2212 5183 2509 5240 holocausti
2540 5200 2552 5237 :
2607 5182 2732 5252 quia
2761 5183 2806 5238 si
2835 5181 3024 5238 decem
3053 5183 3360 5238 cubitorum
3406 5182 3458 5235 in

1884 5275 2218 5347 longitudine
2247 5283 2303 5330 et
2335 5274 2615 5330 latitudine
2638 5271 2842 5328 factum
2871 5281 3037 5340 esset,
3076 5280 3244 5329 totam
3270 5271 3462 5341 templi.

1889 5365 2226 5420 latitudinem
2269 5363 2618 5434 implevisset.
2652 5361 2864 5429 Quanto
2902 5377 3033 5435 ergo
3078 5361 3314 5418 exterius
3343 5369 3461 5415 erat

1885 5458 2119 5526 positum
2145 5455 2315 5510 altare
2341 5454 2642 5510 holocausti
2684 5469 2846 5524 quam
2886 5453 3116 5519 incensi,
3169 5458 3457 5522 quantum~

1885 5560 1991 5614 que
2019 5559 2216 5615 genere
2243 5542 2549 5606 oblationis,
2581 5557 2646 5597 ac
2682 5543 2886 5596 vilitate
2937 5541 3139 5597 metalli
3169 5538 3456 5610 ignobilius

1884 5632 2005 5698 fuit,
2036 5627 2243 5686 tantum
2274 5632 2573 5701 quantitate
2597 5645 2882 5694 mensurae,
2914 5638 2970 5685 et
3005 5629 3301 5685 hostiarum
3349 5625 3458 5684 fre—

1881 5725 2098 5795 quentia
2142 5725 2445 5794 prmstabat.
2477 5722 2610 5790 Quia
2642 5721 2894 5776 nimirum
2920 5719 3101 5791 plures
3131 5729 3258 5776 sunt
3281 5719 3456 5774 multo
