3870 6146
392 323 496 378 639

1026 320 1086 375 Β.
1128 318 1383 377 RABANI
1416 318 1635 377 MAURI
1672 317 1993 375 ARClllEP.
2034 317 2343 407 MOGUﬁT.
2383 318 2670 377 OPERUM
2706 318 2888 376 PARS
2925 318 2967 375 Ι.

3546 319 3655 383 NO

388 436 584 505 quibus
609 431 825 490 dicatur
852 450 866 488 :
899 430 958 489 Si
986 434 1061 489 uio
1086 432 1158 487 ad
1187 434 1343 489 vitam
1383 434 1607 504 ingredi,
1635 449 1781 488 serva
1816 447 1968 487 man-
2000 437 2046 494 Α
2076 440 2288 487 constat
2332 446 2520 486 omnes
2548 431 2754 487 electos
2783 430 2960 502 typice
2989 430 3045 486 in
3099 429 3398 503 Scripturis
3450 438 3657 496 vocati.

390 529 515 581 data
544 540 564 578 :
595 540 760 595 quam
804 539 941 595 quos
969 524 1159 581 audire
1187 524 1422 580 delectet
1449 542 1464 579 :
1498 521 1559 579 Si
1588 525 1667 578 vis
1714 522 1975 595 perfectus

389 636 521 683 esse,
576 617 741 685 vade,
780 616 945 672 vende
997 632 1114 688 quae
1164 616 1360 682 habes,
1418 624 1467 670 et
1534 615 1607 669 da
1653 613 1973 686 pauperibus

393 706 606 777 (Matth.
639 704 779 777 XIX):
817 704 928 761 Nec
953 714 1135 761 tamen
1163 704 1324 775 hujus
1365 719 1618 760 mensura
1646 703 1830 759 altaris
1856 719 1976 775 my-

390 799 525 854 stica
567 797 781 852 ratione
808 804 959 853 caret
1007 804 1065 851 et
1090 811 1337 852 numero.
1365 793 1541 850 Habet
1584 794 1732 851 enim
1780 792 1975 864 viginti

391 890 602 946 cubitos
644 888 1014 960 longitudinis,
1046 900 1102 945 et
1142 889 1367 945 totidem
1403 888 1618 945 subitos
1649 886 1971 952 latitudinis,

389 990 444 1037 et
467 983 654 1038 decem
676 981 891 1038 cubitos
920 980 1242 1037 altitudinis.
1271 980 1351 1035 De
1371 995 1478 1050 quo
1500 981 1717 1050 quidem
1745 993 1979 1035 numero

388 1089 551 1144 supra
581 1073 634 1128 in
656 1073 991 1144 expositione
1012 1072 1198 1144 templi
1222 1080 1278 1129 et
1295 1072 1551 1130 vestibuli
1570 1072 1689 1144 ejus
1712 1073 1971 1127 diximus.

294 1213 311 1233 ,
392 1165 497 1220 Sed
521 1173 575 1220 ct
599 1180 746 1220 nunc
768 1165 1054 1221 dicendum
1096 1165 1354 1231 breviter,
1380 1165 1507 1236 quia
1528 1166 1575 1220 si
1615 1165 1787 1220 altare
1822 1165 1976 1220 bolo-

389 1259 563 1314 t-austi
609 1257 824 1313 illorum
854 1258 909 1312 in
955 1256 1197 1313 Ecclesia
1227 1266 1416 1330 typum
1466 1266 1633 1323 tenet,
1669 1257 1762 1328 qui
1815 1271 1974 1312 suum

388 1364 585 1419 corpus
605 1357 660 1404 et
689 1348 925 1404 animam
949 1348 1061 1404 Deo
1090 1363 1413 1405 consecrare
1439 1363 1540 1420 per
1569 1348 1747 1421 ignem
1772 1347 1975 1404 amoris

390 1441 532 1496 illius
559 1448 826 1512 qumrnnt,
852 1440 1255 1511 perseverantia
1284 1441 1482 1497 borum
1529 1441 1582 1496 in
1611 1442 1753 1497 bona
1778 1455 1974 1513 opera-

390 1532 536 1587 tione
560 1547 659 1603 per
693 1530 1086 1603 longitudinem
1117 1530 1326 1597 altaris,
1362 1531 1662 1603 amplitudo
1703 1532 1759 1587 in
1796 1531 1976 1588 chari-

391 1628 500 1676 tate
544 1621 639 1677 Dei
693 1630 749 1677 et
795 1621 1028 1693 proximi
1079 1637 1180 1691 per
1232 1620 1596 1687 latitudinem,
1634 1637 1758 1693 spes
1787 1622 1843 1677 in
1881 1637 1977 1677 ex-

388 1714 723 1783 spectatione
754 1714 950 1770 divinae
984 1713 1324 1771 visitationis
1341 1730 1438 1786 per
1461 1714 1806 1771 altitudinem
1843 1714 1976 1786 ligu-

2073 539 2140 580 eo
2187 525 2330 595 quod
2369 524 2476 579 sint
2534 526 2780 580 membra
2826 524 3025 579 summi
3067 527 3386 593 sacerdotis,
3442 528 3659 586 Domini

2074 617 2245 672 nostri
2271 614 2399 673 Jesu
2423 600 2648 673 Christi.
2680 616 2748 671 Et
2771 625 2919 673 recte
2940 617 3067 674 huic
3089 619 3202 673 vasi
3231 617 3512 690 Scriptura
3542 638 3660 678 ma—

2076 709 2152 763 ris
2201 720 2401 764 nomen
2453 707 2665 773 indidit,
2725 708 2780 763 in
2826 709 3147 764 memoriam
3184 710 3440 767 videlicet
3489 714 3662 769 maris

2074 796 2244 854 Rubri
2269 797 2324 853 in
2363 813 2472 868 quo
2495 798 2649 869 prius
2674 813 2775 868 per
2804 798 3225 856 exstinctionem
3249 800 3662 874 Egyptiorum,

2073 898 2130 945 et
2151 888 2332 960 populi
2358 889 2857 961 Dei‘liberationem
2884 891 3140 961 baptismi
3173 889 3349 949 forma
3376 895 3663 963 praecessit

2075 980 2271 1053 (Exod.
2295 980 2431 1055 xxv),
2459 990 2763 1051 exponente
2801 981 3062 1053 Apostoio
3106 984 3189 1039 eis
3219 984 3434 1045 dicente
3459 1004 3474 1040 :
3506 984 3660 1052 Quo-

2074 1072 2218 1125 niam
2249 1080 2426 1142 patres
2452 1074 2620 1126 nostri
2647 1088 2825 1127 omnes
2851 1073 2947 1126 sub
2973 1074 3107 1127 nube
3136 1073 3370 1142 fuerunt.
3402 1085 3451 1130 et
3479 1093 3661 1132 omnes

2073 1176 2219 1214 mare
2249 1158 2589 1224 transierunt,
2618 1170 2668 1215 et
2691 1176 2867 1215 omnes
2891 1162 2945 1216 in
2977 1160 3158 1233 Moyse
3184 1161 3435 1233 baptizati
3457 1173 3582 1217 sunt
3606 1166 3661 1219 in

2075 1252 2208 1307 nube
2237 1261 2287 1307 et
2325 1253 2384 1308 in
2431 1254 2569 1308 mari
2625 1251 2678 1325 (I
2713 1251 2838 1308 Cor.
2877 1255 2958 1325 x).
3007 1255 3421 1313 Sacramentum
3474 1268 3659 1315 autem

2073 1343 2331 1415 baptismi
2373 1354 2430 1403 et
2471 1347 2596 1402 vita:
2633 1347 2793 1403 nobis
2844 1349 3164 1404 munditiam
3207 1351 3401 1420 quau-it
3450 1351 3506 1406 in
3554 1352 3663 1409 hoc

2074 1437 2294 1503 saeculo,
2339 1446 2397 1491 et
2425 1437 2551 1492 vita:
2574 1436 2733 1494 nobis
2779 1447 3001 1494 aeterna:
3027 1438 3257 1511 gloriam
3305 1442 3578 1511 promittit
3606 1442 3662 1497 in

2075 1526 2277 1582 futuro.
2309 1524 2463 1593 Quod
2486 1536 2777 1598 utrumque
2819 1529 2875 1584 in
2905 1529 3042 1585 mari
3072 1529 3177 1586 hoc
3216 1546 3367 1586 aeneo
3394 1547 3501 1585 una
3529 1548 3661 1587 sen-

2075 1621 2243 1678 tentia
2290 1622 2622 1692 designatur,
2660 1637 2784 1678 cum
2828 1637 2951 1679 esse
2973 1624 3158 1679 decem
3187 1625 3493 1680 cubitorum
3520 1642 3553 1681 a
3581 1625 3664 1680 la-

2075 1713 2167 1768 bio
2215 1713 2284 1768 ad
2332 1712 2534 1767 labium
2589 1713 2927 1783 perhibetur.
2980 1714 3179 1770 Decem
3222 1718 3473 1786 namque
3530 1733 3666 1787 pra:-

390 1813 562 1861 ratur.
614 1795 766 1874 Quod
828 1815 1008 1862 autem
1068 1806 1345 1878 longitudo
1397 1815 1453 1864 et
1501 1807 1728 1863 latitudo
1787 1795 2048 1862 altarisB
2078 1804 2249 1875 septis
2295 1803 2348 1858 in
2398 1802 2516 1875 lege
2567 1804 2833 1878 Dominus
2869 1805 3074 1871 omnia,
3104 1821 3225 1875 qua:
3258 1805 3440 1863 facere
3465 1807 3668 1862 debea-

390 1898 702 1952 viccnorum
753 1905 872 1951 erat
906 1897 1235 1964 cubitorum,
1276 1913 1527 1969 magnam
1572 1898 1758 1968 utique
1798 1896 1977 1969 perfe-

388 1989 622 2044 ctionem
663 1986 909 2058 designat
953 1988 1192 2059 ejusdem
1220 1987 1506 2044 indefessas
1546 1987 1975 2057 longanimitatis

389 2095 454 2135 ac
475 2079 702 2135 sincera:
716 2080 1040 2147 dilectionis,
1068 2094 1189 2151 quae
1210 2096 1308 2151 per
1332 2080 1616 2150 utriusque
1639 2079 1973 2135 T'estamcnti

390 2169 545 2226 nobis
599 2171 1000 2226 observantiam
1042 2172 1319 2226 tribuitur.
1367 2170 1573 2238 Quater
1627 2171 1772 2227 enim
1819 2171 1972 2239 quini

389 2260 721 2317 vicenarium
744 2276 1031 2317 numerum
1057 2260 1348 2332 complent.
1373 2261 1624 2333 Quinque
1646 2270 1827 2316 autem
1849 2261 1974 2317 libri

391 2354 638 2411 Mosaicte
660 2354 819 2427 legis,
841 2362 1077 2427 quatuor
1096 2363 1276 2409 autem
1307 2364 1435 2410 sunt
1457 2353 1782 2426 evangelium
1811 2352 1975 2410 liber-

390 2447 537 2503 tatis.
583 2445 805 2502 Etcum
853 2448 923 2502 ad
972 2438 1386 2517 intelligentiam
1437 2454 1599 2517 atque
1668 2447 1972 2503 custodiam

390 2538 523 2608 legis
550 2537 870 2608 spiritalem,
901 2536 1206 2593 illustrante
1252 2538 1531 2608 Evangelii
1561 2538 1758 2610 gratia,
1785 2553 1977 2609 perve-

391 2630 589 2697 nimus,
621 2630 960 2687 vicenarium
999 2628 1245 2701 profecto
1290 2643 1578 2686 numerum
1621 2630 1968 2702 perlicimus;

393 2721 558 2791 fitque
597 2718 737 2776 idem
770 2735 1029 2775 numerus
1056 2721 1110 2775 in
1134 2720 1466 2793 longitudine
1494 2729 1550 2777 et
1591 2719 1875 2777 latitudine
1901 2720 1976 2775 al-

395 2812 549 2878 taris,
581 2827 707 2867 cum
733 2811 898 2867 corda
924 2810 1244 2879 electorum,
1276 2812 1508 2869 docente
1527 2820 1758 2882 utroque
1780 2811 1971 2867 Testa-

393 2912 596 2967 mento,
621 2909 677 2957 et
703 2899 993 2971 adjuvante
1023 2900 1141 2972 ipso
1168 2916 1278 2956 uno
1323 2900 1609 2972 utriusque
1638 2900 1972 2957 Testamenti

389 2999 637 3057 auctore,
666 2998 721 3046 et
742 2991 1205 3064 perseverantiam
1231 2991 1358 3047 boni
1380 2994 1561 3064 operis
1586 2994 1750 3051 etiam
1775 2994 1829 3048 in
1858 3008 1976 3065 per-

389 3084 756 3141 secutionibus
780 3092 1018 3149 servant,
1051 3092 1105 3140 et
1124 3082 1456 3140 hilaritatem
1482 3085 1785 3141 dilectionis
1810 3086 1974 3140 etiam

2076 1874 2220 1960 mus,
2251 1874 2518 1965 expressit
2552 1874 2750 1967 (Ex'od.
2775 1896 2891 1967 xx).
2919 1874 3153 1951 Denario
3172 1912 3327 1967 teque
3352 1897 3666 1953 mercedem

2074 1984 2479 2043 benefactorum
2519 1987 2771 2059 signavit,
2796 2004 2919 2043 cum
2948 1989 3095 2044 hunc
3120 1989 3174 2044 in
3201 1990 3359 2047 vinea
3403 1990 3666 2046 laboran-

2072 2080 2219 2135 tibus
2264 2080 2499 2135 dandum
2529 2094 2648 2135 esse
2693 2080 2946 2150 praedixit
2973 2080 3189 2152 (Matth.
3213 2082 3329 2152 xx).
3363 2082 3497 2137 Erat
3532 2098 3669 2153 ergo

2072 2185 2227 2226 mare
2270 2170 2458 2226 decem
2505 2170 2815 2226 cubitorum
2852 2187 2883 2225 a
2931 2171 3076 2227 labio
3122 2175 3385 2243 usquead
3434 2175 3667 2242 iabium,

2072 2262 2200 2333 quia
2238 2277 2268 2316 a
2295 2261 2472 2333 primo
2495 2261 2767 2331 baptizato
2793 2262 2846 2317 in
2868 2263 3085 2319 nomine
3104 2262 3233 2319 Jesu
3257 2264 3460 2322 Christi
3490 2284 3671 2338 usque

2075 2354 2144 2410 ad
2169 2353 2443 2419 ultimum,
2492 2350 2586 2423 qui
2637 2352 2690 2408 in
2718 2351 2825 2408 ﬁne
2851 2353 3038 2409 mundi
3059 2355 3368 2413 crediturus
3391 2367 3448 2413 et
3487 2359 3672 2429 bapti-

2072 2445 2281 2500 zandus
2326 2453 2438 2511 est,
2474 2445 2652 2499 omnis
2687 2444 2924 2501 ﬁdelium
2956 2447 3158 2503 chorus
3185 2464 3348 2504 unam
3385 2450 3671 2508 eamdem-

2071 2552 2180 2608 que
2204 2538 2347 2593 viam
2377 2537 2629 2594 veritatis
2658 2537 2892 2608 ingredi,
2923 2546 2978 2594 et
3005 2554 3348 2596 communem
3372 2558 3403 2597 a
3435 2543 3672 2601 Domino
3708 2598 3711 2603 ,

2074 2626 2237 2686 debet
2285 2643 2544 2685 coronam
2587 2642 2810 2698 sperare
2833 2627 3084 2697 iustitiae.
3119 2630 3429 2687 Rotundum
3455 2644 3577 2689 erat
3608 2635 3671 2691 in

2075 2721 2328 2788 circuitu,
2368 2728 2425 2776 ut
2456 2721 2606 2777 orbis
2651 2721 2936 2777 universus
2975 2722 3028 2777 in
3071 2738 3203 2795 gyro
3230 2722 3446 2781 lavacro
3473 2726 3602 2782 vita:
3632 2744 3667 2782 a

2074 2813 2233 2871 sorde
2255 2822 2604 2884 peccatorum
2638 2814 3019 2886 designaretur
3043 2832 3164 2873 esse
3188 2818 3553 2875 mundandus.
3586 2819 3671 2874 De

2075 2921 2182 2977 quo
2237 2907 2374 2962 bene
2426 2905 2676 2961 subditur
2723 2924 2736 2960 :
2788 2906 3017 2977 quinque
3072 2907 3363 2964 cubitorum
3435 2910 3671 2965 altitudo

2076 2996 2224 3067 ejus;
2249 2995 2374 3064 quia
2407 2994 2663 3049 nimirum
2693 2995 2954 3066 quidquid
2976 2997 3116 3064 visu,
3155 3000 3417 3071 quidquid
3447 3003 3670 3069 auditu,

2078 3089 2338 3160 quidquid
2374 3087 2598 3154 olfactu,
2640 3088 2902 3159 quidquid
2959 3099 3141 3160 gustu,
3198 3092 3462 3162 quidquid
3517 3102 3672 3152 tactu

391 3176 442 3230 in
491 3191 585 3231 eos
625 3177 718 3246 qui
771 3180 1190 3247 persequuntur,
1224 3177 1501 3233 exhibent.
1538 3178 1773 3233 Denario
1826 3180 1971 3233 enim
2003 3148 2048 3211 Ο
2080 3148 2426 3251 deliquimus,
2463 3186 2633 3234 totum
2657 3148 2765 3235 hoc
2790 3148 3154 3252 nobisvgratia
3183 3148 3277 3238 Dei
3307 3148 3404 3252 per
3429 3182 3675 3242 ablutio-

391 3284 616 3323 numero
645 3282 770 3337 spes
795 3268 1100 3324 cmlestium
1131 3269 1476 3339 praemiorum
1516 3268 1653 3323 solet
1675 3268 1969 3339 designari,

394 3359 619 3413 "mnino
651 3358 1103 3426 aillrmante,cum
1117 3376 1235 3428 eos,
1250 3361 1405 3433 quiin
1420 3362 1577 3416 vinea
1603 3362 1780 3433 magni
1804 3361 1973 3433 patris

390 3449 623 3506 fzuuilias
649 3450 916 3519 laborant,
941 3453 1168 3509 denario
1204 3456 1636 3511 remunerandos
1659 3470 1779 3510 esse
1811 3463 1974 3510 testa-

392 3551 497 3595 tum
527 3541 764 3614 (Matth,
797 3542 913 3615 xx).
970 3543 1037 3599 Et
1087 3544 1229 3600 idem
1283 3546 1476 3613 altare,
1522 3547 1667 3617 quod
1703 3547 1757 3601 in
1797 3546 1970 3618 ﬁgura

392 3634 592 3688 factum
624 3644 708 3690 cst
753 3635 1070 3700 electorum,
1104 3634 1175 3691 ob
1215 3637 1624 3705 significandam
1657 3653 1847 3693 eorum
1888 3639 1973 3693 vi-

392 3738 499 3783 tatu
543 3738 862 3799 perpetuam
892 3729 1076 3783 decem
1123 3728 1321 3784 cubitis
1347 3728 1516 3783 altum
1543 3744 1662 3784 esse
1688 3738 1965 3784 narratur.

463 3820 615 3876 Mare
664 3822 825 3875 etiam
852 3820 1012 3890 fusile
1054 3821 1231 3875 decem
1261 3820 1451 3874 cubitis
1480 3838 1511 3875 a
1539 3819 1679 3875 labia
1712 3836 1874 3892 usque
1901 3822 1970 3875 ad

389 3909 609 3976 lnbium,
670 3910 955 3963 rotundum
1004 3925 1096 3981 per
1141 3910 1441 3975 circuitum,
1497 3910 1724 3981 quinque
1772 3910 1971 3965 cubitos

388 4000 608 4053 habebat
653 3998 969 4061 altitudinis,
1024 4009 1071 4053 et
1120 3998 1387 4066 funiculus
1430 4000 1645 4070 triginta
1677 3999 1970 4053 cubitorum

389 4089 646 4144 ambiebat
689 4107 873 4160 gyrum
910 4091 1046 4159 ejus.
1086 4087 1389 4144 Similitudo
1420 4106 1623 4161 quoque
1676 4087 1831 4142 bount
1860 4100 1969 4143 erat

386 4182 565 4237 subter
603 4182 758 4249 illud,
807 4193 853 4236 et
901 4183 1075 4236 decem
1124 4180 1311 4235 cubitis
1364 4181 1607 4253 qua'dam
1651 4185 1971 4240 extrinsecus

387 4272 654 4327 crciatum:
677 4272 827 4345 quasi
866 4272 1068 4327 duobus
1098 4272 1326 4327 uersibus
1362 4271 1535 4327 alvum
1561 4276 1720 4328 maris
1750 4276 1975 4329 circum-

387 4366 553 4421 ibant.
577 4364 740 4421 Boves
762 4376 934 4421 autem
963 4376 1112 4421 erant
1144 4365 1346 4435 fusilcs,
1379 4375 1427 4420 et
1454 4367 1623 4438 ipsum
1655 4384 1797 4422 mare
1817 4385 1973 4437 super

386 4457 662 4512 duodecim
708 4457 853 4512 bores
884 4458 1182 4527 impositum
1226 4466 1337 4510 erat
1371 4469 1390 4507 :
1412 4473 1635 4527 quorum
1666 4466 1768 4510 tres
1805 4458 1968 4527 respi-

1998 4507 2047 4566 D

2077 3287 2201 3325 nem
2239 3269 2435 3324 vivifici
2460 3267 2626 3325 fontis
2666 3269 2893 3325 relaxat.
2927 3270 3033 3326 Sed
3066 3287 3170 3347 non
3208 3272 3402 3329 suilicnt
3439 3286 3676 3345 printer-

2077 3361 2273 3415 itorum
2310 3359 2559 3415 remissio
2598 3367 2970 3430 peccatorum,
3018 3361 3064 3416 si
3091 3377 3198 3417 non
3228 3364 3474 3435 quisquis
3519 3367 3676 3422 dein-

2076 3468 2203 3523 ceps
2256 3453 2413 3506 bonis
2453 3453 2723 3507 studuerit
2773 3454 3024 3508 insistere
3070 3455 3346 3524 operibus.
3404 3455 3671 3527 Alioquin

2074 3543 2344 3609 diabolus,
2374 3543 2466 3613 qui
2491 3544 2689 3599 exierit
2717 3543 2784 3599 de
2812 3546 3052 3611 homine,
3081 3546 3126 3601 si
3154 3546 3298 3601 hunc
3323 3561 3355 3600 a
3382 3546 3543 3601 bonis
3575 3565 3676 3601 va-

2074 3647 2199 3688 care
2237 3632 2492 3702 operibus
2542 3633 2761 3699 viderit,
2812 3633 3163 3703 multiplicius
3207 3635 3367 3699 redit,
3424 3634 3676 3706 facitque

2075 3724 2354 3779 nouissima
2382 3724 2608 3779 hominis
2652 3724 2796 3779 illius
2844 3726 3026 3796 pejora
3055 3726 3318 3796 prioribus
3350 3727 3505 3798 (Luc.
3560 3730 3672 3802 x1}.

2076 3813 2229 3870 Unde
2252 3823 2375 3885 apte
2396 3815 2644 3870 subditur
2680 3834 2692 3868 :
2733 3814 2800 3868 Et
2829 3813 3097 3885 funiculus
3121 3818 3336 3887 triginta
3359 3820 3674 3875 cubitorum

2074 3907 2334 3960 ambiebat
2369 3922 2555 3977 gyrum
2583 3906 2697 3977 ejus
2727 3919 2744 3957 :
2776 3921 2873 3976 per
2902 3906 3198 3962 funiculum
3226 3925 3459 3980 namque
3491 3913 3673 3968 disci—

2072 3997 2217 4067 plina
2264 4005 2653 4068 pmaceptorum
2695 3998 3018 4064 cmlestium,
3042 4014 3149 4070 qua
3172 4015 3204 4053 a
3236 4003 3437 4056 nostris
3465 4004 3678 4059 volun—

2074 4089 2279 4144 tatibus
2307 4089 2621 4160 religamur,
2668 4098 2848 4160 potest
2888 4099 3076 4160 aperte
3122 4092 3348 4161 signari,
3376 4091 3676 4164 Scriptura

2071 4180 2287 4235 dicente
2334 4198 2347 4234 :
2393 4180 2531 4247 Quia
2584 4181 2852 4250 funiculus
2904 4182 3096 4252 triplex
3136 4184 3342 4253 difﬁcile
3398 4187 3682 4254 rumpitur

2075 4271 2245 4343 (Eccl.
2274 4271 2351 4344 iv)
2391 4260 2409 4327 ε’
2449 4274 2575 4343 quia
2627 4274 2881 4328 nimirum
2928 4273 3235 4329 observatio
3278 4275 3680 4332 mamiatornnt

2073 4364 2190 4429 Dei,
2222 4380 2343 4435 qua:
2386 4365 2440 4420 in
2481 4366 2734 4421 cordibus
2784 4366 3078 4421 electorum
3136 4369 3261 4434 title,
3294 4384 3387 4438 spe
3432 4379 3491 4425 et
3529 4372 3682 4428 dile-

2074 4456 2251 4511 ctione
2285 4471 2533 4526 supernze
2564 4445 2935 4513 retributionis
2975 4458 3187 4513 firmata
3217 4468 3319 4525 est,
3345 4460 3491 4516 nullo
3520 4471 3678 4519 tem-

386 4548 589 4604 cicbant
634 4548 703 4603 ad
743 4547 1062 4619 aquilonem,
1110 4557 1157 4600 et
1184 4547 1277 4600 alii
1303 4556 1407 4600 tres
1448 4547 1787 4606 occidentem.
1812 4564 1968 4617 porro
1998 4546 2046 4566 ν
2072 4546 2338 4617 poralium
2379 4564 2559 4602 rerum
2597 4557 2775 4619 potest
2824 4549 3103 4605 obstaculo
3145 4550 3387 4605 dissolvi.
3417 4552 3488 4606 Et
3518 4555 3682 4610 scul-

384 4641 480 4695 alii
512 4639 927 4704 tres'meridiem,
956 4649 1003 4693 et
1031 4649 1134 4692 tres
1168 4639 1258 4709 qui
1286 4637 1473 4709 reliqui
1495 4648 1669 4704 erant,
1696 4640 1969 4705 orientem,

385 4749 531 4787 mare
554 4731 802 4786 habentes
832 4729 1234 4802 superpositum.
1281 4727 1585 4783 Posteriora
1615 4740 1787 4782 autem
1814 4730 1968 4784 boum

384 4833 533 4877 erant
563 4822 879 4878 intrinsecus
904 4820 1000 4876 sub
1026 4822 1184 4875 mari.
1214 4817 1387 4875 Porro
1418 4824 1632 4875 vastitas
1662 4820 1777 4890 ejus
1806 4821 2029 4889 liabe-~~

387 4917 473 4969 but
505 4931 806 4970 mensuram
833 4913 1020 4986 palmi,
1056 4924 1104 4968 et
1136 4912 1332 4967 labium
1379 4912 1524 4967 illius
1555 4922 1666 4966 erat
1691 4913 1844 4982 quasi
1889 4910 1969 4965 la-

387 5008 525 5061 bium
553 5007 753 5072 calicis,
786 5005 862 5061 rel
902 5006 1118 5078 rependi
1149 5005 1266 5059 lilii.
1297 5002 1543 5077 Cupiebat
1585 5021 1787 5076 quoque
1821 5020 1967 5058 mett-

384 5114 524 5154 surtu
552 5098 657 5152 tria
703 5096 871 5151 millia
903 5106 1166 5152 metretas.
1201 5095 1327 5151 ilice
1377 5095 1568 5151 eadem
1604 5095 1660 5149 in
1688 5094 1826 5149 libro
1854 5094 1965 5148 Re-

383 5206 511 5261 gum
543 5189 909 5255 continentur,
934 5189 1061 5244 licet
1101 5188 1389 5244 commisto
1412 5187 1601 5243 ordine
1634 5186 1963 5241 refcrantur.

391 5282 540 5338 Unde
571 5297 635 5337 ea
665 5297 785 5352 quae
840 5282 910 5337 ibi
944 5280 998 5336 in
1020 5281 1263 5352 ejusdem
1299 5279 1403 5335 loci
1434 5279 1769 5351 expositione
1821 5278 1965 5333 dicta

382 5382 530 5440 sunt,
562 5374 652 5430 hic
702 5372 935 5428 maxima
965 5389 1029 5428 ex
1077 5382 1231 5442 parte
1264 5371 1392 5443 poni
1436 5370 1631 5443 placet.
1661 5369 1808 5425 Mare
1841 5370 1961 5440 qui-

384 5471 506 5523 dem
532 5467 638 5547 boe
681 5464 839 5522 fusile
871 5466 922 5520 in
953 5464 1179 5537 ﬁguram
1225 5463 1422 5518 lavacri
1452 5461 1728 5524 Salutaris,
1759 5478 1866 5531 quo
1909 5461 1961 5515 iu

385 5562 761 5618 remissionem
809 5572 1157 5632 peccatorum
1204 5559 1580 5623 emundantur,
1625 5556 1825 5611 factum
1859 5565 1960 5612 est.

386 5651 626 5723 Namque
668 5653 980 5710 sacerdotes
1011 5652 1061 5707 in
1090 5668 1154 5707 eo
1177 5651 1514 5717 lavabantur,
1544 5659 1603 5706 ut
1630 5649 1809 5704 Verba
1835 5649 1961 5704 Dic-

390 5758 507 5797 rutn
558 5745 611 5799 in
656 5744 1002 5817 sequentibus
1058 5753 1341 5799 testantur.
1401 5742 1723 5798 Sacerdotes
1777 5750 1959 5796 autem

2074 4640 2434 4710 pturasubter
2456 4639 2662 4701 labium
2689 4641 3061 4697 circumdabat
3081 4642 3212 4698 illud
3242 4643 3428 4699 decem
3460 4649 3685 4704 eul‘itis

2072 4730 2321 4786 ambiens
2345 4745 2516 4786 mare.
2547 4730 2662 4786 Duo
2691 4731 2912 4786 ordines
2933 4731 3334 4802 sculpturarum
3371 4734 3684 4791 histriata-

2071 4839 2191 4878 rum
2221 4833 2379 4878 erant
2424 4822 2630 4878 fusiies.
2675 4822 2809 4877 Cum
2865 4823 3182 4893 praedictum
3215 4825 3285 4878 sit
3318 4840 3485 4895 supra
3519 4831 3684 4898 quod

2072 4915 2330 4969 resticula
2364 4914 2582 4985 triginta
2629 4912 2933 4968 cubitorum
2987 4929 3138 4969 mare
3198 4914 3566 4979 circumierit,
3625 4930 3687 4975 tt

2070 5020 2213 5059 nunc
2240 5003 2457 5059 additur
2480 5003 2623 5074 quod
2655 5002 2931 5074 sculptura
2965 5004 3069 5059 hoc
3107 5003 3295 5059 subter
3327 5004 3538 5062 labium
3578 5028 3686 5077 ιη)-

2069 5100 2171 5165 sita
2202 5100 2389 5154 decem
2421 5099 2619 5154 cubitis
2648 5099 2919 5163 ambierit,
2956 5108 3106 5169 patet
3136 5116 3200 5155 ex
3235 5110 3473 5171 utraque
3526 5106 3619 5159 rel
3660 5138 3688 5147 -

2070 5192 2236 5257 tione,
2269 5192 2394 5261 quia
2422 5207 2519 5247 vas
2546 5201 2664 5247 erat
2693 5192 2746 5247 in
2784 5194 3004 5247 modum
3039 5194 3233 5264 phiala:
3264 5197 3575 5265 repaudum
3614 5219 3687 5256 ac

2070 5278 2342 5345 diffusum,
2371 5294 2479 5349 quo
2510 5292 2540 5333 a
2583 5281 2804 5352 triginta
2834 5283 3034 5338 cubitis
3072 5284 3352 5349 circuitus,
3398 5301 3544 5356 quos
3580 5289 3689 5342 lia-

2070 5371 2231 5427 bebat
2258 5370 2309 5424 in
2346 5370 2512 5435 labio,
2542 5387 2715 5441 usque
2742 5373 2809 5428 ad
2839 5373 3024 5429 decem
3059 5383 3143 5429 est
3171 5373 3382 5430 cubitos
3413 5389 3689 5433 coarcta-

2071 5472 2204 5517 tum.
2259 5463 2547 5533 Scuiptura
2587 5473 2770 5520 autem
2802 5466 3053 5521 histriata
3097 5476 3201 5534 est,
3251 5484 3375 5538 qua:
3400 5468 3688 5529 historias

2069 5570 2249 5608 rerum
2296 5554 2504 5625 aliquas
2542 5555 2804 5610 imitatur.
2835 5556 2989 5613 Unde
3021 5569 3169 5613 recte
3214 5574 3312 5629 per
3346 5560 3573 5634 sculpta
3588 5581 3691 5620 ras

2069 5645 2364 5709 bisti-latas,
2422 5646 2619 5715 quibus
2681 5663 2830 5703 mare
2889 5649 3351 5716 circumdabatur,
3407 5665 3690 5727 exemph

2069 5745 2191 5805 sunt
2222 5737 2461 5807 priorum
2488 5747 2794 5810 temporum
2834 5740 3140 5813 designata,
3172 5758 3291 5811 quin
3324 5760 3561 5801 necesse
3590 5762 3693 5805 est
