3876 6136
116 277 205 332 Kl

998 268 1351 327 COMMENT.
1390 271 1459 326 IN
1498 266 2058 327 PARALIPOMENAt
2097 301 2169 312 —
2203 268 2332 325 LIB.
2370 269 2457 325 111.

2502 108 2515 137 \

3283 275 3388 331 412

117 408 206 447 nos
249 389 485 444 solerter
512 385 730 450 intueri,
758 392 820 439 ut
857 383 1162 449 videamus,
1201 387 1398 455 quibus
1440 386 1698 455 operibus
1724 388 1777 444 A
1800 386 1971 442 stabit
2001 405 2014 440 :
2047 386 2128 443 sic
2151 395 2208 442 et
2232 402 2447 442 animus
2497 386 2794 449 electorum
2824 389 2971 446 nullo
3027 392 3385 449 tcntatlonum

118 479 284 536 sancti
318 479 429 533 Deo
455 476 762 548 placuerint
789 475 859 530 ab
892 473 1073 540 initio,
1103 491 1209 545 qua
1247 476 1615 530 obstinatione
1642 474 1699 529 in

118 572 407 629 sceleribus
426 569 794 642 perdurarint,
821 576 1025 639 quanta
1044 566 1367 623 infelicitate
1383 564 1461 623 'ob
1491 566 1701 623 scelera

118 665 372 737 perierint
408 663 648 734 reprobi.
678 661 746 716 Et
780 661 964 716 stabat
1004 675 1170 731 super
1192 661 1476 717 duodecim
1510 660 1699 726 boves,

122 773 151 811 e
166 756 364 829 quibus
391 765 504 808 tres
531 752 903 823 respiciebant
940 752 1008 807 ad
1034 753 1364 823 aquilonem,
1395 761 1453 807 et
1494 760 1607 807 tres
1631 751 1701 805 ad

122 847 466 909 occidentem,
501 853 559 899 et
596 854 708 899 tres
737 843 802 897 ad
845 843 1149 908 meridiem,
1197 852 1254 898 et
1283 852 1397 898 tres
1423 842 1489 896 ad
1518 842 1701 896 orien-

127 946 247 989 tem.
289 935 580 989 Duodecim
612 949 743 988 vero
762 933 929 989 boves
957 933 1244 988 duodecim
1286 943 1416 988 sunt
1443 933 1695 1002 apostoli,

128 1038 174 1078 et
193 1040 376 1079 omnes
398 1025 490 1093 qui
516 1025 635 1079 vice
650 1039 840 1079 eorum
870 1026 1161 1096 regendam
1185 1024 1238 1079 in
1267 1025 1487 1080 Christo
1515 1039 1702 1080 susce-

129 1125 309 1185 perunt
354 1115 657 1171 Ecclesiam
722 1122 988 1171 sanctam.
1063 1114 1169 1182 Qui
1199 1115 1482 1169 'nimirum
1529 1115 1700 1170 boves

128 1225 267 1264 mare
319 1210 418 1264 sibi
450 1210 926 1281 superimpositum
991 1216 1232 1279 portant,
1286 1224 1411 1263 cum
1466 1207 1697 1277 apostoli

130 1300 591 1371 apostolorumque
624 1314 970 1354 successores
1007 1299 1311 1369 injunctum
1340 1298 1444 1353 sibi
1472 1313 1702 1369 evange-

130 1391 310 1445 lizandi
333 1389 566 1446 oﬂicium
593 1399 841 1461 prompta
865 1390 1089 1459 implere
1108 1390 1394 1445 devotione
1418 1388 1694 1461 satagunt.

130 1482 355 1553 Tresque
399 1483 466 1537 ad
519 1482 845 1551 aquilonem,
891 1490 947 1557 et
991 1490 1104 1536 tres
1131 1482 1201 1536 ad
1244 1482 1601 1543 occidentem,
1643 1491 1700 1537 et

130 1582 231 1628 tres
267 1575 332 1627 ad
359 1573 664 1635 meridiem,
705 1580 760 1627 et
791 1580 901 1627 tres
939 1571 1008 1626 ad
1060 1572 1329 1627 orientem
1376 1572 1695 1642 respiciunt,

131 1678 240 1717 cum
267 1663 538 1717 universis
565 1662 819 1732 quadrati
846 1664 997 1718 orbis
1022 1663 1266 1733 partibus
1313 1663 1474 1717 ﬁdem
1504 1664 1700 1735 praedi-

1800 492 2030 532 occursu
2080 492 2110 531 a
2139 485 2286 532 statu
2328 493 2442 533 suae
2486 478 2827 551 rectitudinis
2868 487 3051 553 potest
3112 483 3383 542 inclinari.

1801 566 2060 637 Capiebat
2085 580 2236 635 mare
2269 568 2372 622 tria
2400 567 2566 622 millia
2607 576 2887 635 metretas,
2919 586 3043 625 cum
3074 586 3390 630 sacramen-

1804 666 1916 712 tum
1952 658 2295 728 baptismatis
2335 659 2391 713 in
2447 658 2553 713 ﬁde
2600 668 2801 715 sanctae
2841 661 3123 718 Trinitatis
3172 665 3385 732 datum,

1801 746 2176 802 remissionem
2205 748 2447 802 omnium
2488 758 2831 817 peccatorum
2864 751 2918 807 in
2942 767 3001 807 se
3027 752 3226 811 ablutis
3248 770 3384 811 con-

1801 836 1946 895 ferre
1974 838 2257 908 probatur.
2280 837 2435 905 Alias
2464 849 2647 896 autem
2680 857 2829 897 mare
2865 844 3115 915 capiebat
3137 846 3243 901 duo
3264 847 3383 901 mil-

1801 927 1872 982 lia
1903 929 2078 983 batos.
2119 928 2286 984 Batus
2326 944 2558 998 namque
2596 930 2945 987 Hebraeorum
2980 949 3238 990 mensura
3277 943 3385 1002 est,

1800 1033 1963 1087 quam
1994 1018 2096 1088 ipsi
2124 1018 2246 1072 bath
2285 1020 2592 1085 nominant,
2629 1020 2837 1076 habens
2870 1024 3080 1080 modios
3107 1032 3236 1081 tres.
3262 1025 3383 1096 Ipsa

1798 1116 1882 1164 est
1921 1118 1978 1163 et
2007 1109 2147 1179 eplti,
2175 1110 2318 1179 quod
2361 1110 2440 1164 illi
2478 1111 2612 1181 eplta
2640 1127 2975 1184 nuncupant.
3007 1114 3113 1173 Sed
3153 1118 3277 1188 ephi
3313 1120 3384 1174 ad

1798 1215 2115 1256 mensuram
2135 1201 2370 1270 pertinet
2391 1201 2605 1274 frugum
2636 1206 2933 1273 variarum,
2958 1208 3145 1271 tritici,
3168 1211 3383 1280 hordei,

1798 1291 2161 1362 leguminum;
2212 1293 2373 1348 batns
2410 1310 2540 1350 vero
2584 1304 2669 1351 est
2720 1297 2774 1351 in
2827 1299 3113 1369 speciebus
3141 1301 3382 1371 liquidis,

1797 1385 1945 1450 vino,
1987 1385 2130 1452 oleo,
2168 1402 2331 1458 aqua.
2373 1388 2561 1459 Itaque
2597 1391 2776 1455 batus,
2822 1393 2948 1463 quia
2990 1404 3140 1449 certa
3192 1412 3383 1452 norma

1797 1493 2064 1533 mensura:
2091 1486 2191 1542 est,
2231 1495 2395 1550 opera
2444 1481 2694 1553 designat
2746 1484 3020 1552 aequitatis
3054 1493 3109 1540 et
3135 1484 3382 1553 justitim,

1798 1569 1995 1639 quibus
2039 1567 2096 1622 hi
2137 1570 2228 1638 qui
2285 1571 2341 1625 in
2380 1572 2760 1626 remissionem
2814 1584 3164 1643 peccatorum
3199 1574 3382 1646 bapti-

1801 1668 2015 1724 zantur,
2044 1676 2267 1716 necesse
2312 1663 2514 1717 habent
2543 1664 2772 1719 institui.
2816 1665 2981 1721 Batos
3013 1668 3211 1737 quippe
3237 1667 3386 1724 mille

132 1768 243 1813 cant
268 1769 468 1814 sancta:
497 1758 803 1813 Trinitatis.
837 1757 1078 1824 Quorum
1110 1757 1412 1829 posteriora
1443 1758 1694 1813 universa
1726 1736 1773 1794 Β
1800 1752 2045 1822 capiebat
2065 1754 2237 1819 mare,
2263 1770 2384 1809 cum
2406 1770 2546 1824 aqua
2572 1756 2916 1825 baptismatis
2934 1736 3153 1828 plebem
3172 1759 3386 1816 Iudaeo-

131 1849 440 1904 intrinsecus
476 1849 783 1903 latitabant.
831 1848 1165 1919 lntrinsecus
1200 1863 1431 1917 namque
1482 1847 1698 1902 latitant

132 1941 361 1994 universa
390 1941 554 1994 boum
589 1939 909 2010 posteriora,
951 1939 1079 2009 quia
1107 1954 1216 2009 qua
1242 1940 1493 1993 mercede
1522 1940 1695 1994 sancti

132 2032 494 2101 praedicatores
518 2031 571 2085 in
603 2040 922 2101 perpetuum
952 2030 1245 2096 donentur,
1273 2032 1471 2085 interni
1504 2032 1697 2087 arbitri

133 2123 358 2176 exaniine
380 2123 495 2193 jam
527 2121 850 2192 dispositum
892 2129 1008 2185 est;
1048 2122 1144 2177 sed
1184 2121 1361 2185 nobis,
1388 2122 1481 2191 qui
1522 2122 1697 2177 adhuc

134 2210 248 2267 foris
276 2229 482 2280 sumus,
516 2220 701 2267 manet
753 2212 1083 2267 omnimodis
1126 2211 1398 2267 occultum
1452 2229 1466 2266 :
1499 2200 1697 2283 quibus

136 2314 290 2361 tamen
318 2307 423 2362 hoc
465 2321 587 2361 esse
640 2305 913 2362 occultum
960 2305 1268 2360 nullatenus
1294 2312 1494 2375 potest,
1551 2306 1695 2376 quod

136 2400 285 2452 omnis
323 2399 418 2468 qui
448 2398 725 2453 lavacrum
765 2397 1020 2467 baptismi
1052 2396 1120 2451 ad
1146 2396 1376 2452 salutem
1408 2396 1616 2465 accipit
1641 2402 1700 2449 et

137 2493 295 2556 vitam,
319 2491 507 2554 ﬁdem,
534 2502 683 2561 spem
709 2497 765 2545 et
801 2490 1125 2545 charitatem
1151 2487 1313 2543 debet
1338 2488 1563 2552 habere,
1596 2501 1697 2542 nec

136 2584 233 2637 sine
269 2585 352 2639 his
398 2584 574 2639 tribus
603 2582 896 2638 virtutibus
934 2581 1185 2652 quisquis
1205 2580 1409 2650 aliquid
1423 2579 1539 2648 jam
1569 2594 1699 2649 ope-

140 2676 248 2741 rari,
275 2689 453 2745 neque
487 2674 695 2729 intrare
723 2674 792 2729 ad
815 2675 984 2728 vitam
1007 2672 1178 2727 valet.
1212 2671 1365 2728 Unde
1399 2672 1456 2726 in
1485 2670 1695 2742 Regum

139 2764 253 2819 libro
298 2774 447 2821 recte
497 2763 839 2836 subiungitur
880 2761 1234 2817 :Grossitudo
1282 2771 1459 2816 autem
1512 2761 1696 2816 lateris

138 2855 268 2907 trium
298 2843 577 2908 un'ciarunt
623 2864 737 2907 erat
769 2852 852 2925 (11
863 2851 1015 2924 IReg.
1051 2852 1172 2924 vn).
1218 2851 1541 2908 Grossitudo
1583 2862 1696 2908 ete-

140 2947 231 2999 nim
251 2947 437 3002 luteris
459 2947 515 3000 in
544 2946 681 3000 mari
702 2944 932 3000 ﬁrmitas
958 2953 1043 3000 est
1066 2945 1282 3001 virtutis
1304 2945 1356 2999 in
1382 2946 1689 3015 baptismo;

138 3044 182 3086 et
204 3034 351 3088 trium
380 3035 667 3089 unciarum
703 3043 787 3089 est
821 3035 937 3090 haec
963 3033 1292 3106 grossitudo,
1323 3036 1449 3089 dum
1496 3036 1691 3090 robore

140 3125 238 3180 ﬁdei
258 3135 308 3181 et
334 3127 455 3197 spei
503 3137 559 3182 et
585 3128 891 3183 dilectionis
918 3128 1196 3199 perceptio
1244 3127 1498 3199 baptismi
1543 3143 1692 3184 com-

140 3217 365 3271 munitur.
417 3216 604 3287 Neque
632 3218 791 3272 aliter
820 3218 1123 3288 proﬁcuum
1158 3232 1280 3271 esse
1302 3217 1694 3287 accipientibus

140 3308 430 3374 ostenditur,
489 3309 595 3363 nisi
656 3309 849 3363 harum
902 3308 1060 3362 ﬁrma
1106 3309 1374 3363 certitudo
1427 3308 1691 3362 virtutum

142 3408 344 3455 mentem
370 3400 755 3471 accipientium
785 3400 947 3456 simul
988 3408 1042 3455 et
1061 3413 1230 3471 opera
1257 3400 1560 3454 conﬁrmet.
1590 3399 1695 3454 Pro

143 3502 195 3541 co
215 3501 379 3547 autem
408 3477 556 3563 quad
600 3492 654 3546 in
688 3492 895 3563 Regum
923 3492 1062 3546 libro
1110 3500 1365 3546 narratur
1394 3492 1559 3545 trium
1589 3509 1693 3546 un-

144 3581 316 3636 ciarum
349 3598 473 3639 esse
500 3584 810 3654 grossitudo
850 3584 1061 3646 luteris,
1112 3583 1201 3638 hic
1232 3584 1287 3637 in
1326 3582 1692 3653 Paralipome-

145 3686 231 3723 non
256 3689 518 3729 mensurze
544 3675 709 3745 palmi
735 3675 935 3730 dicitur
980 3674 1165 3745 ipsius-
1182 3688 1303 3730 esse
1323 3676 1569 3731 vastitas.
1596 3674 1695 3729 Cui

146 3778 326 3834 quoque
350 3767 649 3821 concordat
675 3765 966 3836 Iosephus,
993 3766 1198 3831 dicens,
1242 3774 1478 3836 quatuor
1501 3766 1696 3837 digito-

147 3871 241 3908 rum
277 3873 388 3914 esse
438 3860 864 3914 crassitudinem
908 3857 1027 3927 eius
1077 3876 1089 3912 :
1143 3858 1428 3914 manifeste
1478 3858 1698 3912 demon-

146 3958 296 4007 strans
321 3970 438 4023 qua:
482 3953 647 4009 fuerit
674 3955 986 4025 magnitudo
1033 3954 1203 4025 ipsius
1238 3952 1426 4024 palmi.
1465 3951 1572 4005 Sed
1624 3949 1695 4004 ad

146 4044 355 4098 eumdem
378 4060 603 4100 sensum
652 4045 938 4115 allegorice
965 4044 1156 4100 referri
1199 4044 1317 4098 haec
1357 4042 1540 4098 omnia
1571 4056 1697 4111 pos-

146 4140 263 4195 sunt,
290 4136 410 4203 quia
440 4134 689 4202 quisquis
722 4133 849 4199 ﬁde,
878 4148 973 4205 Spe
1021 4142 1075 4188 et
1099 4133 1365 4187 cbaritate
1394 4132 1694 4186 secundum

146 4233 343 4289 quatuor
384 4227 791 4297 evangeliorum
829 4226 1134 4281 doctrinam
1184 4240 1348 4295 opera
1382 4224 1513 4279 facit
1533 4223 1695 4293 justi-

150 4314 232 4377 tiae,
261 4327 467 4373 aeternae
510 4320 636 4372 vita:
667 4319 970 4372 mercedem
1015 4318 1069 4371 in
1095 4316 1301 4372 ctelesti
1331 4332 1496 4388 regno
1522 4317 1696 4386 perci-

1718 3087 1762 3150 C

1800 1856 1919 1895 rmn
1972 1842 2217 1908 abluens,
2251 1844 2319 1897 ad
2347 1859 2575 1915 regnum
2605 1846 2851 1926 (ιαειθεῑεξκ
2871 1849 3192 1904 transmisit.
3221 1849 3383 1906 Reci-

1796 1932 1981 2001 picbat
2032 1942 2089 1988 et
2120 1933 2256 1989 alios
2296 1934 2459 1997 mille,
2494 1952 2620 1991 cum
2666 1938 2831 1993 etiam
2879 1930 3065 1996 turbas
3104 1943 3383 1997 nationum

1796 2026 1986 2079 eodem
2017 2024 2165 2081 fonte
2193 2037 2432 2091 renatas,
2462 2035 2518 2082 et
2553 2030 2811 2098 operibus
2831 2029 3061 2115 iustitia:
3094 2037 3386 2088 continua-

1799 2125 1904 2181 tas,
1935 2116 2177 2185 ejusdem
2214 2119 2362 2189 regni
2412 2122 2670 2189 perennis
2719 2120 2849 2177 fecit
2899 2138 3019 2179 esse
3068 2126 3381 2195 participes.

1870 2204 2019 2260 Fecit
2061 2224 2265 2279 quoque
2306 2210 2532 2265 conchas
2576 2210 2786 2275 decem,
2841 2220 2889 2265 et
2944 2215 3114 2282 posuit
3158 2216 3386 2287 quinque

1796 2315 1830 2352 a
1873 2297 2092 2364 dextris,
2141 2308 2189 2353 et
2229 2300 2457 2372 quinque
2501 2317 2533 2353 a
2569 2300 2819 2365 sinistris,
2861 2312 2919 2356 ut
2952 2302 3184 2360 lavarent
3226 2306 3280 2360 in
3310 2308 3385 2360 eis

1796 2391 1975 2446 omnia
2005 2407 2125 2461 qua:
2156 2391 2212 2445 in
2244 2390 2607 2445 holocaustum
2648 2391 2878 2446 oblaturi
2915 2405 3084 2448 erant.
3127 2395 3297 2449 Porro
3329 2398 3383 2450 in

1797 2484 1936 2539 mari
1976 2484 2271 2539 sacerdotes
2321 2482 2655 2538 lavabantur.
2713 2484 2994 2551 Quomodo
3038 2487 3121 2541 lite
3161 2490 3385 2543 conchae

1797 2576 1957 2635 facta
1982 2576 2205 2641 fuerint,
2235 2575 2448 2645 plenius
2484 2576 2541 2629 in
2575 2574 2715 2630 libro
2741 2575 2948 2647 Regum
2988 2587 3264 2642 narratur,
3294 2579 3382 2634 ubi

1796 2669 1872 2723 ita
1899 2669 2161 2738 scriptum
2186 2674 2269 2723 est
2294 2686 2306 2721 :
2332 2666 2401 2721 Et
2426 2666 2547 2736 fecit
2570 2667 2716 2722 bases
2741 2668 2919 2722 decem
2948 2686 3134 2735 wreas,
3158 2681 3390 2741 quatuor

1796 2761 2091 2816 cubitorum
2125 2760 2468 2832 longitudinis
2509 2760 2658 2815 bases
2686 2760 2944 2831 singulas,
2972 2771 3019 2816 et
3042 2772 3270 2833 quatuor
3294 2781 3383 2818 cu-

1797 2853 2021 2907 bitorum
2056 2852 2373 2917 latitudinis,
2426 2862 2475 2907 et
2510 2854 2672 2907 trium
2717 2854 3012 2908 cubitorum
3063 2856 3383 2912 altitudinis.

1795 2941 1865 2997 Et
1902 2942 2072 3013 ipsum
2110 2959 2240 3014 opus
2275 2945 2479 2998 basium
2516 2945 2572 2998 in
2609 2955 2751 2999 terra
2792 2945 2950 3014 fusile
2987 2956 3119 3011 erat,
3154 2956 3202 3002 et
3239 2948 3383 3001 scul-

1794 3043 1964 3104 pturte
2000 3035 2138 3088 inter
2168 3034 2475 3104 juncturas,
2516 3044 2565 3089 et
2609 3037 2748 3090 inter
2785 3038 3064 3092 coronulas
3102 3049 3150 3093 et
3189 3040 3386 3107 plectas

1795 3124 1968 3179 leones
2008 3133 2057 3178 et
2082 3124 2232 3180 boves
2269 3135 2319 3180 et
2346 3127 2631 3189 cherubim,
2664 3137 2714 3181 et
2746 3129 2800 3182 in
2829 3130 3100 3200 juncturis
3143 3132 3388 3188 similiter

1795 3216 2040 3287 desuper,
2080 3226 2128 3271 et
2169 3235 2327 3288 super
2359 3217 2533 3274 leones
2570 3230 2618 3275 et
2655 3221 2803 3276 boves
2840 3226 2995 3294 quasi
3036 3224 3150 3279 lora
3187 3242 3252 3280 ea:
3281 3243 3385 3282 (ιιι-ε

1795 3310 2161 3381 dependentia,
2195 3320 2244 3366 et
2277 3322 2507 3383 quatuor
2543 3323 2670 3368 rota:
2714 3331 2808 3385 per
2849 3317 2996 3370 bases
3037 3318 3295 3389 singulas,
3336 3330 3384 3375 et

1794 3418 1920 3456 axes
1967 3404 2125 3465 terei,
2184 3413 2233 3457 et
2286 3421 2379 3474 per
2426 3415 2657 3474 quatuor
2700 3417 2876 3477 partes
2920 3411 3071 3479 quasi
3123 3410 3385 3465 humeruli

1794 3494 1972 3548 subter
2006 3494 2225 3549 laterem
2251 3495 2458 3565 fusiles,
2491 3506 2674 3551 contra
2702 3515 2757 3551 se
2784 3498 2999 3553 invicem
3032 3502 3381 3571 respicientes.

1797 3584 1870 3640 Os
1908 3602 2111 3657 quoque
2147 3585 2330 3640 lateris
2359 3588 2674 3642 intrinsecus
2708 3600 2820 3643 erat
2854 3590 2907 3642 in
2948 3591 3135 3661 capitis
3163 3593 3384 3646 summi-

1795 3685 1933 3742 tate;
1963 3687 2012 3731 et
2043 3677 2183 3748 quod
2222 3678 2517 3747 forinsecus
2559 3680 2843 3749 apparebat
2879 3682 3037 3735 unius
3079 3683 3241 3734 cubiti
3269 3695 3381 3736 erat

1794 3777 1959 3822 totunt
2003 3768 2319 3834 rotundum,
2358 3770 2658 3840 pariterque
2694 3770 2914 3824 habebat
2954 3788 3117 3824 unum
3149 3772 3383 3824 cubitum

1793 3869 1842 3915 et
1875 3860 2173 3913 dimidium.
2219 3858 2287 3912 In
2327 3858 2536 3928 angulis
2582 3870 2758 3914 autem
2802 3860 3169 3914 columnarum
3222 3861 3384 3914 uariae

1794 3955 2060 4011 celatura?
2100 3965 2269 4018 erant,
2315 3966 2363 4010 et
2399 3956 2571 4010 media
2609 3957 2746 4010 inter
2784 3954 3054 4008 columnas
3093 3954 3388 4025 quadrata,

1795 4064 1899 4102 non
1924 4048 2169 4101 rotunda.
2202 4047 2443 4114 Quatuor
2467 4063 2672 4119 quoque
2711 4054 2865 4110 τοίω,
2889 4060 3008 4115 quw
3042 4061 3136 4115 per
3153 4054 3389 4116 quatuor

1794 4139 2017 4209 angulos
2058 4140 2197 4193 basis
2245 4148 2415 4202 erant,
2458 4138 2788 4192 coha’rebant
2828 4136 3005 4201 subter
3025 4137 3214 4191 basim.
3234 4134 3387 4189 Unde

1795 4242 1910 4286 rota
1954 4232 2171 4285 habebat
2206 4230 2502 4284 altitudinis
2540 4229 2769 4283 cubitum
2800 4237 2848 4282 et
2879 4229 3056 4282 semis.
3093 4226 3245 4281 Tales
3280 4241 3378 4278 au-

1794 4334 1896 4378 tem
1935 4334 2063 4377 rota:
2088 4331 2258 4386 erant,
2292 4320 2474 4392 quales
2511 4319 2677 4374 solent
2707 4320 2763 4374 in
2800 4336 2957 4372 curru
2985 4319 3121 4387 ﬁeri.
3158 4317 3225 4370 Et
3258 4333 3388 4371 axes

148 4406 251 4474 Ρὶυῑ-
277 4407 609 4479 Labiumque
637 4408 754 4476 eius
781 4409 937 4479 quasi
958 4407 1159 4462 labium
1184 4407 1371 4463 caliCiS
1407 4414 1463 4461 ει
1500 4406 1689 4462 [Ouum
1719 4440 1773 4500 Β
1797 4430 2001 4487 eprum,
2042 4422 2093 4466 et
2126 4412 2285 4477 radii,
2319 4421 2365 4464 ct
2399 4411 2597 4476 canthi,
2630 4420 2678 4464 et
2699 4409 2936 4473 modioli,
2974 4409 3149 4463 omnia
3178 4407 3381 4478 fusilia.

149 4502 333 4566 rcpandi
354 4502 472 4556 lilii.
509 4500 614 4555 Per
635 4500 836 4555 labium
862 4500 1060 4569 quippe
1083 4499 1269 4554 callcis
1297 4507 1486 4569 gustus
1509 4498 1694 4553 Domi-

148 4593 259 4646 nicis
281 4596 577 4663 passionis;
630 4608 727 4665 per
779 4592 965 4648 folium
1004 4594 1227 4662 repandi
1276 4592 1373 4646 lilii
1418 4590 1694 4661 patefacta

146 4680 331 4740 claritas
397 4684 816 4740 resurrectionis
891 4683 1235 4753 exprimitur.
1325 4682 1695 4751 Capiebatque

147 4788 377 4842 mensura:
411 4778 517 4831 tria
552 4776 715 4831 millia
752 4784 1031 4840 metretas,
1070 4774 1177 4839 vel,
1200 4775 1353 4845 juxta
1396 4774 1601 4844 Regum
1626 4774 1692 4827 li-

146 4864 269 4931 bros,
303 4869 404 4925 duo
451 4869 621 4923 millia
664 4869 840 4924 batos.
868 4865 1200 4922 Millenarius
1241 4880 1477 4935 namque
1504 4879 1695 4919 nume-

147 4970 221 5011 rus
260 4974 349 5029 pro
400 4948 800 5032 signiﬁcatione
876 4956 1225 5029 perfectionis
1280 4955 1420 5011 solet
1460 4956 1588 5026 poni
1640 4956 1696 5010 in

147 5048 429 5123 Scripturis,
476 5056 603 5126 quia
633 5054 889 5108 nimirum
916 5052 1205 5108 denarium
1242 5065 1526 5105 numerum
1555 5062 1695 5119 qua-

146 5143 331 5201 dralum
376 5148 606 5205 solidum
636 5147 784 5203 facit.
835 5147 1033 5201 Decem
1073 5142 1272 5214 quippe
1317 5143 1497 5198 decies
1536 5142 1696 5197 ducta

146 5249 334 5296 centum
354 5242 577 5298 faciunt.
622 5241 751 5308 Quae
787 5238 1039 5294 videlicet
1068 5236 1238 5308 ﬁgura
1258 5234 1373 5304 jam
1404 5234 1694 5305 quadrata,

147 5333 223 5386 sed
242 5334 410 5392 adhuc
435 5336 598 5407 plana
619 5343 723 5389 est.
751 5333 951 5389 Verum
977 5341 1037 5386 ut
1066 5333 1120 5386 in
1144 5330 1482 5386 altitudinem
1508 5335 1696 5396 surgat

148 5429 193 5474 ct
223 5424 382 5481 solida
424 5426 707 5491 elliciatur,
740 5423 1039 5496 multiplica
1078 5433 1298 5479 centum
1333 5435 1431 5492 per
1483 5420 1694 5486 decem,

147 5525 191 5569 et
220 5517 345 5572 ﬁunt
372 5520 537 5576 mille.
564 5522 680 5587 Quo
711 5517 952 5590 profecto
981 5532 1206 5572 numero
1234 5516 1443 5571 stabilis
1461 5521 1517 5568 et
1542 5513 1696 5568 insu-

148 5609 376 5671 perabilis
396 5621 450 5666 et
476 5611 625 5667 velut
664 5612 1031 5680 conquadrata
1051 5607 1323 5679 justornm
1355 5604 1691 5663 conscientia

150 5692 453 5769 designatur.
499 5703 832 5773 Quocumque
882 5701 1025 5756 enim
1068 5701 1300 5755 verteris
1343 5701 1694 5769 quadratum,

1800 4504 1942 4559 Nam
1984 4514 2034 4559 et
2074 4502 2338 4557 humeruli
2380 4511 2609 4573 quatuor
2644 4499 2724 4554 illi
2755 4517 2848 4570 per
2883 4497 3115 4569 singulos
3160 4495 3384 4567 angulos

1798 4596 1938 4650 basis
1979 4594 2136 4649 unius
2176 4610 2242 4647 ea:
2277 4594 2393 4663 ipsa
2441 4591 2553 4644 basi
2596 4588 2778 4661 fusiles
2813 4598 2860 4643 et
2902 4588 3168 4659 conjuncti
3210 4597 3384 4639 erant.

1796 4686 1865 4742 In
1902 4686 2201 4741 summitate
2245 4693 2419 4737 autem
2462 4682 2600 4737 basis
2638 4690 2752 4737 erat
2794 4680 3039 4751 quwdam
3086 4676 3390 4731 rotunditas

1796 4779 1953 4832 unius
1981 4786 2029 4830 et
2058 4774 2263 4829 dimidii
2296 4773 2455 4827 cubiti
2486 4774 2555 4825 ita
2583 4769 2899 4841 fabrefacta,
2922 4778 2978 4821 ut
3007 4767 3144 4821 luter
3163 4766 3392 4835 desuper

1796 4879 1964 4941 posset
2008 4866 2227 4936 imponi,
2274 4864 2472 4917 habens
2521 4860 2799 4915 crclaturus
2840 4875 2965 4913 suas
2999 4865 3048 4911 et
3086 4855 3388 4925 sculpturas

1797 4960 1971 5014 varias
2005 4973 2069 5012 ea:
2101 4954 2395 5023 semetipso.
2430 4949 2662 5021 Sculpsit
2697 4965 2901 5021 quoque
2936 4948 2990 5000 in
3023 4944 3214 5000 tabulis
3253 4943 3385 5007 illis,

1795 5064 1914 5120 quae
1939 5056 2090 5101 erant
2122 5061 2187 5100 ea:
2210 5058 2337 5108 tere,
2371 5041 2501 5096 etin
2536 5037 2743 5110 angulis
2775 5036 3060 5100 cherubim,
3104 5044 3151 5089 et
3185 5033 3389 5099 leones,

1797 5150 1847 5196 et
1888 5137 2125 5210 palmas,
2167 5135 2318 5208 quasi
2361 5133 2419 5189 in
2456 5130 2857 5187 similitudinem
2898 5127 3086 5183 stantis
3126 5125 3384 5186 hominis,

1799 5239 1855 5284 ut
1879 5245 1983 5283 non
2011 5224 2222 5289 cwlata,
2245 5222 2335 5277 sed
2361 5222 2600 5292 apposita
2625 5235 2717 5290 per
2745 5218 3024 5273 circuitum
3065 5214 3383 5269 viderentur.

1797 5322 1868 5377 In
1906 5320 2042 5374 hunc
2082 5315 2295 5372 modum
2343 5314 2465 5385 fecit
2500 5313 2678 5367 decem
2726 5311 2875 5367 bases
2921 5309 3109 5380 fusura
3151 5323 3291 5371 una,
3334 5313 3382 5357 et

1798 5429 2044 5470 mensura
2071 5409 2442 5482 sculpturaque
2473 5404 2755 5462 consimili.
2793 5402 2941 5459 Fecit
2976 5415 3179 5472 quoque
3204 5397 3380 5450 decent

1798 5509 1988 5562 lateres
2013 5520 2203 5560 amcos.
2231 5500 2598 5571 Quadraginta
2619 5498 2766 5551 batos
2794 5495 3028 5565 capiebat
3054 5490 3192 5542 luter
3218 5500 3378 5548 unus,

1798 5608 2009 5669 eratque
2035 5599 2272 5667 quatuor
2309 5590 2624 5645 cubitorum.
2673 5583 2922 5655 Singulos
2953 5572 3381 5669 quoque‘lutfres
3427 5634 3449 5651 I

1800 5712 1890 5766 per
1921 5665 2244 5763 singulas,id
2260 5696 2337 5743 est
2351 5686 2526 5740 decem
2550 5682 2698 5736 bases
2725 5677 2918 5748 posuit,
2944 5681 3049 5727 etc.
3086 5665 3142 5739 (1
3150 5665 3209 5721 ΙΙ
3247 5665 3379 5737 Reg.
