3876 6136
442 306 546 360 445

1088 299 1150 355 Β.
1189 298 1445 354 RABANI
1485 298 1703 356 MAURI
1736 300 2058 357 ARClllEP.
2099 298 2408 356 MOGUNT.
2446 296 2733 356 OPERUH
2774 295 2954 352 PARS
2990 296 3033 352 Ι.

3592 294 3712 353 ιιιι

442 419 560 488 vn).
589 413 878 469 Multifarie
912 413 1204 485 multisque
1242 415 1417 470 modis
1439 431 1564 484 ,una
1597 417 1894 486 eademque
1920 432 2017 471 no-
2044 419 2092 477 A
2118 426 2338 477 nentes,
2374 409 2485 471 'cor
2534 415 2606 470 ab
2650 422 2890 484 appetitu
2935 413 3268 483 voluptatum
3317 424 3714 484 temperantes,

442 517 569 560 stne
595 503 786 559 salutis
813 513 1150 558 sacramenta
1192 504 1629 574 praefigurantur.
1679 505 1815 560 Nam
1860 507 2024 561 iidem

442 594 702 664 apostoli,
756 593 968 663 virique
1017 593 1335 664 apostolici,
1383 595 1476 664 qui
1529 611 1627 665 per
1665 597 1832 652 boves
1876 611 2026 651 mare

438 693 720 758 portantes
766 685 1035 756 designati
1080 693 1249 750 sunt,
1319 685 1671 755 designantur
1716 686 1881 740 etiam
1929 701 2027 755 per

440 780 636 843 bases,
684 792 806 848 quae
854 775 1137 848 portandis
1179 784 1336 831 erant
1384 776 1647 831 luteribus
1689 786 2023 847 praeparatae,

441 870 711 940 quomodo
758 869 860 938 ipsi
922 867 1125 922 luteres
1184 865 1428 935 ejusdem
1486 865 1687 922 lavacri
1742 868 2022 937 spiritalis,

441 964 595 1033 cujus
647 976 797 1017 mare
848 968 1034 1032 typum
1093 960 1335 1031 gerebat.
1393 958 1673 1028 Siquidem
1729 961 1813 1031 (ut
1850 961 2024 1015 Verba

2119 507 2384 577 justitiam
2430 508 2486 562 in
2527 507 2840 578 operatione
2885 513 3150 560 tenentes.
3201 504 3392 560 Trium
3443 521 3580 562 vero
3612 522 3720 564 cu-

2123 599 2359 653 bitorum
2404 598 2467 652 ﬁt
2507 597 2732 667 altitudo
2776 595 2986 651 basium
3012 635 3029 661 ,
3082 610 3206 650 cum
3245 610 3345 664 per
3384 598 3715 654 exercitium

2125 688 2408 752 virtutum,
2438 701 2574 756 quas
2602 701 2726 741 cum
2748 684 3015 754 patientia
3049 684 3316 739 malorum
3336 692 3392 740 et
3414 686 3719 743 dilectione

2124 779 2390 834 bonorum
2419 785 2697 841 exercent,
2727 776 2983 832 continua
3019 774 3320 830 intentione
3347 776 3415 831 ad
3440 777 3715 832 visionem

2124 878 2330 925 sanctae
2382 867 2664 922 Trinitatis
2716 864 3001 935 pervenire
3054 872 3327 934 satagunt.
3408 865 3479 919 Et
3530 866 3718 934 ipsum

2124 973 2260 1027 opus
2305 957 2518 1012 basium
2567 955 2877 1011 interrasile
2920 962 3072 1020 erat,
3119 962 3175 1008 et
3225 953 3518 1023 sculptum
3567 957 3719 1010 inter

440 1054 665 1109 Dierum
697 1053 940 1124 narrant)
972 1052 1154 1107 omnia
1184 1052 1235 1105 in
1274 1053 1354 1107 eis
1392 1068 1513 1122 qua:
1555 1055 1610 1108 in
1650 1053 2025 1108 holocaustum
2119 1052 2422 1122 juncturas.
2457 1051 2747 1107 Juncturas
2776 1051 2992 1106 videtur
3018 1050 3203 1106 dicere
3237 1065 3331 1105 eas
3359 1052 3556 1119 quibus
3597 1052 3719 1120 ipse

441 1148 621 1205 oblata
663 1152 821 1199 erant
862 1143 1132 1197 lavabant.
1175 1141 1563 1198 Holocaustum
1602 1152 1781 1198 autem
1815 1141 2028 1197 Domini

441 1237 766 1310 generaliter
795 1234 972 1290 omnis
997 1232 1295 1287 electorum
1332 1234 1622 1290 multitudo
1653 1241 1833 1304 potest
1868 1231 2026 1287 intel-

446 1334 561 1406 ligi,
593 1347 713 1402 quae
748 1331 901 1401 juxta
926 1343 1115 1384 vocem
1149 1327 1508 1383 Praecursoris
1534 1328 1807 1398 baptizata
1845 1334 1929 1381 est
1957 1324 2026 1379 ab

336 1413 349 1422 ’
443 1425 563 1494 ipso
605 1422 658 1477 in
711 1420 915 1491 Spiritu
950 1427 1139 1475 sancto
1178 1428 1234 1473 et
1272 1418 1396 1488 igne
1453 1416 1668 1490 (Matth.
1722 1422 1828 1489 ιιι).
1874 1415 2029 1472 Sicut

438 1530 572 1582 ergo
619 1510 952 1574 sacerdotes,
1001 1510 1093 1579 qui
1142 1508 1197 1563 in
1246 1508 1382 1562 mari
1431 1507 1771 1573 lavabantur,
1798 1506 2026 1561 formam

439 1603 750 1674 exprimunt
774 1616 958 1656 eorum
980 1600 1070 1669 qui
1093 1613 1190 1670 per
1212 1598 1479 1668 baptisma
1507 1595 1809 1652 efﬁciuntur
1828 1596 2027 1651 summi

444 1701 726 1748 consortes
755 1689 1068 1753 sacerdotii,
1097 1688 1240 1759 quod
1270 1697 1353 1743 est
1378 1688 1433 1742 in
1464 1689 1693 1743 Domino
1719 1685 1845 1741 Jesu
1869 1685 2024 1741 Chri-

2125 1145 2356 1200 lulcrum
2401 1144 2595 1200 tabulae
2630 1144 2846 1199 sibimet
2884 1143 3116 1198 invicem
3158 1157 3416 1198 connexa:
3453 1150 3619 1205 sunt,
3661 1151 3722 1194 ut

2127 1238 2333 1293 scilicet
2393 1244 2622 1306 quatuor
2683 1234 2799 1290 sive
2847 1234 3090 1304 quinque
3144 1232 3342 1288 tabulis
3391 1248 3499 1287 una
3554 1230 3721 1286 ﬁeret

2127 1330 2290 1385 basis.
2330 1328 2484 1396 Quod
2521 1327 2757 1398 aequales
2793 1334 2975 1381 autem
3013 1324 3321 1396 sculpturas
3363 1328 3522 1382 bases
3562 1325 3719 1380 inter

2126 1420 2224 1474 has
2251 1419 2554 1489 juncturas,
2593 1417 2647 1471 id
2683 1424 2789 1483 est,
2834 1415 3114 1485 impressis
3149 1415 3262 1470 suis
3293 1413 3555 1471 lateribus
3583 1424 3718 1471 ante

2125 1520 2180 1567 et
2217 1522 2386 1577 retro,
2412 1513 2602 1568 dextra
2632 1518 2688 1567 et
2713 1509 2951 1574 sinistra,
2981 1517 3039 1565 et
3077 1523 3238 1580 supra
3265 1524 3480 1579 quoque
3503 1508 3718 1564 habue-

2126 1604 2257 1669 rint,
2301 1603 2580 1659 subdendo
2622 1604 2881 1674 aperitur,
2926 1617 3053 1658 cum
3086 1602 3287 1657 dicitur
3318 1616 3333 1654 :
3361 1600 3513 1655 Inter
3549 1617 3715 1656 coro-

2127 1694 2281 1749 nulas
2315 1702 2365 1749 et
2391 1693 2586 1764 plectas
2629 1692 2801 1748 leones
2837 1702 2883 1748 et
2923 1693 3096 1758 boves,
3136 1700 3186 1746 et
3214 1690 3516 1755 cherubim,
3559 1701 3615 1746 et
3657 1690 3718 1747 επ

440 1790 546 1847 sto,
584 1781 659 1835 ita
696 1780 863 1834 etiam
890 1777 1208 1833 holocausta
1250 1777 1569 1832 eorumdem
1594 1774 1823 1846 ﬁguram
1853 1775 2024 1844 aptis-
2054 1774 2102 1834 B
2120 1783 2388 1855 juncturis
2437 1782 2682 1838 similiter
2717 1783 2961 1853 desuper.
3015 1780 3135 1837 Non
3186 1781 3336 1837 enim
3379 1781 3542 1852 plana
3588 1788 3717 1839 erat

441 1875 578 1930 sime
626 1873 995 1945 praetendunt,
1048 1886 1171 1926 cum
1219 1877 1343 1939 post
1394 1868 1725 1923 ablutionem
1768 1867 2030 1937 baptismi

441 1967 617 2037 gratia
663 1964 898 2035 Spiritus
942 1963 1117 2019 sancti
1161 1961 1473 2032 implentur.
1521 1959 1760 2014 Lavatur
1799 1974 2032 2029 namque

443 2058 502 2112 in
539 2057 713 2111 lutere
759 2054 958 2119 hostia,
990 2068 1113 2109 cum
1147 2053 1270 2122 quis
1313 2050 1551 2107 ﬁdelium
1599 2066 1738 2121 aqua
1776 2049 2029 2119 baptismi

442 2145 805 2218 perfunditur.
860 2144 1100 2201 Olfertur
1142 2158 1273 2199 vero
1324 2143 1380 2197 in
1434 2142 1838 2208 holocaustum,
1904 2158 2030 2198 cum

444 2255 544 2309 per
588 2238 992 2309 impositionem
1039 2250 1234 2290 manus
1275 2233 1512 2305 episcopi
1558 2234 1760 2288 donum
1795 2232 2029 2303 Spiritus

453 2328 627 2383 sancti
678 2326 896 2397 accipit.
944 2323 1096 2392 Quod
1151 2339 1282 2378 vero
1349 2324 1423 2393 ad
1469 2323 1766 2394 portandas
1830 2322 2030 2379 luteres

449 2421 635 2475 decem
675 2426 801 2473 sunt
834 2417 996 2489 bases
1033 2415 1210 2481 factae,
1246 2422 1426 2485 potest
1468 2416 1544 2469 ita
1586 2417 1816 2486 mystice
1860 2415 2031 2471 inter-

443 2509 645 2580 pretari
691 2525 703 2537 ·
758 2507 885 2576 quia
934 2505 1169 2561 ministri
1220 2504 1420 2559 lavacri
1468 2505 1649 2560 vitalis
1696 2507 1765 2561 ad
1815 2514 2031 2563 {eterna}

444 2598 639 2668 gaudia
687 2596 1037 2651 beatitudinis
1061 2635 1076 2661 ,
1133 2610 1254 2664 qua:
1310 2595 1531 2650 denario
1583 2594 1758 2650 solent
1804 2611 2029 2653 numero

444 2686 690 2758 figurari,
717 2700 812 2740 eos
841 2700 977 2754 quos
1018 2683 1267 2738 imbuunt
1295 2690 1509 2739 vocent.
1549 2683 1750 2738 Verum
1794 2685 1923 2754 quia
1959 2686 2024 2740 de

442 2781 646 2836 eisdem
687 2780 952 2836 luteribus
992 2779 1247 2836 distincte
1292 2779 1347 2835 in
1390 2780 1849 2850 consequentibus
1891 2779 2029 2836 seri-

442 2881 594 2944 ptum
624 2880 729 2939 est,
772 2872 917 2943 quod
948 2871 1193 2926 videlicet
1221 2872 1461 2942 quinque
1502 2887 1570 2927 ex
1608 2873 1694 2928 his
1721 2872 1882 2944 positi
1917 2873 2027 2929 sint

444 2962 512 3016 ad
554 2962 830 3017 dexteram
879 2970 1088 3031 partem
1141 2961 1346 3032 templi,
1398 2970 1455 3017 et
1501 2963 1739 3033 quinque
1785 2963 1855 3019 ad
1894 2964 2026 3019 sini-

444 3062 633 3118 stram,
662 3053 834 3126 magis
868 3053 924 3108 in
957 3052 1037 3107 eis
1066 3052 1299 3122 quinarii
1343 3054 1554 3107 numeri
1593 3062 1719 3108 sunt
1764 3054 2022 3109 intuenda

448 3144 723 3215 mysteria.
768 3142 828 3197 In
862 3151 1092 3211 utraque
1128 3142 1328 3197 etenim
1366 3151 1522 3212 parte
1562 3143 1745 3212 templi
1780 3153 1906 3199 sunt
1932 3160 2028 3214 po-

448 3235 566 3289 sita:
593 3235 752 3289 bases
775 3233 1029 3301 luterum,
1057 3241 1117 3287 ut
1146 3235 1362 3303 utrique
1387 3233 1482 3289 Dei
1508 3235 1708 3304 populo
1737 3235 1877 3290 sacri
1906 3233 2028 3289 fon-

449 3325 520 3378 tis
551 3325 723 3395 gratia
763 3323 1302 3405 designaretur_essc
1341 3325 1645 3396 pandenda.
1686 3327 1751 3381 Et
1788 3326 2026 3397 quinque

449 3415 501 3469 in
525 3423 758 3485 utraque
786 3422 911 3470 sunt
935 3424 1109 3484 parte,
1141 3424 1200 3470 ut
1227 3416 1637 3486 interpositione
1661 3417 1847 3483 maris,
1880 3418 2026 3487 quod

446 3506 688 3576 quinque
712 3505 910 3561 cubitis
930 3506 1096 3560 altum
1127 3521 1249 3562 esse
1267 3505 1379 3574 jam
1405 3507 1660 3573 diximus,
1690 3508 2027 3564 demonstra-

446 3605 601 3652 retur
646 3596 819 3668 typice
864 3597 1116 3652 universa
1165 3596 1445 3663 ﬁdelibus,
1494 3614 1613 3669 quae
1652 3614 1750 3669 per
1786 3598 2026 3669 quinque

445 3700 637 3744 sensus
656 3685 898 3755 corporis
926 3685 1281 3755 deliquerant,
1308 3700 1405 3755 per
1430 3686 1706 3742 lavacrum
1731 3687 2029 3756 baptisma-

445 3775 518 3831 tis
540 3788 661 3830 esse
695 3774 1035 3828 remittenda.
1069 3773 1161 3827 Sic
1182 3789 1317 3845 ergo
1356 3775 1410 3847 in
1446 3789 1554 3829 uno
1582 3774 1719 3829 mari
1745 3774 2025 3830 duodecim

446 3866 624 3921 bubus
672 3866 1011 3936 superposito
1061 3866 1242 3921 unitas
1289 3867 1612 3936 exprimitur
1660 3866 2023 3936 baptismatis,

446 3973 566 4027 quae
602 3972 701 4026 per
734 3956 1003 4027 apostolos
1046 3964 1160 4012 toto
1192 3968 1311 4012 erat
1357 3959 1490 4014 orbe
1534 3959 1893 4030 praedicanda.
1946 3959 2027 4018 Ita

447 4051 611 4105 ctiam
652 4065 750 4120 per
784 4052 918 4104 duos
958 4050 1179 4106 ordines
1221 4050 1527 4105 litterarum
1572 4052 1799 4123 mystice
1843 4062 2027 4108 osten-

449 4140 595 4193 ditur
619 4140 763 4210 quod
787 4140 1063 4212 gentilitas
1097 4156 1219 4195 cum
1244 4140 1426 4195 Judaaa
1462 4142 1514 4195 in
1548 4158 1713 4198 unum
1745 4142 1869 4199 ﬁdei
1898 4159 2026 4199 con-

448 4230 674 4284 sortium
727 4244 827 4298 per
880 4229 1221 4299 baptismatis
1267 4239 1387 4286 erat
1440 4232 1641 4286 undam
1700 4232 2022 4305 colligenda.

449 4320 600 4385 Quod
655 4327 834 4375 autem
891 4329 1125 4390 quatuor
1182 4320 1485 4376 cubitorum
1544 4321 1922 4394 longitudinis,
1972 4331 2028 4378 et

2127 1873 2235 1929 ulla
2272 1888 2340 1930 ex
2376 1880 2533 1943 parte
2563 1872 2876 1942 superﬁcies
2916 1871 3151 1938 basium,
3199 1872 3296 1928 sed
3338 1872 3714 1943 undiquever—

2127 1981 2246 2021 sum
2282 1965 2526 2037 mysticis
2561 1964 2768 2035 sculpta
2805 1963 3013 2035 ﬁguris,
3040 1964 3167 2035 quia
3202 1973 3517 2019 sanctorum
3554 1979 3718 2019 men-

2128 2065 2231 2123 tes,
2274 2056 2383 2112 imo
2424 2056 2679 2111 universa
2725 2070 2916 2110 eorum
2965 2054 3304 2111 conversatio
3342 2053 3609 2108 virtutum
3652 2052 3713 2109 in

2128 2149 2382 2205 omnibus
2435 2148 2664 2219 gratiam
2723 2148 3050 2218 praetendit;
3118 2161 3292 2217 neque
3344 2146 3528 2217 aliqua
3585 2146 3715 2203 illos

2127 2240 2258 2297 hora
2303 2240 2481 2295 inanis
2517 2248 2571 2295 et
2607 2253 2778 2294 vacua
2813 2238 3085 2309 praeterit,
3129 2237 3184 2292 in
3220 2252 3326 2307 qua
3365 2236 3471 2307 piis
3503 2251 3713 2294 vacare

2127 2332 2403 2402 operibus,
2435 2331 2518 2386 vel
2559 2330 2918 2395 sermonibus,
2959 2329 3045 2385 vel
3074 2328 3515 2400 cogitationibus,
3559 2327 3713 2383 desi-

2127 2429 2293 2477 stant.
2320 2420 2622 2477 Coronulas
2649 2420 2848 2490 quippe
2890 2420 2945 2475 in
2982 2434 3041 2474 se
3069 2418 3307 2489 sculptas
3331 2418 3556 2481 habent,
3582 2434 3715 2474 cum

2127 2514 2182 2569 in
2225 2513 2496 2569 desiderio
2530 2512 2657 2566 vita:
2697 2510 2962 2577 caelestis,
3002 2525 3123 2580 qua:
3165 2508 3381 2566 sursum
3414 2519 3521 2575 est,
3566 2525 3712 2564 nun-

2126 2616 2289 2672 quam
2336 2600 2592 2657 fraterna!
2646 2599 2944 2665 societatis,
2996 2614 3114 2669 qua:
3153 2597 3309 2668 juxta
3344 2606 3451 2665 est,
3491 2597 3716 2652 vincula

2126 2692 2447 2749 dissolvunt.
2475 2691 2688 2747 Habent
2718 2691 2859 2747 inter
2883 2689 3170 2746 coronulas
3193 2698 3249 2745 et
3273 2690 3475 2760 plectas
3498 2688 3716 2755 leones,

2126 2796 2250 2837 cum
2290 2781 2365 2836 ita
2399 2782 2468 2837 ad
2503 2780 2768 2851 speranda
2808 2778 3053 2836 caelestia
3090 2786 3330 2835 mentem
3362 2778 3603 2848 erigunt,
3635 2776 3715 2832 ita

2125 2874 2195 2928 ad
2240 2872 2540 2945 diligendus
2588 2872 2867 2941 proximos
2919 2870 3177 2937 dilatant,
3224 2878 3284 2926 ut
3329 2871 3385 2925 in
3419 2879 3714 2940 peccantes

2125 2977 2391 3034 quosque,
2427 2962 2519 3033 qui
2562 2960 2665 3017 sibi
2702 2960 2977 3023 commissi
3021 2968 3169 3026 sunt,
3201 2958 3469 3016 fervorem
3500 2974 3715 3029 asperae.

2130 3052 2559 3123 investigationis
2600 3065 2858 3106 exercere
2904 3066 3012 3106 non
3046 3050 3281 3104 tardent.
3335 3048 3552 3104 Habent
3582 3063 3711 3104 cum

2053 3118 2100 3182 (ἶ
2130 3118 2376 3197 leonibus
2422 3141 2607 3207 boves,
2640 3141 2858 3210 quando
2906 3139 3076 3209 ipsam
3125 3138 3486 3195 invectionem
3531 3139 3713 3194 corri-

2126 3232 2307 3303 piendi
2333 3248 2457 3288 cum
2491 3231 2685 3301 spiritu
2716 3231 3143 3286 mansuetudinis
3182 3230 3460 3297 exhibent,
3489 3232 3715 3301 quando

2127 3326 2183 3380 in
2216 3321 2429 3379 fervore
2464 3321 2726 3394 arguendi
2766 3336 3043 3391 nunquam
3083 3320 3285 3389 habere
3322 3320 3508 3375 lissam
3537 3336 3717 3391 ungu-

2127 3415 2235 3469 lam
2276 3414 2524 3470 discrette
2559 3411 2790 3467 actionis
2814 3410 2900 3467 vel
2929 3409 3177 3482 loquelae,
3220 3425 3498 3480 nunquam
3540 3412 3712 3465 verba

2126 3506 2323 3561 divinae
2344 3505 2590 3561 lectionis
2616 3504 2764 3560 velut
2792 3504 3114 3560 ruminando
3139 3503 3198 3560 in
3224 3517 3322 3560 ore
3340 3502 3561 3558 volvere
3584 3518 3711 3558 ces-

2126 3605 2268 3653 sant.
2307 3597 2378 3653 Et
2415 3612 2578 3667 super
2610 3596 2795 3653 leones
2829 3604 2885 3652 et
2924 3597 3090 3653 boves
3134 3597 3292 3668 quasi
3329 3595 3448 3652 lora
3491 3610 3560 3650 ex
3599 3610 3711 3651 aere

2126 3690 2506 3761 dependentia,
2545 3704 2708 3760 super
2742 3688 2928 3745 leones
2951 3688 3149 3760 quippe
3178 3697 3235 3745 et
3260 3689 3427 3745 boves
3460 3686 3576 3743 lora
3609 3688 3708 3742 de—

2123 3781 2391 3852 pendent,
2441 3781 2658 3851 quando
2703 3780 2874 3835 sancti
2923 3788 3174 3837 uoctores
3214 3788 3271 3835 et
3314 3780 3367 3834 in
3415 3779 3713 3834 severitate

2127 3872 2500 3937 districtionis,
2529 3886 2637 3941 qua
2669 3878 2957 3940 peccantes
2979 3869 3249 3940 judicant,
3278 3878 3335 3925 ct
3374 3870 3427 3923 in
3457 3885 3713 3924 mansuc-

2126 3965 2313 4022 tudine
2349 3964 2617 4029 lenitatis,
2646 3979 2751 4032 qua
2787 3962 3189 4032 paenitentibus
3218 3962 3529 4025 remittunt,
3562 3959 3711 4028 judi-

2127 4056 2269 4111 cium
2312 4054 2395 4110 sui
2443 4054 2635 4108 timent
2676 4052 2936 4116 auctoris,
2974 4067 3044 4107 ne
3085 4050 3223 4107 forte
3259 4054 3460 4121 injuste
3487 4050 3711 4119 ligando

2127 4155 2221 4200 aut
2256 4144 2512 4200 solvendo
2544 4143 2877 4214 quempiam,
2899 4142 3010 4213 jam
3042 4142 3188 4214 juste
3219 4143 3373 4214 ligari
3412 4144 3516 4214 ipsi
3544 4136 3615 4199 ab
3642 4160 3711 4200 co

2126 4233 2277 4302 cujus
2301 4232 2562 4301 judicium
2593 4246 2778 4287 errare
2804 4231 2991 4302 nequit
3017 4240 3345 4301 mereantur.
3376 4232 3446 4287 Et
3468 4244 3712 4304 quatuor

2125 4334 2259 4380 rota:
2296 4338 2393 4394 per
2428 4323 2587 4379 bases
2622 4323 2882 4394 singulas,
2920 4332 2976 4380 ct
3018 4338 3148 4379 axes
3183 4325 3335 4389 terei,
3365 4333 3422 4379 et
3446 4340 3546 4396 per
3573 4342 3713 4395 qua-

449 4418 683 4479 qnatuor
733 4408 1039 4464 cubitorum
1093 4410 1393 4467 latitudinis
1420 4452 1436 4478 ,
1502 4412 1664 4467 trium
1718 4413 2024 4469 cubitorum
2048 4451 2102 4511 Β
2130 4421 2252 4467 tuor
2284 4420 2471 4482 partes
2504 4411 2658 4481 quasi
2701 4411 2968 4466 humeruli
3014 4414 3201 4468 subter
3229 4413 3461 4468 luterem
3493 4413 3708 4481 fusiles,

448 4499 744 4555 altitudinis
772 4499 930 4554 bases
958 4500 1183 4571 singulae
1212 4500 1385 4566 fuere,
1416 4500 1573 4557 facile
1601 4503 1879 4558 intellectu
1907 4513 2043 4560 est:-

450 4591 726 4661 longitudo
766 4590 968 4645 etenim
1009 4591 1074 4644 ad
1100 4591 1415 4658 patientiam
1459 4592 1907 4663 longanimitatis,
1944 4596 2025 4650 la-

451 4682 624 4736 titudo
659 4680 725 4734 ad
764 4679 1133 4734 dilatationem
1180 4678 1507 4745 dilectionis,
1537 4681 1765 4737 altitudo
1792 4685 2028 4753 pertinet

449 4772 513 4825 ad
540 4787 691 4842 spem
722 4784 969 4841 superna:
1008 4770 1400 4825 retributionis.
1427 4770 1670 4838 Quatuor
1691 4780 1871 4827 autem
1900 4782 2026 4829 sunt

448 4860 773 4932 principales
812 4860 1076 4927 virtutes,
1110 4862 1306 4932 quibus
1343 4862 1837 4935 caetera'virtutum
1881 4872 2025 4919 stru-

448 4960 602 5007 ctura
638 4954 920 5008 imminet:
951 4954 1237 5023 prudentia
1275 4955 1512 5019 scilicet,
1551 4953 1847 5019 fortitudo,
1888 4962 2024 5010 tem—

449 5043 717 5114 perantia,
738 5042 980 5114 justitia;
1012 5051 1069 5099 et
1103 5043 1222 5099 ideo
1246 5054 1634 5113 quaternorum
1668 5054 1787 5100 erat
1814 5047 2024 5101 cubito-

451 5150 572 5191 rum
608 5135 890 5206 longitudo
916 5143 971 5190 et
999 5134 1226 5192 altitudo
1253 5138 1486 5204 basium,
1517 5138 1646 5208 quia
1676 5139 1848 5194 sancti
1888 5156 2026 5210 prae-

449 5226 722 5282 dicatores
779 5226 895 5281 sive
948 5227 1174 5281 adversa
1227 5228 1456 5293 mundi,
1520 5237 1577 5284 et
1635 5227 2024 5298 longitudinem

448 5316 625 5374 exsilii
665 5331 732 5371 ac
772 5315 1018 5371 laborum
1056 5318 1401 5387 prazsentium
1437 5317 1570 5374 foris
1616 5318 1880 5386 tolerent,
1931 5335 2025 5374 seu

449 5424 547 5464 cor
586 5407 642 5461 in
682 5404 970 5462 dilectione
1011 5407 1092 5461 sui
1139 5408 1435 5464 conditoris
1480 5424 1809 5481 suorumque
1846 5410 2031 5481 proxi-

451 5515 661 5555 morum
705 5499 920 5554 interna
961 5498 1322 5556 exsultatione
1363 5500 1609 5568 dilatent,
1644 5517 1859 5574 semper
1902 5517 2032 5570 ope-

452 5606 567 5645 ram
593 5590 723 5646 dare
743 5589 1036 5644 virtutibus
1058 5599 1270 5655 curant,
1297 5593 1589 5661 prudenter
1613 5592 1867 5647 videlicet
1891 5590 2033 5646 inter

455 5682 592 5736 bona
632 5691 687 5737 et
725 5681 861 5736 mala
900 5681 1293 5748 discernentes,
1340 5681 1554 5739 fortiter
1600 5682 1827 5738 adversa
1869 5682 2032 5738 susti—

2127 4510 2317 4557 contra
2346 4516 2405 4556 se
2431 4501 2660 4556 invicem
2692 4511 3077 4571 respectantes.
3117 4502 3358 4568 Quatuor
3387 4513 3542 4569 rotae,
3573 4522 3711 4573 qua-

2128 4603 2251 4650 tuor
2294 4602 2420 4649 sunt
2444 4591 2855 4662 Evangeliorum
2901 4592 3058 4658 libri,
3105 4594 3198 4663 qui
3242 4595 3523 4664 aptissime
3571 4598 3710 4653 rotis

2127 4691 2530 4753 comparantur,
2566 4680 2692 4752 quia
2739 4681 2879 4736 sicut
2908 4681 3216 4738 volubilitas
3260 4692 3391 4738 rotae
3437 4684 3709 4742 citissimo

2127 4789 2287 4828 cursu
2324 4787 2644 4843 quocunque
2674 4772 2906 4837 ducitur,
2944 4774 3131 4839 currit,
3164 4773 3237 4827 ita
3267 4788 3447 4830 sermo
3471 4790 3711 4847 evange-

2125 4863 2282 4927 licus,
2316 4862 2538 4933 jubentc
2570 4861 2826 4926 Domino,
2866 4876 2966 4933 per
3001 4863 3271 4933 apostolos
3320 4863 3606 4919 universas
3653 4865 3706 4919 in

2127 4953 2277 5009 brevi
2324 4954 2508 5008 mundi
2550 4951 2739 5024 plagas
2777 4951 3039 5024 implevit.
3090 4952 3241 5008 Sicut
3278 4961 3395 5008 rota
3432 4955 3707 5024 superim-

2128 5047 2361 5116 positum
2395 5045 2499 5101 sibi
2550 5060 2769 5101 currum
2821 5060 2851 5099 a
2882 5053 3028 5099 terra
3071 5045 3332 5113 sublevat,
3378 5054 3433 5100 et
3459 5047 3711 5103 subleva-

2131 5147 2241 5193 tum
2283 5153 2388 5208 quo
2421 5136 2604 5208 auriga
2642 5136 2826 5204 dirigit
2862 5144 3063 5208 portat,
3095 5136 3170 5192 ita
3211 5137 3521 5208 evangelica
3565 5155 3707 5209 pne-

2130 5226 2332 5282 dicatio
2366 5233 2576 5281 mentes
2609 5240 2641 5280 a
2679 5226 2913 5282 terrenis
2957 5227 3338 5297 cupiditatibus
3372 5227 3425 5281 in
3463 5228 3707 5283 coelestia

2132 5317 2400 5374 desideria
2452 5316 2769 5386 suspendit,
2819 5330 2886 5371 ac
2935 5331 3227 5386 suspensas
3278 5316 3347 5370 ad
3400 5316 3708 5385 profectum

2130 5407 2289 5465 bonae
2333 5406 2563 5462 actionis
2609 5406 2723 5461 sive
2762 5405 2832 5460 ad
2875 5406 3235 5461 ministerium
3281 5406 3712 5477 praedicationis,

2133 5512 2453 5569 quocunque
2489 5494 2752 5566 adjuvans
2787 5495 2965 5567 gratia
2993 5495 3229 5566 Spiritus
3255 5496 3504 5560 voluerit,
3540 5498 3707 5553 ducrt.

2134 5590 2378 5660 Namque
2428 5587 2484 5643 in
2525 5587 2873 5658 sequentibus
2923 5585 3120 5642 dicitur
3165 5587 3309 5657 quod
3361 5585 3495 5643 tales
3555 5596 3713 5643 erant

2137 5690 2291 5749 rotae,
2322 5678 2511 5751 quales
2551 5678 2727 5737 solent
2758 5676 2816 5736 in
2856 5692 3018 5734 curru
3056 5677 3193 5733 ﬁeri.
3231 5677 3483 5750 Legimus
3531 5690 3712 5735 autem
