3870 6146
86 365 167 423 αδ

946 357 1302 416 COMMENT.
1339 357 1408 412 ΙΝ
1444 356 2000 415 PARALIPOMENA.
2038 390 2109 400 —
2142 359 2269 414 LIB.
2308 352 2392 413 lll.

3230 364 3336 418 ιω

87 494 139 535 ue
156 472 599 535 sanctiszc'urrus
617 471 714 526 Dei
733 471 910 529 decem
927 471 1152 525 millium
1174 471 1467 545 multiplex,
1481 472 1651 527 millia
1680 480 1731 538 Α
1756 475 1903 531 tione
1927 474 2222 530 valeamus.
2253 474 2407 529 Betae
2433 490 2649 545 quoque
2687 492 2798 532 uno
2825 485 2883 532 et
2907 477 3131 533 dimidio
3158 481 3338 535 cubito

86 566 350 624 latentium
372 562 543 636 (Psat.
561 560 751 634 van).
783 561 843 617 Si
870 576 1001 632 ergo
1022 562 1184 618 bases
1213 562 1447 617 laterum
1474 560 1650 618 sancti

87 664 196 711 sunt
229 652 498 715 doctores,
541 649 641 720 qui
657 649 939 705 lavacrum
978 650 1136 705 nobis
1165 651 1290 705 vitae
1315 652 1648 716 ministrant,

87 752 134 801 et
173 753 295 798 tota:
339 749 620 812 quaternae
656 740 869 796 basium
908 749 1143 811 quatuor
1169 750 1295 797 sunt
1320 742 1445 797 libri
1474 742 1654 796 Evan-

91 839 343 909 gelinnnn,
374 834 506 905 quid
532 848 665 889 axes
690 843 961 900 rotarum,
987 834 1080 903 qui
1102 835 1261 891 bases
1282 842 1517 906 gestant,
1547 834 1653 889 nisi

93 930 191 996 ipsa
228 922 537 979 earumdem
590 931 720 978 sunt
766 923 931 978 corda
974 922 1302 979 doctarum?
1350 924 1481 991 Quae
1525 925 1652 980 dum

94 1018 344 1089 praeceptis
384 1016 718 1087 evangelicis
752 1016 938 1071 sedulo
980 1016 1318 1071 intendentia
1347 1032 1442 1072 eos
1467 1016 1536 1071 ab
1567 1017 1653 1071 in—

99 1112 342 1163 ﬁrmorum
389 1108 631 1178 appetitu
676 1106 989 1171 sustollunt,
1036 1107 1185 1161 velut
1236 1108 1464 1163 immissi
1516 1107 1654 1162 rotis

99 1217 208 1257 axes
230 1201 385 1255 altius
406 1200 583 1254 basim
609 1214 641 1253 a
666 1207 813 1253 terra
839 1198 1141 1253 sublevant.
1167 1199 1338 1255 Porro
1360 1199 1654 1266 humeruli,

99 1298 175 1365 qui
209 1297 337 1351 rotis
364 1295 678 1365 antepositi,
731 1310 801 1350 ne
848 1296 917 1350 ab
961 1296 1154 1351 axibus
1201 1296 1367 1353 dilabi
1413 1306 1653 1368 possent,

99 1388 444 1452 obsistebant,
489 1387 766 1457 praeconia
812 1394 942 1441 sunt
985 1388 1416 1457 prophetarum,
1461 1388 1658 1458 quibus

99 1476 373 1547 evangelica
407 1483 466 1532 et
490 1476 786 1546 apostolica
815 1476 1119 1548 Scriptura,
1154 1494 1222 1533 ne
1252 1479 1339 1534 cui
1366 1479 1655 1548 legentium

100 1572 145 1625 in
181 1569 387 1624 dubium
430 1568 573 1625 forte
616 1570 822 1636 veniat,
853 1570 1228 1626 conﬁrmatur.
1278 1571 1424 1627 Bene
1470 1579 1657 1627 autem

99 1658 272 1712 dicitur
327 1658 474 1729 quod
529 1659 819 1726 humeruli,
872 1660 966 1729 qui
1022 1675 1123 1730 per
1185 1668 1421 1730 quatuor
1474 1669 1661 1732 partes

102 1752 264 1805 subter
295 1751 531 1807 laterum
559 1760 717 1808 erant
749 1754 933 1824 positi,
961 1763 1151 1810 contra
1190 1770 1249 1810 se
1279 1755 1661 1825 invicemfue—

1754 574 2169 633 mensurantur,
2215 567 2341 635 quia
2386 566 2666 651 Scriptura
2719 568 2969 625 lectionis
3015 570 3340 642 evangelica:

1752 656 1986 727 qualiter
2020 657 2077 711 bi
2113 658 2205 727 qui
2242 656 2463 728 perfecti
2502 673 2623 712 esse
2662 659 2848 727 velint,
2892 661 3077 716 vivere
3110 662 3344 719 debeant

1753 748 2004 812 ostendit,
2060 762 2321 819 spemque
2372 749 2528 803 nobis
2587 757 2805 806 :eterna:
2861 752 3239 808 retributionis
3286 755 3343 810 in

1751 846 2004 908 prmseutt
2039 838 2396 901 demonstrat,
2436 840 2612 917 ipsam
2638 856 2771 896 vero
2796 842 3173 898 retributionis
3203 843 3346 899 illius

1754 930 2068 1000 qualitatem
2107 931 2163 985 in
2194 929 2374 985 futuro
2404 932 2560 986 nonis
2587 933 2927 1001 pandendam
2973 934 3133 989 simul
3162 944 3218 990 et
3246 937 3346 991 do-

1756 1022 1991 1075 nandam
2019 1034 2139 1075 esse
2169 1021 2458 1090 promittit.
2502 1022 2668 1077 Bases
2694 1024 2860 1078 etiam
2891 1023 3023 1095 ipsa:
3047 1040 3214 1080 unum
3249 1028 3345 1081 ba-

1755 1110 1958 1165 bebant
1997 1111 2241 1165 cubitum
2293 1126 2358 1165 ac
2391 1112 2672 1167 semissem
2711 1114 3080 1183 amplitudinis
3119 1117 3173 1171 in
3200 1133 3348 1173 sum-

1755 1202 1945 1257 mitate
1971 1218 2076 1269 sm,
2104 1203 2196 1257 ubi
2222 1203 2426 1258 luteres
2461 1204 2782 1274 reciperent,
2812 1207 2940 1276 quia
2971 1207 3073 1277 ipsi
3101 1210 3348 1264 doctores

1756 1292 1953 1345 summi
1992 1308 2057 1347 ac
2095 1292 2331 1347 ministri
2371 1293 2573 1347 lavacri
2612 1294 2870 1350 salutaris
2915 1311 3080 1366 opere
3126 1299 3343 1369 quidem

1756 1380 1983 1453 perfecti
2009 1382 2063 1436 in
2089 1383 2190 1437 hac
2213 1383 2323 1437 vita
2351 1382 2639 1450 fulserunt,
2671 1386 2765 1441 sed
2789 1385 2910 1442 luce
2939 1389 3353 1459 contemplatio-

1757 1473 1844 1527 nis
1876 1488 1945 1561 εις
1981 1482 2135 1543 parte
2176 1482 2303 1528 sunt
2342 1472 2515 1529 fruiti.
2564 1475 2719 1531 Unde
2758 1484 2816 1531 et
2859 1477 3016 1533 aiunt
3044 1497 3058 1533 :
3085 1464 3173 1533 Ea:
3203 1491 3355 1550 parte

1758 1567 1898 1621 enim
1937 1567 2318 1637 cognoscimus,
2342 1577 2390 1621 et
2434 1584 2500 1622 ea:
2534 1577 2683 1639 parte
2721 1568 3143 1640 praphetamus‘;
3233 1588 3353 1626 cum

1760 1664 1936 1710 autem
1973 1658 2167 1712 venerit
2204 1657 2344 1728 quod
2380 1659 2670 1729 perfectum
2709 1667 2807 1725 est,
2848 1661 3188 1714 evacuabitur
3213 1661 3353 1732 quod

1760 1764 1826 1803 ea:
1847 1757 1998 1820 parte
2018 1759 2094 1803 est
2114 1747 2166 1821 (Ι
2186 1748 2308 1803 Cor.
2330 1750 2479 1821 xm).
2505 1751 2560 1804 ln
2587 1752 2731 1805 hunc
2756 1752 2974 1807 modum
3006 1751 3137 1807 fecit
3162 1751 3349 1807 decem

105 1848 209 1894 runt
235 1851 619 1911 respeCIantes,
667 1842 796 1912 quia
844 1843 1101 1898 nimirum
1145 1844 1323 1900 omnis
1366 1844 1654 1914 Scriptum
1681 1836 1730 1895 B
1755 1839 1917 1897 bases
1957 1841 2146 1897 fusura
2186 1856 2316 1907 una,
2352 1852 2407 1895 et
2444 1831 2698 1896 mensura
2745 1843 3132 1913 sculpturaque
3169 1842 3353 1898 consi-

104 1932 384 2002 prophetica
424 1932 642 1989 sibimet
681 1932 913 1988 invicem
945 1941 1309 1989 consentanea
1333 1943 1439 2000 est,
1470 1942 1658 2005 utpote

104 2040 195 2078 uno
228 2025 315 2079 Dei
341 2024 547 2095 Spiritu
586 2024 825 2081 condita.
875 2022 1124 2092 Quatuor
1161 2034 1343 2082 autem
1376 2026 1530 2082 fuere
1561 2040 1661 2097 per

107 2117 240 2173 bases
281 2118 524 2187 singulas
561 2119 854 2185 humeruli,
893 2119 1146 2175 videlicet
1175 2120 1331 2190 juxta
1374 2134 1660 2174 numerum

109 2219 340 2274 rotarum,
379 2225 489 2265 non
519 2210 646 2279 quia
677 2216 912 2281 quatuor
954 2219 1081 2265 sunt
1116 2218 1328 2264 tantum
1370 2208 1494 2266 libri
1534 2225 1663 2281 pro-

107 2300 298 2367 phetici,
334 2301 432 2355 sed
462 2299 589 2370 quia
623 2300 680 2355 in
716 2300 967 2356 omnibus
1003 2316 1124 2371 quae
1164 2300 1330 2356 locuti
1376 2309 1502 2357 sunt
1529 2316 1658 2371 pro-

110 2392 255 2458 pheta
281 2398 333 2446 et
367 2389 581 2460 Moyses
619 2392 778 2447 dictis
808 2400 1044 2462 quatuor
1077 2393 1532 2463 evangelistarum
1587 2403 1667 2447 te-

110 2478 388 2534 stimonium
424 2480 725 2549 praebuere,
762 2487 822 2533 ut
857 2494 925 2534 ex
954 2494 1220 2536 consensu
1259 2482 1539 2551 utriusque
1564 2481 1669 2536 Te-

111 2569 332 2623 stamenti
363 2585 474 2624 una
503 2568 636 2624 ﬁdes
669 2576 725 2624 et
746 2568 964 2624 dilectio
982 2568 1183 2625 Christi
1212 2579 1399 2627 nostra
1421 2572 1666 2628 omnium

111 2658 246 2713 corda
267 2658 527 2715 ﬁrmaret.
557 2656 631 2725 Os
654 2674 871 2731 quoque
896 2659 1085 2715 luteris
1108 2660 1439 2717 intrinsecus
1464 2671 1584 2717 erat
1612 2662 1669 2717 in

113 2750 273 2819 capitis
312 2752 657 2817 summitate,
709 2759 766 2807 et
810 2752 954 2822 quod
1001 2751 1305 2809 forinsecus
1354 2755 1669 2824 apparebat,

113 2842 245 2896 unius
267 2842 433 2898 cubiti
468 2851 587 2897 erat
616 2851 788 2898 totum
817 2843 1129 2911 rotundum,
1162 2846 1475 2916 pariterque
1504 2847 1672 2901 babe-

112 2930 189 2985 bat
232 2949 393 2988 unum
444 2933 689 2988 cubitum
734 2942 790 2990 et
829 2935 1130 2990 dimidium.
1175 2934 1249 2991 Os
1291 2937 1478 2995 luteris
1515 2939 1674 2993 unius

112 3033 210 3079 erat
248 3027 409 3081 cubiti
438 3036 662 3098 propter
704 3029 969 3084 unitatem
1016 3030 1373 3087 confessionis
1422 3041 1477 3087 et
1526 3032 1671 3099 ﬁdei,

114 3130 199 3184 qua
231 3132 416 3172 omnes
442 3118 497 3172 in
525 3117 864 3174 confessione
886 3119 1068 3176 Patris
1101 3128 1156 3175 et
1184 3120 1327 3187 Filii,
1355 3131 1410 3176 et
1438 3121 1681 3194 Spiritus

114 3208 258 3261 sancti
288 3208 634 3278 baptizantur
662 3207 877 3281 (Matth.
901 3208 1115 3282 xxvnt),
1144 3210 1355 3268 dicente
1378 3189 1669 3279 Apostolo:
1701 3189 1745 3251 Ο

119 3294 242 3353 Unus
261 3299 537 3365 Dominus,
560 3316 669 3354 una
691 3300 843 3369 ﬁdes,
871 3317 1037 3355 unum
1068 3300 1349 3372 baptisma,
1375 3319 1512 3356 unus
1532 3300 1675 3356 Deus

115 3398 153 3443 et
172 3387 322 3445 Pater
342 3392 580 3446 omnium
622 3391 839 3464 (Ephes.
867 3393 964 3467 ιν).
996 3394 1064 3449 Et
1097 3394 1271 3464 ipsum
1299 3410 1361 3450 os
1396 3395 1450 3450 in
1482 3395 1676 3466 capitis

117 3490 214 3534 erat
238 3483 567 3547 summitate,
598 3491 660 3536 ut
686 3483 752 3537 ad
781 3483 1023 3540 coelestia
1062 3485 1220 3541 nobis
1248 3500 1413 3557 regna
1442 3501 1540 3555 per
1577 3487 1674 3541 ba-

115 3571 281 3639 ptisma
320 3573 427 3627 iter
450 3587 574 3629 esse
601 3572 931 3643 patefactum
965 3575 1205 3630 doceret.
1232 3574 1350 3644 Ipse
1377 3591 1508 3630 vero
1535 3575 1679 3631 luter

118 3661 163 3714 in
186 3664 528 3733 amplitudine
551 3665 793 3720 cubitum
828 3666 1060 3721 habebat
1092 3682 1257 3720 unum
1288 3675 1344 3722 et
1370 3665 1675 3735 dimidium,

116 3757 394 3827 peraperis
423 3756 679 3811 nimirum
728 3756 1140 3827 perfectionem,
1186 3767 1241 3813 et
1285 3758 1498 3813 initium
1542 3775 1679 3815 con-

119 3849 474 3916 templationis.
511 3848 727 3921 Integer
754 3850 953 3904 etenim
992 3850 1207 3905 cubitus
1242 3850 1296 3904 in
1336 3850 1510 3905 lutere
1557 3866 1680 3920 per-

116 3936 379 3994 lectionem
428 3938 586 3994 bona:
638 3939 888 4011 designat
937 3940 1185 3995 actionis.
1243 3940 1418 4006 Quam
1474 3941 1679 4008 absque

116 4028 203 4082 ulla
234 4032 504 4087 dubietate
538 4031 776 4087 habebat
810 4030 900 4085 ille
936 4033 1003 4085 de
1028 4048 1136 4101 quo
1163 4030 1418 4086 tentatori
1458 4031 1678 4099 antiquo

118 4118 351 4177 Dominus
380 4123 563 4178 aiebat
587 4141 600 4176 :
626 4122 884 4193 Nunquid
913 4122 1260 4176 considerasti
1278 4133 1484 4176 servum
1506 4137 1678 4175 meum

114 4209 229 4276 Job,
267 4213 409 4283 quod
453 4229 559 4267 non
611 4214 679 4268 sit
720 4215 767 4269 ei
814 4211 1003 4269 similis
1053 4229 1211 4284 super
1249 4222 1477 4279 terram,
1524 4213 1679 4267 homo

116 4301 308 4371 simplex
345 4312 409 4357 et
439 4312 613 4358 rectus
661 4321 724 4357 ac
763 4304 950 4357 timens
975 4303 1286 4369 Dominum,
1338 4316 1387 4358 et
1436 4304 1678 4358 recedens

116 4408 142 4443 a
161 4396 281 4449 malo
301 4395 449 4468 (Job.
478 4396 520 4470 1)
548 4398 572 4451 ?
603 4397 701 4451 Est
729 4411 859 4452 vero
897 4396 1034 4451 alter
1061 4396 1274 4452 cubitus
1300 4396 1496 4451 divinae
1517 4396 1682 4451 visio-

117 4484 203 4551 nis,
224 4490 310 4557 qui
338 4502 408 4543 ex
442 4497 599 4558 parte
636 4486 896 4542 nonnulla
935 4487 1098 4542 etiam
1133 4487 1186 4541 in
1216 4485 1317 4542 bac
1360 4487 1537 4541 adhuc
1568 4486 1679 4540 vita

116 4581 399 4634 recentibus
427 4578 677 4635 ﬁdelibus
705 4579 898 4633 donari
936 4577 1241 4646 consuevit;
1278 4577 1348 4634 Ut
1382 4578 1526 4632 idem
1552 4576 1674 4643 Job,

117 4666 302 4723 devicto
325 4669 662 4735 adversario,
676 4684 800 4724 cum
824 4668 1051 4723 Domino
1078 4669 1328 4738 loquens,
1356 4669 1464 4724 ait‘:
1482 4669 1679 4723 Audita

114 4759 240 4811 auris
278 4760 459 4815 audivi
502 4770 587 4835 te,
653 4776 792 4815 nunc
836 4769 1009 4813 autem
1049 4759 1232 4813 oculus
1273 4775 1416 4815 meus
1457 4760 1589 4814 videt
1631 4769 1682 4814 te

116 4844 242 4911 (Job.
270 4849 430 4922 mi).
489 4849 767 4921 Scriptum
806 4865 1039 4919 namque
1077 4860 1163 4904 est
1198 4850 1253 4905 in
1299 4849 1676 4920 sequentibus:

115 4936 217 4992 Una
255 4954 369 4997 rota
408 4942 634 4996 habebat
671 4940 963 4995 altitudinis
1005 4941 1235 4996 cubitum
1284 4951 1330 4995 et
1382 4942 1559 4995 semis.
1611 4940 1679 4995 Et

114 5039 257 5096 paulo
286 5040 450 5101 post:
480 5030 548 5085 In
574 5032 874 5085 summitate
902 5040 1078 5084 autem
1108 5030 1249 5084 basis
1287 5039 1401 5084 erat
1438 5030 1682 5101 qua’dam

114 5122 395 5176 rotunditas
435 5122 595 5176 unius
633 5131 681 5174 et
725 5120 932 5175 dimidii
961 5121 1122 5177 cubiti
1161 5121 1236 5174 ita
1278 5118 1588 5191 fabrefacta,
1626 5130 1683 5174 ut

111 5210 233 5262 later
269 5212 495 5281 desuper
531 5220 703 5283 posset
746 5210 963 5281 imponi.
1005 5210 1262 5265 Litterum
1296 5211 1494 5281 quippe
1536 5228 1685 5266 men-

110 5315 223 5355 sura
260 5303 421 5357 unius
454 5310 577 5357 erat
616 5301 782 5358 cubiti
820 5309 875 5356 et
904 5301 1133 5368 dimidii,
1164 5302 1288 5373 quia
1327 5303 1583 5357 nimirum
1620 5318 1685 5357 ea

111 5392 206 5447 ﬁJe
248 5395 305 5448 in
345 5393 494 5449 fonte
535 5393 662 5448 vita:
705 5392 970 5460 lavamur,
1023 5401 1085 5447 ut
1123 5408 1221 5463 per
1260 5408 1424 5463 opera
1463 5391 1687 5461 justiti-.1:

110 5483 169 5538 ad
192 5485 362 5543 vitam
398 5486 612 5542 intrare
654 5500 980 5551 mereamur,
1024 5486 1273 5555 quamvis
1301 5486 1416 5541 sine
1440 5495 1685 5555 peccato,

110 5573 224 5631 dum
258 5579 353 5636 hic
376 5579 632 5645 vivimus,
674 5594 797 5634 esse
831 5592 1183 5647 nequeamus,
1214 5578 1386 5648 ipsam
1409 5593 1539 5631 vero
1564 5577 1688 5631 vita:

110 5669 339 5726 caelestis
362 5670 701 5727 dulcedinem
732 5678 952 5740 gustare
984 5683 1051 5722 ex
1083 5678 1256 5738 parte,
1293 5683 1355 5721 ac
1381 5668 1600 5738 diligere
1634 5668 1687 5722 in

116 5762 205 5818 hac
252 5752 468 5823 interim
513 5765 646 5831 vita,
691 5761 931 5834 perfecte
972 5769 1154 5815 autem
1185 5760 1367 5817 videre
1415 5759 1686 5831 uallara-

1760 1929 1895 1985 mili.
1927 1929 2079 1985 Fecit
2107 1944 2321 2001 quoque
2352 1931 2539 1987 decem
2579 1929 2785 1987 lateres
2814 1946 3007 1987 aereos.
3046 1931 3226 1999 Quare
3259 1931 3352 1986 de-

1760 2036 1878 2077 cem
1909 2021 2019 2076 sint
2040 2022 2201 2077 bases
2235 2022 2412 2088 factm,
2443 2021 2779 2091 totidemque
2809 2022 2889 2077 eis
2919 2023 3248 2094 superpositi
3271 2022 3355 2077 lu-

1760 2116 1932 2176 teres,
1973 2126 2135 2180 supra
2169 2110 2287 2180 jam
2333 2111 2539 2166 dictum
2579 2121 2684 2167 est.
2731 2111 2886 2180 Quod
2924 2128 3054 2168 vero
3090 2129 3198 2168 una
3238 2123 3359 2170 erat

1762 2198 1945 2255 fusura
1980 2215 2342 2269 mensuraque
2375 2209 2430 2256 et
2465 2201 2739 2272 sculptura
2779 2201 3080 2257 consimilis
3111 2202 3359 2257 omnium

1764 2290 1975 2347 basium
2005 2292 2118 2347 sive
2144 2292 2395 2358 luterum,
2427 2309 2535 2348 non
2556 2295 2608 2348 in
2636 2309 2701 2348 ea
2731 2293 3124 2365 signiﬁcatione
3149 2291 3354 2348 factum

1714 2403 1731 2414 ν
1765 2392 1870 2450 est,
1901 2385 2044 2454 quod
2109 2384 2337 2455 aequalia
2383 2387 2593 2457 possint
2639 2401 2760 2441 esse
2809 2386 3001 2441 merita
3049 2387 3355 2451 doctorum,

1767 2475 1862 2530 sed
1901 2475 1958 2528 in
1990 2490 2055 2552 ea
2092 2476 2291 2546 potius,
2325 2477 2469 2547 quod
2505 2493 2614 2532 una
2639 2486 2721 2533 est
2750 2476 2885 2533 ﬁdes
2915 2477 3211 2549 Evangelii,
3248 2492 3359 2548 quo

1768 2567 2155 2634 instituuntur;
2196 2583 2364 2622 unum
2411 2576 2495 2623 est
2541 2576 2939 2624 sacramentum
2991 2566 3359 2639 baptismatis,

1769 2672 1877 2726 quo
1920 2657 2243 2723 abluuntur;
2302 2675 2445 2714 unus
2500 2659 2751 2729 idemque
2802 2666 2886 2714 est
2928 2658 3195 2730 Spiritus,
3249 2674 3360 2729 quo

1770 2763 1958 2803 omnes
1975 2758 2361 2803 consecrantur
2378 2748 2533 2804 electi
2550 2766 2564 2815 ;
2595 2749 2808 2804 tametsi
2832 2749 3147 2804 donationes
3161 2750 3362 2804 habent

1772 2840 2016 2895 diversas
2064 2841 2119 2895 in
2164 2840 2280 2911 ipso
2311 2838 2537 2910 Spiritu,
2583 2841 2673 2911 qui
2717 2840 2904 2893 dividit
2945 2839 3166 2910 singulis
3207 2849 3362 2911 prout

1772 2930 1881 2985 vult
1913 2931 1965 3002 (Ι
1991 2929 2115 2986 Cor.
2155 2934 2273 3002 χιι).
2321 2931 2688 3002 Quadraginta
2731 2931 2887 2986 batos
2921 2932 3170 3001 capiebat
3210 2930 3358 2986 luter

1772 3042 1931 3082 unus.
1964 3026 2439 3098 Quadragenarius
2468 3041 2726 3080 numerus
2764 3024 2905 3080 solet
2938 3039 3147 3097 magna:
3183 3022 3362 3093 perfe-

1776 3117 1970 3173 ctionis
2007 3127 2190 3188 typum
2223 3125 2425 3182 tenere,
2465 3117 2590 3186 quia
2628 3116 2886 3170 nimirum
2921 3114 3236 3185 quaterdeni
3277 3114 3361 3169 fa-

1776 3208 1927 3262 ciunt
1948 3206 2037 3261 40.
2068 3208 2261 3262 Decem
2287 3214 2466 3261 autem
2494 3215 2621 3262 sunt
2642 3213 2935 3277 praecepta,
2966 3206 3161 3275 quibus
3185 3206 3365 3260 omnis

1777 3309 1964 3356 nostra
2000 3301 2247 3371 operatio
2284 3301 2337 3354 in
2374 3300 2491 3371 lege
2520 3301 2699 3355 divina
2730 3300 2947 3371 praeﬁxa
2979 3308 3091 3367 est;
3131 3308 3365 3369 quatuor

1777 3408 1909 3448 vero
1932 3393 2345 3464 Evangeliorum
2375 3392 2521 3458 libri,
2550 3393 2604 3447 in
2634 3393 2854 3463 quibus,
2883 3409 2981 3464 per
3004 3392 3362 3463 dispensatio-

1776 3502 1902 3541 nem
1927 3486 2219 3540 Dominica:
2267 3486 2656 3541 incarnationis
2695 3484 2933 3540 caelestis
2972 3486 3160 3555 patriae
3200 3485 3357 3541 nobis

1777 3587 1862 3634 est
1882 3577 2181 3649 patefactus
2210 3578 2484 3634 introitus.
2518 3578 2587 3632 Et
2610 3578 2734 3647 quia
2770 3593 2958 3633 omnes
2986 3579 3078 3648 qui
3105 3578 3173 3633 ad
3204 3579 3367 3634 mini-

1778 3670 2006 3724 sterium
2036 3669 2176 3724 sacri
2212 3668 2555 3738 baptismatis
2582 3667 2875 3737 pertinent,
2903 3682 3024 3722 cum
3051 3666 3157 3722 ﬁde
3188 3677 3243 3721 et
3271 3682 3364 3721 sa-

1778 3760 2073 3815 cramentis
2100 3759 2376 3829 Evangelii
2417 3758 2651 3813 fructum
2676 3759 2874 3813 debent
2906 3766 3067 3813 recte
3095 3758 3368 3827 operatio-

1780 3853 1866 3905 nis
1902 3852 2208 3916 ostendere,
2239 3860 2363 3920 apte
2400 3850 2602 3907 lateres
2644 3849 2863 3921 singuli,
2904 3850 2960 3904 in
2990 3851 3189 3919 quibus
3218 3850 3369 3905 bolo-

1778 3950 1969 3996 causta
2026 3940 2366 4004 lavabantur,
2426 3940 2785 4010 quadraginta
2839 3939 2995 3993 batos
3056 3940 3365 4010 capiebant.

1781 4033 1935 4101 Quod
1983 4047 2114 4087 vero
2160 4033 2405 4101 sequitur
2450 4050 2463 4085 :
2509 4030 2744 4101 Eratque
2780 4040 3009 4101 quatuor
3049 4032 3363 4098 cubitorum,

1781 4123 1895 4178 sive
1931 4123 1985 4177 in
2020 4122 2325 4187 altitudine,
2370 4123 2486 4177 sive
2517 4122 2574 4176 in
2615 4121 2897 4177 latitudine
2942 4121 3231 4193 signiﬁcet,
3276 4123 3360 4177 in-

1781 4213 2028 4269 tellectus
2057 4214 2301 4283 mysterii
2339 4213 2393 4267 in
2420 4222 2673 4282 promptu
2702 4219 2806 4267 est.
2855 4211 3025 4267 Luter
3052 4212 3194 4268 enim
3226 4229 3366 4268 unus

1780 4315 2014 4375 quatuor
2042 4314 2164 4358 erat
2190 4304 2518 4369 cubitorum,
2549 4303 2635 4358 vel
2671 4312 2892 4374 propter
2927 4313 3161 4374 quatuor
3194 4306 3367 4360 sancti

1782 4393 2058 4465 Evangelii
2103 4392 2289 4458 libros,
2339 4393 2395 4447 in
2442 4392 2640 4462 quibus
2688 4392 2861 4448 forma
2909 4394 3069 4449 nobis
3115 4394 3369 4465 baptismi

1784 4488 2004 4556 praeﬁxa
2029 4496 2140 4552 est;
2176 4484 2258 4541 vel
2282 4496 2503 4555 propter
2530 4494 2761 4555 quatuor
2789 4485 3093 4541 cardinales
3116 4487 3367 4552 virtutes,

1785 4574 1982 4643 quibus
2030 4574 2259 4643 quisque
2306 4572 2498 4640 ﬁdelis,
2547 4573 2593 4628 si
2641 4588 2749 4628 non
2795 4573 2996 4629 frustra
3039 4573 3214 4630 ﬁdelis
3261 4584 3366 4639 est,

1787 4665 1946 4721 debet
1988 4665 2232 4731 institui;
2301 4665 2384 4719 vel
2430 4673 2578 4720 certe
2622 4674 2846 4736 pr0pter
2892 4674 3126 4735 quatuor
3182 4666 3369 4721 mundi

1785 4755 1992 4826 plagas,
2015 4756 2211 4826 quibus
2229 4755 2503 4811 lavacrum
2534 4755 2722 4810 salutis
2753 4756 3120 4822 ministratur,
3150 4756 3369 4811 dicente

1785 4845 2209 4917 Psalmograpbo
2247 4864 2259 4899 :
2291 4846 2434 4911 Quos
2476 4846 2692 4900 redemit
2732 4846 2797 4901 de
2832 4864 2996 4900 manu
3038 4846 3259 4913 inimici,
3302 4847 3369 4901 de

1786 4938 2083 5008 regionibus
2117 4938 2448 5009 congregavit
2480 4954 2591 5005 eos,
2616 4955 2650 4993 a
2680 4938 2808 4994 solis
2848 4949 2967 4993 ortu
2991 4947 3041 4993 et
3068 4956 3278 5004 occasu,
3302 4941 3367 4994 ab

1783 5025 2037 5097 Aquilone
2066 5036 2115 5080 et
2149 5029 2286 5080 mari
2310 5025 2482 5098 (Psal.
2512 5030 2643 5098 ενι).
2661 5028 2815 5097 Quod
2842 5044 2975 5084 vero
3003 5044 3168 5100 supra
3195 5029 3366 5085 dixit:

1786 5118 2094 5190 Pariterque
2132 5119 2354 5174 habebat
2398 5136 2563 5175 unum
2604 5120 2834 5175 cubitum
2874 5129 2925 5175 et
2960 5120 3271 5187 dimidium,
3316 5130 3373 5178 et

1785 5225 1961 5279 neque
1998 5210 2073 5265 ibi
2110 5210 2446 5266 altitudinem
2486 5226 2557 5265 an
2598 5209 3005 5280 amplitudinem
3039 5210 3372 5283 signiﬁcaret

1787 5302 2005 5372 adjecit,
2048 5301 2263 5358 videtur
2305 5303 2432 5371 quia
2480 5300 2705 5358 fundum
2752 5301 2921 5371 ipsius
2966 5301 3160 5358 luteris
3206 5303 3369 5374 hujus

1787 5410 1908 5451 esse
1947 5395 2314 5464 amplitudinis
2359 5394 2588 5451 voluerit
2641 5395 2886 5466 intelligi.
2919 5393 3075 5462 Quod
3117 5409 3186 5449 ex
3218 5409 3367 5447 men-

1788 5500 1915 5539 sura
1953 5485 2029 5557 (ni
2054 5483 2229 5555 fallor)
2275 5484 2440 5550 basis,
2486 5485 2541 5539 in
2579 5500 2685 5554 qua
2721 5485 2935 5556 positus
2975 5490 3094 5538 erat
3135 5481 3367 5550 quisque

1770 5576 1951 5640 luter,
1993 5573 2248 5629 facillime
2289 5573 2597 5643 conjicitur,
2634 5590 2756 5645 quae
2793 5573 2870 5629 ita
2911 5570 3273 5626 describitur:
3299 5567 3365 5622 In

1789 5665 2083 5721 summitate
2134 5664 2273 5717 basis
2308 5672 2422 5717 erat
2461 5664 2707 5734 quadam
2756 5661 3051 5717 rotunditas
3108 5658 3267 5711 unius
3317 5667 3365 5712 et

1791 5757 1996 5814 dimidii
2030 5755 2187 5812 cubiti
2230 5756 2305 5808 ita
2338 5754 2648 5825 fabrefacta,
2672 5761 2727 5808 ut
2757 5752 2893 5809 tuter
2929 5751 3153 5821 desuper
3190 5762 3370 5820 posset
