3876 6136
464 340 568 394 νοτ

1140 329 1202 385 Β.
1243 325 1495 382 RABANI
1538 325 1775 382 MAURI’
1794 324 2112 380 ARClllEP.
2155 322 2464 380 MUGUNT.
2507 320 2790 379 OPERUM
2828 318 3009 375 PARS
3046 319 3087 374 Ι.

3633 321 3746 379 HS

460 446 681 517 imponi.
721 442 974 499 Latime
999 454 1128 512 ergo
1166 438 1317 494 fundi
1355 439 1409 493 in
1439 437 1704 493 lateribus
1743 436 1903 491 unius
1930 442 2050 491 erat
2076 438 2125 498 Α
2152 434 2221 489 ad
2253 434 2521 489 sinistram
2553 441 2740 488 contra
2770 430 3044 487 oraculum
3067 447 3133 484 ea:
3159 447 3290 486 auro
3308 424 3503 501 prima,
3525 444 3573 489 et
3587 436 3746 505 quasi

464 535 636 596 cubiti
675 549 741 590 ac
774 532 1002 597 dimidii,
1040 531 1154 599 ipsa
1179 544 1311 584 vero
1345 527 1615 597 capacitas
1656 526 1888 582 laterum
1918 540 2052 595 qua-

467 637 592 684 tuor
636 625 871 681 habebat
904 622 1146 686 cubitus;
1182 620 1275 674 sed
1314 628 1498 672 utrum
1546 618 1600 672 in
1639 617 1941 681 altitudine,
1979 631 2049 670 an

466 721 522 775 in
558 716 931 790 amplitudine,
959 731 1027 768 an
1065 714 1119 768 in
1146 720 1395 781 utraque,
1428 711 1572 766 dicat
1593 710 1685 780 qui
1712 709 1942 763 noverit.

536 811 608 866 Et
636 808 904 865 constituit
938 806 1116 861 decem
1145 805 1316 870 bases,
1351 815 1400 858 et
1434 804 1661 875 quinque
1686 802 1756 858 ad
1781 803 2051 856 dexteram

462 902 666 975 paitem
706 898 915 970 templi,
955 907 1003 952 et
1042 898 1267 968 quinque
1303 895 1374 949 ad
1417 895 1706 949 sinistram.
1761 895 2050 949 Dexteram

463 1005 672 1067 partem
703 991 887 1062 templi
910 999 967 1045 et
986 990 1265 1045 sinistram
1290 1003 1397 1042 non
1424 988 1570 1043 intus
1597 987 1653 1040 in
1686 987 1802 1055 ipso
1829 984 2047 1053 templo,

465 1088 560 1143 sed
587 1095 712 1141 ante
751 1085 1011 1153 templum
1035 1082 1191 1147 dicit,
1230 1083 1298 1136 ad
1324 1078 1662 1135 Orientalem
1689 1079 1931 1148 plagam,
1969 1077 2050 1131 vi-

463 1178 659 1235 delicet
696 1179 752 1233 in
789 1178 931 1231 atrio
965 1176 1246 1240 interiore,
1276 1173 1421 1242 quod
1458 1172 1803 1227 sacerdotum
1833 1170 2051 1242 proprie

462 1271 778 1326 vocabatur.
819 1267 1069 1336 Quinque
1097 1273 1281 1320 autem
1314 1263 1496 1334 posuit
1522 1261 1588 1316 ad
1619 1262 1898 1317 dexteram
1929 1277 2052 1331 par-

464 1369 574 1415 tem
619 1358 805 1428 templi
846 1366 1071 1428 propter
1111 1353 1347 1419 Iudaeos,
1399 1354 1491 1423 qui
1534 1352 1646 1407 sole
1687 1351 1912 1421 justitiae
1954 1366 2054 1422 per

461 1450 765 1506 doctrinam
797 1448 943 1520 legis~
966 1448 1264 1516 antiquitus
1302 1446 1382 1501 uti
1412 1445 1686 1509 solebant;
1726 1454 1784 1498 et
1811 1444 2052 1514 quinque

462 1542 531 1597 ad
574 1541 850 1596 sinistram
890 1548 1110 1611 propter
1154 1554 1281 1603 nos,
1330 1537 1422 1607 qui
1466 1551 1609 1591 caseo
1653 1535 1856 1590 diutius
1889 1536 2052 1589 corde

460 1633 708 1688 servituti
744 1632 1152 1687 adlucrebamus
1177 1629 1313 1699 ejus,
1343 1630 1436 1699 qui
1480 1630 1593 1685 ait:
1638 1626 1843 1682 Panam
1877 1627 2051 1682 sedem

462 1741 632 1779 meam
674 1724 744 1778 ad
776 1723 1087 1795 Aquilonem
1135 1722 1291 1794 (Isai.
1336 1722 1471 1794 xxv).
1530 1721 1685 1789 Quod
1731 1728 1816 1775 est
1861 1728 2049 1790 aperte

2151 524 2251 578 lilii
2277 525 2434 596 ﬂores
2464 532 2515 579 et
2548 522 2791 579 lucernas
2821 522 3046 591 desuper
3083 537 3272 575 aureas
3295 520 3419 593 (111
3451 521 3584 594 Reg.
3618 526 3743 596 vn).

2151 617 2304 672 Sicut
2328 616 2474 672 enim
2505 629 2709 669 mensae
2738 615 2791 669 in
2832 622 2959 684 typo
2998 621 3201 669 sanctae
3240 611 3546 684 Scriptum:
3592 626 3746 673 recte

2149 719 2444 780 ponuntur,
2459 708 2587 778 quia
2606 715 2662 763 et
2685 704 3333 774 esurientibusjustitiam
3362 723 3565 779 panem
3593 710 3745 766 verbi

2152 800 2247 856 Dei
2272 799 2603 865 ministrant,
2634 806 2691 853 et
2710 813 2841 853 vasa
2869 796 3056 853 lerunt
3080 798 3371 854 ministerii
3402 800 3674 866 caelestis,
3691 801 3745 857 id

2149 900 2251 955 est,
2271 889 2546 961 justorum
2572 891 2730 946 nobis
2762 897 2919 946 actus
2962 890 3017 945 in
3056 890 3364 961 exemplum
3403 902 3740 962 proponunt,

2149 982 2225 1037 ita
2254 981 2419 1037 etiam
2446 980 2729 1052 aptissime
2775 994 2874 1049 per
2934 979 3260 1035 candelabra
3304 984 3499 1037 eadem
3557 982 3743 1037 divina

2149 1071 2363 1142 eloquia
2406 1071 2728 1143 ﬁgurantur,
2753 1070 3006 1127 videlicet
3044 1071 3193 1143 quod
3234 1071 3410 1127 lucem
3457 1074 3741 1144 sapientiae

2149 1163 2457 1219 errantibus
2478 1161 2793 1233 pnet‘erunt.
2829 1162 2967 1217 Hinc
3011 1164 3214 1218 etenim
3267 1162 3563 1228 Psalmjsta
3590 1179 3606 1218 :
3634 1164 3742 1219 Luc

2149 1276 2324 1325 cerua,
2348 1260 2543 1331 inquit,
2568 1260 2783 1329 pedibus
2810 1260 2937 1313 meis
2984 1257 3195 1313 verbum
3242 1269 3427 1325 tuum,
3470 1269 3526 1315 et
3569 1259 3743 1315 lumen

2149 1352 2347 1406 semitis
2374 1351 2502 1405 meis
2529 1349 2705 1421 (Psnl.
2737 1350 2950 1420 cxvm).
2981 1349 3119 1405 Ilinc
3146 1351 3349 1406 etenim
3383 1349 3648 1405 Salomon
3670 1353 3743 1406 ait

2149 1447 2294 1516 quod
2320 1446 2627 1500 mandatum
2666 1446 2883 1500 lucerna
2917 1454 3023 1509 est,
3052 1456 3101 1500 et
3154 1446 3242 1501 lea;
3283 1444 3376 1500 lux
3422 1442 3616 1516 (Prov.
3644 1448 3741 1517 vt).

2151 1536 2320 1593 Recte
2341 1546 2524 1592 autem
2553 1538 2639 1592 bis
2664 1539 2831 1607 quina
2873 1545 3002 1593 sunt
3025 1537 3369 1605 candelabra,
3397 1553 3508 1594 non
3540 1540 3740 1606 solum,

2149 1629 2277 1698 quia
2328 1628 2605 1700 legislator
2659 1629 2899 1699 quinque
2940 1628 3213 1684 volumina
3261 1630 3504 1700 scripsit,
3553 1645 3740 1686 verum

2150 1719 2314 1774 etiam
2343 1719 2470 1789 quia
2508 1726 2621 1773 tota
2658 1719 2992 1774 Tcstamcnti
3025 1720 3238 1775 Veteris
3285 1721 3457 1776 series
3502 1722 3743 1791 quinque

460 1817 644 1871 dicere
668 1833 681 1868 :
709 1816 821 1871 Illis
859 1815 914 1870 in
943 1814 1202 1870 cordibus
1240 1813 1587 1883 requiescere
1614 1812 1880 1875 desidero,
1910 1825 2048 1882 quos
2074 1798 2123 1859 Β
2150 1820 2340 1868 aetates
2365 1812 2765 1882 complectitur.
2792 1810 3115 1868 Geminatur
3142 1828 3272 1869 vero
3301 1829 3572 1870 numerus
3618 1814 3738 1885 qui-

460 1922 493 1961 a
525 1908 610 1962 via
647 1908 895 1963 veritatis
931 1915 988 1961 et
1022 1905 1239 1961 ﬂamma
1284 1906 1480 1960 divinae
1516 1904 1801 1960 charitatis
1844 1904 2048 1960 alienos

460 2014 581 2054 esse
628 1998 931 2054 considero.
1000 1998 1151 2054 Mare
1203 2006 1385 2053 autem
1430 1996 1611 2068 posuit
1658 1997 1725 2052 ad
1769 1996 2048 2052 dexteram

460 2099 669 2159 partem
712 2089 898 2159 templi
945 2098 1134 2144 contra
1184 2087 1462 2145 Orientem
1516 2088 1585 2142 ad
1628 2086 1945 2153 Meridiem;
1994 2095 2051 2143 et

461 2182 563 2236 hoc
601 2181 655 2234 in
683 2181 874 2234 eodem
915 2179 1056 2233 atrio
1082 2179 1316 2248 positum
1346 2186 1432 2233 est
1460 2176 1529 2231 ad
1554 2176 1851 2233 Orientem.
1893 2174 2049 2243 Quod

459 2274 639 2327 autem
680 2272 748 2327 ad
787 2272 1067 2327 dexteram
1103 2280 1315 2342 partem
1352 2270 1570 2341 templi,
1617 2270 1720 2325 hoc
1757 2276 1889 2335 estr
1904 2268 2050 2339 quod

462 2350 656 2432 repetit
717 2362 905 2418 dicens
948 2361 1018 2415 ad
1057 2361 1354 2415 Meridiem.
1413 2361 1846 2432 lngredientibus
1901 2360 2049 2414 enim

459 2455 660 2508 atrium
687 2455 754 2509 ab
778 2454 1001 2509 Oriente
1024 2453 1200 2522 primo
1234 2453 1610 2507 divertendum
1638 2460 1757 2507 erat
1785 2453 1853 2506 ad
1881 2452 2049 2507 meri-

461 2547 624 2612 diem,
652 2546 745 2600 ubi
775 2560 926 2599 mare
966 2545 1021 2598 in
1061 2545 1179 2614 ipso
1207 2545 1402 2617 angulo
1444 2546 1626 2600 stabat
1655 2546 1722 2599 ad
1763 2545 2050 2601 lavandum

462 2635 835 2691 sacerdotibus
870 2643 1140 2705 paratum.
1173 2634 1377 2690 Deinde
1406 2635 1877 2706 progredientibus
1906 2636 2051 2691 intro

461 2728 815 2782 occurrebant
855 2727 1056 2784 luteres
1081 2728 1149 2783 ad
1177 2728 1437 2783 lavandas
1463 2729 1689 2795 hostias,
1723 2730 1791 2785 ab
1821 2739 2051 2799 utraque

461 2828 618 2889 parte
664 2819 850 2889 positi.
900 2818 1046 2873 Intra
1091 2820 1192 2874 hos
1228 2819 1378 2875 basis
1422 2828 1544 2875 erat
1585 2835 1765 2884 amca,
1811 2821 2053 2890 quinque

462 2910 767 2966 cubitorum
810 2910 1187 2980 longitudinis,
1226 2918 1282 2965 et
1316 2911 1481 2966 trium
1519 2911 1824 2966 cubitorum
1871 2910 2053 2966 latitu-

463 3001 629 3065 dinis,
660 3010 718 3057 et
744 3001 908 3055 trium
952 3001 1259 3057 cubitorum
1305 3000 1624 3068 altitudinis,
1668 3002 1722 3055 in
1759 3016 1867 3071 qua
1901 3008 2053 3056 stans

465 3092 720 3147 Salomon
761 3092 1044 3147 dedicabat
1079 3092 1358 3160 templum.
1402 3091 1786 3147 Deinde‘ultra
1827 3105 2051 3162 progre-

2147 1905 2354 1969 narius,
2381 1913 2437 1960 et
2463 1904 2704 1975 quinque
2726 1921 2757 1960 a
2789 1905 3029 1971 dextris,
3069 1913 3127 1961 et
3158 1902 3401 1976 quinque
3431 1921 3463 1961 a
3504 1906 3742 1961 sinistris

2146 2002 2439 2063 ponuntur,
2456 1982 2580 2051 cum
2601 2003 2726 2066 post
2742 1995 3171 2050 incarnationem
3194 1994 3536 2052 Dominicam
3554 1995 3741 2052 eadem

2149 2087 2430 2158 Scriptura
2457 2087 2573 2142 sive
2601 2086 2818 2155 utrique
2847 2086 2944 2141 Dei
2965 2085 3183 2156 populo,
3212 2083 3401 2141 Iudaeo
3445 2085 3662 2142 scilicet
3690 2094 3744 2142 et

2147 2179 2353 2251 gentili,
2383 2178 2775 2244 committitur;
2828 2178 2945 2233 sive
2972 2176 3302 2249 evangelicis
3343 2177 3504 2248 plena
3553 2178 3741 2249 ﬁguris

2147 2271 2473 2334 ostenditur,
2498 2285 2620 2339 qua:
2646 2271 2920 2340 quondam
2960 2270 3186 2340 antiquo
3220 2269 3420 2340 populo
3455 2269 3556 2327 Dei
3585 2262 3744 2338 juxta

2148 2361 2389 2416 litteram
2452 2359 2629 2416 solum
2687 2359 3032 2431 intelligenda
3081 2373 3203 2415 esse
3248 2360 3560 2429 putabatur.
3608 2360 3743 2415 Cum

2147 2469 2277 2510 vero
2297 2454 2523 2509 dixisset
2541 2471 2554 2506 :
2572 2454 2800 2525 quinque
2817 2470 2849 2507 a
2869 2452 3087 2517 dextris,
3113 2462 3161 2507 et
3183 2453 3413 2524 quinque
3432 2470 3465 2507 a
3485 2454 3741 2517 sinistris,

2149 2545 2539 2602 convenienter
2601 2543 2807 2599 addidit
2868 2552 3053 2597 contra
3105 2542 3399 2598 oraculum.
3447 2540 3743 2600 Oraculum

2149 2652 2429 2708 namque,
2485 2637 2576 2691 ubi
2631 2644 2750 2691 erat
2797 2650 2925 2690 arca
2974 2634 3079 2708 (ut
3128 2651 3272 2707 stupe
3319 2636 3527 2692 dictum
3579 2636 3742 2707 est),

2151 2733 2369 2805 adytum
2422 2733 2670 2803 designat
2707 2733 2895 2802 patriae
2942 2731 3215 2797 etrlestis,
3261 2732 3351 2787 ubi
3393 2730 3641 2786 Christus
3670 2741 3746 2787 est

2150 2826 2206 2879 in
2264 2824 2482 2878 dextera
2547 2823 2646 2877 Dei
2702 2823 2886 2877 sedens
2953 2821 3111 2894 (Col.
3173 2822 3319 2894 ιιι),
3386 2830 3743 2894 paternorum

2151 2917 2337 2986 utique
2382 2916 2635 2971 conscius
2704 2931 3049 2971 arcanorum.
3100 2916 3168 2971 Et
3234 2915 3559 2973 candelabra
3609 2928 3747 2972 tem-

2150 3004 2227 3076 ι)ιί
2277 3019 2441 3059 aurea
2484 3015 2675 3061 contra
2723 3005 3003 3060 oraculum
3051 3013 3178 3060 sunt
3214 3006 3423 3076 posita,
3481 3007 3610 3078 quia
3669 3008 3748 3061 di-

2154 3096 2280 3151 vina
2307 3095 2519 3164 eloquia
2546 3110 2763 3167 semper
2798 3096 2866 3151 ad
2901 3096 3291 3151 habitationem
3323 3112 3578 3169 superna:
3615 3098 3747 3152 civi-

463 3183 738 3237 dientibus
784 3166 1109 3237 occurrebat
1154 3182 1326 3236 altare
1368 3182 1666 3236 liolocausti
1718 3192 1904 3237 contra
1933 3198 2049 3237 me-
2079 3163 2123 3225 (λ
2158 3189 2286 3244 tatis
2316 3163 2616 3257 aspectant,
2641 3163 2700 3242 ut
2724 3189 2883 3259 hujus
2927 3190 3255 3259 agnitionem
3305 3198 3363 3244 et
3389 3163 3744 3246 ‘desidcrinm

463 3274 613 3327 ilium
644 3275 865 3329 atrium.
911 3274 1112 3327 Deinde
1142 3274 1383 3343 porticus
1428 3274 1612 3344 templi
1657 3275 1772 3329 sive
1814 3276 2054 3329 vestibuo

463 3365 599 3429 lum,
626 3366 680 3420 in
707 3381 815 3435 quo
845 3374 1001 3420 erant
1043 3348 1307 3420 columna:
1334 3382 1490 3420 terea:
1523 3366 1669 3421 circa
1694 3366 1890 3421 ostium
1920 3376 2053 3420 tem-

465 3458 561 3529 pli.
610 3458 763 3524 Quod
811 3472 941 3525 ergo
983 3472 1136 3511 mare
1177 3458 1361 3528 posuit
1409 3458 1478 3513 ad
1522 3458 1803 3513 dexteram
1842 3466 2053 3528 partem

466 3548 739 3619 signiﬁcat
784 3563 884 3604 nos
932 3563 1030 3618 per
1072 3549 1347 3627 lavacrum
1394 3549 1646 3618 baptismi
1706 3549 1774 3603 ad
1828 3563 2052 3619 regnum

465 3639 709 3702 caeleste,
753 3639 899 3708 quod
939 3640 1064 3709 jure
1104 3639 1366 3694 vocabulo
1406 3640 1605 3693 dextra:
1654 3639 1931 3709 ﬁguratur,
1966 3640 2055 3692 de-

466 3733 595 3788 lzere
638 3731 962 3801 pervenire:
1008 3730 1114 3797 Qui
1162 3732 1307 3785 enim
1358 3731 1636 3785 crediderit
1675 3740 1724 3783 et
1761 3730 2054 3801 baptizatus

465 3822 648 3893 fuerit,
678 3821 855 3876 salvus
892 3823 989 3875 erit
1032 3820 1227 3891 (Marc.
1256 3821 1387 3893 xu).
1425 3820 1668 3892 Namque
1701 3822 1794 3876 ubi
1831 3822 2054 3876 dextera

465 3914 626 3970 simul
667 3921 723 3969 et
761 3914 983 3968 sinistra
1013 3914 1070 3968 in
1110 3914 1254 3968 bono
1286 3914 1645 3984 accipiuntur,
1676 3913 1759 3968 vel
1790 3912 2051 3978 Iudaeam,

465 4005 551 4060 vel
574 4005 934 4076 gentilitatem
971 4005 1052 4077 (ut
1082 4006 1137 4060 in
1165 4006 1507 4076 expositione
1537 4006 1747 4061 basium
1775 4022 1940 4076 supra
1967 4006 2054 4059 di-

465 4097 665 4171 ximus)
701 4097 786 4152 vel
827 4106 1151 4169 prazsentem
1182 4098 1441 4153 Ecclesia:
1481 4098 1649 4153 vitam
1696 4106 1753 4153 et
1793 4097 2053 4162 futuram,

464 4189 550 4243 vel
579 4189 698 4243 laeta
723 4188 907 4243 saeculi
946 4195 999 4243 et
1030 4188 1226 4254 tristia,
1263 4189 1349 4243 vel
1382 4190 1562 4259 aliqua
1594 4189 2079 4264 designanthujus-

467 4277 635 4334 modi.
690 4277 793 4334 Ubi
833 4292 964 4332 vero
1009 4276 1253 4332 absolute
1294 4278 1516 4347 ponitur
1555 4278 1810 4342 dextera,
1851 4283 2056 4331 :etema

467 4370 665 4439 (impius
679 4368 873 4441 gaudia
899 4368 1221 4423 demonstat.
1239 4367 1393 4435 Quod
1417 4384 1544 4422 vero
1567 4377 1754 4423 contra
1778 4366 2056 4423 Orientem

466 4460 650 4533 posuit
687 4474 858 4526 mare,
896 4459 965 4514 ad
1001 4460 1247 4513 eamdem
1287 4474 1452 4528 prope
1484 4458 1933 4529 signiﬁcationem
1970 4474 2057 4513 re-

467 4552 627 4623 Spicit
671 4569 687 4607 :
737 4551 883 4621 quod
931 4551 1186 4604 videlicet
1232 4566 1332 4619 per
1372 4549 1648 4604 lavacrum
1691 4552 1834 4605 sacri
1892 4552 2055 4606 fontis

468 4645 726 4715 Splendor
762 4643 918 4721 nobis
948 4642 1191 4709 aperitur
1226 4650 1443 4695 aeterna:
1478 4643 1759 4696 claritatis.
1802 4643 1956 4710 Quod
1985 4643 2055 4697 ad

469 4732 829 4788 meridianum
870 4724 1013 4784 latus
1048 4730 1206 4795 atrii,
1245 4730 1515 4800 signiﬁcat
1552 4747 1648 4802 per
1687 4734 2055 4803 acceptionem

469 4822 646 4878 sancti
664 4820 902 4891 Spiritus
937 4820 1002 4875 ad
1032 4820 1369 4890 ﬂagrantiam
1396 4821 1571 4876 solere
1600 4837 1745 4878 verte
1772 4824 2056 4879 charitatis

424 4968 433 4981 ,
470 4913 715 4968 accendi.
752 4912 960 4967 Fervor
985 4913 1186 4967 etenim
1218 4912 1504 4967 meridiani
1533 4912 1660 4969 solis
1690 4914 1971 4969 consuevit
1999 4915 2055 4969 in

473 5002 775 5071 Scripturis
806 5003 1057 5057 ardorem
1095 5002 1403 5059 dilectionis
1436 5014 1492 5058 et
1530 5004 1945 5061 illustrationem
1983 5006 2058 5061 si-

471 5090 733 5164 gniﬁcare
777 5093 952 5147 sancti
986 5092 1239 5163 Spiritus,
1286 5108 1387 5163 per
1411 5110 1571 5165 quem
1620 5098 1809 5153 eadem
1840 5098 2057 5153 dilectio

472 5183 791 5241 diﬂ'unditur
820 5184 873 5239 in
898 5186 1154 5241 cordibus
1178 5186 1476 5244 electorum
1507 5188 1686 5258 (Rom.
1712 5191 1787 5263 v).

544 5274 698 5331 Fecit
712 5285 883 5331 autem
899 5287 946 5332 et
959 5277 1275 5332 candelabra
1288 5296 1451 5333 aurea
1465 5281 1638 5334 decem
1653 5281 1939 5336 secundum
1953 5299 2061 5354 spe-

472 5368 602 5425 ciem
616 5385 721 5441 qua
736 5369 891 5439 jassa
905 5379 1053 5423 erant
1066 5370 1206 5438 ﬁeri,
1221 5378 1269 5423 et
1280 5372 1454 5441 posuit
1468 5388 1528 5424 ea
1542 5371 1597 5425 in
1610 5372 1821 5443 templo,
1834 5375 2061 5444 quinque

473 5477 506 5514 a
528 5460 734 5514 dextris
750 5499 765 5524 ,
788 5469 837 5514 et
855 5460 1086 5531 quinque
1106 5478 1139 5515 a
1159 5460 1419 5527 sinistris;
1441 5478 1533 5515 nec
1554 5479 1657 5516 non
1679 5472 1727 5516 et
1747 5480 1954 5518 mensas
1972 5464 2063 5518 de-

476 5568 606 5619 cem,
631 5554 903 5626 posuitque
927 5570 1017 5609 eas
1041 5554 1097 5608 in
1122 5554 1336 5626 templo,
1364 5556 1593 5627 quinque
1620 5572 1653 5609 a
1672 5556 2063 5629 dextris,quin-

475 5661 573 5703 aue
598 5663 630 5700 a
650 5646 1035 5713 sinistris,etc.
1070 5646 1146 5702 De
1175 5647 1279 5703 hoc
1307 5647 1359 5701 in
1389 5647 1525 5701 libro
1556 5646 1760 5719 Regum
1799 5648 2062 5720 scriptum

474 5746 589 5793 est:
609 5737 676 5792 Et
688 5739 1004 5797 candelabra
1016 5756 1179 5797 aurea
1190 5743 1417 5812 quinque
1428 5743 1495 5796 ad
1508 5742 1766 5810 dextram,
1781 5754 1827 5798 et
1839 5744 2065 5814 quinque

2082 4511 2133 4572 D

2154 3282 2358 3337 nostris
2382 3281 2636 3336 cordibus
2663 3281 2972 3343 inluminat,
2996 3288 3052 3336 et
3082 3296 3177 3336 eos
3209 3281 3302 3352 qui
3332 3281 3600 3354 originem
3630 3297 3747 3337 car-

2155 3376 2241 3430 nis
2269 3384 2529 3430 mternam
2560 3374 2783 3438 habent,
2810 3374 2876 3428 ad
2905 3375 3259 3442 appetendam
3296 3374 3747 3442 promerendam.

2155 3480 2260 3536 que
2287 3466 2340 3520 in
2366 3465 2681 3521 etelestibus
2710 3464 2895 3520 sedem
2921 3475 3193 3534 perpetuae
3224 3464 3523 3519 mansionis
3552 3480 3746 3519 accen-

2155 3560 2303 3612 dant.
2333 3555 2392 3611 Si
2420 3566 2599 3610 autem
2630 3555 2829 3625 qureris
2864 3555 2994 3624 quid
3040 3555 3186 3609 inter
3219 3554 3547 3609 candelabra
3579 3564 3636 3609 et
3669 3555 3747 3609 lu-

2155 3660 2349 3701 cernas
2375 3661 2562 3700 corum
2580 3645 2756 3716 typice
2779 3646 3266 3716 distet,possumus
3283 3653 3424 3699 recte
3448 3644 3745 3714 intelligere

2155 3736 2406 3792 lucernas
2447 3752 2567 3792 esse
2593 3738 2741 3791 viros
2772 3746 3011 3802 sanctos,
3039 3738 3127 3806 qui
3159 3736 3280 3793 oleo
3308 3736 3546 3806 Spiritus
3572 3738 3744 3791 sancti

2157 3827 2317 3882 infusi
2344 3837 2400 3882 et
2425 3828 2524 3897 ipsi
2551 3829 2674 3899 igne
2695 3828 3002 3883 dilectionis
3029 3828 3227 3883 ardent
3257 3828 3311 3883 in
3339 3827 3527 3892 corde,
3543 3836 3597 3880 et
3625 3842 3747 3896 pro-

2154 3922 2316 3976 ximis
2346 3921 2520 3977 lucem
2556 3921 2798 3975 scientiae
2822 3919 3123 3991 pmferunt
3151 3921 3204 3976 in
3234 3920 3453 3991 lingua;
3498 3920 3748 3973 candela-

2154 4011 2252 4066 bra
2280 4020 2461 4065 autem
2487 4027 2606 4081 quae
2634 4012 2732 4067 has
2767 4012 3021 4068 lucernas
3066 4011 3122 4067 in
3169 4012 3402 4068 sublime
3450 4011 3661 4076 tollunt,
3695 4022 3749 4064 ut

2154 4104 2313 4173 longe
2344 4103 2557 4171 lateque
2578 4103 2748 4158 videri
2782 4104 2994 4173 possint
3027 4103 3081 4157 in
3107 4098 3372 4166 Ecclesia,
3407 4100 3746 4172 Scriptorum

2155 4209 2276 4251 esse
2303 4210 2549 4259 sacram,
2580 4210 2700 4264 quae
2726 4205 3041 4251 sanctorum
3076 4195 3225 4251 nobis
3274 4195 3505 4248 virtutes
3552 4202 3608 4249 et
3654 4194 3746 4247 do-

2156 4285 2388 4341 ctrinam
2414 4300 2511 4339 sua
2541 4284 2772 4341 lectione
2792 4286 3150 4341 demonstrat.
3180 4284 3279 4340 Cri
3306 4283 3564 4340 videlicet
3588 4285 3750 4339 imor-

2154 4378 2445 4449 pretationi
2487 4378 2676 4432 annuit
2705 4394 2886 4433 sermo
2915 4378 3166 4443 Domini,
3190 4391 3298 4448 quo
3325 4377 3460 4432 dicit
3485 4376 3556 4432 de
3580 4374 3746 4430 Joan—

2159 4486 2226 4524 ne
2251 4487 2264 4521 :
2292 4468 2392 4522 Ille
2419 4478 2530 4523 erat
2558 4469 2771 4524 lucerna
2797 4469 2989 4524 ardens
3014 4478 3062 4524 et
3089 4468 3267 4524 lucens
3298 4468 3485 4541 (Joan.
3513 4470 3592 4541 v).
3625 4468 3701 4522 Si'
3722 4488 3749 4521 ετ

2158 4563 2435 4633 reciproco
2461 4561 2653 4617 ordine
2692 4577 2981 4633 possumus
3010 4562 3177 4616 etiam
3218 4563 3294 4616 ita
3342 4561 3626 4631 aptissime
3674 4562 3745 4612 di-

2154 4668 2302 4717 cere,
2330 4651 2472 4721 quod
2499 4651 2733 4707 lucerna:
2761 4653 2943 4721 divina
2975 4661 3102 4709 sunt
3145 4652 3362 4723 eloquia
3388 4693 3403 4718 ,
3425 4652 3584 4722 juxta
3616 4651 3708 4705 illu
3734 4651 3745 4701 l

2155 4743 2474 4809 Psalmistze,
2505 4744 2646 4813 quod
2674 4750 2729 4797 et
2763 4758 2928 4813 supra
2965 4743 3246 4816 posuimus
3278 4760 3291 4795 :
3327 4742 3573 4796 Lucerna
3594 4740 3743 4811 pedi-

2157 4837 2251 4891 bus
2276 4837 2405 4891 meis
2434 4839 2642 4890 verbum
2663 4845 2832 4899 tuum,
2859 4834 3100 4900 Domine,
3120 4844 3168 4889 et
3199 4834 3374 4888 lumen
3395 4834 3595 4889 semitis
3622 4832 3744 4885 meis

2158 4927 2330 5001 (Psal.
2358 4927 2570 4997 cxvm).
2602 4925 2938 4981 Candelabra
2966 4935 3148 4981 autem
3179 4927 3373 4980 harum
3403 4923 3744 4978 lucernarum

2158 5021 2330 5077 sancti
2366 5028 2492 5073 sunt
2517 5033 2730 5084 omnes,
2753 5018 2845 5088 qui
2872 5034 2969 5073 sua
2999 5027 3054 5073 ct
3080 5017 3246 5072 corda
3291 5024 3347 5071 et
3391 5030 3624 5085 corpora
3666 5011 3743 5066 fe-

2160 5113 2343 5176 rendis
2371 5112 2584 5167 Domini
2613 5111 2884 5166 mandatis
2926 5110 3114 5165 humili
3166 5124 3386 5180 semper
3448 5106 3746 5163 intentione

2160 5213 2488 5276 supponunt.
2519 5203 2775 5273 Quisquis
2800 5204 2945 5259 enim
2977 5204 3029 5258 in
3075 5203 3221 5259 nullo
3268 5202 3550 5274 propriam
3595 5198 3744 5269 sequi

2161 5307 2316 5353 curat
2339 5297 2692 5361 voluntatem,
2719 5311 2909 5351 verum
2935 5297 2988 5351 in
3011 5297 3286 5362 omnibus,
3313 5308 3438 5365 qua:
3462 5294 3744 5363 Scriptura

2166 5397 2353 5441 sancta
2374 5386 2539 5452 dicat,
2562 5387 2810 5452 attendit,
2835 5385 3057 5457 ejusque
3080 5401 3138 5442 se
3165 5386 3434 5456 subjicere
3462 5382 3745 5445 mandatis,

2166 5489 2282 5543 ejus
2305 5475 2504 5547 satagit
2531 5475 2837 5533 auscultare
2865 5476 3336 5547 promissis,quasi
3364 5473 3746 5533 candelabrum

2168 5565 2361 5620 domus
2380 5564 2475 5621 Dei
2498 5572 2746 5632 aureum,
2769 5582 2965 5623 aureas
2993 5567 3111 5637 ejus
3140 5576 3315 5639 gestat
3336 5561 3747 5634 luccrnas,quia

2170 5663 2319 5709 casta
2346 5657 2590 5727 corporis
2624 5658 2707 5712 sui
2744 5657 3008 5722 membra,
3042 5669 3223 5715 castas
3249 5658 3451 5714 mentis
3472 5653 3749 5728 cogitatio-

2172 5760 2273 5802 nes
2296 5747 2362 5802 ad
2392 5747 2637 5805 facienda
2668 5766 2788 5820 qua:
2825 5749 2967 5806 Deus
2989 5751 3160 5822 jubet,
3192 5766 3494 5822 supponere
3533 5757 3745 5804 contai-
