3870 6146
97 308 178 362 ιω

974 286 1326 381 ΕΟΜΜΕΝᾚ.
1369 300 1436 355 IN
1474 301 2027 359 P.-\R.\l.lPOMENA.
2068 337 2137 345 ——-
2172 305 2299 359 LIB.
2338 304 2422 360 Ill.

3246 310 3352 365 430

94 424 190 477 dit:
218 428 276 475 et
300 420 406 475 hoc
445 426 554 473 tam
582 416 690 473 ﬁxa
717 417 1049 499 intentione,
1081 433 1245 490 quam
1273 418 1657 489 candelabrum
1688 423 1740 482 A
1767 419 2046 491 Scriptura
2092 422 2288 488 refert,
2321 423 2779 494 thymiamateria,
2819 423 3118 491 thuribula,
3151 437 3354 482 morta-

94 525 292 569 necesse
316 520 423 574 est,
458 508 687 563 ﬁrmiter
720 508 786 563 ad
817 524 1047 579 superna
1076 517 1339 575 erectum,
1374 509 1657 580 impositas

92 607 175 662 sibi
215 606 468 660 lucernas
513 618 621 657 non
678 601 854 657 solum
903 602 1107 672 absque
1150 601 1327 665 ruina,
1356 602 1450 657 sed
1492 602 1655 656 etiam

92 698 276 765 absque
306 692 412 748 ulla
447 700 619 747 status
648 691 729 746 sui
772 691 1007 746 motione
1049 693 1286 746 servare.
1329 690 1481 760 Quod
1529 706 1658 745 vero

90 806 198 847 cum
218 787 444 843 dixisset
467 805 479 839 :
508 784 579 839 Et
607 780 927 839 candelabra
953 801 1114 839 aurea
1139 786 1367 856 quinque
1392 785 1459 838 ad
1481 784 1657 838 dexte-

94 899 212 944 ram,
232 891 277 934 et
301 879 531 950 quinque
554 876 624 930 ad
646 876 915 930 sinistram
936 884 1119 929 contra
1141 874 1415 929 oraculum
1435 892 1498 929 ea:
1524 893 1655 930 auro

92 972 270 1042 primo,
292 968 502 1024 addidit
531 985 544 1020 :
578 965 645 1020 Et
673 966 825 1036 quasi
855 965 953 1019 lilii
979 967 1135 1036 [lares
1158 976 1203 1019 et
1233 965 1475 1021 lucernas
1501 967 1659 1021 desu-

93 1080 173 1134 per
210 1079 420 1125 aureas,
452 1058 697 1123 videtur,
719 1058 874 1128 juxta
923 1058 1191 1117 litteram.
1226 1059 1351 1128 quia
1404 1073 1657 1127 suprema

93 1171 200 1226 pars
222 1154 669 1209 candelabrorum
696 1150 747 1204 in
777 1150 994 1204 modum
1022 1150 1094 1203 sit
1121 1149 1220 1203 lilii
1247 1149 1468 1219 repandi
1496 1148 1653 1203 effor-

94 1259 240 1314 mata,
269 1249 540 1320 quomodo
577 1248 630 1302 in
680 1247 1007 1302 candelabro
1055 1245 1391 1300 tabernaculi
1450 1243 1653 1300 factum

94 1358 197 1397 esse
218 1342 464 1413 legimus,
494 1338 649 1408 cujus
677 1350 733 1395 et
776 1340 944 1408 stipes
993 1337 1204 1393 medius
1248 1345 1304 1391 et
1352 1337 1545 1392 calami
1588 1352 1654 1393 ex

94 1434 194 1503 ipso
214 1433 567 1503 procedentes
597 1447 720 1487 cum
748 1430 963 1501 scyphis
986 1438 1039 1484 et
1069 1429 1352 1499 splnerulis
1383 1429 1495 1483 lilia
1523 1428 1657 1483 srri-

92 1522 272 1575 buntur
294 1521 551 1575 habuisse
576 1520 908 1601 perplurima
940 1518 1150 1594 _(E.rod.
1189 1519 1421 1591 xxxv").
1466 1518 1656 1573 Flores

92 1622 253 1666 autem
294 1611 391 1667 lilii
452 1612 534 1683 (ut
557 1627 698 1681 smpe
727 1611 926 1666 dictum
960 1609 1063 1681 cst)
1113 1625 1382 1665 amcenam
1441 1624 1657 1679 semper

91 1703 298 1758 virentis
328 1711 488 1757 terra:
517 1700 859 1769 juventutem
898 1700 1201 1771 designant,
1246 1699 1313 1754 de
1363 1716 1470 1770 qua
1523 1700 1654 1755 dicit

1763 511 1920 577 riola,
1951 521 2005 567 et
2050 521 2266 576 czetera,
2299 528 2418 583 quae
2448 514 2501 568 in
2535 515 2887 585 sequentibus
2912 515 3185 586 leguntur.
3216 516 3353 574 Nam

1759 602 1902 672 quod
1932 602 2091 672 paulo
2119 612 2239 672 post
2270 605 2321 658 in
2352 605 2539 659 colem
2580 606 2869 660 verborum
2918 607 3189 661 volumine
3228 610 3354 662 sub-

1758 692 1991 747 infertur
2021 712 2033 747 :
2064 691 2311 764 Fecitque
2338 692 2587 750 Salomon
2616 697 2790 750 omnia
2814 714 2935 750 vasa
2958 702 3146 751 domus
3175 698 3355 751 Domi-

1758 785 1832 849 ni,
1864 793 1913 839 et
1952 783 2120 838 altare
2149 764 2373 849 a‘iteum,
2407 796 2452 839 et
2486 803 2710 851 mensas,
2757 797 2803 840 et
2852 804 3009 857 super
3050 804 3139 841 eas
3192 805 3352 857 panes

1756 876 2148 946 propositionis,
2176 877 2257 931 vel
2302 878 2563 946 pluralem
2613 895 2894 933 numerum
2947 895 3044 948 pro
3090 878 3350 948 singulari

1756 967 1936 1035 posuit
1964 983 2115 1021 more
2144 967 2443 1039 Seripturis
2474 970 2845 1034 usitatissimo,
2864 970 2992 1023 utin
3015 967 3307 1043 JesuiNave
3334 981 3349 1019 :

1757 1055 1888 1111 Filii
1938 1058 2111 1112 autem
2151 1059 2321 1113 Israel
2381 1061 2711 1122 prmvaricati
2758 1065 2878 1114 sum
2926 1059 3270 1127 mandatum,
3301 1071 3347 1114 et

1746 1160 2138 1231 'usurpavcrunt
2171 1149 2235 1203 de
2273 1151 2606 1204 anathemate
2652 1149 2789 1222 (Jos.
2821 1150 2943 1220 vn),
2989 1166 3112 1205 cum
3160 1150 3347 1206 Achan

1757 1238 1922 1303 solus,
1947 1247 2001 1293 et
2028 1255 2133 1293 non
2165 1239 2347 1308 plures
2372 1253 2435 1292 ex
2466 1238 2632 1293 Israel
2660 1240 2763 1295 hoc
2791 1237 3036 1294 fecerint.
3056 1239 3151 1294 Vel
3179 1250 3347 1305 certe,

1757 1328 1880 1398 quia
1906 1344 2072 1397 panes
2102 1328 2488 1399 prepositionis
2516 1316 2761 1385 solebant
2802 1337 2926 1384 ante
2954 1328 3235 1384 sabbatum
3258 1345 3349 1385 co-

1756 1420 1871 1490 qui,
1904 1428 1963 1473 ut
1986 1420 2041 1473 in
2070 1421 2297 1475 sabbato
2327 1437 2448 1475 mox
2472 1422 2598 1491 poni
2630 1430 2851 1492 possent
2877 1423 2930 1475 in
2961 1437 3203 1476 mensam
3226 1437 3350 1492 pro-

1756 1512 2059 1581 positionis,
2090 1515 2266 1583 potuit
2306 1514 2422 1568 ﬁeri
2469 1522 2529 1567 ut.
2586 1529 2752 1584 panes
2796 1515 2920 1569 novi
2959 1515 3167 1569 uoviter
3207 1515 3345 1569 coeti

1758 1618 1883 1658 mox
1913 1603 2019 1658 illis
2044 1605 2246 1659 mensis
2277 1606 2700 1675 imponerentur,
2727 1605 3034 1675 ibidemque
3060 1613 3219 1660 nocte
3261 1606 3346 1659 illa

1759 1704 2109 1748 servarentur
2139 1695 2332 1764 aperti,
2370 1696 2542 1750 donec
2572 1697 2748 1766 primo
2779 1711 2956 1761 mane,
2982 1696 3179 1751 ablatis
3197 1704 3346 1750 vete-

90 1791 263 1848 beatus
288 1792 486 1849 Petrus
518 1812 530 1846 :
564 1791 915 1863 Regeneratos
944 1810 1035 1846 nos
1077 1810 1109 1846 a
1155 1792 1378 1847 Domino
1429 1793 1485 1846 in
1510 1809 1652 1863 spem
1680 1773 1727 1831 Β
1756 1772 1925 1848 ribus,
1945 1799 2108 1854 super
2130 1801 2369 1841 mensam
2399 1786 2784 1856 propositionis
2812 1796 3140 1857 ponerentur
3168 1788 3344 1843 calidi.

92 1883 263 1948 eiram,
293 1885 348 1936 in
375 1882 735 1937 [nereditatem
762 1880 1209 1953 incorruptibilem
1252 1892 1300 1936 et
1338 1882 1653 1936 incontami-

92 1984 267 2039 natam,
324 1982 373 2027 et
423 1973 942 2038 immarcessjbilem,
988 1984 1349 2027 conservatam
1401 1974 1457 2027 in
1513 1973 1652 2028 caelis

92 2063 134 2129 (1
156 2063 259 2118 Pet.
287 2065 348 2134 ι).
375 2065 442 2118 Et
462 2064 594 2119 bene
619 2064 715 2118 lilii
740 2063 900 2118 ﬁorcs
927 2065 1078 2119 aurei
1105 2065 1158 2118 in
1184 2063 1511 2120 candelabro
1530 2073 1658 2122 sunt

92 2154 197 2208 facti
226 2155 416 2209 domus
452 2155 568 2219 Dei,
593 2156 717 2224 quia
747 2153 1033 2226 Scriptura
1063 2155 1267 2221 divina,
1291 2157 1490 2227 Spretis
1522 2167 1659 2213 tem-

90 2247 339 2317 poralilms
387 2248 625 2317 gaudiis,
664 2247 733 2302 ad
775 2248 1076 2318 appetenda
1132 2263 1231 2303 nos
1274 2247 1417 2305 bona
1466 2250 1657 2320 patria:

94 2337 307 2392 ctrlestis
331 2353 632 2406 provocare
658 2339 966 2393 consuevit.
1016 2338 1083 2392 Et
1118 2340 1386 2410 quomodo
1414 2348 1655 2396 erectum

92 2433 135 2486 iu
159 2434 433 2488 altitudine
461 2430 849 2487 candelabrum
878 2429 976 2483 lilii
1005 2427 1166 2485 ﬁeres
1196 2436 1254 2485 et
1281 2429 1532 2486 lucernas
1561 2433 1657 2485 ha-

90 2524 166 2578 bet
188 2541 376 2581 aureas
404 2525 457 2579 in
490 2524 689 2593 capite,
718 2523 792 2576 ita
823 2521 981 2576 electi
1008 2536 1199 2577 omnes
1229 2521 1322 2592 qui
1368 2522 1421 2575 in
1467 2522 1655 2576 eadem

92 2614 345 2686 Scriptura
407 2630 567 2671 sacra
608 2614 1000 2678 continentur,
1059 2621 1243 2669 erecto
1299 2615 1367 2670 ad
1422 2630 1657 2685 superna

90 2720 251 2770 senm,
275 2706 523 2761 cmlestia
547 2706 690 2760 bona
725 2720 757 2759 a
790 2704 1019 2760 Domino
1061 2704 1321 2774 quaesisse
1368 2714 1426 2762 et
1470 2721 1659 2776 perce-

89 2797 210 2866 pisse
235 2800 557 2869 probantur.
603 2796 758 2865 Quod
790 2804 972 2851 autem
1010 2812 1123 2866 per
1143 2796 1467 2853 candelabra
1514 2797 1656 2853 facta

90 2890 145 2945 de
167 2893 362 2947 mensis
390 2907 622 2947 numero
653 2890 849 2962 plurali
880 2890 1143 2960 scriptum
1172 2890 1396 2955 addidit,
1428 2890 1613 2947 dicens
1640 2910 1653 2945 :

92 2979 183 3035 Nec
227 3000 330 3036 non
376 2990 427 3036 et
460 2998 668 3036 mensas
697 2982 904 3045 decem,
934 2982 1211 3052 posuitque
1238 2998 1326 3036 eas
1353 2981 1409 3035 in
1442 2982 1657 3051 templo,

88 3077 345 3148 quinquea
374 3076 599 3142 dextris,
623 3085 670 3131 et
694 3077 923 3148 quinque
969 3093 1003 3130 a
1049 3076 1299 3142 sinistris,
1345 3077 1401 3131 in
1448 3077 1665 3148 Regum

1754 1871 1875 1927 Non
1901 1883 2083 1930 autem
2113 1876 2195 1929 hic
2222 1892 2423 1931 mensae
2450 1877 2658 1943 decem,
2690 1893 2720 1931 a
2752 1877 2924 1948 ﬁgura
2952 1879 3114 1934 unius
3147 1895 3351 1934 mensae

1752 1967 2141 2038 propositionis
2165 1971 2494 2047 discrepant.
2525 1968 2658 2024 Nam
2682 1971 2822 2026 sicut
2849 1988 2953 2025 una
2990 1987 3181 2026 mensa
3214 1970 3349 2026 duo-

1755 2058 1928 2114 decim
1956 2059 2185 2128 panibus
2231 2070 2424 2115 onusta
2469 2062 2778 2116 unanimem
2832 2063 3000 2117 totius
3051 2062 3347 2133 Scriptura:

1726 2151 2406 2207 concordiamauctoritate
2441 2152 2734 2221 apostolica
2768 2155 3030 2206 munitam
3076 2153 3345 2223 designat,

1756 2239 1829 2293 ita
1860 2255 1962 2294 non
1988 2228 2260 2295 immerito
2290 2242 2474 2296 decem
2512 2248 2713 2297 mensze
2755 2257 2933 2298 aureae
2979 2244 3158 2297 divina
3208 2244 3344 2315 legis
3376 2294 3385 2301 .

1754 2338 1809 2385 et
1834 2331 2214 2400 prophetarum
2241 2331 2453 2401 eloquia
2480 2331 2705 2402 ﬁgurate
2736 2334 3076 2400 denuntiant,
3111 2351 3231 2405 qua:
3259 2337 3344 2390 vel

1755 2421 2106 2477 refectionem
2136 2423 2294 2479 nobis
2326 2423 2481 2487 verbi
2496 2424 2617 2489 Dei,
2650 2426 2805 2494 quasi
2829 2426 2995 2496 panes
3020 2428 3345 2498 propositio-

1757 2514 1864 2579 nis,
1887 2513 2154 2580 oll‘erunt;
2200 2515 2284 2568 vel
2327 2514 2482 2570 nobis
2506 2516 2750 2585 exempla
2788 2515 3050 2584 ﬁdelium,
3073 2519 3225 2588 quasi
3253 2535 3346 2589 po-

1755 2606 1983 2660 sitorum
2011 2605 2063 2659 in
2094 2620 2154 2661 se
2192 2620 2452 2660 vasorum
2492 2605 2706 2661 Domini
2739 2607 3062 2676 claritatem,
3085 2618 3140 2664 et
3182 2611 3346 2664 mira-

1755 2697 1873 2752 cula
1904 2706 2231 2769 proponunt.
2262 2699 2443 2767 Quare
2481 2709 2664 2754 autem
2711 2702 2952 2771 quinque
2987 2718 3019 2756 a
3048 2702 3256 2757 dextris
3293 2711 3350 2758 et

1756 2789 1993 2859 quinque
2023 2806 2052 2842 a
2081 2789 2318 2845 sinistris
2358 2790 2545 2859 positae
2575 2790 2688 2844 sint
2733 2806 2937 2845 mensa:
2986 2807 3053 2846 ex
3095 2792 3181 2847 his
3227 2808 3350 2863 quze

1757 2882 1821 2938 de
1844 2880 2179 2937 candelabris
2203 2901 2364 2953 supra
2388 2883 2763 2952 tractavimus,
2783 2884 3037 2940 facillime
3072 2897 3240 2957 patet.

1831 2970 1980 3026 Fecit
2022 2973 2183 3026 etiam
2216 2974 2409 3027 atrium
2448 2974 2800 3040 sacerdotum,
2824 2984 2873 3029 et
2895 2976 3164 3030 basilicam
3193 2995 3349 3047 gran~

1758 3061 1899 3128 dem,
1923 3073 1971 3116 et
1999 3064 2131 3117 ostia
2159 3064 2215 3117 in
2251 3064 2634 3137 basilicu,qute
2680 3069 2807 3121 texit
2854 3084 2975 3123 tere.
3026 3068 3101 3122 De
3145 3069 3246 3123 hoc
3295 3069 3350 3122 in

88 3138 390 3238 singularem
414 3138 908 3232 numerum'habet,
924 3167 1016 3222 ubi
1036 3182 1162 3222 cum
1186 3168 1252 3224 de
1280 3166 1440 3223 altari
1466 3138 1654 3232 aureo,

1764 3153 1897 3210 libro
1929 3154 2136 3226 Regum
2163 3150 2237 3211 ita
2269 3158 2530 3227 scriptum
2556 3167 2639 3213 est
2673 3177 2685 3212 :
2726 3160 2794 3213 Et
2820 3159 3098 3229 a’di/icavit
3129 3178 3221 3215 res:
3246 3160 3345 3215 Sa-

88 3260 211 3325 qnod
238 3258 367 3315 fecit
388 3258 672 3321 Salomon,
702 3256 955 3324 refertur,
983 3258 1222 3314 additum
1251 3266 1336 3313 est
1360 3258 1614 3313 continuo
1640 3275 1655 3313 ;

92 3349 147 3404 Et
175 3369 428 3417 mensam,
458 3369 617 3422 super
638 3368 758 3423 qua?
780 3361 1099 3422 ponerentur
1116 3368 1277 3423 panes
1292 3351 1659 3423 propositionis

89 3460 285 3498 auream
329 3443 451 3516 (III
487 3443 620 3515 Reg.
647 3442 769 3514 vn).
806 3443 1023 3509 Mensa,
1055 3452 1239 3498 autem
1281 3458 1466 3505 aurea,
1507 3440 1660 3496 Scri-

92 3542 230 3601 ptura
254 3543 339 3590 est
367 3550 547 3602 sacra,
565 3534 827 3605 spiritalis
857 3535 1101 3591 scientiae
1132 3535 1381 3589 claritate
1409 3533 1658 3599 fecunda,

92 3625 147 3681 de
168 3643 266 3697 qua
290 3626 582 3682 Psalmista
611 3626 840 3683 Domino
869 3627 1045 3697 inquit
1075 3641 1089 3681 :
1122 3623 1339 3680 Parasti
1371 3626 1424 3679 in
1451 3641 1661 3695 compe-

93 3728 168 3771 rtu
202 3728 288 3773 tuo
316 3736 556 3774 mensam
581 3719 833 3774 adversus
864 3735 951 3774 eos
977 3719 1069 3790 qui
1090 3717 1344 3773 tribulam
1373 3735 1455 3773 me
1484 3714 1658 3790 (Psal.

92 3807 272 3882 xxxii).
301 3808 379 3865 Ne
406 3809 555 3865 enim
583 3822 683 3863 nos
707 3808 1006 3864 adversarii
1038 3807 1362 3864 tribulantes
1402 3808 1473 3863 ad
1511 3824 1664 3864 erro-

94 3913 193 3953 rem
217 3899 517 3967 iuﬁectant,
540 3914 785 3955 mensam
813 3899 971 3955 nobis
993 3898 1254 3955 Conditor
1282 3910 1467 3954 noster
1486 3900 1665 3954 scien-

90 3990 168 4045 tia
189 3990 444 4054 caelestis,
472 4005 572 4061 per
595 4004 758 4061 quam
782 3990 837 4044 in
863 3990 970 4044 ﬁde
997 3989 1243 4045 veritatis
1268 3987 1660 4054 confortemur,

89 4080 301 4147 paravit.
344 4079 529 4134 Panes
580 4093 818 4148 namque
858 4077 1245 4149 pmpositiouis
1300 4077 1480 4133 sancti
1539 4084 1667 4132 sunt

87 4169 341 4235 doctores,
366 4184 600 4239 quorum
630 4183 731 4239 per
760 4183 925 4239 opera
954 4168 1111 4223 nobis
1141 4167 1226 4222 vel
1260 4168 1428 4222 verba
1463 4166 1667 4221 saluta-

88 4260 159 4313 ria
185 4262 250 4315 ad
277 4260 589 4331 exemplum
618 4259 745 4314 vita:
797 4259 1078 4330 proposita
1126 4274 1342 4330 semper
1379 4259 1432 4314 in
1470 4260 1668 4315 divinis

87 4352 306 4423 paginis,
332 4352 584 4424 quisquis
608 4352 749 4407 bene
769 4352 979 4421 quaerit,
1013 4352 1237 4407 invenit.
1283 4352 1434 4409 Unde
1481 4360 1668 4424 aperte

87 4444 241 4500 iidem
267 4460 438 4515 panes
457 4445 512 4499 in
539 4444 726 4500 Exodo
763 4444 1046 4500 duodecim
1086 4443 1203 4499 ﬁeri
1246 4445 1500 4515 praecepti
1541 4452 1667 4501 sunt

87 4534 276 4602 (Exod.
308 4535 465 4607 xxv),
490 4535 742 4592 videlicet
768 4545 988 4605 propter
1029 4536 1302 4606 apostolos
1347 4536 1660 4604 duodecim,

85 4643 178 4698 per
219 4644 450 4699 quorum
479 4629 839 4684 ministerium
890 4639 946 4683 et
1000 4629 1155 4684 nobis
1204 4629 1483 4698 Scriptura
1527 4628 1666 4684 Novi

87 4719 412 4786 Testamenti
435 4703 654 4777 condita
681 4729 787 4785 est,
814 4728 871 4775 et
895 4720 1245 4775 instrumenti
1300 4720 1528 4778 Veteris.
1568 4720 1667 4775 do-

86 4821 240 4867 nante
260 4812 513 4878 Domino,
541 4812 777 4868 revelata
809 4812 1084 4883 mysteria.
1131 4812 1370 4879 Quorum
1406 4812 1664 4867 nimirum

86 4917 309 4958 numero
352 4919 460 4959 non
498 4910 706 4957 tantum
742 4902 905 4958 iidem
931 4903 1179 4974 apostoli,
1202 4902 1298 4957 sed
1321 4917 1512 4958 omnes
1540 4910 1668 4957 sunt

82 4995 368 5067 designati,
385 4995 476 5065 qui
502 4994 722 5050 verbum
746 4993 1090 5065 praedicando
1113 4992 1367 5063 pabulum
1394 4992 1523 5047 vitae
1546 4993 1673 5049 ﬁde—

81 5085 219 5142 libus
254 5089 590 5154 ministrant,
618 5087 747 5157 quia
778 5101 969 5141 onmes
995 5088 1183 5157 utique
1207 5075 1379 5157 ipsam
1409 5086 1670 5142 doctrinae
1690 5118 1702 5126 ~

80 5178 311 5234 formam
346 5196 512 5250 quam
540 5196 570 5233 a
610 5179 837 5234 Domino
872 5178 1098 5249 apostoli
1132 5194 1391 5249 accepere
1428 5193 1671 5249 sequun-

82 5277 182 5322 tur.
202 5268 365 5337 Quod
392 5284 523 5325 vero
544 5270 598 5324 in
616 5268 806 5324 Verbis
834 5270 1053 5324 Dierum
1084 5284 1248 5338 supra
1276 5267 1527 5340 legimus,
1542 5268 1670 5338 quia

79 5358 205 5417 fecit
236 5360 497 5417 Salomon
525 5376 744 5416 mensas
771 5361 980 5425 decem,
1000 5360 1286 5431 posuitque
1307 5374 1402 5414 eas
1431 5360 1485 5414 in
1529 5367 1667 5415 tem-

79 5453 185 5522 plo,
205 5454 450 5524 quinque
478 5468 512 5506 a
541 5452 766 5519 dextris,
784 5460 838 5507 et
859 5452 1096 5521 quinque
1123 5467 1154 5505 a
1181 5450 1437 5515 sinistris,
1464 5451 1673 5521 phialas

77 5561 296 5617 quoque
316 5561 517 5601 aureas
539 5550 777 5609 centum,
796 5560 902 5599 non
924 5545 1024 5601 has
1044 5558 1259 5600 mensas
1284 5551 1395 5598 tam
1411 5543 1479 5598 ad
1503 5559 1674 5613 panes

80 5637 470 5707 propositionis
496 5652 660 5707 quam
687 5636 755 5691 ad
778 5652 910 5704 vasa
940 5636 1153 5692 Domini
1190 5635 1455 5706 portanda
1501 5634 1675 5691 factas

78 5743 196 5782 esse
218 5726 484 5783 credibile
502 5734 605 5787 est.
620 5725 831 5797 phialas
851 5728 1100 5782 videlicet
1121 5742 1255 5796 quas
1278 5727 1481 5795 pariter
1507 5725 1674 5779 factas

1760 3243 1937 3298 lomon
1962 3246 2158 3298 atrium
2192 3246 2410 3300 interius
2447 3248 2610 3302 tribus
2641 3249 2914 3303 ordinibus
2968 3250 3207 3320 lapidum
3250 3268 3352 3322 po-

1761 3338 2006 3402 litorum,
2034 3352 2081 3391 et
2108 3354 2213 3392 uno
2242 3339 2425 3393 ordine
2453 3339 2715 3410 lignorum
2753 3341 2895 3395 cedri
2947 3340 3065 3415 (ΙΙΙ
3096 3341 3227 3412 Reg.
3252 3344 3352 3413 vr).

1762 3427 1838 3482 De
1886 3427 2132 3483 interiori
2182 3430 2324 3485 atrio
2381 3430 2621 3486 breviter
2675 3431 2934 3502 loquitur,
2974 3432 3041 3488 de
3094 3435 3355 3490 exteriori

1760 3533 1986 3588 prorsus
2035 3527 2215 3575 tacere
2261 3520 2491 3575 videtur.
2543 3522 2744 3577 Verum
2796 3522 2851 3577 in
2900 3521 3095 3578 Verbis
3135 3523 3357 3579 Dierum

1763 3611 2048 3679 utriusque
2072 3609 2132 3664 ﬁt
2157 3611 2381 3666 mentio.
2408 3611 2623 3667 Atrium
2649 3628 2779 3684 ergo
2808 3614 3056 3679 interius,
3081 3616 3224 3685 quod
3254 3632 3354 3670 vo-

1763 3710 1921 3757 catur
1945 3702 2317 3765 sacerdotum,
2353 3718 2418 3757 eo
2446 3702 2588 3772 quod
2617 3704 2927 3758 sacerdotes
2953 3713 3010 3760 ct
3055 3704 3257 3760 Levita:
3299 3706 3357 3760 in

1763 3808 1830 3848 eo
1859 3792 2253 3856 ministrarent,
2283 3808 2351 3847 ex
2387 3795 2534 3849 omni
2566 3804 2721 3864 parte
2743 3794 2860 3849 erat
2893 3795 3093 3865 templo
3122 3796 3359 3851 circum-

1764 3885 1985 3951 datum;
2025 3885 2120 3940 sed
2161 3886 2230 3940 ab
2260 3885 2481 3941 Oriente
2501 3926 2517 3950 ,
2547 3886 2688 3941 unde
2715 3896 2833 3941 erat
2860 3889 3159 3959 ingressus,
3188 3888 3360 3944 multo

1764 3974 1975 4045 longius
2000 3992 2030 4030 a
2068 3977 2269 4047 templo
2301 3994 2465 4047 quam
2490 3994 2520 4032 a
2558 3980 2770 4034 caneris
2794 3980 2967 4035 tribus
2989 3981 3164 4052 plagis
3168 3997 3361 4048 ,seere-

1765 4054 1903 4138 tum,
1934 4072 2058 4142 quia
2091 4073 2345 4127 nimirum
2373 4072 2426 4126 in
2454 4088 2517 4127 ea
2548 4073 2703 4145 plaga
2724 4114 2741 4140 ,
2762 4073 2814 4128 id
2839 4083 2953 4140 est,
2981 4076 3033 4128 in
3062 4075 3200 4131 facie
3228 4084 3360 4131 tem-

1764 4164 1840 4235 pli
1871 4164 2073 4220 ﬁebant
2101 4165 2400 4219 ministeria
2440 4173 2773 4223 sanctorum.
2818 4166 2896 4222 lbi
2940 4168 3114 4222 altare
3148 4183 3359 4223 aeneum

1769 4255 1838 4310 ad
1866 4256 2071 4311 hostias
2100 4255 2328 4310 Domino
2360 4254 2697 4322 oﬁ‘erendas;
2730 4257 2804 4312 ibi
2835 4257 3024 4313 decem
3056 4257 3258 4312 luteres
3286 4259 3356 4314 ad

1768 4346 2024 4401 lavandas
2052 4346 2268 4401 easdem
2307 4346 2545 4413 hostias;
2596 4347 2669 4402 ibi
2699 4363 2850 4404 mare
2874 4363 3086 4403 aeneum
3115 4357 3236 4403 erat
3262 4365 3360 4421 po-

1770 4440 1934 4495 situm
1958 4438 2027 4493 ad
2052 4436 2312 4493 lavandas
2339 4454 2533 4494 manus
2558 4440 2831 4510 pedesque
2851 4439 3217 4506 sacerdotum,
3234 4457 3360 4496 cum

1770 4530 1839 4585 ad
1892 4528 2312 4586 ministrandum
2366 4528 2657 4587 intrarent.
2716 4529 2963 4587 Habebat
3020 4540 3201 4587 autem
3254 4533 3363 4589 hoc

1772 4622 1971 4677 atrium
2001 4629 2111 4677 tres
2140 4620 2355 4676 cubitos
2378 4620 2676 4677 altitudinis
2695 4662 2712 4688 ,
2737 4630 2796 4676 ut
2835 4620 3102 4693 Josepbus
3147 4631 3361 4689 narrat,

1771 4724 2039 4786 quatenus
2060 4723 2117 4770 et
2142 4714 2211 4769 ab
2239 4712 2489 4785 ingressu
2508 4714 2691 4785 templi
2712 4722 2940 4771 caeteros
2960 4716 3365 4785 prohiberet,et

1772 4805 1904 4861 solis
1931 4804 2310 4861 sacerdotibus
2353 4805 2457 4860 hoc
2506 4804 2673 4861 licere
2724 4804 3078 4876 signiﬁcaret.
3124 4806 3365 4877 Eratque

1772 4897 1822 4951 ei
1845 4895 2014 4965 janua
2042 4895 2111 4950 ad
2134 4894 2462 4961 Orientalem
2490 4896 2726 4969 plagam,
2756 4898 2824 4952 ad
2852 4913 3016 4969 quam
3052 4912 3224 4968 usque
3264 4913 3362 4968 po-

1772 4990 1932 5060 pulus
1956 4989 2165 5045 hostias
2194 5004 2321 5045 suas
2353 4998 2410 5046 et
2434 4989 2702 5046 sacriﬁcia
2728 4989 3017 5057 inferebat,
3042 4991 3167 5047 inde
3195 4991 3367 5047 susei-

1771 5083 1969 5153 pienda
1997 5098 2029 5137 a
2068 5081 2444 5139 sacerdotibus
2470 5091 2636 5154 atque
2678 5084 2747 5139 ad
2795 5082 2968 5138 altare
3014 5081 3362 5154 perferenda.

1773 5172 1850 5228 De
1873 5188 1937 5228 ex
1948 5172 2135 5228 teriori
2155 5186 2286 5228 vero
2306 5171 2470 5239 atrio,
2490 5173 2634 5241 quod
2647 5166 2823 5228 Verba'
2835 5172 3057 5257 Dieg'um
3079 5171 3364 5228 basilicam

1771 5264 2034 5334 grandem
2058 5270 2273 5329 vocant,
2292 5263 2369 5318 ita
2397 5265 2588 5320 scribit
2608 5262 2874 5334 Iosephus
2906 5282 2920 5319 :
2955 5281 2975 5315 ς
3006 5264 3366 5321 Extrinsecus

1773 5367 1954 5413 autem
1976 5356 2138 5426 hujus
2164 5356 2348 5427 templi
2375 5357 2538 5413 aliam
2567 5356 2857 5413 aediﬁcavit
2882 5356 3063 5412 aulam
3085 5357 3362 5425 quadran-

1775 5449 1898 5520 gulo
1949 5449 2224 5503 schemate
2274 5446 2498 5522 factam,
2544 5447 2763 5518 erigens
2808 5448 3076 5503 maximas
3115 5444 3359 5515 porticus

1776 5550 1937 5611 atque
1961 5540 2116 5603 latas,
2149 5548 2203 5597 et
2226 5547 2414 5610 portas
2441 5538 2690 5595 excelsas
2715 5547 2773 5594 et
2792 5537 2997 5608 amplas
3016 5550 3111 5606 per
3130 5541 3365 5602 quatuor

1779 5633 1963 5689 mundi
1985 5621 2175 5704 partes
2200 5633 2256 5687 in
2283 5647 2349 5688 eo
2373 5632 2731 5696 constituens,
2754 5642 2982 5700 quarum
3020 5623 3247 5694 singula:
3291 5623 3375 5676 δώ

1779 5738 2217 5794 unumquemque
2240 5731 2457 5778 ventum
2482 5730 2714 5792 quatuor
2756 5720 2966 5790 angulis
2990 5714 3362 5779 attendebaut,
