3876 6136
482 264 583 321 45!

1162 248 1225 303 Β.
1264 244 1522 302 RABANI
1558 241 1777 299 MAURI
1812 236 2085 295 ARCHlEl

2186 230 2479 290 lIOGUNT.
2520 225 2808 285 OPERUM
2844 222 3028 282 PARS
3062 221 3107 276 Ι.

3660 220 3767 277 459.

485 381 581 436 ubi
602 390 796 432 aureas
817 336 1011 447 januas
1051 362 1354 422 collocavit.
1393 382 1412 415 ι
1441 361 1511 415 Et
1537 358 1697 429 paulo
1734 365 1859 427 post
1889 371 1902 407 :
1945 372 1963 403 ι
2000 351 2057 404 ln
2088 352 2137 409 Α
2163 355 2401 400 utamur.
2436 339 2750 397 jEdifieium
2781 350 2915 407 ergo
2950 332 3140 404 templi
3170 333 3316 389 intra
3338 334 3542 389 atrium
3577 348 3763 388 sacer-

2006 443 2019 447 -
2188 438 2203 447 -
2248 443 2256 447 -
2511 430 2533 447 .-
2808 427 2858 447 ε-
2897 433 3077 447 --__.-
3108 423 3345 447 οηιηε,
3380 431 3430 447 _.
3455 423 3759 447 ,,,.,.ε,,.ε,,,μ

487 472 595 527 hoc
620 443 920 524 sacrarium
941 471 1131 515 omnes
1156 453 1361 527 populi,
1383 452 1582 524 quibus
1617 447 1866 520 purgatio
1896 452 1948 499 et
1970 443 2067 497 ob—

487 556 723 615 servatio
747 551 1110 623 legitimorum
1144 545 1350 608 inerat,
1380 541 1697 596 introibant.
1741 556 1759 589 ι
1796 535 1907 589 Has
1932 546 2065 588 vero

488 651 729 724 porticus
749 643 1105 724 Cassiodorus
1130 649 1348 694 senator
1374 636 1428 690 in
1449 634 1658 705 pictura
1684 629 1888 699 templi,
1905 641 2069 697 quam

490 715 547 797 in
583 737 846 810 pandecte
883 715 1062 805 posuit
1098 728 1179 801 (ut
1209 728 1324 799 ipse
1363 725 1416 779 in
1462 722 1791 794 psalmorum
1834 730 2071 772 comme-

490 806 689 901 morat)
738 824 935 896 triplici
976 822 1165 877 ordine
1214 816 1504 874 distinxit:
1537 812 1774 883 primum
1824 806 2073 879 videlicet

490 898 735 977 ordinem
762 932 970 989 ponens
996 922 1150 968 extra
1189 910 1389 965 atrium
1430 906 1877 963 sacerdotum‘ex
1925 898 2072 954 omni

490 1020 643 1083 parte
670 1024 767 1075 per
803 1006 1092 1076 quadrum,
1126 998 1421 1056 secundum
1469 996 1658 1051 eodem
1709 991 1870 1047 modo
1918 997 2072 1043 extra

492 1102 710 1156 intimas
735 1097 979 1169 porticus
1004 1093 1458 1160 undiqueversum
1494 1087 1548 1141 in
1589 1099 1738 1156 gyro,
1771 1088 2074 1137 extremum

492 1194 745 1250 similiter
771 1206 839 1246 ex
865 1186 1009 1243 omni
1035 1187 1204 1238 latere
1230 1180 1471 1252 priorum
1509 1176 1814 1246 porticuum
1865 1174 1918 1225 in
1969 1169 2076 1225 cir—

490 1285 660 1339 cuitu.
686 1281 884 1349 Sicque
913 1276 1170 1346 templum
1192 1269 1421 1327 triformi
1444 1265 1795 1322 asdilioiorum
1822 1259 2073 1331 praesidio

492 1376 561 1430 ab
586 1372 731 1429 omni
756 1378 874 1425 erat
901 1377 1055 1439 parte
1100 1364 1401 1426 munitum,
1436 1356 1579 1412 facto
1620 1353 1929 1426 pavimento
1974 1350 2075 1404 sub

495 1468 583 1522 dio
613 1465 755 1519 inter
779 1460 1005 1517 aediﬁcia
1037 1455 1247 1527 singula
1278 1453 1345 1508 de
1380 1462 1676 1511 marmore,
1696 1453 1751 1500 et
1778 1441 2074 1514 parietibus

496 1558 779 1611 domorum
809 1548 1174 1612 interioribus,
1202 1546 1305 1599 hoc
1333 1549 1446 1606 est,
1477 1539 1557 1594 eis
1584 1536 1676 1607 qui
1706 1535 1774 1590 ad
1818 1531 2077 1601 templum

493 1644 873 1714 respiciebant,
899 1639 1056 1694 factis
1081 1677 1094 1703 ,
1125 1637 1181 1690 in
1217 1631 1483 1689 columnis
1530 1624 1895 1681 exterioribus
1946 1634 2076 1674 vero

2171 438 2378 499 dotum,
2407 430 2775 504 perfectorum
2808 427 2863 481 in
2895 433 3084 481 sancta
3108 423 3349 479 Ecclesia
3377 431 3436 478 et
3454 423 3761 479 sublimium

2168 528 2337 582 vitam
2367 523 2624 595 exprimit
2648 520 2912 584 virorum,
2945 529 3135 572 eorum
3168 513 3423 569 videlicet
3463 511 3558 582 qui
3588 514 3763 568 excel-

2170 616 2337 672 lentia
2354 614 2617 669 virtutum
2641 609 2875 664 Domino
2900 606 3358 681 appropinquare,
3373 611 3432 659 et
3453 603 3580 658 aliis
3603 606 3762 660 verbo

2170 717 2333 775 atque
2370 717 2534 773 opere
2566 702 2818 756 ducatum
2856 697 3160 753 minoribus
3201 696 3437 750 debeant
3478 695 3761 750 ostendere

2172 795 2381 851 salutis.
2412 790 2680 848 Sacerdos
2709 803 2944 859 namque
2970 788 3039 842 ab
3069 801 3134 841 eo
3160 786 3351 841 Latine
3381 801 3587 841 nomen
3616 801 3763 841 acce-

2172 889 2270 959 pit,
2288 886 2431 958 quod
2461 899 2675 940 sacrum
2721 883 2967 953 praebere
3006 880 3261 934 ducatum
3314 878 3627 933 minoribus
3671 878 3760 931 de-

2171 981 2315 1036 beat.
2344 979 2460 1045 Quo
2488 976 2706 1031 nomine
2741 973 2794 1027 in
2839 971 3140 1041 Scripturis
3168 973 3400 1042 mystice
3438 986 3550 1025 non
3590 969 3757 1024 solum

2172 1072 2361 1128 altaris
2393 1068 2651 1134 ministri,
2680 1065 2918 1136 episcopi
2954 1064 3207 1120 videlicet
3233 1070 3288 1119 et
3318 1062 3653 1133 presbyteri,
3676 1060 3761 1115 sed

2172 1171 2228 1219 et
2254 1177 2444 1218 omnes
2468 1159 2655 1229 utique
2685 1163 3000 1219 censentur,
3018 1155 3109 1225 qui
3140 1152 3422 1209 altitudine
3445 1160 3615 1208 rectze
3644 1167 3761 1206 con-

2172 1251 2496 1309 versationis
2536 1265 2601 1304 ac
2636 1248 2898 1304 doctrina:
2924 1246 3181 1301 salutaris
3205 1246 3463 1307 eminent,
3495 1261 3601 1300 nec
3628 1245 3751 1299 sibi-

2174 1342 2419 1413 metipsis
2442 1339 2837 1403 tantummodo,
2864 1339 2964 1394 sed
2987 1346 3044 1394 et
3084 1336 3330 1409 pluribus
3366 1347 3621 1408 prosunt.
3666 1338 3758 1404 Qui

2132 1486 2145 1496 ,
2175 1437 2301 1490 dum
2329 1448 2555 1502 corpora
2585 1446 2682 1486 sua
2711 1429 2944 1485 hostiam
2990 1428 3261 1484 viventem
3281 1470 3296 1495 ,
3338 1436 3611 1491 sanctam,
3659 1428 3758 1481 Deo

2175 1527 2474 1597 placentem
2503 1521 2762 1577 exhibent
2802 1519 2981 1591 (Rom.
3016 1517 3138 1590 xu).
3167 1518 3508 1574 sacerdotale
3531 1516 3760 1587 profecto

2178 1616 2538 1672 ministerium
2568 1612 2888 1682 spiritaliter
2912 1617 3189 1665 exercent.
3216 1608 3411 1678 Neque
3460 1607 3610 1663 enim
3658 1607 3759 1675 cpi-

745 1696 944 1799 Sicque
968 1696 1131 1782 fiebat
1169 1731 1227 1779 ut
1254 1721 1431 1778 omnis
1455 1724 1725 1774 structura
1755 1712 1941 1782 templi
1975 1724 2075 1781 pro
2103 1697 2150 1755 Β
2178 1707 2357 1777 scopis
2383 1714 2439 1762 et
2464 1702 2820 1775 presbyteris,
2851 1716 3040 1757 verum
3071 1700 3216 1755 omni
3246 1699 3507 1755 Ecclesia:
3551 1698 3646 1751 Dei
3690 1696 3760 1749 lo-

494 1826 760 1895 graduum
823 1828 972 1877 esset
1024 1817 1288 1871 varietate
1346 1808 1742 1868 rationabiliter
1798 1804 2075 1860 distincta.

499 1893 741 1983 Namque
761 1913 815 1967 in
837 1918 1025 1965 sancta
1052 1914 1364 1963 sanctorum
1388 1893 2076 1970 ingrediebaturpontifex;

499 2009 552 2061 in
585 2008 758 2076 ipsum
786 2003 1045 2074 templum
1075 1999 1387 2055 sacerdotes
1419 1991 1691 2064 puriﬁcati
1711 2031 1727 2057 ,
1758 1998 1814 2045 et
1846 2002 1951 2043 non
1983 2002 2082 2056 pu-

502 2096 719 2161 riﬁcati,
750 2110 858 2149 una
895 2107 1018 2148 cum
1048 2089 1250 2145 Levitis
1285 2094 1343 2142 et
1370 2081 1716 2144 cantoribus;
1750 2079 1803 2132 in
1830 2076 2082 2131 intimum

500 2189 701 2243 azrium
722 2186 961 2241 basilicze
988 2181 1212 2253 majoris
1241 2177 1347 2233 viri
1371 2174 1542 2232 Judaei
1570 2168 1842 2243 purificati
1877 2174 2082 2222 stantes

493 2289 549 2334 et
576 2286 799 2334 orantes
829 2276 931 2332 sub
955 2274 1047 2329 dio
1066 2314 1081 2339 ,
1106 2271 1153 2327 si
1178 2282 1432 2326 serenum
1461 2272 1638 2329 esset;
1688 2261 1734 2317 si
1763 2266 2080 2329 tempestas,

500 2371 552 2425 iu
584 2370 825 2441 porticus
849 2365 1129 2437 proximas
1172 2375 1295 2417 sese
1339 2357 1694 2428 recipientes;
1748 2353 1804 2407 in
1857 2348 2084 2406 interius

500 2462 700 2516 atrium
749 2458 1008 2514 mulieres
1059 2454 1235 2509 viduae
1281 2449 1606 2522 puriﬁcatae;
1662 2446 1718 2501 in
1776 2452 2083 2499 extremum

500 2550 698 2605 atrium
729 2546 960 2616 gentiles
988 2553 1045 2599 et
1070 2540 1371 2609 ludati,qui
1389 2552 1564 2609 nuper
1590 2542 1851 2592 venerant
1867 2548 1932 2588 ex
1955 2546 2085 2603 gen-

501 2642 646 2696 tibus
674 2654 845 2708 usque
875 2637 943 2692 ad
972 2640 1181 2690 sextum
1209 2629 1606 2702 puriﬁcationis
1643 2628 1807 2683 diem.
1854 2623 1984 2679 ﬂtec
2023 2628 2087 2676 ut

507 2730 560 2785 in
593 2728 802 2800 pictura
849 2724 1158 2795 Cassiodori
1206 2721 1460 2777 distincte
1509 2718 1810 2789 reperimus
1847 2716 2089 2771 breviter

502 2823 765 2878 adnotare
789 2819 1120 2884 curavimus,
1151 2814 1260 2870 rati
1306 2828 1430 2869 eum
1476 2812 1546 2868 ab
1590 2809 1828 2879 antiquis
1873 2810 1990 2864 haec
2030 2807 2085 2861 in

501 2914 618 2968 dies
649 2910 923 2975 didicisse,
955 2921 1132 2977 neque
1161 2905 1338 2959 virum
1366 2910 1478 2956 tam
1525 2900 1799 2955 eruditum
1852 2897 2086 2952 voluisse

500 3005 556 3059 in
582 3000 887 3071 exemplum
915 2995 1119 3069 legenti
1143 3007 1446 3065 proponere
1475 3006 1595 3061 quze
1622 3006 1728 3045 non
1770 2989 1884 3060 ipse
1931 2987 2084 3058 prius

2179 1799 2446 1869 quebatur
2473 1793 2748 1865 apostolus
2778 1793 2994 1855 Petrus,
3028 1805 3153 1846 cum
3183 1791 3261 1844 ait
3288 1807 3301 1843 :
3345 1787 3447 1843 Vas
3489 1798 3665 1842 autem
3683 1804 3759 1857 ge-

2182 1906 2279 1944 nus
2302 1886 2538 1948 electum,
2572 1883 2745 1955 regale
2771 1882 3145 1947 sacerdotium,
3167 1897 3290 1951 gens
3311 1888 3519 1940 sancta,
3548 1877 3758 1949 populus

2181 1982 2537 2053 acquisitionis
2570 1980 2618 2052 (1
2648 1977 2766 2034 Pet.
2792 1980 2875 2051 ιι).
2901 1977 3067 2046 Cuj'us
3086 1975 3309 2031 honoris
3323 1974 3589 2043 dignitate
3606 1972 3760 2028 etiam

2181 2074 2437 2143 antiquus
2470 2072 2699 2142 populus
2728 2070 2824 2124 Dei
2867 2077 2988 2125 crat
3042 2067 3351 2138 insignitus,
3385 2065 3607 2120 dicente
3653 2063 3760 2133 ipso

2182 2164 2249 2218 ad
2280 2164 2496 2234 Moysen
2526 2182 2539 2217 :
2576 2160 2707 2216 Haec
2745 2160 2886 2215 dices
2913 2159 3094 2213 domui
3121 2157 3287 2212 Iacob
3306 2198 3320 2222 ,
3352 2166 3401 2209 et
3432 2154 3762 2209 annuntiabis

2182 2254 2307 2325 ﬁliis
2331 2253 2521 2309 Israel.
2548 2254 2616 2308 Et
2642 2253 2802 2323 paulo
2822 2258 2946 2320 post
2972 2269 2985 2305 :
3017 2249 3085 2303 Et
3116 2265 3202 2303 vos
3228 2247 3373 2302 eritis
3396 2246 3528 2299 mihi
3559 2261 3761 2315 regnum

2182 2341 2508 2398 sacerdotale
2536 2351 2584 2396 et
2606 2358 2730 2412 gens
2756 2349 2943 2395 sancta
2983 2337 3180 2411 (Exod.
3206 2334 3343 2409 nx).
3380 2334 3617 2390 Basilica
3646 2348 3763 2387 vero

2184 2435 2435 2507 grandis,
2465 2449 2585 2504 quae
2624 2442 2744 2488 erat
2785 2442 2939 2488 extra
2966 2432 3167 2485 atrium
3197 2430 3564 2493 sacerdotum,
3592 2428 3646 2481 in
3670 2440 3765 2495 qua

2184 2526 2362 2581 omnis
2386 2524 2567 2595 populi
2597 2523 2887 2579 multitudo
2917 2524 3147 2577 adorare
3176 2520 3293 2601 sive
3321 2520 3389 2575 ad
3428 2518 3659 2573 verbum
3682 2533 3768 2569 au-

2186 2619 2439 2674 diendum
2469 2615 2740 2675 confluere
2770 2615 3000 2675 solebat,
3026 2612 3325 2668 carnalium
3365 2611 3419 2665 in
3449 2618 3639 2664 saneta
3671 2608 3767 2661 Ec-

2186 2709 2354 2765 clesia
2380 2708 2551 2763 vitam
2588 2721 2877 2777 moresque
2909 2703 3208 2776 figuraliter
3235 2703 3495 2765 insinuat,
3527 2699 3769 2770 qualibus

2186 2799 2321 2856 dicit
2343 2798 2632 2871 Apostolus
2657 2812 2671 2851 :
2699 2796 2766 2851 Et
2793 2813 2908 2867 ego,
2933 2795 3146 2865 fratres,
3165 2810 3271 2848 non
3289 2792 3438 2864 potui
3464 2792 3609 2845 vobis
3635 2787 3770 2860 loqui

2185 2891 2337 2962 quasi
2385 2888 2728 2959 spiritalibus,
2777 2886 2867 2941 sed
2919 2885 3074 2958 quasi
3126 2882 3450 2939 carnalibus.
3502 2881 3769 2952 Tanquam

2187 2979 2417 3050 parvulis
2442 2980 2498 3034 in
2522 2976 2754 3044 Christo,
2780 2977 2863 3032 lac
2887 2975 3027 3031 vobis
3063 2984 3245 3044 potum
3279 2973 3436 3038 dedi,
3465 2988 3577 3026 non
3607 2986 3769 3025 escam

500 3108 631 3148 vera
654 3060 776 3147 esse
810 3060 1172 3161 cognovvisset:
1198 3060 1322 3139 Haec
1349 3090 1474 3138 sunt
1498 3060 1620 3137 loca
1641 3095 1869 3151 quorum
1892 3078 2084 3134 memi-
2110 3080 2156 3144 C
2190 3067 2242 3143 (Ι
2269 3068 2393 3124 Cor.
2423 3069 2531 3143 nl).
2566 3069 2672 3138 Qui
2694 3070 2834 3125 bene
2861 3083 2960 3140 per
2996 3066 3280 3122 basilicam
3328 3063 3595 3135 grandem
3641 3060 3774 3116 desi-

499 3182 584 3237 nit
633 3194 918 3250 supremus
973 3175 1240 3249 graduum
1291 3173 1562 3244 psalmus,
1590 3172 1683 3241 qui
1722 3170 1799 3225 ita
1846 3170 2081 3239 incipit:

500 3269 638 3325 Ecce
663 3285 799 3323 nunc
821 3266 1103 3321 benedicite
1132 3263 1446 3326 Dominum,
1474 3277 1651 3314 omnes
1687 3260 1821 3314 servi
1852 3259 2084 3324 Domini,

500 3360 590 3430 qui
621 3358 770 3413 statis
792 3358 847 3412 in
867 3357 1022 3410 domo
1050 3354 1284 3416 Domini,
1315 3352 1368 3407 in
1394 3352 1544 3405 atriis
1574 3350 1764 3404 domus
1797 3349 1897 3404 Dei
1925 3350 2087 3404 nostri

504 3428 679 3523 (Psal.
710 3445 965 3519 cxxxm).
994 3446 1053 3501 In
1095 3445 1182 3500 his
1225 3428 1521 3514 porticibus
1565 3440 1830 3497 Jeremias
1868 3448 1924 3496 et
1968 3456 2089 3512 pro-
2118 3501 2142 3516 ,

504 3542 678 3614 pheta:
700 3540 815 3605 alii,
842 3538 897 3593 in
926 3538 1014 3593 his
1036 3535 1297 3592 Dominus
1320 3542 1377 3589 et
1397 3532 1625 3603 apostoli
1648 3531 1874 3587 verbum
1892 3529 2088 3601 papulo

505 3630 893 3703 prazdicabant.
929 3628 989 3683 In
1014 3629 1210 3683 harum
1244 3625 1421 3696 aliqua
1452 3624 1712 3678 Dominus
1748 3622 1971 3678 sedebat
1995 3621 2089 3676 do-

505 3737 655 3785 cens,
687 3720 925 3790 quando,
955 3714 1352 3772 attentantibus
1370 3712 1698 3790 .Pharisceis,
1724 3711 1921 3766 mulier
1939 3710 2088 3766 adul-

507 3823 624 3871 tera
660 3811 1041 3883 illijudicanda
1066 3809 1249 3865 oblata
1270 3814 1355 3863 est
1388 3805 1570 3879 (Joan.
1602 3803 1744 3879 vm).
1779 3805 1839 3859 In
1882 3805 1968 3860 his
2012 3805 2088 3859 in-

506 3905 656 3960 venit
682 3902 979 3958 vendentes
1005 3907 1062 3956 et
1088 3906 1331 3957 ementes
1358 3912 1488 3953 oves
1516 3903 1571 3951 et
1606 3896 1772 3951 boves
1801 3902 1857 3949 et
1884 3893 2089 3950 colum-

507 3995 646 4060 bas,
693 3994 902 4062 hosque
947 4006 1072 4046 cum
1124 3990 1237 4045 suis
1290 3987 1661 4044 mercimoniis
1714 3985 2011 4042 eliminavit
2058 4000 2091 4042 e

510 4084 710 4155 templo
744 4083 894 4156 (Luc.
921 4081 1061 4156 xu).
1090 4081 1151 4136 1n
1177 4081 1263 4136 his
1282 4081 1478 4137 Petrus
1498 4088 1552 4133 et
1577 4078 1813 4135 Joannes
1842 4078 2090 4133 claudum

509 4176 846 4233 invenientes
872 4181 1235 4239 sanarunt,ac
1261 4188 1453 4229 secum.
1476 4172 1841 4242 ingredientes
1868 4170 2092 4224 interius

512 4268 580 4324 ad
607 4266 873 4321 orandum
901 4262 1174 4318 duxerunt
1206 4261 1344 4335 (Act.
1373 4261 1481 4334 nt).
1507 4260 1566 4315 In
1591 4261 1677 4315 bis
1698 4261 1891 4316 orabat
1916 4260 2094 4315 omnis

512 4358 800 4414 multitudo
827 4355 1030 4427 populi,
1067 4354 1286 4426 quando
1321 4353 1602 4410 incensum
1626 4355 1847 4424 ponenti
1882 4352 2092 4406 Zacha-

2186 3169 2444 3231 gnantur,
2466 3160 2591 3229 quia
2626 3160 2830 3230 absque
2858 3157 2968 3214 ulla
2994 3156 3272 3213 dubietate
3296 3154 3467 3210 multo
3498 3152 3677 3223 major
3694 3158 3771 3206 est

2186 3251 2242 3305 in
2273 3258 2461 3306 sancta
2485 3248 2729 3305 Ecclesia
2761 3248 2952 3305 talium
2979 3263 3143 3320 quam
3185 3245 3559 3318 perfectorum
3591 3258 3773 3299 nume.

2186 3358 2280 3397 rus
2296 3382 2311 3408 ,
2334 3330 2709 3412 sed/quantum
2738 3356 2968 3396 numero
2991 3345 3502 3411 praestantnantum
3532 3350 3772 3392 succum-

2186 3431 2322 3486 bunt
2349 3431 2563 3486 merito.
2595 3430 2749 3486 Unde
2802 3438 2927 3500 apte
2972 3429 3203 3485 basilica
3243 3429 3361 3484 haec
3405 3426 3633 3497 grandis
3677 3424 3771 3480 etsi

2187 3520 2446 3605 plurimos
2473 3521 2639 3591 capit,
2672 3535 2780 3575 non
2813 3535 2909 3575 eos
2947 3528 3133 3575 tamen
3184 3519 3240 3574 in
3292 3518 3557 3575 interiora
3598 3515 3771 3587 templi

2185 3613 2453 3678 deaurati,
2482 3628 2590 3668 non
2641 3612 2708 3667 ad
2754 3611 2944 3667 altaris
2981 3609 3240 3675 cilicium,
3274 3624 3384 3665 non
3439 3609 3497 3664 in
3548 3608 3771 3678 idipsnm

2187 3703 2380 3758 saltem
2410 3703 2608 3758 atrium
2653 3701 2997 3758 sacerdotum
3028 3700 3363 3764 intromittit,
3404 3699 3537 3769 quia
3568 3707 3625 3755 et
3659 3712 3772 3752 car-

2187 3797 2338 3853 nales
2359 3797 2558 3867 quique
2583 3805 2748 3866 atque
2778 3794 2977 3849 infirmi
3004 3793 3182 3849 adhuc
3206 3792 3260 3847 in
3294 3791 3541 3846 Ecclesia
3577 3789 3682 3847 etsi
3711 3788 3772 3841 ob
3874 3840 3876 3847 .

2188 3889 2445 3944 meritum
2493 3894 2659 3942 cast-1e
2702 3885 2828 3941 fidei
2870 3886 2975 3941 bac
3012 3884 3233 3955 pietatis
3261 3881 3470 3939 Domini
3499 3877 3775 3937 devotead

2190 3979 2485 4045 electorum
2510 3986 2711 4034 sortem
2734 3976 3027 4047 pertinent,
3043 3975 3201 4046 longe
3222 3982 3400 4029 tamen
3424 3974 3584 4029 abest
3600 3981 3661 4026 ut
3678 3971 3778 4025 illis

2190 4077 2473 4138 azquentur
2510 4068 2606 4138 qui
2646 4082 2770 4123 cum
2815 4066 3013 4122 fiducia
3045 4065 3229 4121 dicere
3268 4065 3576 4134 probantur
3610 4082 3625 4117 :
3662 4061 3776 4116 Non

2191 4162 2329 4214 enim
2353 4159 2520 4213 audeo
2550 4158 2753 4230 aliquid
2780 4157 2923 4229 loqui
2942 4174 3123 4212 eorum
3144 4174 3263 4228 qua:
3281 4171 3375 4226 per
3392 4172 3475 4210 me
3503 4171 3612 4209 non
3635 4154 3776 4225 efﬁcit

2195 4249 2435 4305 Christus
2506 4250 2562 4303 in
2629 4248 2978 4303 obedientiam
3043 4250 3272 4319 gentium
3323 4246 3473 4302 verba
3526 4256 3578 4301 et
3632 4245 3778 4317 [actis

2200 4341 2378 4415 (Rom.
2397 4338 2509 4412 xv).
2538 4340 2605 4394 Et
2632 4340 2831 4394 iterum
2860 4358 2874 4395 :
2902 4338 3110 4393 Bonum
3135 4346 3395 4392 certamen
3414 4337 3634 4403 certari,
3666 4351 3780 4389 cur-

512 4450 607 4504 rite
636 4447 861 4519 angelus
888 4448 957 4502 ad
985 4446 1160 4501 altare
1212 4445 1583 4516 thymiamatis
1628 4443 1908 4514 apparuit,
1942 4458 2094 4498 eum-
2118 4430 2172 4490 D
2197 4448 2311 4486 sum
2338 4429 2710 4493 consummavi.
2742 4428 2902 4498 ﬁdem
2921 4430 3139 4493 servavi,
3167 4429 3231 4482 de
3255 4438 3442 4482 ca’tero
3465 4428 3694 4497 reposita
3707 4432 3774 4478 est

512 4555 618 4609 que
673 4540 741 4593 de
796 4536 1148 4608 praecursoris
1206 4535 1421 4590 Domini
1476 4534 1757 4589 nativitate
1815 4534 2097 4603 perdocuit

514 4608 666 4703 (Luc.
695 4628 758 4701 ι).
783 4628 903 4683 Non
932 4636 1113 4682 autem
1142 4628 1256 4681 haec
1283 4626 1421 4679 atria
1453 4641 1576 4679 cum
1613 4608 1913 4695 porticibus
1939 4639 2097 4696 aspe-

514 4728 663 4775 ctum
695 4717 878 4787 templi
909 4717 975 4772 de
999 4716 1158 4788 longe
1186 4714 1590 4785 aspectantibus
1627 4715 1958 4771 abscondere
1999 4732 2095 4786 po-

518 4817 768 4876 tuerunt,
798 4808 924 4878 quia
968 4807 1120 4864 locus
1168 4807 1222 4863 in
1266 4820 1375 4875 quo
1426 4804 1682 4875 templum
1741 4815 1860 4861 erat
1908 4807 2093 4875 situm,

518 4902 688 4956 multo
725 4900 1008 4955 sublimior
1054 4906 1172 4954 erat
1218 4914 1379 4967 quam
1423 4896 1516 4951 ubi
1569 4895 1802 4952 fundata:
1855 4899 2099 4968 porticus

522 4991 695 5045 fuere.
717 4990 854 5044 Nam
881 4989 1046 5062 (sicut
1071 4987 1338 5059 Josephus
1367 4987 1576 5059 scribit)
1622 4996 1881 5044 extrema:
1927 4990 2098 5044 atrio-

522 5093 643 5132 rum
669 5075 891 5133 fabriete
939 5092 1063 5133 cum
1116 5077 1171 5132 in
1219 5077 1625 5147 quadringentis
1676 5078 1875 5134 cubitis
1918 5089 2101 5135 essent

523 5174 737 5230 erectas,
768 5175 949 5221 tamen
996 5181 1168 5235 usque
1216 5165 1285 5220 ad
1332 5166 1592 5220 verticem
1638 5167 1859 5233 montis,
1891 5168 1945 5221 in
1993 5183 2101 5237 quo

526 5257 781 5326 templum
813 5256 1137 5312 aedificatum
1162 5265 1281 5311 erat
1304 5271 1415 5311 non
1429 5267 1812 5327 pervenerunt.
1835 5258 1962 5314 Haec
1983 5260 2103 5330 qui-

526 5348 647 5402 dem
683 5347 749 5402 de
780 5354 1050 5402 structura
1094 5347 1277 5417 templi
1325 5347 1566 5403 studioso
1599 5348 1788 5403 lectori
1829 5350 2102 5406 credimus

526 5437 1061 5493 iutimanda.Vcrum
1091 5437 1147 5491 in
1169 5438 1249 5494 eis
1278 5452 1611 5508 quaecunque
1636 5437 1917 5509 Scriptura
1946 5456 2101 5497 sacra

527 5529 731 5609 referre
755 5529 1097 5585 commodum
1125 5529 1539 5599 duxitJiguram
1561 5530 1941 5601 mysteriorum
1957 5547 2103 5602 qua:-

529 5633 729 5684 ramus,
760 5620 970 5676 caeteris
997 5635 1096 5689 pro
1138 5619 1380 5675 historias
1430 5620 1738 5691 cognitione
1783 5620 2102 5689 simpliciter

2198 4524 2329 4578 mihi
2356 4539 2551 4577 corona
2585 4522 2812 4593 justitia:
2842 4521 2926 4593 (II
2937 4521 3070 4575 Tim.
3103 4519 3200 4591 tv).
3238 4520 3544 4575 Accedebat
3567 4519 3775 4590 quidem

2198 4613 2390 4684 vulgus
2418 4627 2590 4683 usque
2621 4614 2688 4666 ad
2736 4612 2933 4666 atrium
2983 4613 3349 4676 sacerdotum,
3403 4612 3611 4666 hostias
3657 4623 3776 4665 suas

2199 4719 2371 4774 usque
2400 4702 2467 4757 ad
2497 4702 2657 4772 hujus
2672 4700 2897 4770 januam
2919 4700 3218 4766 deferebat,
3242 4709 3529 4770 susceptas
3549 4715 3583 4754 a
3605 4714 3777 4755 sacer-

2201 4798 2419 4855 dotibus
2444 4806 2607 4867 atque
2634 4796 2687 4850 in
2717 4795 2875 4849 altari
2892 4794 3105 4849 oblatas
3133 4793 3301 4849 oculis
3322 4795 3772 4863 prosequebatur;

2202 4893 2257 4947 in
2297 4893 2470 4962 ipsum
2501 4890 2665 4945 etiam
2690 4889 3108 4957 templum,cum
3135 4888 3506 4958 aperiebatur,
3530 4887 3773 4942 intuitum

2197 4999 2354 5038 suum
2389 4999 2418 5036 a
2463 4982 2620 5052 longe
2665 4980 2947 5050 dirigebat,
2977 4995 3079 5035 nec
3112 4988 3294 5035 tamen
3318 4979 3520 5035 atrium
3540 4978 3776 5035 sacerdo-

2197 5080 2311 5127 tum
2346 5073 2585 5127 intrandi
2615 5070 2927 5127 facultatem
2957 5070 3210 5125 habebat.
3233 5069 3437 5125 Verum
3463 5070 3530 5126 de
3574 5070 3777 5126 inferio-

2199 5165 2347 5220 ribus
2376 5164 2644 5219 clamabat
2680 5165 2746 5219 ad
2775 5164 3084 5227 Dominum,
3103 5164 3229 5233 quia
3259 5178 3362 5219 nec
3389 5164 3690 5218 carnalium
3719 5161 3769 5231 in

2199 5256 2442 5313 Ecclesia
2507 5255 2825 5326 simplicitas
2865 5271 2897 5309 a
2942 5255 3170 5310 Domino
3216 5254 3531 5323 despicitur,
3568 5253 3775 5322 quando

2204 5348 2438 5403 fideliter
2464 5363 2528 5403 ea
2560 5363 2682 5418 qua:
2709 5347 2890 5403 valent
2918 5347 2992 5401 illi
3021 5355 3145 5403 vota
3171 5345 3390 5416 pietatis
3411 5346 3661 5402 oﬂerunt.
3692 5345 3777 5399 Di-

2204 5441 2386 5511 rigunt
2411 5440 2555 5496 enim
2578 5441 2726 5496 visus
2747 5441 2953 5509 alonge
2975 5441 3030 5496 in
3055 5441 3311 5512 templum
3340 5440 3456 5503 Dei,
3473 5457 3590 5495 cum
3610 5440 3775 5493 vitam

2203 5531 2512 5587 sublimium
2550 5532 2760 5588 discere
2811 5541 2866 5586 et
2905 5531 3165 5587 admirari
3207 5530 3392 5587 sedulo
3434 5531 3685 5603 gaudent,
3728 5537 3775 5582 et

2203 5638 2340 5693 quos
2366 5623 2580 5679 virtutis
2606 5623 2906 5678 imitatione
2936 5623 3088 5694 sequi
3120 5631 3410 5694 nequeunt,
3434 5623 3535 5691 piae
3559 5636 3777 5675 venera-
