3870 6146
103 249 189 307 L53
1027 248 1379 306 COMMENT.
1417 249 1483 304 IN
1523 245 2078 303 PARALIPOMENA.
2117 279 2187 290 -
2221 250 2350 306 LIB.
2391 253 2476 309 Ill.

3253 256 3357 312 454

102 362 250 418 nonis
275 359 715 432 complectuntur
749 358 963 416 aﬁ'ectu.
1012 361 1207 416 Vident
1250 362 1458 416 hostias
1496 374 1676 414 sacer-
1705 360 1753 420 Α
1780 357 2060 412 imitamini
2093 359 2253 428 [idem
2292 361 2476 428 (Hebr.
2519 363 2660 436 xm).
2689 364 2910 438 Crcaga:
2934 373 3112 422 autem
3141 378 3336 422 sancto

100 458 274 508 dctum
303 453 360 507 in
389 451 549 506 altari
586 451 708 522 igne
732 459 1084 506 sacrosancto
1105 452 1376 517 consumi,
1401 451 1528 520 quia
1557 463 1674 503 ma-

99 560 188 611 gna
219 557 548 615 magnorum
574 557 742 612 opera
771 550 1108 612 cognoscunt
1128 557 1160 596 a
1180 542 1411 597 Domino
1430 555 1529 612 per
1555 540 1678 610 Spi-

99 635 253 687 ritum
277 640 532 688 sanctum
583 631 869 702 dignanter
912 631 1107 700 accipi.
1160 628 1409 685 Aﬁ‘erunt
1449 637 1506 684 et
1549 644 1678 684 suas

98 724 297 778 hostias
321 725 390 778 ad
417 722 618 776 atrium
643 722 985 776 sacerdotum
1008 719 1312 776 otl'erendas
1336 721 1563 776 Domino
1583 735 1679 789 per

101 815 234 877 illos,
263 813 393 867 dum
421 811 566 866 bona
597 827 717 882 quae
740 810 1036 880 praevalent
1065 821 1372 881 operantes,
1411 810 1677 881 majorum

101 918 158 956 ac
177 903 479 958 doctiorum
506 910 564 955 et
590 901 983 968 conﬁrmantur
1003 902 1402 967 exhortatione,
1435 912 1488 955 et
1512 902 1678 955 inter-

102 995 331 1051 cessione
356 992 585 1046 Domino
609 992 1075 1047 commendantur.
1093 991 1339 1047 Oﬁ'erunt
1362 992 1525 1046 etiam
1553 1000 1680 1046 tunc

108 1087 298 1142 hostias
325 1100 459 1140 suas
480 1084 857 1140 sacerdotibus
879 1098 979 1152 per
1004 1098 1098 1138 eos
1143 1085 1372 1139 Domino
1405 1099 1679 1139 commen-

107 1178 315 1239 dandas,
338 1191 465 1230 cum
495 1175 700 1229 sanctis
724 1174 1029 1244 quibusque
1056 1175 1340 1243 egentibus
1369 1175 1676 1230 necessaria

104 1269 275 1323 mundi
347 1264 531 1335 hujus,
576 1266 771 1335 quibus
811 1266 914 1335 ipsi
962 1266 1258 1330 abundant,
1287 1281 1510 1321 summae
1540 1281 1682 1322 mer-

104 1363 236 1416 cedis
283 1361 485 1415 intuitu
530 1360 802 1423 tribuunt,
859 1359 1088 1414 Domino
1130 1358 1457 1413 admonente
1494 1371 1560 1412 ac
1601 1358 1682 1412 di-

104 1463 245 1507 cente
287 1471 301 1506 :
344 1450 532 1504 Facite
562 1451 700 1504 vobis
728 1449 923 1504 amicos
952 1449 1016 1503 de
1045 1448 1678 1520 mammonwiniquitatis,

104 1558 175 1612 ut,
192 1563 308 1602 cum
335 1544 650 1614 defeceritis,
672 1543 921 1613 recipiant
943 1558 1029 1596 vos
1049 1542 1104 1594 in
1130 1549 1326 1595 aeterna
1341 1539 1682 1594 tabernacula

105 1637 244 1708 (Luc.
276 1635 415 1706 χιιι).
440 1636 582 1690 Bene
607 1635 804 1688 atrium
828 1632 1172 1688 sacerdotum
1197 1631 1374 1686 tribus
1396 1630 1680 1686 ordinibus

1781 464 1902 502 rum
1927 451 2345 520 praedicatorum
2373 469 2528 525 teque
2555 454 2740 527 ﬁgura:
2765 467 3085 529 congruunt,
3131 473 3358 527 quorum

1780 539 2069 596 ministerii
2094 552 2180 596 est
2204 541 2414 598 animas
2437 543 2674 600 ﬁdelium
2696 546 2864 601 verbo
2889 547 3012 602 ﬁdei
3040 547 3281 613 reﬁcere,
3307 558 3362 602 et

1774 629 1933 700 juxta
1964 630 2206 702 regulam
2235 633 2543 702 apostolica:
2563 635 2905 690 discretionis
2933 638 3155 692 rudibus
3185 639 3361 693 adhuc

1781 721 2057 791 discipulis
2097 723 2418 779 rationabile
2445 734 2500 780 et
2524 725 2644 782 sine
2671 726 2794 782 dolo
2824 727 2906 783 lac
2934 728 3194 783 doctrinae
3223 729 3358 783 sim-

1779 813 1936 883 plicis
1971 814 2227 870 adhibere
2269 815 2323 886 (Ι
2371 815 2518 870 Petr.
2569 817 2631 890 ιι)
2667 836 2680 872 :
2716 817 3133 887 perfectioribus
3177 828 3354 873 autem

1781 904 2013 959 solidum
2082 907 2260 960 cibum
2333 907 2592 964 doctrina:
2662 911 2994 966 sublimioris
3051 913 3363 967 ministrare

1783 993 1968 1066 (Hebr.
2024 995 2100 1066 v).
2159 997 2476 1068 Quicunque
2530 1000 2675 1054 enim
2737 1010 3074 1056 sacramenta
3155 1003 3361 1059 Christi

1782 1091 2091 1145 summatim
2125 1106 2454 1162 cognoscere
2481 1103 2642 1163 atque
2722 1097 2787 1149 ad
2830 1096 3188 1152 imitationem
3236 1113 3359 1151 sus-

1781 1181 1962 1251 cipere
2009 1193 2242 1250 norunt,
2298 1185 2353 1239 hi
2380 1187 2538 1254 quasi
2581 1187 2838 1242 carnibus
2881 1188 3069 1243 hostiae
3107 1190 3363 1246 salutaris

1783 1271 1973 1328 refecti
1999 1275 2287 1330 satiantur.
2315 1277 2382 1330 Et
2407 1278 2529 1347 quia
2560 1278 2840 1333 doctorum
2871 1288 2954 1334 est
2980 1281 3357 1350 Spiritualium,

1782 1379 1902 1434 qua:
1923 1367 2116 1435 cuique
2141 1383 2383 1437 personi'e
2411 1379 2672 1441 mysteria
2699 1372 2963 1426 audienda
2995 1375 3360 1440 committant,

1784 1453 2140 1511 solertissime
2162 1458 2471 1515 discernere
2495 1469 2662 1527 recte,
2692 1469 2837 1516 recte
2863 1461 3156 1518 fuscinulas
3184 1463 3362 1521 facere

1775 1543 1996 1614 iubetur
2023 1551 2394 1607 sacerdotibus
2414 1567 2512 1623 per
2538 1553 2778 1623 Moysen,
2803 1555 2998 1624 quibus
3025 1570 3216 1611 carnes
3265 1569 3362 1612 no-

1785 1638 2034 1704 stiarum,
2047 1652 2207 1709 prout
2221 1643 2543 1712 oportuerit,
2559 1654 2913 1714 componant;
2939 1654 2994 1700 et
3019 1647 3123 1701 alia
3145 1648 3363 1716 quidem

105 1729 330 1800 lapidum
360 1727 648 1798 politorum
697 1725 876 1798 (ﬁdes,
915 1739 1061 1794 Spes,
1109 1722 1371 1794 charitas)
1425 1730 1480 1778 et
1528 1729 1678 1778 recte
1706 1708 1756 1770 Β
1787 1708 2120 1796 hominibus,
2171 1708 2272 1787 sed
2304 1708 2535 1788 mundis
2559 1708 2764 1790 edenda
2813 1708 3068 1803 afferant,
3107 1708 3210 1791 alia
3237 1753 3367 1792 vero

103 1827 406 1896 politorum,
438 1823 565 1894 quia
607 1831 757 1877 certe
791 1834 1015 1876 necesse
1041 1827 1124 1874 est
1149 1818 1390 1874 discendi
1437 1817 1679 1882 solertia,

106 1925 160 1970 ut
179 1915 410 1986 quisque
427 1911 698 1982 quomodo
723 1911 925 1975 dicere,
955 1909 1087 1980 quid
1134 1923 1354 1980 sperare
1373 1947 1388 1974 ,
1419 1907 1534 1963 sive
1561 1905 1681 1962 dili-

106 2021 222 2078 gere
247 2005 467 2069 debeat,
499 2003 798 2073 dignoscat.
836 1999 989 2057 Unus
1013 2006 1195 2054 autem
1231 1998 1366 2053 ordo
1409 1997 1680 2068 lignorum

107 2092 273 2158 cedri,
311 2094 429 2163 ipsa
469 2101 553 2148 est
579 2091 721 2147 bona
751 2090 1017 2160 operatio,
1059 2105 1124 2144 ac
1170 2088 1287 2144 sine
1333 2087 1680 2157 corruptione

106 2183 461 2238 simulationis
503 2183 743 2236 exhibita
771 2220 787 2248 ,
844 2181 962 2235 sine
1007 2180 1159 2251 cujus
1215 2179 1680 2249 superadjectione

107 2275 250 2340 ﬁdes,
274 2289 401 2343 spes
421 2282 476 2328 et
504 2273 744 2342 charitas
772 2286 898 2326 vera
926 2284 1049 2326 esse
1093 2286 1200 2324 non
1256 2269 1417 2323 valet.
1468 2269 1679 2323 Dictum

109 2382 327 2438 namque
369 2372 455 2420 est
496 2365 692 2435 saepius
717 2364 858 2435 quod
889 2363 1034 2435 ligna
1073 2362 1222 2417 cedri
1247 2370 1468 2434 propter
1496 2361 1680 2416 odoris

108 2463 326 2532 gratiam
350 2469 406 2516 et
450 2458 832 2530 imputribilem
861 2473 974 2512 sum
1007 2465 1216 2511 natura:
1235 2455 1530 2525 potentiam
1557 2468 1681 2524 per—

110 2552 460 2607 severantiam
484 2550 792 2618 famamque
829 2548 933 2619 pia:
976 2547 1263 2618 designant
1299 2544 1546 2600 actionis.
1597 2541 1680 2596 Ad

109 2643 201 2698 hoc
236 2642 435 2696 atrium
483 2654 654 2709 usque
695 2637 933 2692 universi
979 2632 1558 2697 ascenderunt‘electi,
1586 2631 1680 2700 qui

111 2733 221 2795 ﬁde,
247 2748 364 2804 spe,
392 2730 682 2786 dilectione
707 2738 870 2800 atque
895 2742 1057 2798 opere
1092 2727 1202 2781 Deo
1251 2726 1466 2796 placere
1514 2737 1677 2793 appe-

113 2824 320 2878 tierunt.
380 2822 500 2878 Hoc
552 2821 659 2876 alta
706 2822 1021 2875 meritorum
1071 2818 1245 2890 gratia
1294 2816 1680 2872 transcendunt

108 2911 344 2981 perfecti,
372 2925 500 2966 cum
536 2910 590 2964 in
620 2917 770 2964 tanto
801 2908 1061 2962 virtutum
1099 2905 1331 2962 culmine
1369 2904 1677 2974 proﬁciunt,

110 3009 163 3056 ut
183 3003 364 3058 dicere
391 3001 507 3056 suis
541 2998 879 3054 auditoribus
901 2997 1111 3068 possint
1142 3015 1154 3051 :
1182 2995 1483 3049 Imitatores
1512 2993 1677 3047 nostri

1783 1820 1973 1876 altaris
2039 1822 2253 1894 ignibus
2315 1827 2680 1881 consumenda
2729 1827 3058 1897 relinquant.
3137 1828 3365 1897 Reliqua

1783 1920 1911 1966 sunt
1939 1912 1995 1966 in
2025 1914 2208 1969 verbis
2236 1914 2430 1970 deinde
2457 1917 2736 1983 nonnulla,
2765 1933 2886 1987 qua:
2912 1926 3112 1973 nostra:
3143 1918 3366 1973 humili-

1771 2001 1883 2056 “tati
1926 2003 2167 2058 revelare
2209 2012 2266 2059 et
2291 2006 2360 2060 ad
2393 2015 2594 2061 nostra!
2620 2007 2807 2077 epulas
2835 2007 3146 2063 refectionis
3170 2023 3365 2063 concc-

1780 2092 1910 2149 dere
1936 2095 2188 2166 dignatus
2207 2105 2311 2152 est.
2337 2097 2475 2153 Sunt
2493 2099 2752 2169 item_alia
2774 2109 2938 2156 tanta:
2957 2103 3363 2172 profunditatis,

1781 2198 1902 2254 qum
1949 2187 2122 2242 sancti
2169 2185 2404 2256 Spiritus
2441 2189 2780 2246 solummodo
2824 2192 3066 2246 scientiae
3110 2201 3364 2261 pateant,

1781 2285 1984 2330 nostra:
2013 2291 2141 2331 vero
2179 2279 2498 2349 capacitatis
2525 2296 2623 2350 per
2643 2282 2823 2335 omnia
2854 2297 3159 2336 mensuram
3189 2293 3367 2338 trans-

1782 2367 2031 2421 cendant.
2086 2367 2220 2422 Nam
2279 2370 2475 2438 phialae
2525 2371 2770 2426 latiorem
2826 2381 2990 2442 atque
3039 2374 3364 2443 apertiorem

1782 2473 1950 2512 sacrae
1996 2459 2258 2515 doctrinae
2296 2461 2602 2532 signiﬁcant
2628 2478 2958 2528 sermonem,
2990 2466 3081 2534 qui
3115 2466 3366 2519 haustum

1783 2547 2060 2616 sapientiae
2096 2549 2182 2618 pie
2221 2549 2529 2604 sitientibus
2580 2550 2870 2604 salubriter
2908 2551 3262 2620 impendunt,
3305 2561 3368 2608 et

1779 2637 1869 2706 pie
1895 2637 2266 2693 laborantibus
2296 2638 2738 2695 refocillationem
2779 2655 3076 2710 congruam
3104 2643 3367 2712 praedica-

1781 2735 1960 2782 torum
2012 2729 2317 2784 ministeria
2365 2731 2645 2796 tribuunt,
2693 2741 2962 2800 quatenus
3009 2734 3112 2788 hoc
3173 2735 3370 2788 solatio

1782 2819 1950 2888 adjuti
1975 2820 2040 2873 ad
2066 2820 2268 2875 fontem
2297 2821 2422 2876 vitae
2459 2829 2670 2876 aeterna
2714 2824 2998 2892 pervenire
3025 2827 3255 2894 possint,
3295 2842 3364 2880 ex

1783 2927 1890 2982 quo
1919 2911 2010 2980 qui
2050 2911 2283 2976 biberit,
2313 2911 2429 2982 ipsa
2455 2912 2695 2968 Veritate
2729 2921 3020 2968 attestante
3046 2955 3061 2979 ,
3089 2931 3193 2968 non
3221 2915 3359 2968 sitiet

1785 3003 1838 3056 in
1855 3013 2107 3057 aeternum
2131 3002 2314 3074 (Joan,
2335 3005 2435 3073 vt).
2457 3003 2525 3058 Et
2545 3005 2866 3070 notandum,
2890 3007 3032 3075 quod
3060 3006 3113 3060 in
3133 3020 3199 3061 eo
3221 3006 3361 3069 loco,

108 3101 282 3158 estote,
304 3093 442 3146 sicut
467 3099 515 3145 et
545 3106 637 3144 nos
661 3089 853 3144 Christi
901 3064 952 3160 ξι
980 3086 1102 3142 Cor.
1129 3086 1241 3155 IV):
1275 3085 1678 3156 glorienturque
1706 3064 1753 3127 ο
1783 3092 1874 3146 ubi
1926 3093 1980 3147 in
2025 3064 2473 3162 Paralipomenon
2519 3094 2712 3164 legitur
2740 3064 2883 3164 quod
2908 3064 3125 3150 Illiram
3170 3064 3364 3152 fecerit

108 3192 156 3237 et
174 3182 356 3240 dicant
419 3197 436 3236 :
482 3181 746 3247 Nescitis,
769 3182 1018 3252 quoniam
1045 3179 1258 3250 angelos
1275 3177 1633 3248 judicabimus
1657 3177 1681 3230 ?

109 3284 289 3343 quanto
339 3273 510 3344 magis
561 3271 842 3326 stecularia
893 3269 943 3342 (1
983 3269 1105 3324 Cor.
1143 3270 1254 3340 vr)?
1301 3268 1454 3334 Quod
1501 3277 1680 3321 autem

113 3365 320 3431 dicitur,
350 3365 497 3434 quod
527 3363 703 3418 hostia
733 3360 968 3417 basilica:
995 3368 1140 3415 tecta
1188 3358 1418 3414 fuissent
1455 3373 1582 3422 aere,
1609 3357 1680 3412 si-

113 3454 316 3523 gniﬁcat
351 3453 638 3508 introitum
666 3451 788 3506 ﬁdei
813 3465 1063 3507 sermone
1089 3447 1681 3520 limpidissimzepraadi-

113 3547 327 3602 cationis
372 3544 673 3616 praeparari
723 3545 938 3609 debere,
978 3551 1041 3597 ut
1089 3543 1441 3598 advenientes
1481 3542 1682 3612 quique

115 3642 333 3705 discant,
353 3639 630 3710 quomodo
651 3653 748 3709 per
774 3637 932 3692 ﬁdem
962 3635 1183 3700 Christi,
1216 3643 1271 3688 et
1290 3631 1566 3689 salutifera
1592 3648 1680 3688 sa-

110 3740 372 3786 cramenta
405 3713 641 3785 debeant
683 3728 886 3782 intrare
914 3727 968 3781 in
1014 3724 1312 3780 Ecclesiam
1346 3723 1579 3789 Christi;
1626 3730 1684 3779 et

111 3832 384 3891 postquam
414 3819 760 3884 intraverint,
788 3832 948 3887 quam
981 3816 1230 3887 religiose
1261 3821 1509 3884 oporteat
1534 3812 1681 3882 ipsos

111 3912 159 3964 in
182 3927 244 3966 ea
267 3910 600 3967 conversari.

172 4001 314 4056 Fecit
341 4019 551 4074 quoque
578 4001 768 4056 Hiram
797 4001 986 4056 lebetas
1014 4010 1062 4055 et
1103 4016 1316 4071 creagas
1343 4009 1392 4054 et
1433 3998 1643 4069 pluuias
1663 4037 1680 4064 ,

111 4103 155 4146 et
176 4094 447 4165 complevit
471 4111 622 4149 omne
643 4111 771 4164 opus
796 4095 928 4165 regis
948 4095 1003 4147 in
1021 4094 1172 4146 domo
1194 4093 1428 4146 Domini.
1445 4091 1684 4171 _Lebetes

108 4180 257 4239 facta:
279 4184 524 4250 fuerunt,
552 4193 610 4238 ut
635 4184 770 4239 liber
790 4184 959 4238 Exodi
983 4190 1389 4246 commemorat,
1413 4183 1481 4236 ad
1506 4180 1680 4236 susci-

108 4273 323 4340 piendos
370 4276 588 4330 cineres
640 4271 826 4327 altaris
878 4272 1177 4327 holocausti
1231 4270 1426 4343 (Exod.
1483 4269 1678 4341 xxvu).

107 4363 317 4435 Creagae
345 4406 362 4430 ,
412 4365 521 4421 hoc
546 4373 662 4427 est,
706 4364 979 4418 fuscinulze
1016 4363 1081 4418 ad
1132 4363 1235 4418 hoc
1283 4363 1339 4417 in
1382 4362 1680 4416 ministerio

109 4452 444 4507 habebantur
473 4453 684 4515 altaris,
711 4461 768 4506 ut
791 4468 984 4508 carnes
1007 4452 1347 4507 victimarum
1371 4469 1470 4522 per
1490 4467 1583 4506 eos
1613 4453 1679 4505 de

108 4546 356 4601 caldariis
399 4556 573 4601 cocta:
599 4544 991 4615 proferrentur,
1029 4556 1192 4614 atque
1217 4547 1282 4598 ad
1311 4560 1462 4598 esum
1492 4560 1678 4598 eorum

106 4638 190 4705 qui
223 4638 308 4692 his
352 4646 512 4692 erant
541 4637 811 4691 reliciendi
841 4638 1181 4690 allcrrentur.
1225 4634 1424 4688 Phiala:
1457 4649 1585 4688 vero
1613 4633 1680 4688 ad

105 4727 374 4782 otl'erenda
436 4727 712 4781 libamina.
764 4725 870 4780 Sed
924 4726 1127 4780 lebetes
1186 4725 1396 4778 cineres
1465 4734 1681 4779 sanctos

104 4819 429 4889 suscipiunt,
450 4835 574 4873 cum
600 4817 783 4872 ﬁdeles
806 4817 1001 4886 quique
1028 4817 1110 4871 vel
1140 4816 1382 4886 exempla
1406 4831 1470 4870 ac
1495 4832 1680 4872 sacra-

105 4918 280 4961 menta
336 4908 631 4962 Dominicze
667 4908 932 4978 passionis
982 4907 1050 4961 ad
1109 4908 1405 4961 custodiam
1453 4908 1535 4962 sui
1596 4909 1679 4976 pia

104 5009 285 5053 mente
336 5008 671 5061 retractant,
707 4998 790 5051 vel
833 5007 978 5052 certe
1018 4997 1220 5052 exitum
1267 4999 1680 5066 prmcedentiutn

95 5087 373 5153 justorum
427 5089 712 5159 diligenter
767 5089 1078 5157 aspiciunt,
1129 5088 1218 5158 qui
1253 5129 1268 5152 ,
1325 5089 1534 5158 magnis
1587 5103 1684 5157 pro

103 5176 332 5233 Domino
374 5179 669 5234 elaboratis
712 5180 1004 5248 agonibus,
1035 5194 1178 5232 nunc
1221 5194 1382 5233 cursu
1426 5194 1682 5233 consum-

100 5280 244 5325 mato
265 5311 282 5335 ,
318 5271 382 5325 de
424 5280 681 5341 percepto
701 5269 923 5340 jamjam
945 5270 1134 5324 bravio
1159 5269 1274 5322 sine
1305 5267 1411 5322 ﬁne
1435 5269 1685 5322 laetantur

99 5375 373 5432 quatenus
413 5365 772 5418 consideratis
815 5362 1080 5432 majorum
1119 5362 1447 5425 virtutibus,
1488 5371 1541 5415 et
1585 5361 1686 5430 ipsi

101 5456 278 5525 magni
310 5453 426 5508 ﬁeri
452 5455 681 5522 possint,
707 5452 863 5519 juxta
893 5461 1218 5523 prmceptutn
1241 5453 1480 5521 Apostoli
1505 5453 1687 5507 dicen-

102 5547 164 5598 lis
198 5565 210 5598 :
268 5545 591 5598 Mementote
620 5546 1016 5613 prwpositorum
1053 5545 1142 5612 qui
1176 5543 1318 5596 vobis
1357 5543 1515 5596 locuti
1568 5554 1686 5596 sunt

104 5640 314 5692 rerbum
346 5639 443 5692 Dei
474 5655 494 5693 :
521 5654 742 5708 quorum
767 5639 1022 5690 intuentes
1055 5637 1250 5690 exitum
1286 5637 1688 5688 conversationis

1780 3182 1986 3238 lebetas
2010 3192 2066 3236 et
2107 3197 2332 3254 creagas
2371 3192 2427 3238 et
2467 3184 2696 3254 phialas,
2733 3186 2843 3240 illic
2884 3186 2938 3240 in
2970 3185 3109 3241 libro
3155 3188 3364 3258 Regum

1780 3272 1979 3337 habet,
2027 3271 2217 3326 lebetas
2254 3282 2303 3326 et
2349 3284 2552 3327 scutras
2599 3283 2647 3327 et
2685 3274 2890 3327 antnlas
2921 3273 3038 3345 (ΙΙΙ
3071 3274 3199 3344 Reg.
3249 3277 3367 3345 vn).

1782 3365 1992 3420 Scutraz
2021 3381 2151 3437 ergo
2182 3382 2308 3422 vasa
2354 3383 2503 3421 :enea
2540 3383 2660 3422 esse
2701 3367 2955 3422 dicuntur
2999 3367 3258 3435 tequalem
3310 3367 3366 3421 in

1780 3457 1948 3513 fundo
1976 3466 2030 3511 et
2060 3459 2114 3512 in
2141 3473 2236 3513 ore
2260 3459 2512 3513 habentia
2538 3459 2948 3527 amplitudinem
2971 3499 2986 3523 ,
3018 3466 3077 3512 ut
3111 3469 3366 3528 cooperta

1781 3549 2015 3619 desuper
2041 3549 2343 3604 calefacere
2365 3558 2586 3620 possent
2605 3551 2747 3619 quod
2775 3549 2992 3604 vellent.
3020 3549 3212 3603 Amnla
3236 3565 3367 3604 vero

1781 3643 1992 3712 species
2019 3642 2264 3709 qumdam
2310 3649 2394 3696 est
2424 3657 2676 3696 vasorum
2724 3641 3100 3695 libatoriorum
3133 3642 3199 3694 ad
3231 3640 3366 3693 oﬁ'c-

1783 3730 1950 3784 renda
1975 3729 2120 3783 vina.
2146 3729 2406 3798 Denique,
2432 3729 2682 3800 leguntur
2701 3730 2755 3783 in
2780 3729 2965 3783 Exodo
2982 3729 3174 3798 phiala:
3190 3728 3366 3792 factae,

1781 3819 2063 3875 acetabula
2087 3827 2142 3872 et
2166 3820 2373 3888 cyathi,
2399 3819 2452 3872 in
2478 3820 2674 3888 quibus
2695 3817 2966 3873 oﬁ‘erenda
2993 3819 3205 3871 fuerunt
3234 3817 3370 3870 liba-

1781 3911 1927 3964 mina
1948 3910 2004 3964 in
2035 3908 2387 3964 tabernaculo
2425 3909 2632 3963 Domini
2664 3906 2863 3978 (Exod.
2889 3907 3119 3978 xxxv").
3149 3907 3215 3960 Et
3238 3908 3368 3976 quid

1782 4003 1933 4055 varia
1966 4015 2131 4064 vasa,
2172 4013 2292 4068 qua:
2320 3999 2387 4052 ad
2429 3997 2699 4052 oﬁ‘erenda
2740 3997 2994 4051 libamina
3024 4006 3151 4051 sunt
3193 3997 3368 4063 facta,

1783 4093 1889 4148 nisi
1929 4091 2094 4154 varia:
2124 4097 2251 4144 sunt
2290 4088 2668 4144 distinctiones
2697 4086 2896 4156 eloquii
2924 4087 3091 4141 divini
3128 4103 3226 4156 pro
3257 4088 3369 4142 dis-

1782 4181 1902 4252 pari
1931 4181 2230 4250 capacitate
2267 4179 2634 4233 audientium?
2662 4177 2779 4232 Non
2820 4178 2965 4232 enim
3002 4194 3109 4231 una
3151 4179 3372 4234 eadem-

1785 4287 1891 4342 que
1920 4313 1936 4336 ,
1989 4270 2241 4325 omnibus
2298 4277 2478 4338 potest
2525 4267 2817 4322 convenire
2871 4267 3144 4322 doctrina.
3198 4269 3371 4323 Aliter

1786 4379 2020 4433 namque
2069 4363 2360 4432 sapientes,
2387 4359 2544 4414 aliter
2582 4360 2916 4430 insipientes,
2956 4359 3114 4415 aliter
3143 4361 3369 4425 divites,

1783 4454 1939 4508 aliter
1985 4467 2267 4523 pauperes,
2315 4452 2471 4504 aliter
2511 4451 2665 4516 sani,
2716 4449 2874 4503 aliter
2924 4450 3158 4514 inﬁrmi,
3209 4451 3369 4504 aliter

1781 4559 1960 4610 senes,
1982 4544 2137 4598 aliter
2151 4542 2399 4611 juvenes,
2426 4543 2585 4597 aliter
2612 4541 2736 4606 viri,
2763 4541 2922 4595 aliter
2948 4540 3184 4606 feminm,
3210 4543 3372 4596 aliter

1782 4639 2015 4702 cmlihes,
2041 4639 2199 4693 aliter
2223 4637 2491 4708 conjugati
2508 4679 2522 4702 ,
2552 4637 2710 4691 aliter
2728 4637 2956 4706 praelati,
2989 4637 3146 4691 aliter
3171 4637 3370 4690 subditi

1784 4729 2008 4784 docendi
2056 4739 2200 4785 sunt.
2239 4730 2367 4797 Qum
2395 4739 2574 4784 tamen
2622 4744 2754 4783 vasa
2784 4729 2968 4783 omnia
3013 4730 3080 4783 ad
3127 4744 3368 4783 mensam

1785 4819 2142 4884 tabernaculi,
2179 4820 2360 4873 omnia
2391 4820 2458 4872 ad
2485 4817 2759 4873 olferenda
2789 4819 3043 4872 libamina
3071 4819 3366 4887 pertinent,

1787 4909 1913 4976 quia
1944 4923 2279 4976 quaecunque
2318 4907 2554 4976 prudens
2583 4908 2772 4961 doctor
2800 4907 3014 4962 diversa
3062 4922 3160 4976 pro
3187 4907 3368 4960 diver-

1785 4999 1945 5051 sitate
1973 4997 2305 5051 audientium
2331 4997 2586 5066 loquitur,
2615 4997 2865 5052 universa
2897 4998 2950 5050 in
2983 4997 3166 5066 regula
3195 5013 3366 5052 sacra:

1788 5089 2083 5160 Scriptum
2123 5089 2485 5159 reperiuntur,
2529 5098 2694 5158 atque
2737 5089 2805 5142 ad
2833 5089 3108 5143 oll‘erenda
3141 5090 3371 5142 Domino

1786 5187 1911 5235 vota
1959 5180 2222 5234 bonorum
2268 5194 2492 5248 operum
2541 5181 2704 5235 corda
2752 5181 2990 5236 excitant
3039 5182 3366 5235 auditorum.

1787 5270 1916 5338 Quae
1937 5270 2188 5325 videlicet
2219 5285 2441 5340 operum
2481 5271 2768 5328 diversitas
2797 5283 2998 5327 sancta:
3022 5273 3366 5342 praedicatio-

1789 5361 1895 5425 nis,
1941 5360 2112 5430 ipsius
2157 5360 2367 5413 Domini
2397 5375 2492 5414 ore
2520 5361 2922 5430 designabatur,
2965 5376 3088 5415 cum
3115 5360 3320 5414 diceret
3351 5376 3364 5412 ;

1792 5452 1920 5518 Quis
1938 5464 2092 5522 putas
2129 5462 2202 5506 est
2249 5451 2421 5521 ﬁdelis
2467 5452 2794 5520 dispensator
2837 5463 2883 5506 et
2905 5453 3162 5522 prudens,
3216 5465 3364 5518 quem

1792 5545 2060 5597 constituit
2086 5542 2341 5596 Dominus
2375 5559 2532 5611 super
2559 5543 2815 5611 familiam
2860 5558 3038 5605 suam,
3068 5553 3122 5592 ut
3149 5540 3233 5590 det
3262 5537 3365 5590 illis

1795 5636 1844 5688 in
1862 5647 2088 5705 tempore
2109 5636 2269 5688 tritici
2291 5651 2586 5688 mensuram
2613 5634 2824 5705 (.llalth.
2853 5633 3040 5700 xxiv)?
3062 5631 3368 5683 illensuram
