3876 6136
488 217 593 276 455

1169 207 1233 263 Β.
1271 205 1525 262 MBAN]
1566 204 1784 261 MAL'Rl
1823 202 2084 259 ARCHIE‘:

2188 199 2498 258 MOGUNT.
2539 197 2827 255 OPERUM
2863 196 3047 254 PARS
3082 196 3127 253 ι.

3635 195 3724 251 εἶθ

485 331 685 401 quippe
710 324 875 383 tritici
897 322 1178 381 conservis
1199 321 1367 376 datin
1395 330 1640 390 tempore
1662 319 1835 373 fidelis
1853 318 2071 387 dispcn-
2101 321 2144 378 Λ
2175 315 2520 370 adversitatis
2544 312 2755 377 molliti,
2785 313 2927 365 viam
2953 321 3171 382 patrum
3197 309 3339 365 bene
3370 312 3627 381 operando
3648 312 3720 366 in-

486 406 718 478 sator“et
763 417 1001 489 prudens
1024 456 1040 482 ,
1087 413 1303 484 quando
1341 413 1609 468 discretus
1636 410 1785 465 verbi
1824 410 2073 464 minister

491 527 597 567 non
628 509 799 564 solum
831 516 1041 576 tempus
1066 509 1430 574 opportunum
1460 501 1515 555 in
1541 498 1767 555 dicendo
1798 500 2070 563 observat,

488 618 678 658 verum
705 601 872 655 etiam
899 598 1235 668 qualitatem,
1267 607 1595 662 sensumque
1617 592 1922 647 auditorum
1954 591 2074 645 dili-

489 702 679 767 genter
706 691 965 761 exquirit,
998 700 1054 744 et
1091 691 1249 757 juxta
1290 685 1604 740 distantiam
1646 683 1807 755 hujus
1855 682 2072 737 modum

489 787 573 842 sui
605 783 875 840 sermonis
910 787 1197 850 temperat.

561 876 752 930 Omnia
766 889 889 927 vasa
910 871 1029 940 fecit
1048 868 1324 925 Salomoni
1345 863 1535 921 Hiram
1549 874 1698 935 pater
1717 863 1829 934 ejus
1850 863 1905 916 in
1920 861 2074 915 domo

493 967 701 1021 Domini
730 981 795 1019 ea;
821 979 925 1019 aere
947 961 1315 1024 mundissimo,
1347 959 1401 1011 in
1424 958 1632 1028 regione
1658 955 1912 1009 Jordanis
1937 953 2075 1023 fudit

488 1078 550 1114 ea
592 1075 685 1113 rea:
728 1059 784 1112 in
829 1054 1080 1126 argillosa
1108 1063 1249 1106 terra
1277 1052 1412 1105 inter
1439 1048 1633 1104 Sochot
1665 1057 1711 1102 ct
1757 1046 2071 1102 Saredatha.

490 1152 621 1205 Frat
658 1161 832 1204 autem
871 1146 1154 1201 multitudo
1185 1159 1428 1198 vasorum
1460 1141 1879 1205 innumerabilis,
1913 1140 1988 1193 ita
2018 1148 2074 1192 ut

489 1245 821 1308 ignoraretur
845 1238 1049 1309 pondus
1078 1238 1218 1292 teris.
1251 1236 1327 1289 De
1371 1235 1473 1289 hoc
1500 1235 1553 1287 in
1602 1233 1738 1287 libro
1769 1233 1972 1302 Regum
2002 1231 2075 1284 ita

487 1335 748 1403 scriptum
795 1342 878 1387 est
929 1349 942 1384 :
983 1328 1173 1384 Omnia
1217 1344 1383 1393 vasa,
1425 1343 1543 1398 qua:
1572 1326 1693 1397 fecit
1735 1324 1929 1378 Hiram
1969 1323 2076 1393 regi

490 1424 766 1481 Salomoni
794 1425 849 1477 in
870 1423 1024 1476 domo
1055 1420 1286 1485 Domini,
1315 1420 1379 1473 de
1414 1418 1718 1473 aurichalco
1746 1427 1916 1481 erant,
1966 1424 2075 1470 etc.

489 1515 611 1587 (ΙΙΙ
643 1514 769 1585 Reg.
802 1513 919 1580 vn).
973 1512 1111 1580 Apte
1160 1511 1212 1564 in
1254 1510 1474 1579 regione
1502 1507 1759 1562 Jordanis
1789 1506 1908 1560 fusa
1950 1512 2078 1559 sunt

486 1622 616 1661 vasa
649 1606 842 1659 domus
870 1603 1116 1666 Domini,
1147 1602 1199 1655 in
1229 1616 1338 1670 quo
1379 1599 1625 1655 videlicet
1649 1598 1870 1652 ﬂumine
1896 1598 2079 1652 Domi-

2176 414 2406 471 tramus,
2433 414 2494 458 ut
2527 403 2593 457 ad
2620 403 2838 473 praemia
2875 410 3092 470 patrum
3120 401 3257 455 bene
3279 400 3541 453 currendo
3562 414 3724 470 ρει-νειμ

2176 495 2409 551 niamus.
2445 493 2632 564 Neque
2661 493 2806 547 enim
2834 505 3051 561 semper
3077 507 3175 546 nos
3202 491 3407 563 regulis
3432 505 3634 545 necesse
3657 502 3724 547 est

2175 588 2330 643 boum
2352 587 2682 657 operationis
2722 584 3108 650 arctari,sed,
3156 584 3425 653 completa
3449 586 3721 653 operatione

2174 678 2335 743 bona,
2385 678 2562 749 palma
2603 686 2658 732 et
2683 678 2859 731 beata:
2900 676 3275 731 retributionis
3304 675 3593 745 speranda;
3621 677 3719 744 quia

2175 785 2277 823 nec
2299 783 2512 837 semper
2529 782 2656 822 vasa
2686 765 2938 820 informis
2964 748 3168 836 argilla:
3190 765 3512 820 tenebantur
3532 766 3718 828 inclusa,

2175 874 2365 913 verum
2394 857 2485 912 ubi
2527 858 2593 912 ad
2620 856 3009 926 perfectionem
3048 855 3128 909 sui
3154 864 3542 925 pervenerant,
3572 852 3721 907 fractis

2176 948 2474 1004 formarum
2523 948 2780 1003 claustris
2822 944 3264 1016 producebantur
3290 946 3343 999 in
3385 945 3583 1010 lucem,
3612 953 3657 999 et
3681 946 3719 997 in

2178 1038 2376 1109 templo
2406 1038 2617 1093 Domini
2641 1052 2739 1107 pro
2767 1036 2880 1091 suis
2905 1050 3120 1106 quoque
3150 1035 3283 1089 locis
3313 1036 3719 1105 disponebantur.

2177 1127 2292 1183 Hoc
2321 1137 2502 1182 autem
2539 1127 2769 1181 dicimus
2794 1141 2903 1180 non
2929 1126 3074 1194 quod
3121 1139 3287 1194 opera
3320 1133 3617 1179 sanctorum
3644 1140 3720 1176 un-

2177 1235 2340 1290 quam
2366 1220 2478 1273 sint
2506 1219 2812 1291 interitura,
2837 1218 2933 1273 sed
2956 1218 3083 1287 quia
3107 1218 3198 1272 ubi
3227 1216 3720 1286 comnamjustitim,

2179 1327 2340 1382 quam
2384 1311 2521 1366 bene
2551 1310 2828 1380 operando
2857 1319 3193 1373 meruerant,
3243 1309 3574 1380 acceperint,
3603 1308 3722 1361 labo-

2179 1403 2338 1457 riosae
2356 1402 2687 1472 operationis
2709 1410 2904 1456 cuncta
2932 1410 3145 1455 cessent
3169 1400 3365 1455 officia.
3394 1400 3525 1466 Quis
3542 1399 3662 1453 enim
3682 1400 3721 1452 in

2180 1494 2272 1551 illa
2301 1495 2407 1549 vita
2424 1509 2522 1563 pro
2550 1494 2653 1549 ﬁde
2675 1492 2876 1549 Christi
2902 1495 3218 1565 martyrium
3242 1494 3503 1564 patiatur,
3524 1493 3623 1557 ubi,
3647 1507 3721 1546 es-

2178 1585 2350 1657 pulsis
2377 1585 2726 1650 adversariis,
2757 1600 2950 1640 omnes
2975 1585 3135 1639 electi
3166 1586 3218 1638 iu
3249 1586 3536 1655 praesentia
3560 1584 3722 1639 Christi

490 1713 593 1753 nus
633 1705 820 1751 noster
846 1694 1115 1765 lrap'izari
1162 1693 1414 1762 dignatus
1442 1698 1527 1745 est
1554 1689 1769 1762 (Matth.
1798 1690 1881 1760 ιιι)
1911 1707 1923 1741 :
1964 1688 2080 1759 ejus
2107 1689 2155 1750 Β
2183 1678 2467 1733 laetamur?
2491 1676 2626 1743 QUiS
2656 1676 2728 1730 ibi
2757 1685 3027 1731 ωοτῐυιιιη
3070 1674 3323 1746 sepeli“.
3359 1677 3451 1730 “lli
3481 1676 3635 1731 solum
3667 1676 3725 1728 Vl-

490 1788 696 1843 tinctus
715 1785 897 1846 undis,
930 1799 1192 1854 aquarum
1218 1781 1373 1837 nobis
1399 1780 1727 1837 elementum
1759 1781 1817 1834 in
1841 1779 2074 1833 ablutio-

490 1893 613 1932 nem
644 1884 998 1948 peccatorum
1028 1873 1312 1929 convertit.
1367 1871 1432 1925 Et
1476 1870 1602 1940 quia
1633 1883 1792 1925 omne
1841 1867 2075 1921 fidelium

489 1968 757 2038 baptisma
781 2008 797 2031 ,
844 1982 952 2035 quo
981 1964 1208 2019 Domino
1235 1970 1644 2023 consecrantur,
1688 1960 1743 2013 in
1770 1959 2076 2028 exemplum

491 2058 801 2113 celei-ratur
826 2056 1168 2126 baptismatis
1199 2055 1363 2118 illius,
1392 2053 1649 2124 quo'ipse
1675 2068 1846 2122 aquas
1872 2051 2077 2106 sancti-

490 2151 699 2211 licavit,
750 2155 902 2222 recte
932 2148 985 2201 in
1023 2147 1242 2217 regione
1280 2144 1533 2200 .Iordanis
1561 2159 1687 2198 vasa
1717 2152 1843 2198 sunt
1888 2144 2079 2197 domus

491 2240 704 2294 Domini
736 2238 900 2294 facta.
945 2237 1131 2308 Neque
1167 2237 1313 2292 enim
1342 2235 1502 2290 aliter
1544 2251 1672 2290 vasa
1702 2234 1980 2289 electionis
2026 2241 2082 2287 et

490 2330 881 2384 misericordia:
914 2328 1028 2382 fieri
1066 2343 1351 2397 possumus
1372 2367 1384 2391 ,
1413 2326 1518 2379 nisi
1547 2327 1613 2380 ad
1645 2325 1911 2393 baptisma
1941 2324 2077 2392 ejus,

488 2423 632 2491 quod
678 2420 770 2474 illo
797 2421 851 2474 in
902 2418 1122 2473 nurnine
1150 2418 1338 2482 subiit,
1368 2417 1755 2485 respicientes,
1797 2423 1851 2469 et
1896 2414 1998 2483 ipsi
2026 2412 2081 2467 in

492 2513 584 2567 tali
632 2510 879 2566 ﬂuntine‘
910 2520 1221 2580 satagamus
1266 2509 1431 2563 ablui.
1498 2508 1801 2562 Notandum
1859 2515 2078 2571 autem,

492 2604 635 2672 quod
660 2618 767 2657 non
794 2609 1002 2656 tantum
1032 2602 1085 2655 in
1113 2601 1331 2671 regione
1357 2597 1633 2664 Iordanis,
1661 2599 1754 2653 sed
1781 2609 1838 2653 et
1861 2598 1913 2652 in
1936 2613 2083 2652 cam-

491 2695 659 2764 pestri
702 2694 922 2765 regione
952 2692 1096 2747 illius
1127 2692 1267 2745 facta
1302 2691 1435 2745 dicit
1460 2690 1649 2745 eadem
1676 2704 1804 2743 vasa
1826 2729 1840 2756 ,
1872 2687 2081 2759 signiﬁ-

493 2799 625 2839 cans
664 2782 1164 2853 multiplicatieuem
1199 2780 1463 2845 ﬁdelium,
1511 2796 1632 2850 qua}
1658 2795 1763 2834 non
1808 2779 1980 2833 solum
2027 2779 2082 2833 in

490 2873 693 2941 Juda'a,
726 2875 821 2930 sed
844 2883 900 2929 et
930 2875 983 2929 in
1010 2873 1252 2928 omnium
1286 2873 1567 2927 nationum
1594 2873 1875 2927 latitudine
1902 2871 2082 2926 futura

492 2976 641 3033 erat;
668 2967 879 3037 expleta
910 2966 1194 3036 prephetia
1210 2979 1330 3034 qua:
1352 2964 1485 3018 dicit
1507 2981 1519 3017 :
1545 2960 1859 3018 Gaudebant
1887 2963 2078 3033 campi,

2179 1769 2420 1823 ventium
2465 1775 2610 1822 terra
2654 1767 2770 1821 est?
2818 1766 2950 1834 Quis
2994 1766 3269 1836 lugentem
3300 1769 3628 1829 consoletur,
3654 1766 3721 1819 ιιέρὶ

2179 1858 2425 1929 abstergit
2463 1857 2603 1912 Deus
2627 1873 2831 1911 omnem
2856 1857 3145 1927 lacrymam
3187 1857 3252 1911 ab
3278 1857 3445 1911 oculis
3468 1868 3723 1912 sanctorum

2180 1938 2363 2020 (Apoc.
2380 1963 2479 2013 vn,
2506 1948 2662 2019 xxr)?
2684 1948 2815 2014 Quis
2837 1948 2908 2002 ibi
2935 1949 3152 2002 domum
3176 1948 3472 2019 peregrino
3494 1946 3547 2003 et
3566 1948 3727 2017 hospiti

2181 2040 2408 2110 aperiat,
2439 2040 2527 2094 ubi
2558 2055 2748 2095 omnes
2775 2039 2937 2095 simul
2961 2040 3119 2094 electi
3148 2041 3539 2095 habitationem
3565 2056 3621 2095 ex
3641 2041 3725 2094 Deo

2182 2132 2416 2187 habent?
2460 2132 2675 2186 domum
2705 2150 2808 2186 non
2836 2132 3221 2202 manufnctam,
3251 2144 3504 2188 a'ternam
3529 2136 3579 2188 in
3617 2135 3727 2188 catis

2183 2221 2269 2293 (II
2293 2220 2415 2277 Cor.
2443 2224 2531 2292 v)?
2558 2223 2689 2290 Quis
2720 2224 2849 2277 mihi
2878 2223 2987 2278 illic
3010 2238 3203 2293 panem
3230 2225 3491 2279 esurienti
3518 2236 3729 2295 potuitne

2183 2316 2385 2373 sitienti
2418 2315 2630 2381 afferat,
2658 2315 2747 2370 ubi
2775 2315 3227 2387 Dominuspascit
3251 2334 3365 2381 me,
3394 2329 3439 2371 et
3474 2317 3598 2371 nihil
3628 2317 3729 2371 mihi

2183 2407 2347 2461 deerit
2397 2406 2568 2479 (Psal.
2608 2408 2796 2480 xm)?
2845 2409 3116 2480 Disruptis
3145 2426 3274 2481 ergo
3302 2409 3489 2466 formis
3514 2425 3731 2465 vasorum

2183 2501 2454 2569 quondam
2500 2500 2864 2565 necessariis,
2911 2516 3041 2555 vasa
3091 2502 3205 2570 ipsa
3234 2502 3288 2555 in
3321 2502 3480 2556 domo
3524 2502 3610 2556 Dei
3642 2502 3731 2570 jam

2185 2592 2462 2662 Splendida
2493 2591 2779 2663 refulgent,
2813 2593 2959 2660 quia,
2995 2592 3335 2647 cessantibus
3367 2592 3418 2646 in
3455 2595 3554 2647 line
3582 2593 3733 2645 mundi

2184 2700 2292 2739 neu
2326 2684 2500 2739 solum
2530 2685 3036 2755 perseeutionibus,
3085 2699 3222 2754 quas
3265 2693 3485 2755 prepter
3500 2682 3736 2752 justitiam

2185 2776 2488 2846 patiuntur,
2513 2792 2701 2831 verum
2725 2778 2888 2830 etiam
2917 2775 3201 2831 laboriosis
3235 2775 3460 2845 justitiat
3484 2776 3735 2844 operibus,

2186 2867 2383 2936 quibus
2431 2881 2527 2921 sua
2556 2878 2750 2938 sponte
2788 2882 2890 2937 pro
2918 2876 3119 2922 aeterna
3144 2866 3479 2922 beatitudine
3514 2866 3738 2921 insudant

2184 2961 2365 3025 electi,
2389 2960 2501 3015 sola
2527 2961 2577 3014 in
2604 2960 2815 3015 visione
2832 2960 2913 3015 sui
2937 2960 3235 3015 conditoris
3259 2968 3523 3031 perceptm
3546 2959 3738 3013 immor-

492 3071 539 3114 ct
564 3060 740 3114 omnia
783 3075 899 3130 qua:
921 3059 975 3111 in
1013 3058 1088 3111 eis
1129 3068 1251 3110 sunt
1282 3054 1455 3126 (Psal.
1487 3054 1632 3127 xcv).
1659 3056 1756 3111 Cui
1782 3055 1960 3111 simile
1998 3065 2083 3111 est
2110 3069 2154 3132 ρ
2187 3051 2413 3106 talitatis
2433 3050 2678 3106 claritate
2704 3051 3048 3105 ltetabuntur.

492 3149 618 3214 hoc,
645 3147 791 3218 quod
823 3148 963 3201 idem
998 3147 1280 3216 psalmista
1304 3146 1371 3202 de
1397 3147 1756 3202 sacramentis
1786 3146 2081 3201 Dominica:

430 3278 435 3291 ,
495 3239 888 3295 incarnationis
924 3238 1193 3308 loquens,
1240 3254 1306 3294 ex
1336 3253 1568 3310 persona
1619 3253 1842 3304 eorum,
1887 3239 2083 3310 quibus

495 3331 761 3399 completa
806 3330 1196 3385 incarnationis
1242 3347 1439 3386 arcana
1468 3332 1535 3386 ad
1566 3329 1727 3386 fidem
1774 3341 2081 3399 venerunt,

496 3421 575 3474 ait
604 3438 616 3474 :
649 3419 783 3474 Ecce
811 3419 1110 3474 audivimus
1130 3436 1246 3474 eam
1276 3421 1331 3474 in
1359 3420 1614 3492 Ephrata,
1652 3421 1946 3477 invenimus
1968 3439 2083 3477 eam

497 3509 553 3563 in
592 3509 789 3579 campis
812 3508 959 3563 silvw
990 3507 1160 3578 (Psol.
1202 3510 1410 3580 cxxxt).
1457 3510 1778 3567 Audivimus
1803 3513 1999 3584 quippe
2029 3514 2083 3567 in

501 3601 759 3673 Ephrata.
779 3602 1095 3657 Bethlehem
1118 3614 1455 3659 sacramenta
1478 3605 1779 3669 Dominiea,
1808 3606 1930 3676 quia
1958 3622 2085 3676 pro-

498 3694 723 3747 missum
748 3692 977 3764 legimus
994 3692 1162 3747 David
1187 3694 1530 3763 patriam-lue,
1549 3696 1641 3765 qui
1662 3704 1781 3750 erat
1806 3710 1871 3750 ex
1896 3696 2084 3751 eadem

496 3784 718 3839 civitate
747 3802 761 3838 :
796 3784 872 3839 De
905 3784 1083 3854 fructu
1112 3786 1303 3839 ventris
1327 3786 1404 3839 tui
1435 3803 1628 3857 ponam
1663 3788 1781 3858 ejus
1809 3786 2085 3842 Christum

499 3876 552 3930 in
580 3890 746 3931 carne
770 3884 1058 3930 venturum
1083 3874 1295 3949 (Ilgid.).
1333 3875 1637 3931 Invenimus
1663 3894 1777 3932 eam
1808 3879 1860 3933 in
1888 3880 2086 3950 campis

493 3966 678 4031 silvae,
709 3966 835 4036 quia
869 3965 1101 4022 revelata
1142 3967 1257 4022 lucc
1285 3967 1339 4021 in
1373 3968 1656 4025 altitudine
1688 3970 1930 4041 gentium
1983 3970 2087 4041 ipsi

496 4074 596 4129 per
628 4056 815 4113 orbem
838 4058 1213 4127 cognovimus,
1244 4058 1346 4129 ipsi
1377 4059 1631 4125 vidimus,
1666 4060 1766 4131 ipsi
1794 4062 2089 4133 participes

499 4148 630 4204 facti
674 4163 879 4203 sumus.
910 4147 1071 4202 Fudit
1093 4163 1223 4219 ergo
1270 4164 1363 4203 rex
1395 4164 1524 4204 vasa
1554 4149 1747 4205 domus
1775 4149 1989 4206 Domini
2034 4151 2087 4206 in

499 4240 793 4311 campestri
821 4240 1040 4313 regione
1068 4239 1321 4297 Jordanis
1346 4258 1359 4295 :
1392 4242 1518 4313 quia
1540 4242 1801 4298 Dominus
1821 4245 2089 4315 baptismo

501 4333 694 4389 salutis
752 4332 819 4388 de
865 4346 975 4401 quo
1018 4347 1148 4387 vasa
1192 4332 1578 4389 misericordia:
1632 4332 1875 4400 faceret,
1922 4343 2087 4390 totam

505 4422 689 4478 mundi
721 4421 1060 4476 latitudinem
1092 4421 1354 4491 implevit.
1386 4420 1656 4493 Argillosa
1692 4433 1873 4479 autem
1913 4431 2089 4487 terra,

506 4514 573 4568 de
599 4528 705 4583 qua
739 4511 896 4568 factm
918 4521 1046 4567 sunt
1072 4510 1261 4566 forma:
1294 4511 1362 4565 ad
1392 4509 1662 4567 fundenda
1690 4529 1819 4569 vasa
1854 4514 2092 4581 Domini,

504 4620 629 4674 quae
659 4603 854 4658 melius
878 4617 1045 4671 quam
1075 4602 1358 4672 Scriptura
1388 4617 1572 4667 saera,
1607 4604 1673 4659 de
1700 4621 1807 4675 qua
1853 4607 2093 4679 regulam

507 4697 649 4749 bene
693 4692 909 4748 vivendi
953 4692 1269 4761 accipimus,
1304 4691 1447 4747 valet
1470 4692 1732 4765 intelligi?
1753 4694 1915 4763 Quasi
1950 4698 2094 4753 enim

509 4783 699 4855 argilla
725 4782 942 4855 ignibus
971 4782 1165 4838 durata
1195 4780 1426 4837 formam
1463 4784 1609 4838 vasis
1630 4782 1865 4852 Domini,
1894 4797 2096 4856 quanta

509 4883 570 4931 et
595 4874 774 4945 qualia
796 4872 915 4928 ﬁeri
947 4873 1164 4939 debent,
1200 4874 1439 4940 exhibet,
1464 4890 1588 4933 cum
1615 4876 1771 4932 nobis
1816 4875 2097 4948 Scriptura

515 4967 755 5037 rege-lam
778 4965 1028 5036 iustitiae,
1050 4981 1212 5035 quam
1238 4967 1535 5035 sequimur,
1558 4969 1795 5023 ostendit
1826 4986 1839 5021 :
1884 4978 2099 5024 sancto-

516 5073 636 5113 rum
663 5058 821 5113 nobis
843 5058 1088 5127 exempla
1105 5100 1120 5123 ,
1166 5058 1258 5128 qui
1285 5059 1409 5129 igne
1433 5059 1842 5116 tribulationum
1873 5061 2101 5117 invinci-

518 5147 655 5204 biles
693 5158 1212 5218 perseveraverunt,
1266 5150 1324 5204 in
1365 5149 1620 5205 omnibus
1642 5152 1916 5220 sequenda
1956 5166 2098 5221 prco-

520 5228 811 5303 monstrat,
841 5240 886 5294 si
911 5254 1041 5293 vasa
1072 5241 1125 5294 in
1156 5241 1317 5295 domo
1346 5239 1558 5295 Domini
1583 5241 1753 5297 electa
1776 5259 1840 5297 ac
1861 5252 2097 5313 pretiosa

517 5345 640 5386 esse
665 5329 1048 5400 conspicimus.
1078 5329 1210 5401 Ejus
1242 5331 1362 5402 igne
1386 5331 1734 5403 liquefactum
1762 5335 1967 5405 argilla:
1994 5336 2102 5392 for-

521 5430 638 5476 mas
690 5422 1020 5493 ingreditur,
1079 5437 1187 5494 quo
1210 5439 1307 5478 vas
1350 5424 1527 5493 possit
1570 5434 1753 5495 aptum
1784 5427 2102 5484 ministeriis

516 5514 831 5570 cmlestibns
874 5513 1053 5581 effici,
1097 5531 1221 5571 eum
1266 5515 1367 5585 ipsi
1412 5516 1703 5572 salubriter
1745 5519 2009 5573 humiliati
2052 5530 2107 5573 et

522 5604 737 5658 llatnma
780 5622 891 5660 sua:
929 5605 1123 5661 divina:
1151 5605 1435 5662 charitatis
1481 5606 1596 5662 sive
1639 5608 1803 5663 etiam
1852 5608 2103 5663 humanm

2258 3141 2512 3214 Fecitque
2534 3141 2785 3199 Salomon
2816 3144 2992 3197 omnia
3021 3160 3143 3198 vasa
3169 3143 3357 3198 domus
3388 3144 3505 3208 Dei,
3526 3153 3574 3198 et
3598 3141 3739 3196 altare

2184 3251 2403 3288 aureum
2433 3244 2481 3287 et
2510 3251 2716 3288 mensas
2759 3244 2807 3288 et
2851 3251 3009 3305 super
3038 3251 3128 3289 eas
3152 3252 3312 3305 panes
3341 3236 3690 3307 propositionis
3723 3247 3738 3284 :

2186 3324 2603 3395 candelabrnquc
2659 3341 2778 3379 cum
2829 3324 3058 3380 lucernis
3107 3329 3253 3392 suis,
3292 3337 3347 3381 ut
3389 3328 3609 3382 luccrent
3638 3336 3738 3380 ante

2186 3414 2459 3471 oraculum
2494 3425 2653 3486 juxta
2674 3418 2865 3470 atrium
2888 3434 2953 3471 ea:
2977 3434 3110 3471 auro
3146 3418 3450 3489 purissimo.
3479 3418 3609 3487 Quid
3640 3429 3737 3481 est,

2187 3510 2330 3581 quod
2370 3511 2621 3581 superius
2649 3511 2785 3565 dixit
2817 3511 3013 3568 fecisse
3059 3512 3242 3568 Hiram
3285 3514 3557 3568 Salomoni
3581 3512 3736 3566 ontnia

2189 3616 2318 3657 vasa
2368 3602 2423 3656 in
2471 3603 2630 3656 domo
2658 3601 2894 3669 Domini,
2936 3612 2991 3656 et
3032 3618 3176 3658 nunc
3225 3603 3385 3668 dicit,
3433 3602 3739 3657 Salomonem

2190 3692 2365 3764 ipsum
2415 3691 2607 3748 fecisse
2652 3693 2835 3747 omnia
2863 3707 2996 3748 vasa
3027 3693 3218 3749 domus
3257 3691 3509 3748 Domini?
3552 3692 3641 3746 nisi
3693 3697 3741 3743 ut

2188 3781 2440 3839 ostendat
2464 3782 2818 3838 historialiter
2845 3782 3190 3839 Salomonem
3218 3784 3394 3854 ipsum
3426 3782 3609 3839 fecisse
3630 3796 3742 3851 opus

2189 3874 2377 3944 templi
2398 3874 2669 3935 dictando,
2689 3882 2745 3929 et
2759 3873 2943 3929 Hiram
2960 3874 3447 3945 operando?.inxta
3465 3875 3743 3946 allegoriam

2193 3980 2319 4020 vero
2334 3965 2605 4037 signiﬁcat
2627 3966 3043 4037 Redemptorem
3068 3976 3311 4023 nostrum
3337 3968 3391 4022 in
3418 3969 3612 4023 sanctis
3630 3981 3744 4039 pne-

2192 4055 2547 4121 dicatoribus,
2575 4063 2738 4124 atque
2767 4055 2821 4108 in
2846 4055 3098 4111 omnibus
3123 4056 3371 4112 fidelibus
3395 4059 3506 4112 suis
3528 4066 3743 4112 ornatum

2192 4143 2449 4199 Ecclesia:
2471 4158 2687 4215 parare,
2720 4153 2883 4214 atque
2907 4160 3070 4216 opera
3100 4146 3359 4202 virtutum
3387 4148 3613 4213 ellicere,
3637 4146 3745 4216 quia

2194 4236 2364 4305 ipsius
2409 4235 2534 4291 doni
2582 4244 2753 4291 totum
2796 4245 2882 4292 est
2917 4237 3277 4309 quodcunque
3324 4249 3474 4295 recte
3527 4239 3743 4310 sapiunt,

2193 4327 2331 4383 bene
2361 4322 2553 4384 volunt
2594 4343 2659 4384 ac
2710 4328 2942 4385 fideliter
2988 4338 3201 4402 agunt:
3249 4332 3342 4402 qui
3392 4333 3447 4386 in
3488 4328 3744 4401 Evangelia

2196 4419 2474 4489 discipulis
2533 4419 2646 4475 suis
2697 4404 2774 4474 ait
2817 4438 2830 4473 :
2891 4418 3018 4475 Sine
3060 4437 3139 4474 me
3196 4420 3325 4474 nihil
3351 4422 3563 4488 potestis
3602 4421 3746 4490 facere

2198 4513 2379 4585 (Joan.
2410 4512 2524 4586 xv).
2575 4512 2651 4568 De
2683 4529 2791 4584 quo
2828 4511 3066 4569 Iacobus
3094 4513 3385 4583 Apostolus
3429 4514 3506 4568 ait
3550 4531 3564 4567 :
3608 4509 3747 4565 Omne

2196 4604 2378 4658 datum
2414 4604 2688 4675 optimum,
2716 4614 2765 4658 et
2788 4620 2940 4659 omne
2968 4603 3165 4659 donum
3195 4605 3484 4676 perfectum
3507 4606 3746 4658 desursum

2196 4705 2294 4761 est,
2325 4695 2642 4751 descendens
2670 4712 2701 4748 a
2732 4692 2895 4748 Patre
2921 4693 3198 4761 luminum,
3227 4694 3369 4764 apud
3392 4711 3544 4766 quem
3573 4709 3661 4747 non
3685 4698 3747 4742 cst

2198 4785 2591 4851 transmutatio,
2641 4799 2734 4837 nec
2779 4784 3154 4838 vicissitudinis
3181 4785 3507 4839 obumbratio
3534 4784 3661 4857 (Jac.
3696 4780 3747 4848 ι).

2198 4876 2383 4932 Altare
2397 4892 2621 4932 aureum
2642 4876 2807 4931 corda
2823 4875 3091 4948 significat
3106 4876 3473 4947 perfectorum
3490 4876 3746 4947 justorum,

2201 4967 2427 5023 internae
2452 4968 2738 5023 charitatis
2758 4977 2814 5023 et
2833 4969 3100 5023 castitatis
3126 4967 3245 5024 luce
3275 4984 3523 5033 corusca,
3552 4978 3750 5039 quorum

2200 5058 2549 5113 sublimitatis
2560 5056 2929 5126 significanda:
2941 5058 3104 5113 etiam
3117 5058 3269 5115 locus
3281 5054 3750 5127 convenitejusdem

2205 5150 2412 5206 altaris.
2448 5148 2640 5205 Stabat
2665 5150 2812 5205 enim
2841 5159 2968 5206 ante
2994 5151 3194 5206 ostium
3224 5153 3399 5207 sancti
3432 5160 3713 5206 sanctorum
3736 5183 3751 5207 ν

2205 5250 2267 5296 ιιι
2312 5242 2364 5296 in
2397 5241 2607 5297 factura
2638 5241 2974 5297 tabernaculi
3012 5241 3301 5298 manifeste
3327 5243 3553 5311 legimus
3581 5234 3751 5311 (Exod-

2207 5334 2415 5405 xxxvn)
2446 5352 2458 5387 :
2503 5334 2556 5388 in
2584 5350 2692 5403 quo
2724 5335 2976 5390 videlicet
2998 5335 3154 5390 altari
3186 5350 3293 5389 non
3336 5336 3626 5391 hostiarum
3650 5344 3751 5385 san-

2208 5426 2342 5496 guis,
2378 5440 2552 5495 uequc
2576 5425 2857 5493 libamina,
2888 5427 2982 5482 sed
3012 5428 3365 5497 thymiamata
3392 5437 3565 5482 tamen
3594 5426 3753 5478 incen-

2206 5518 2507 5585 debantur,
2553 5535 2783 5589 quorum
2832 5520 3015 5576 fumus
3052 5519 3119 5574 ad
3176 5520 3453 5590 superiora
3494 5513 3756 5573 ascendens

2208 5610 2487 5681 operiebat
2515 5627 2732 5676 arcam,
2784 5620 2945 5681 atque
2990 5611 3270 5666 oraculum
3313 5611 3477 5665 odore
3505 5601 3756 5664 suavitatis
