3870 6146
215 282 317 340 I57

1142 283 1492 340 COMMENT.
1535 282 1603 339 IN
1642 282 2200 342 PARALIPOMENA.
2239 318 2311 327 ——
2348 287 2477 343 LIB.
2512 288 2597 344 III.

3380 301 3484 359 ιεε

212 395 478 467 implevit.
502 395 564 451 In
593 412 703 467 quo
726 396 896 468 ﬁgura
920 398 1324 467 cxprnuebatur
1350 406 1685 465 sanctorum,
1708 397 1802 466 qui
1828 402 1881 460 Α
1906 397 2091 468 templi
2117 399 2365 454 doctores
2403 409 2527 455 sunt
2555 406 2728 454 sancti
2758 415 2823 454 ac
2863 403 3203 473 sacerdotes,
3258 408 3350 477 qui
3395 411 3484 467 in-

211 484 363 551 dum,
381 485 650 556 neglectis
667 487 1042 556 temporalium
1057 501 1240 541 rerum
1259 487 1668 557 cupiditatibus,
1692 495 1807 542 tota

211 578 517 634 intentione
559 578 809 633 coelestia
857 586 1125 650 quaerunt,
1153 578 1303 634 velut
1330 580 1476 634 intus
1524 579 1579 633 in
1608 579 1805 634 vicinia

210 669 419 724 oraculi
445 676 574 724 sunt
594 670 781 740 positi,
816 684 917 725 nec
946 669 1104 739 longe
1133 681 1259 727 sunt
1281 670 1475 725 remoti
1497 685 1528 724 a
1548 670 1675 725 velo
1700 685 1807 740 quo

213 760 473 831 templum
526 771 582 816 et
634 770 822 816 sancta
869 770 1183 817 sanctorum
1229 762 1560 817 dirimuntur
1606 780 1619 817 :
1677 764 1805 834 quia

213 867 440 922 corpore
465 860 675 906 tantum
700 860 903 906 terram
930 852 1193 916 incolunt,
1222 861 1478 908 czeterum
1506 854 1804 909 secundum

214 942 526 997 interiorem
555 942 830 998 hominem
852 950 1022 997 totam
1038 943 1238 998 habent
1259 944 1725 999 conversationem
1747 946 1800 1000 in

213 1035 380 1090 ctelis.
410 1036 778 1105 Ascenditque
801 1034 870 1089 ab
891 1034 1199 1106 huiusmodi
1231 1036 1387 1090 altari
1414 1035 1592 1092 fumus
1615 1037 1802 1093 incen-

212 1140 390 1179 sorum
412 1125 556 1179 intra
576 1119 773 1180 sancta
787 1134 1123 1191 sanctorum,
1138 1127 1230 1181 ubi
1253 1142 1377 1181 arca
1400 1135 1484 1182 est
1498 1128 1797 1194 recondita,

210 1233 327 1272 cum
349 1218 630 1272 orationes
651 1225 965 1272 sanctorum
987 1216 1205 1272 ﬂamma
1235 1218 1522 1274 cbarilatis
1548 1219 1798 1274 excitatae

212 1307 275 1362 ad
300 1306 503 1361 coelum
532 1322 706 1377 usque
731 1309 1074 1377 perveniunt,
1103 1307 1193 1362 ubi
1213 1307 1460 1363 Christus
1491 1318 1566 1363 est
1589 1310 1641 1364 in
1670 1310 1797 1364 dea:-

210 1408 314 1451 tero
337 1396 440 1451 Dei
467 1397 656 1452 sedens
677 1396 814 1469 (Col.
842 1399 949 1471 ιιι).
981 1400 1100 1454 Non
1121 1399 1268 1455 enim
1292 1401 1344 1454 in
1371 1402 1474 1457 hoc
1495 1401 1650 1456 altari
1677 1417 1799 1457 san-

208 1487 321 1557 guis
367 1488 678 1543 hostiarum
706 1530 721 1554 ,
773 1490 868 1544 sed
914 1490 1209 1562 thymiama
1238 1498 1445 1545 tantum
1484 1491 1797 1547 incenditur

208 1578 401 1649 (Exod.
443 1577 656 1651 xxxvii)
701 1593 717 1633 :
765 1580 891 1650 quia
942 1580 1076 1636 tales
1102 1581 1206 1635 viri
1236 1596 1342 1636 non
1382 1582 1584 1639 habent
1627 1599 1793 1654 opera

204 1670 384 1724 carnis
412 1677 470 1723 et
516 1670 819 1740 sanguinis,
868 1687 989 1741 quia
1020 1672 1076 1726 in
1117 1687 1211 1726 ara
1260 1673 1345 1727 sui
1375 1675 1554 1730 cordis
1594 1674 1789 1729 immo-

1911 487 2190 554 struendo,
2215 489 2563 559 baptizando,
2590 490 3038 549 communicando
3059 493 3325 552 Dominici
3363 514 3490 556 cor-

1908 576 2057 649 poris
2080 584 2137 633 et
2177 579 2458 650 sanguinis
2485 581 2743 650 mysteria
2765 620 2780 644 ,
2825 582 2999 650 prima
3027 585 3183 641 nobis
3230 587 3491 648 Ecclesiae

1908 670 2196 740 przesentis
2211 670 2394 725 limina
2409 686 2515 742 pan
2523 672 2655 726 dunt
2673 688 2688 737 ;
2713 674 2845 742 quid
2858 675 3116 731 cardines
3136 688 3491 753 utrorumque

1907 761 2192 827 ostiorum,
2218 761 2321 816 nisi
2344 777 2537 818 sensus
2563 770 2617 817 et
2641 764 2807 818 corda
2831 775 2958 820 sunt
2983 769 3299 824 earumdem
3324 787 3491 843 auge.

1906 848 2103 914 lorum,
2129 850 2243 905 sive
2265 850 2545 905 hominum
2564 862 2903 920 sanctorum,
2922 855 3118 924 quibus
3142 858 3490 918 immobiliter

1904 940 2347 1010 contemplationi
2368 957 2433 997 ac
2456 942 2731 998 dilectioni
2759 946 2842 1000 sui
2871 948 3166 1004 conditoris
3186 951 3486 1018 adhaerent,

1902 1038 1963 1084 ut
1994 1045 2062 1085 eo
2107 1032 2469 1088 ministerium
2527 1034 2787 1090 divinitus
2830 1036 2934 1091 sibi
2979 1038 3285 1110 delegatum
3343 1054 3488 1098 recte

1902 1123 2235 1194 compleant,
2282 1141 2390 1196 quo
2438 1142 2469 1180 a
2498 1128 2776 1184 voluntate
2823 1129 2985 1197 illius,
3024 1135 3110 1188 cui
3148 1136 3485 1203 ministrant,

1900 1228 2174 1281 nunquam
2204 1215 2393 1270 oculos
2416 1219 2698 1272 avertant?
2731 1218 3066 1288 Aperiantur
3086 1224 3230 1279 enim
3254 1237 3312 1282 et
3338 1228 3484 1283 clau-

1901 1302 2103 1357 duntur
2128 1304 2268 1359 ostia
2299 1319 2539 1377 congruo
2568 1315 2830 1378 tempore,
2863 1311 2957 1366 sed
2995 1312 3143 1369 nullo
3171 1331 3327 1370 suum
3367 1334 3475 1374 car-

1899 1393 2083 1448 dinem
2137 1403 2380 1466 tempore
2425 1399 2717 1467 deserunt,
2773 1403 2899 1472 quia
2944 1405 3118 1475 angeli
3149 1416 3203 1462 et
3236 1408 3486 1466 homines

1898 1486 2072 1539 sancti
2098 1526 2113 1551 ,
2166 1487 2282 1542 sive
2325 1489 2379 1543 in
2407 1491 2546 1545 hanc
2571 1492 2736 1546 vitam
2768 1492 2912 1560 ﬁdei,
2961 1494 3058 1577 seu
3105 1497 3160 1551 in
3190 1499 3337 1555 illam
3368 1504 3484 1572 spei

1898 1574 2083 1630 ﬁdeles
2126 1585 2290 1646 atque
2319 1578 2520 1634 electos
2546 1583 2867 1651 suscipiant,
2899 1574 3114 1655 semper
3140 1589 3382 1644 animm
3426 1592 3480 1646 in

1900 1667 2080 1722 radice
2109 1677 2325 1726 aaterna:
2366 1672 2672 1730 dilectionis
2700 1676 2866 1730 ﬁxum
2912 1682 3117 1733 tenent.
3155 1680 3307 1737 Unde
3344 1684 3484 1739 bene

206 1759 374 1815 [antes
394 1760 627 1815 Domino
648 1769 911 1828 mactant,
942 1763 1038 1818 sed
1062 1763 1401 1819 solummodo
1426 1763 1788 1836 lacrymarum
1818 1756 1866 1815 B
1895 1756 2056 1812 iidem
2073 1761 2326 1818 cardines
2343 1778 2409 1817 ex
2434 1779 2566 1819 auro
2586 1781 2706 1820 esse
2724 1765 2852 1822 facti
2875 1770 3248 1838 perhibentur,
3263 1784 3484 1845 propter

206 1858 258 1905 et
277 1851 544 1907 orationis
570 1853 621 1906 ei
653 1861 778 1907 vota
805 1867 905 1923 pro
929 1852 1199 1908 desiderio
1225 1853 1377 1923 regni
1403 1854 1639 1910 cmlestis
1659 1855 1789 1911 oll'e-

204 1951 341 1997 runt.
374 1942 532 1998 Fecit
582 1959 797 2013 quoque
843 1943 1098 2000 Salomon
1138 1953 1194 2000 et
1244 1946 1417 2001 altare
1461 1962 1670 2002 teneam
1720 1950 1788 2004 ad

203 2032 515 2089 holocausta
558 2042 615 2088 et
660 2034 955 2100 sacriﬁcia,
986 2036 1143 2105 cujus
1174 2034 1387 2091 factura
1433 2046 1488 2091 et
1528 2038 1786 2108 mysteria

201 2125 445 2195 superius
466 2125 583 2195 jam
611 2126 858 2196 exposita
890 2135 1036 2192 sunt,
1065 2127 1206 2182 sicut
1236 2137 1288 2181 et
1316 2143 1384 2183 ex
1406 2143 1786 2185 mensurarum

200 2215 616 2285 signiﬁcatione.
640 2216 774 2272 Cum
806 2225 987 2273 autem
1017 2218 1083 2273 de
1115 2218 1440 2276 candelabro
1465 2235 1588 2275 cum
1612 2222 1788 2278 lucer-

200 2305 277 2359 nis
303 2307 418 2360 suis
464 2304 613 2361 facto
658 2314 716 2361 et
759 2305 999 2362 colorate
1047 2315 1174 2363 ante
1201 2309 1481 2364 oraculum
1529 2311 1783 2379 dixisset,

201 2395 444 2465 adiunxit
473 2413 490 2451 :
518 2397 590 2451 Et
610 2399 856 2468 ﬂorentia
875 2399 1201 2470 quwdamad
1231 2399 1473 2456 lucernas
1494 2412 1543 2457 et
1563 2404 1787 2475 forcipes

1892 1847 2143 1904 videlicet
2171 1852 2255 1906 vel
2294 1854 2549 1909 meritum
2594 1859 2828 1927 propria:
2876 1859 3162 1927 claritatis,
3190 1863 3277 1918 vel
3305 1864 3482 1931 illius,

1889 1954 2049 2009 quam
2072 1942 2273 1999 habent
2294 1946 2347 1999 in
2373 1946 2562 2014 Deum,
2592 1950 2897 2006 charitalis.
2916 1952 3079 2019 Quod
3112 1964 3297 2011 autem
3325 1957 3480 2025 dicit,

1889 2033 2030 2088 ostia
2060 2050 2182 2090 esse
2221 2037 2408 2092 caelata
2440 2049 2547 2094 tam
2580 2042 2858 2099 interioris
2897 2046 3091 2101 domus
3124 2063 3287 2116 quam
3315 2050 3480 2107 etiam

1891 2125 2200 2190 exterioris,
2230 2128 2500 2196 signiﬁcat
2530 2133 2674 2199 quod
2697 2148 2803 2186 non
2829 2133 3001 2187 solum
3016 2136 3281 2206 angelica:
3316 2140 3481 2194 virtu-

1890 2216 1994 2274 tes,
2020 2211 2117 2265 sed
2135 2211 2299 2266 etiam
2322 2222 2524 2269 sanctae
2536 2214 2633 2269 Dei
2652 2216 2908 2273 Ecclesiae
2932 2220 3184 2276 doctores
3203 2225 3476 2283 variarum

1889 2298 2149 2354 virtutum
2180 2302 2376 2357 decore
2418 2315 2548 2358 sunt
2579 2306 2942 2375 honorabiles,
2976 2321 3032 2365 et
3056 2312 3126 2366 ad
3152 2313 3474 2371 imitandum

1888 2390 2047 2445 nobis
2092 2389 2359 2448 salubres.
2410 2393 2730 2465 Quicunque
2775 2399 2922 2454 enim
2964 2415 3151 2456 eorum
3186 2404 3372 2460 decori
3419 2406 3476 2461 in

208 2506 388 2545 aureos
413 2512 434 2552 ε
492 2492 671 2544 omnia
699 2491 764 2545 de
792 2507 924 2546 auro
953 2493 1296 2547 mundissimo
1318 2494 1461 2563 facta
1490 2508 1628 2551 sunt.
1665 2495 1787 2553 Flo-

1896 2477 2115 2547 iustitia,
2147 2484 2460 2551 sanctitate,
2504 2495 2560 2540 et
2596 2489 2829 2544 veritate
2871 2505 2968 2561 per
2990 2492 3154 2548 ﬁdem
3178 2534 3195 2560 ,
3241 2510 3392 2565 spem
3420 2505 3478 2553 ct

203 2581 371 2634 remis
404 2581 660 2650 quaedam
701 2582 945 2637 nominat
975 2583 1186 2652 species
1211 2582 1447 2639 liliorum
1502 2586 1557 2640 in
1585 2588 1784 2641 cande-

198 2671 341 2728 labro
355 2672 559 2739 factas,
572 2688 738 2745 super
755 2690 891 2744 quas
907 2676 1247 2745 ponebantur
1259 2676 1510 2732 lucernte.
1531 2678 1787 2751 Forcipes

200 2771 373 2819 autem
405 2779 612 2820 aureos
654 2766 991 2822 emunctoria
1039 2775 1333 2836 nuncupat,
1365 2768 1561 2838 quibus
1596 2783 1787 2824 emun-

196 2859 463 2928 gebantur
487 2859 696 2915 lumina
728 2861 1072 2923 candelabri,
1105 2868 1167 2915 ut
1206 2870 1456 2932 reparata
1486 2863 1678 2919 melius
1704 2863 1787 2919 luo

198 2959 400 3005 carent.
458 2950 731 3007 Cteterum
770 2950 1016 3023 forcipes
1054 2951 1150 3018 illi,
1199 2953 1291 3023 qui
1320 2953 1374 3008 in
1415 2953 1603 3009 altaris
1627 2970 1784 3011 usum

187 3039 315 3108 iussi
341 3051 476 3099 sunt
494 3043 632 3108 ﬁeri,
657 3045 790 3100 aenei
818 3044 989 3101 fuere.
1019 3044 1127 3101 Sed
1153 3054 1207 3100 et
1230 3046 1285 3100 hi
1307 3045 1563 3117 forcipes,
1588 3047 1782 3119 quibus

193 3135 629 3206 emungebantur
665 3134 919 3202 lucernae,
952 3136 1081 3206 quid
1130 3137 1235 3191 nisi
1276 3107 1775 3208 interpretationem
1808 3107 1853 3169 Ο

192 3226 492 3295 spiritualis
536 3242 734 3283 sensus
770 3243 871 3299 per
912 3228 1194 3283 doctorum
1224 3225 1430 3294 ofﬁcia,
1456 3228 1776 3299 designant?

192 3314 290 3388 Ipsi
320 3319 472 3373 enim
506 3320 672 3374 verba
701 3320 841 3375 sacri
886 3319 1086 3390 eloquii
1133 3322 1201 3376 ab
1227 3320 1452 3376 historia
1486 3321 1541 3375 in
1580 3320 1779 3393 allego-

193 3408 342 3477 riam,
374 3419 435 3465 et
471 3409 539 3465 ah
564 3411 760 3467 umbra
780 3412 836 3466 in
861 3413 1147 3467 veritatem
1179 3411 1591 3478 transferentes,
1623 3415 1778 3485 quasi

192 3497 356 3556 lucem
398 3501 650 3558 scientia:
678 3503 734 3558 in
763 3502 1004 3559 Ecclesia
1051 3503 1151 3559 Dei
1198 3519 1361 3574 super
1398 3505 1776 3561 candelabrum

192 3593 480 3661 mysticum
516 3593 701 3662 positi,
748 3593 1123 3664 multiplicant,
1154 3610 1219 3649 ac
1246 3594 1593 3665 prtedicando
1616 3611 1776 3653 reno-

193 3688 330 3745 vant,
358 3690 531 3751 atque
561 3681 683 3736 ideo
709 3681 963 3738 dicuntur
983 3684 1051 3739 de
1076 3699 1212 3739 auro
1242 3685 1597 3741 mundissimo
1627 3686 1775 3755 facti,

192 3773 309 3841 quia
335 3773 548 3829 lumine
573 3789 714 3830 verm
745 3777 1022 3846 sapientiae
1048 3778 1288 3833 existunt
1327 3777 1632 3834 clarissimi.

256 3862 707 3936 Thymiamateria
755 3884 959 3939 quoque
1001 3878 1050 3922 et
1097 3869 1363 3924 thuribula
1414 3880 1461 3924 et
1488 3870 1692 3929 phialas
1728 3881 1778 3926 et

190 3956 499 4012 mortariola
528 3974 595 4013 ea:
639 3976 775 4013 auro
813 3960 1115 4030 purissimo.
1147 3961 1608 4033 Thymiamatcria
1651 3977 1778 4033 ergo

190 4062 342 4122 atque
362 4052 674 4119 thuribula,
704 4062 832 4119 etc.,
865 4067 996 4108 vasa
1024 4053 1079 4108 in
1105 4054 1300 4124 quibus
1328 4055 1622 4126 thymiama
1649 4055 1779 4110 odo-

189 4144 427 4211 rahatur,
480 4145 625 4200 bene
650 4154 881 4216 possunt
911 4146 1217 4216 esprimere
1252 4147 1414 4202 corda
1445 4146 1774 4215 electorum,

190 4233 244 4288 in
289 4236 486 4306 quibus
535 4236 710 4290 oratio
750 4251 889 4307 pura
934 4243 988 4290 et
1042 4251 1208 4292 suave
1259 4235 1495 4308 flagrans
1550 4237 1778 4294 Domino

190 4324 446 4392 defertur,
492 4324 565 4380 de
598 4341 705 4395 qua
748 4326 881 4382 dicit
915 4326 1193 4398 psalmista
1240 4344 1254 4381 :
1302 4328 1577 4399 Dirigatur
1604 4332 1776 4384 oratio

188 4432 317 4482 mea,
344 4418 488 4471 sicut
512 4417 813 4482 incensum,
842 4418 899 4471 in
940 4428 1219 4487 conspectu
1268 4428 1357 4473 tuo
1407 4418 1577 4490 (Psal.
1628 4421 1772 4492 cn).

191 4503 335 4562 Unde
360 4515 419 4562 et
438 4507 498 4561 in
533 4505 859 4581 Apocalypsi
882 4506 1119 4564 Joannes
1142 4507 1300 4575 vidit,
1325 4517 1543 4564 sanctos
1576 4511 1776 4566 habere

184 4597 393 4664 phialas
447 4613 646 4653 aureas
689 4598 878 4668 plenas
905 4599 1417 4666 odoramentorum;
1466 4601 1608 4670 quod
1648 4617 1776 4657 con-

186 4687 360 4743 lestim
404 4689 729 4760 exponendo
774 4689 1051 4761 subiunxit
1105 4710 1119 4745 :
1170 4690 1302 4757 Quae
1352 4702 1473 4746 sunt
1511 4695 1774 4747 orationes

185 4791 487 4834 sanctorum
518 4779 703 4853 (Apoc.
735 4778 813 4852 ν),
838 4796 959 4850 qua:
979 4796 1045 4835 ex
1069 4782 1402 4837 aromatibus
1432 4782 1691 4837 virtutum
1718 4784 1771 4837 in

185 4871 449 4925 mortario
480 4870 486 4875 ’
516 4884 668 4939 pura:
725 4872 1073 4928 conscientiae
1107 4873 1343 4928 condita
1389 4874 1770 4930 suavissimum

185 4961 408 5016 odorem
440 4962 702 5017 exhibent
726 4963 979 5029 Domino.

251 5049 323 5105 Et
349 5053 487 5106 ostia
516 5052 721 5107 ‘ctelavit
747 5053 925 5124 templi
962 5055 1255 5121 interioris,
1282 5056 1339 5109 id
1364 5065 1471 5121 est,
1496 5058 1550 5110 in
1589 5067 1769 5112 sancto

180 5154 507 5210 sanctorum,
534 5154 584 5198 et
633 5144 767 5200 ostia
799 5145 980 5217 templi
1006 5146 1300 5215 forinsecus
1333 5163 1517 5201 aurea.
1546 5146 1685 5202 Hinc
1715 5148 1767 5202 in

174 5235 324 5292 libro
344 5236 551 5308 Regum
570 5238 647 5292 ita
676 5238 937 5309 scriptum
971 5248 1056 5294 est
1091 5258 1103 5293 :
1130 5239 1199 5293 Et
1236 5239 1476 5293 cardines
1515 5242 1769 5294 ostiorum

177 5329 369 5383 domus
403 5329 581 5400 templi
609 5330 877 5384 interioris
903 5331 1071 5385 sancti
1096 5340 1403 5384 sanctorum
1427 5337 1475 5383 et
1513 5331 1766 5384 ostiorum

179 5419 370 5475 domus
392 5419 570 5491 templi
599 5436 664 5475 ex
690 5436 823 5475 auro
860 5431 1009 5477 erant
1046 5420 1165 5494 (111
1216 5419 1345 5492 Reg.
1379 5421 1497 5492 vn).
1530 5419 1589 5475 Si
1627 5420 1766 5475 ostia

176 5510 374 5566 domus
404 5511 679 5567 interioris
707 5513 877 5568 sancti
901 5520 1211 5569 sanctorum
1238 5512 1480 5582 angelica
1512 5521 1639 5566 sunt
1667 5511 1769 5565 mi-

178 5601 428 5668 nisteria,
482 5617 605 5673 quae
635 5604 792 5658 nobis
821 5606 889 5658 de
920 5618 1150 5675 corpore
1200 5603 1439 5675 egressis
1484 5602 1767 5660 introitum

177 5689 312 5744 vitae
351 5690 593 5748 coelestis
645 5700 891 5748 reserant
939 5692 1091 5765 (Luc.
1136 5692 1270 5769 xvi),
1298 5700 1355 5749 et
1391 5692 1530 5750 ostia
1575 5690 1769 5749 domus

547 5792 824 5855 Parnm.
854 5790 1032 5873 ⁸(ΣΙΧ.

1889 2572 2215 2628 charitatem
2240 2575 2296 2629 in
2327 2579 2739 2646 praesentiarum
2767 2583 3134 2654 propinquare
3177 2588 3476 2657 studuerit,

1885 2664 2077 2734 procul
2107 2666 2269 2722 dubio
2294 2683 2483 2724 eorum
2515 2671 2702 2742 gloria:
2730 2673 3052 2745 participem
3076 2677 3130 2731 in
3150 2677 3339 2735 futura
3363 2680 3477 2737 vita

1888 2769 1950 2810 se
1976 2770 2099 2811 esse
2123 2758 2399 2828 gaudebit.

2510 2853 2741 2911 CAPUT
2778 2857 2842 2913 ν.

1887 2964 1965 3022 De
1989 2980 2049 3022 eo
2068 2967 2209 3039 quod
2237 2967 2413 3022 intulit
2448 2966 2699 3024 Salomon
2719 2970 2896 3024 omnia
2917 2987 3035 3043 qua:
3062 2982 3270 3027 voverat
3296 2973 3470 3030 David

1954 3047 2115 3111 pater
2137 3054 2288 3104 suus,
2337 3055 2528 3111 aurum
2555 3050 2604 3111 et
2646 3051 2948 3111 argentum,
2984 3052 3034 3097 et
3079 3045 3320 3100 universa
3345 3062 3472 3101 vasa

1956 3107 2115 3180 simul
2138 3125 2413 3180 cumAarca
2440 3108 2672 3180 Domini,
2711 3107 2760 3164 et
2787 3123 3039 3180 paratum
3062 3113 3387 3171 tabernaculi
3413 3117 3468 3169 in

1955 3178 2203 3249 templum
2238 3177 2473 3234 Domini.
2516 3178 2669 3245 Quod
2705 3177 3063 3237 sacerdotibus
3092 3183 3469 3239 collocantibus

1955 3263 2137 3323 arcam
2159 3249 2248 3323 __in
2283 3250 2855 3323 sanctissanctorum,
2906 3250 3099 3307 Levita:
3136 3253 3388 3323 cymbatis
3425 3266 3474 3309 et

1953 3318 2218 3395 psalteria};
2238 3320 2526 3395 et‘citharis
2553 3320 2737 3395 laudes
2776 3321 2886 3395 Deo
2919 3318 3210 3391 canebant,
3252 3326 3469 3395 quando

1953 3387 2145 3442 nebula
2173 3389 2399 3460 implevit
2425 3390 2639 3445 domum
2663 3391 2892 3446 Domini.
3195 3387 3204 3391 ⁷
3264 3387 3276 3395 ’
3356 3438 3359 3441 .

1955 3499 2147 3572 Sicque
2159 3502 2467 3573 completum
2491 3512 2568 3558 est
2583 3520 2898 3575 omne-opus,
2912 3508 3052 3578 quod
3068 3508 3189 3579 fecit
3212 3508 3468 3565 Salomon

1880 3590 1937 3644 in
1961 3590 2117 3644 domo
2129 3591 2361 3645 Domini.
2378 3591 2597 3648 Perﬁcit
2617 3592 2873 3649 Salomon
2892 3596 3037 3664 quod
3046 3594 3286 3651 faciebat
3296 3597 3354 3650 in
3367 3596 3467 3651 do-

1881 3695 1972 3736 mo
1995 3683 2228 3749 Domini,
2244 3698 2367 3738 cum
2387 3698 2483 3738 rex
2499 3683 2760 3754 paciﬁcus
2781 3693 2967 3741 noster
2986 3686 3042 3741 in
3066 3686 3155 3741 die
3169 3686 3467 3741 novissima

1879 3787 2071 3828 omnes
2091 3773 2298 3829 electos
2319 3776 2739 3830 resurrectionis
2755 3775 3162 3831 immortalitate
3180 3776 3466 3847 gloriﬁcat.

1842 3862 2132 3945 ’Alioquin
2162 3864 2401 3932 quandiu
2444 3872 2621 3920 status
2666 3865 2827 3933 hujus
2855 3865 3035 3921 saeculi
3053 3867 3285 3936 geritur,
3329 3868 3466 3923 facit

1879 3953 2097 4024 quidem
2122 3968 2256 4023 opus
2298 3953 2491 4009 domus
2519 3955 2732 4033 Domini
2762 3955 3049 4022 Salomon,
3081 3956 3178 4011 sed
3221 3959 3460 4013 nondum

1876 4045 2129 4114 perﬁcit;
2174 4046 2301 4115 quia
2344 4047 2511 4102 corda
2557 4046 2854 4102 electorum
2900 4049 3163 4104 Dominus
3213 4058 3276 4106 ut
3323 4051 3464 4106 bona

1877 4145 2192 4207 operentur,
2243 4138 2475 4209 inspirat
2515 4146 2574 4194 et
2600 4139 2853 4210 adjuvat;
2888 4139 3021 4194 nulli
3049 4148 3232 4194 tamen
3278 4141 3334 4196 in
3364 4140 3467 4195 hac

1877 4229 2142 4284 duntaxat
2165 4231 2275 4285 vita
2301 4233 2663 4287 commoranti
2682 4273 2698 4299 ,
2726 4236 2929 4303 absque
2959 4242 3184 4303 peccato
3212 4249 3333 4290 esse
3362 4235 3463 4289 tri-

1876 4323 1997 4379 buit
2022 4342 2035 4377 :
2065 4338 2300 4393 namque
2323 4323 2429 4379 hoc
2449 4323 2862 4400 donumfuturae
2882 4326 3006 4380 vita:
3028 4325 3352 4381 beatitudini
3378 4340 3467 4381 re-

1880 4422 2083 4476 servat.
2106 4414 2325 4470 Perﬁcit
2349 4430 2482 4471 vero
2501 4430 2662 4470 omne
2710 4430 2846 4487 opus
2893 4417 3079 4487 templi
3123 4418 3239 4483 sui,
3272 4428 3329 4472 et
3357 4418 3464 4473 hoc

1879 4505 2207 4562 dedicationi
2231 4514 2416 4575 aptum
2443 4506 2640 4574 reddit,
2663 4522 2789 4561 cum
2808 4507 3114 4562 translatos
3132 4508 3201 4562 de
3220 4508 3324 4561 hac
3350 4508 3462 4561 vita
3531 4500 3544 4517 ’

1862 4598 2082 4686 electos
2103 4612 2232 4653 suos
2244 4598 2780 4668 aaternumperducit
2801 4600 2871 4655 ad
2890 4614 3136 4671 regnum.
3158 4598 3313 4666 Quod
3324 4600 3465 4655 bene

1876 4688 2214 4760 signiﬁcatur
2236 4688 2291 4743 in
2324 4702 2391 4743 eo
2415 4688 2558 4758 quod
2583 4690 2841 4760 templum
2871 4698 3078 4761 septem
3104 4691 3262 4745 annis
3289 4689 3460 4744 todill-

1875 4787 2058 4833 catum
2073 4786 2180 4844 est,
2197 4786 2390 4834 octavo
2412 4786 2591 4833 autem
2611 4778 2919 4847 perfectum
2945 4787 3107 4850 atque
3127 4779 3458 4834 dedicatmu.

1875 4870 2095 4941 Septem
2124 4886 2361 4940 namque
2397 4871 2589 4926 diebus
2627 4886 2795 4926 omne
2824 4871 2928 4925 hoc
2956 4879 3169 4941 tempus
3203 4870 3457 4936 volvitur,

1877 4976 2069 5019 octava
2087 4972 2269 5018 autem
2284 4972 2370 5019 est
2390 4964 2507 5019 dies
2518 4962 2707 5032 iudicii
2727 4972 2785 5019 et
2806 4963 3220 5018 resurrectionis
3241 4961 3459 5027 futurae,

1878 5054 1946 5109 de
1974 5068 2091 5124 qua
2119 5053 2360 5124 psalmus
2386 5060 2571 5108 sextus
2599 5064 2655 5107 et
2682 5053 2999 5108 undecimus
3025 5051 3279 5107 attitulati
3310 5060 3459 5107 sunt.

1876 5143 1975 5201 Cui
1990 5143 2242 5200 videlicet
2257 5145 2485 5215 tempori
2507 5145 2760 5199 convenit
2779 5152 2967 5214 aperte
3007 5145 3152 5214 quod
3184 5145 3458 5215 sequitur:

1948 5235 2141 5291 Intulit
2188 5253 2312 5307 ergo
2360 5235 2615 5291 Salomon
2663 5237 2841 5290 omnia
2866 5237 2923 5290 in
2950 5236 3298 5301 dedicatione,
3342 5250 3460 5303 qum

1875 5337 2079 5382 voverat
2103 5326 2272 5382 David
2300 5336 2450 5398 pater
2470 5344 2624 5391 suus;
2650 5336 2924 5397 argentum
2942 5336 2992 5381 et
3015 5341 3225 5388 aurum,
3255 5335 3304 5380 et
3335 5324 3457 5378 uni-

1875 5436 2023 5475 uersa
2055 5437 2180 5475 uasa
2210 5421 2384 5490 posuit
2409 5421 2465 5474 in
2490 5420 2752 5474 thesauris
2779 5418 2967 5473 domus
2986 5416 3114 5471 Dei.
3146 5421 3202 5468 et
3224 5412 3451 5480 reliqua.

1873 5512 2172 5582 Argentum
2213 5527 2447 5582 namque
2485 5512 2554 5567 ad
2596 5512 2827 5566 nitorem
2853 5505 3175 5577 eloquentiae
3198 5541 3214 5565 ,
3258 5514 3451 5555 aurum

1876 5606 1943 5659 ad
1973 5604 2317 5675 splendorem
2346 5604 2624 5674 sapientiai
2642 5644 2657 5666 ,
2682 5618 2812 5657 vasa
2838 5596 3165 5671 generaliter
3184 5590 3251 5645 ad
3281 5588 3452 5644 ratio-

1876 5694 2112 5752 nabilem
2139 5702 2447 5751 creaturam
2496 5693 2642 5750 vovit
2666 5732 2681 5760 ,
2713 5692 2825 5747 sive
2852 5730 2868 5757 ,
2911 5696 2973 5743 ut
2998 5687 3053 5741 in
3079 5683 3217 5739 libro
3246 5678 3467 5751 Regum

2980 5777 3057 5841 15
