  <div class='ocr_page' id='page_1' title='image "/cluster/home/n/w/nwhite01/storage/ocr_20150623/109/hvd.32044054759741/235.png"; bbox 0 0 3870 6146; ppageno 0'>
   <div class='ocr_carea' id='block_1_1' title="bbox 416 311 523 385">
    <p class='ocr_par' dir='ltr' id='par_1_1' title="bbox 416 311 523 385">
     <span class='ocr_line' id='line_1_1' title="bbox 416 311 523 385; baseline -0.009 -18"><span class='ocrx_word' id='word_1_1' title='bbox 416 311 523 385; x_wconf 70' lang='lat' dir='ltr'><strong>rso</strong></span> 
     </span>
    </p>
   </div>
   <div class='ocr_carea' id='block_1_2' title="bbox 1085 288 2007 361">
    <p class='ocr_par' dir='ltr' id='par_1_2' title="bbox 1085 296 2007 359">
     <span class='ocr_line' id='line_1_2' title="bbox 1085 296 2007 359; baseline -0.009 0"><span class='ocrx_word' id='word_1_2' title='bbox 1085 303 1145 359; x_wconf 80' lang='grc' dir='ltr'><strong>Β.</strong></span> <span class='ocrx_word' id='word_1_3' title='bbox 1182 301 1442 358; x_wconf 61' lang='grc' dir='ltr'><strong>ΒΑΙἈΜ</strong></span> <span class='ocrx_word' id='word_1_4' title='bbox 1484 298 1703 354; x_wconf 70' lang='lat' dir='ltr'><strong>MAURI</strong></span> <span class='ocrx_word' id='word_1_5' title='bbox 1739 296 2007 357; x_wconf 72' lang='lat' dir='ltr'><strong>ARClliEl</strong></span> 
     </span>
    </p>
   </div>
   <div class='ocr_carea' id='block_1_3' title="bbox 2110 288 3039 361">
    <p class='ocr_par' dir='ltr' id='par_1_3' title="bbox 2110 288 3039 361">
     <span class='ocr_line' id='line_1_3' title="bbox 2110 288 3039 361; baseline -0.004 -11"><span class='ocrx_word' id='word_1_6' title='bbox 2110 293 2412 361; x_wconf 69' lang='lat' dir='ltr'><strong>MOGUNT.</strong></span> <span class='ocrx_word' id='word_1_7' title='bbox 2445 288 2736 348; x_wconf 47' lang='lat' dir='ltr'><strong>&#39;OPERUii</strong></span> <span class='ocrx_word' id='word_1_8' title='bbox 2780 291 2961 348; x_wconf 80' lang='lat' dir='ltr'><strong>PARS</strong></span> <span class='ocrx_word' id='word_1_9' title='bbox 3002 292 3039 347; x_wconf 88' lang='grc' dir='ltr'><strong>Ι.</strong></span> 
     </span>
    </p>
   </div>
   <div class='ocr_carea' id='block_1_4' title="bbox 3574 301 3676 359">
    <p class='ocr_par' dir='ltr' id='par_1_4' title="bbox 3574 301 3676 359">
     <span class='ocr_line' id='line_1_4' title="bbox 3574 301 3676 359; baseline 0.039 -5"><span class='ocrx_word' id='word_1_10' title='bbox 3574 301 3676 359; x_wconf 60' lang='lat' dir='ltr'><strong>ibi:</strong></span> 
     </span>
    </p>
   </div>
   <div class='ocr_carea' id='block_1_5' title="bbox 417 385 3669 487">
    <p class='ocr_par' dir='ltr' id='par_1_5' title="bbox 417 385 3669 487">
     <span class='ocr_line' id='line_1_5' title="bbox 417 385 3669 487; baseline -0.005 -6"><span class='ocrx_word' id='word_1_11' title='bbox 417 402 667 486; x_wconf 73' lang='lat' dir='ltr'><strong>habetur,</strong></span> <span class='ocrx_word' id='word_1_12' title='bbox 702 417 1062 477; x_wconf 62' lang='lat' dir='ltr'><strong>sanetifn‘avit</strong></span> <span class='ocrx_word' id='word_1_13' title='bbox 1089 415 1257 470; x_wconf 85' lang='lat' dir='ltr'><strong>David</strong></span> <span class='ocrx_word' id='word_1_14' title='bbox 1282 424 1437 484; x_wconf 81' lang='lat' dir='ltr'><strong>pater</strong></span> <span class='ocrx_word' id='word_1_15' title='bbox 1477 385 1785 469; x_wconf 80' lang='lat' dir='ltr'><strong>Salomonis</strong></span> <span class='ocrx_word' id='word_1_16' title='bbox 1811 425 1999 487; x_wconf 76' lang='lat' dir='ltr'><strong>argen-</strong></span> <span class='ocrx_word' id='word_1_17' title='bbox 2024 416 2074 475; x_wconf 77' lang='grc' dir='ltr'><strong>Α</strong></span> <span class='ocrx_word' id='word_1_18' title='bbox 2100 407 2419 481; x_wconf 79' lang='lat' dir='ltr'><strong>apparebant</strong></span> <span class='ocrx_word' id='word_1_19' title='bbox 2444 407 2582 461; x_wconf 84' lang='lat' dir='ltr'><strong>ultra</strong></span> <span class='ocrx_word' id='word_1_20' title='bbox 2620 408 2962 462; x_wconf 64' lang='lat' dir='ltr'><strong>extrinsecus.</strong></span> <span class='ocrx_word' id='word_1_21' title='bbox 2992 407 3096 473; x_wconf 82' lang='lat' dir='ltr'><strong>Qui</strong></span> <span class='ocrx_word' id='word_1_22' title='bbox 3140 419 3185 462; x_wconf 84' lang='lat' dir='ltr'><strong>et</strong></span> <span class='ocrx_word' id='word_1_23' title='bbox 3219 410 3435 479; x_wconf 58' lang='lat' dir='ltr'><strong>[uerunt</strong></span> <span class='ocrx_word' id='word_1_24' title='bbox 3474 414 3544 468; x_wconf 81' lang='lat' dir='ltr'><strong>ibi</strong></span> <span class='ocrx_word' id='word_1_25' title='bbox 3588 435 3669 474; x_wconf 65' lang='grc' dir='ltr'><strong>κερ</strong></span> 
     </span>
    </p>
   </div>
   <div class='ocr_carea' id='block_1_6' title="bbox 373 494 1997 587">
    <p class='ocr_par' dir='ltr' id='par_1_6' title="bbox 373 494 1997 587">
     <span class='ocr_line' id='line_1_6' title="bbox 373 494 1997 587; baseline -0.012 -13"><span class='ocrx_word' id='word_1_26' title='bbox 373 494 386 505; x_wconf 36' lang='grc' dir='ltr'><strong>θ</strong></span> <span class='ocrx_word' id='word_1_27' title='bbox 421 531 535 573; x_wconf 84' lang='grc' dir='ltr'>ιιιιιι</span> <span class='ocrx_word' id='word_1_28' title='bbox 591 510 850 587; x_wconf 80' lang='lat' dir='ltr'><strong>(HIReg.</strong></span> <span class='ocrx_word' id='word_1_29' title='bbox 904 508 1046 580; x_wconf 79' lang='lat' dir='ltr'><strong>vni),</strong></span> <span class='ocrx_word' id='word_1_30' title='bbox 1097 521 1220 560; x_wconf 84' lang='lat' dir='ltr'><strong>cum</strong></span> <span class='ocrx_word' id='word_1_31' title='bbox 1266 506 1407 565; x_wconf 83' lang='lat' dir='ltr'><strong>Deus</strong></span> <span class='ocrx_word' id='word_1_32' title='bbox 1469 503 1631 561; x_wconf 79' lang='lat' dir='ltr'><strong>Pater</strong></span> <span class='ocrx_word' id='word_1_33' title='bbox 1679 502 1997 570; x_wconf 75' lang='lat' dir='ltr'><strong>eloquentes</strong></span> 
     </span>
    </p>
   </div>
   <div class='ocr_carea' id='block_1_7' title="bbox 420 592 1997 680">
    <p class='ocr_par' dir='ltr' id='par_1_7' title="bbox 420 592 1997 680">
     <span class='ocr_line' id='line_1_7' title="bbox 420 592 1997 680; baseline -0.012 -16"><span class='ocrx_word' id='word_1_34' title='bbox 420 620 660 680; x_wconf 87' lang='lat' dir='ltr'><strong>quosque</strong></span> <span class='ocrx_word' id='word_1_35' title='bbox 693 610 865 674; x_wconf 75' lang='lat' dir='ltr'><strong>gratia</strong></span> <span class='ocrx_word' id='word_1_36' title='bbox 893 600 975 655; x_wconf 86' lang='lat' dir='ltr'><strong>sui</strong></span> <span class='ocrx_word' id='word_1_37' title='bbox 1017 599 1255 669; x_wconf 74' lang='lat' dir='ltr'><strong>Spiritus</strong></span> <span class='ocrx_word' id='word_1_38' title='bbox 1308 597 1375 651; x_wconf 87' lang='lat' dir='ltr'><strong>ad</strong></span> <span class='ocrx_word' id='word_1_39' title='bbox 1414 595 1741 665; x_wconf 89' lang='lat' dir='ltr'><strong>loquendum</strong></span> <span class='ocrx_word' id='word_1_40' title='bbox 1773 592 1997 649; x_wconf 78' lang='lat' dir='ltr'><strong>verbum</strong></span> 
     </span>
    </p>
   </div>
   <div class='ocr_carea' id='block_1_8' title="bbox 416 680 1998 766">
    <p class='ocr_par' dir='ltr' id='par_1_8' title="bbox 416 680 1998 766">
     <span class='ocr_line' id='line_1_8' title="bbox 416 680 1998 766; baseline -0.012 -12"><span class='ocrx_word' id='word_1_41' title='bbox 416 693 692 766; x_wconf 77' lang='lat' dir='ltr'><strong>Evangelii</strong></span> <span class='ocrx_word' id='word_1_42' title='bbox 715 689 1004 747; x_wconf 81' lang='lat' dir='ltr'><strong>confortat.</strong></span> <span class='ocrx_word' id='word_1_43' title='bbox 1027 686 1346 743; x_wconf 84' lang='lat' dir='ltr'><strong>Sanetilicat</strong></span> <span class='ocrx_word' id='word_1_44' title='bbox 1372 701 1584 749; x_wconf 88' lang='lat' dir='ltr'><strong>aurum,</strong></span> <span class='ocrx_word' id='word_1_45' title='bbox 1610 700 1733 741; x_wconf 88' lang='lat' dir='ltr'><strong>eum</strong></span> <span class='ocrx_word' id='word_1_46' title='bbox 1766 680 1998 738; x_wconf 88' lang='lat' dir='ltr'><strong>naturali</strong></span> 
     </span>
    </p>
   </div>
   <div class='ocr_carea' id='block_1_9' title="bbox 418 772 2000 858">
    <p class='ocr_par' dir='ltr' id='par_1_9' title="bbox 418 772 2000 858">
     <span class='ocr_line' id='line_1_9' title="bbox 418 772 2000 858; baseline -0.011 -14"><span class='ocrx_word' id='word_1_47' title='bbox 418 785 632 858; x_wconf 83' lang='lat' dir='ltr'><strong>ingenio</strong></span> <span class='ocrx_word' id='word_1_48' title='bbox 652 782 907 853; x_wconf 68' lang='lat' dir='ltr'><strong>praeditos</strong></span> <span class='ocrx_word' id='word_1_49' title='bbox 928 794 1025 834; x_wconf 87' lang='lat' dir='ltr'><strong>suo</strong></span> <span class='ocrx_word' id='word_1_50' title='bbox 1054 778 1267 849; x_wconf 76' lang='lat' dir='ltr'><strong>replens</strong></span> <span class='ocrx_word' id='word_1_51' title='bbox 1289 776 1493 846; x_wconf 86' lang='lat' dir='ltr'><strong>Spiritu</strong></span> <span class='ocrx_word' id='word_1_52' title='bbox 1519 774 1585 831; x_wconf 84' lang='lat' dir='ltr'><strong>ad</strong></span> <span class='ocrx_word' id='word_1_53' title='bbox 1608 772 2000 829; x_wconf 77' lang='lat' dir='ltr'><strong>consideranda</strong></span> 
     </span>
    </p>
   </div>
   <div class='ocr_carea' id='block_1_10' title="bbox 418 862 1997 944">
    <p class='ocr_par' dir='ltr' id='par_1_10' title="bbox 418 862 1997 944">
     <span class='ocr_line' id='line_1_10' title="bbox 418 862 1997 944; baseline -0.01 -15"><span class='ocrx_word' id='word_1_54' title='bbox 418 877 473 929; x_wconf 83' lang='lat' dir='ltr'><strong>in</strong></span> <span class='ocrx_word' id='word_1_55' title='bbox 515 875 634 944; x_wconf 84' lang='lat' dir='ltr'><strong>lege</strong></span> <span class='ocrx_word' id='word_1_56' title='bbox 664 886 761 927; x_wconf 90' lang='lat' dir='ltr'><strong>sua</strong></span> <span class='ocrx_word' id='word_1_57' title='bbox 793 868 1062 924; x_wconf 79' lang='lat' dir='ltr'><strong>mirabilia</strong></span> <span class='ocrx_word' id='word_1_58' title='bbox 1090 867 1375 922; x_wconf 80' lang='lat' dir='ltr'><strong>illuminat.</strong></span> <span class='ocrx_word' id='word_1_59' title='bbox 1409 862 1729 920; x_wconf 75' lang='lat' dir='ltr'><strong>Sanctiﬁcat</strong></span> <span class='ocrx_word' id='word_1_60' title='bbox 1753 870 1807 917; x_wconf 87' lang='lat' dir='ltr'><strong>et</strong></span> <span class='ocrx_word' id='word_1_61' title='bbox 1834 878 1961 915; x_wconf 74' lang='lat' dir='ltr'><strong>vasa</strong></span> <span class='ocrx_word' id='word_1_62' title='bbox 1983 901 1997 924; x_wconf 90' lang='lat'><strong>,</strong></span> 
     </span>
    </p>
   </div>
   <div class='ocr_carea' id='block_1_11' title="bbox 414 950 2001 1032">
    <p class='ocr_par' dir='ltr' id='par_1_11' title="bbox 414 950 2001 1032">
     <span class='ocr_line' id='line_1_11' title="bbox 414 950 2001 1032; baseline -0.011 -10"><span class='ocrx_word' id='word_1_63' title='bbox 414 981 540 1024; x_wconf 88' lang='lat' dir='ltr'><strong>cum</strong></span> <span class='ocrx_word' id='word_1_64' title='bbox 589 964 843 1020; x_wconf 87' lang='lat' dir='ltr'><strong>omnibus</strong></span> <span class='ocrx_word' id='word_1_65' title='bbox 883 958 1210 1032; x_wconf 77' lang='lat' dir='ltr'><strong>generaliter</strong></span> <span class='ocrx_word' id='word_1_66' title='bbox 1260 955 1519 1013; x_wconf 70' lang='lat' dir='ltr'><strong>Ecclesia:</strong></span> <span class='ocrx_word' id='word_1_67' title='bbox 1576 953 1704 1013; x_wconf 74' lang='lat' dir='ltr'><strong>[iliis</strong></span> <span class='ocrx_word' id='word_1_68' title='bbox 1759 950 2001 1021; x_wconf 77' lang='lat' dir='ltr'><strong>ejusdem</strong></span> 
     </span>
    </p>
   </div>
   <div class='ocr_carea' id='block_1_12' title="bbox 418 1042 2003 1126">
    <p class='ocr_par' dir='ltr' id='par_1_12' title="bbox 418 1042 2003 1126">
     <span class='ocr_line' id='line_1_12' title="bbox 418 1042 2003 1126; baseline -0.01 -17"><span class='ocrx_word' id='word_1_69' title='bbox 418 1053 654 1126; x_wconf 82' lang='lat' dir='ltr'><strong>Spiritus</strong></span> <span class='ocrx_word' id='word_1_70' title='bbox 682 1050 915 1123; x_wconf 79' lang='lat' dir='ltr'><strong>gratiam</strong></span> <span class='ocrx_word' id='word_1_71' title='bbox 942 1048 1189 1119; x_wconf 79' lang='lat' dir='ltr'><strong>largitur,</strong></span> <span class='ocrx_word' id='word_1_72' title='bbox 1234 1044 1537 1102; x_wconf 81' lang='lat' dir='ltr'><strong>adamaudo</strong></span> <span class='ocrx_word' id='word_1_73' title='bbox 1567 1042 1686 1098; x_wconf 82' lang='lat' dir='ltr'><strong>illos</strong></span> <span class='ocrx_word' id='word_1_74' title='bbox 1730 1050 1787 1096; x_wconf 90' lang='lat' dir='ltr'><strong>et</strong></span> <span class='ocrx_word' id='word_1_75' title='bbox 1838 1054 2003 1109; x_wconf 84' lang='lat' dir='ltr'><strong>appe-</strong></span> 
     </span>
    </p>
   </div>
   <div class='ocr_carea' id='block_1_13' title="bbox 406 1130 2002 1212">
    <p class='ocr_par' dir='ltr' id='par_1_13' title="bbox 406 1130 2002 1212">
     <span class='ocr_line' id='line_1_13' title="bbox 406 1130 2002 1212; baseline -0.013 -9"><span class='ocrx_word' id='word_1_76' title='bbox 406 1146 582 1203; x_wconf 56' lang='lat' dir='ltr'><strong>«tendo</strong></span> <span class='ocrx_word' id='word_1_77' title='bbox 609 1144 751 1199; x_wconf 86' lang='lat' dir='ltr'><strong>dona</strong></span> <span class='ocrx_word' id='word_1_78' title='bbox 794 1147 1068 1212; x_wconf 61' lang='lat' dir='ltr'><strong>perpetuae</strong></span> <span class='ocrx_word' id='word_1_79' title='bbox 1092 1136 1281 1192; x_wconf 86' lang='lat' dir='ltr'><strong>salutis</strong></span> <span class='ocrx_word' id='word_1_80' title='bbox 1322 1135 1642 1193; x_wconf 76' lang='lat' dir='ltr'><strong>inﬂammat.</strong></span> <span class='ocrx_word' id='word_1_81' title='bbox 1676 1130 1790 1185; x_wconf 84' lang='lat' dir='ltr'><strong>Iloc</strong></span> <span class='ocrx_word' id='word_1_82' title='bbox 1821 1138 2002 1184; x_wconf 87' lang='lat' dir='ltr'><strong>autem</strong></span> 
     </span>
    </p>
   </div>
   <div class='ocr_carea' id='block_1_14' title="bbox 416 1219 2003 1310">
    <p class='ocr_par' dir='ltr' id='par_1_14' title="bbox 416 1219 2003 1310">
     <span class='ocr_line' id='line_1_14' title="bbox 416 1219 2003 1310; baseline -0.013 -16"><span class='ocrx_word' id='word_1_83' title='bbox 416 1244 734 1310; x_wconf 76' lang='lat' dir='ltr'><strong>argentum,</strong></span> <span class='ocrx_word' id='word_1_84' title='bbox 771 1234 875 1287; x_wconf 86' lang='lat' dir='ltr'><strong>hoc</strong></span> <span class='ocrx_word' id='word_1_85' title='bbox 897 1244 1124 1296; x_wconf 85' lang='lat' dir='ltr'><strong>aurum,</strong></span> <span class='ocrx_word' id='word_1_86' title='bbox 1163 1229 1280 1284; x_wconf 58' lang='lat' dir='ltr'><strong>hate</strong></span> <span class='ocrx_word' id='word_1_87' title='bbox 1309 1224 1651 1286; x_wconf 82' lang='lat' dir='ltr'><strong>sanctiﬁcata</strong></span> <span class='ocrx_word' id='word_1_88' title='bbox 1679 1237 1805 1287; x_wconf 82' lang='lat' dir='ltr'><strong>vasa</strong></span> <span class='ocrx_word' id='word_1_89' title='bbox 1852 1219 2003 1276; x_wconf 78' lang='lat' dir='ltr'><strong>Salo-</strong></span> 
     </span>
    </p>
   </div>
   <div class='ocr_carea' id='block_1_15' title="bbox 415 1311 2003 1392">
    <p class='ocr_par' dir='ltr' id='par_1_15' title="bbox 415 1311 2003 1392">
     <span class='ocr_line' id='line_1_15' title="bbox 415 1311 2003 1392; baseline -0.013 -7"><span class='ocrx_word' id='word_1_90' title='bbox 415 1344 544 1384; x_wconf 86' lang='lat' dir='ltr'><strong>mon</strong></span> <span class='ocrx_word' id='word_1_91' title='bbox 571 1324 738 1381; x_wconf 81' lang='lat' dir='ltr'><strong>refert</strong></span> <span class='ocrx_word' id='word_1_92' title='bbox 777 1324 832 1378; x_wconf 89' lang='lat' dir='ltr'><strong>in</strong></span> <span class='ocrx_word' id='word_1_93' title='bbox 881 1320 1158 1392; x_wconf 86' lang='lat' dir='ltr'><strong>templum.</strong></span> <span class='ocrx_word' id='word_1_94' title='bbox 1226 1318 1379 1376; x_wconf 87' lang='lat' dir='ltr'><strong>Unde</strong></span> <span class='ocrx_word' id='word_1_95' title='bbox 1425 1322 1823 1385; x_wconf 83' lang='lat' dir='ltr'><strong>consequenter</strong></span> <span class='ocrx_word' id='word_1_96' title='bbox 1869 1311 2003 1366; x_wconf 86' lang='lat' dir='ltr'><strong>scri-</strong></span> 
     </span>
    </p>
   </div>
   <div class='ocr_carea' id='block_1_16' title="bbox 416 1427 719 1493">
    <p class='ocr_par' dir='ltr' id='par_1_16' title="bbox 416 1427 719 1493">
     <span class='ocr_line' id='line_1_16' title="bbox 416 1427 719 1493; baseline -0.017 -16"><span class='ocrx_word' id='word_1_97' title='bbox 416 1430 567 1493; x_wconf 88' lang='lat' dir='ltr'><strong>ptum</strong></span> <span class='ocrx_word' id='word_1_98' title='bbox 593 1427 675 1473; x_wconf 84' lang='lat' dir='ltr'><strong>est</strong></span> <span class='ocrx_word' id='word_1_99' title='bbox 698 1437 719 1473; x_wconf 65' lang='grc' dir='ltr'><strong>ι</strong></span> 
     </span>
    </p>
   </div>
   <div class='ocr_carea' id='block_1_17' title="bbox 490 1500 2003 1570">
    <p class='ocr_par' dir='ltr' id='par_1_17' title="bbox 490 1500 2003 1570">
     <span class='ocr_line' id='line_1_17' title="bbox 490 1500 2003 1570; baseline -0.013 -2"><span class='ocrx_word' id='word_1_100' title='bbox 490 1514 839 1569; x_wconf 83' lang='lat' dir='ltr'><strong>Portauerunt</strong></span> <span class='ocrx_word' id='word_1_101' title='bbox 883 1507 1075 1563; x_wconf 57' lang='lat' dir='ltr'><strong>Levita?</strong></span> <span class='ocrx_word' id='word_1_102' title='bbox 1121 1522 1322 1570; x_wconf 83' lang='lat' dir='ltr'><strong>arcam,</strong></span> <span class='ocrx_word' id='word_1_103' title='bbox 1374 1514 1421 1558; x_wconf 90' lang='lat' dir='ltr'><strong>et</strong></span> <span class='ocrx_word' id='word_1_104' title='bbox 1467 1500 1751 1557; x_wconf 83' lang='lat' dir='ltr'><strong>intulerunt</strong></span> <span class='ocrx_word' id='word_1_105' title='bbox 1793 1514 1907 1552; x_wconf 85' lang='lat' dir='ltr'><strong>eam</strong></span> <span class='ocrx_word' id='word_1_106' title='bbox 1953 1505 2003 1549; x_wconf 82' lang='lat' dir='ltr'><strong>et</strong></span> 
     </span>
    </p>
   </div>
   <div class='ocr_carea' id='block_1_18' title="bbox 410 1580 2003 1674">
    <p class='ocr_par' dir='ltr' id='par_1_18' title="bbox 410 1580 2003 1674">
     <span class='ocr_line' id='line_1_18' title="bbox 410 1580 2003 1674; baseline -0.013 -13"><span class='ocrx_word' id='word_1_107' title='bbox 410 1621 621 1661; x_wconf 78' lang='lat' dir='ltr'><strong>omnem</strong></span> <span class='ocrx_word' id='word_1_108' title='bbox 651 1611 961 1674; x_wconf 82' lang='lat' dir='ltr'><strong>paraturam</strong></span> <span class='ocrx_word' id='word_1_109' title='bbox 991 1595 1336 1652; x_wconf 77' lang='lat' dir='ltr'><strong>tabernaculi.</strong></span> <span class='ocrx_word' id='word_1_110' title='bbox 1384 1593 1554 1648; x_wconf 87' lang='lat' dir='ltr'><strong>Porro</strong></span> <span class='ocrx_word' id='word_1_111' title='bbox 1595 1580 1721 1646; x_wconf 78' lang='lat' dir='ltr'><strong>uasa</strong></span> <span class='ocrx_word' id='word_1_112' title='bbox 1754 1598 2003 1645; x_wconf 81' lang='lat' dir='ltr'><strong>sanctua-</strong></span> 
     </span>
    </p>
   </div>
   <div class='ocr_carea' id='block_1_19' title="bbox 409 1683 1999 1768">
    <p class='ocr_par' dir='ltr' id='par_1_19' title="bbox 409 1683 1999 1768">
     <span class='ocr_line' id='line_1_19' title="bbox 409 1683 1999 1768; baseline -0.009 -16"><span class='ocrx_word' id='word_1_113' title='bbox 409 1697 483 1752; x_wconf 84' lang='lat' dir='ltr'><strong>rii</strong></span> <span class='ocrx_word' id='word_1_114' title='bbox 514 1710 631 1768; x_wconf 68' lang='lat' dir='ltr'><strong>qua?</strong></span> <span class='ocrx_word' id='word_1_115' title='bbox 661 1703 810 1749; x_wconf 87' lang='lat' dir='ltr'><strong>erant</strong></span> <span class='ocrx_word' id='word_1_116' title='bbox 850 1691 905 1745; x_wconf 86' lang='lat' dir='ltr'><strong>in</strong></span> <span class='ocrx_word' id='word_1_117' title='bbox 951 1685 1311 1750; x_wconf 84' lang='lat' dir='ltr'><strong>tabernaculo,</strong></span> <span class='ocrx_word' id='word_1_118' title='bbox 1343 1694 1679 1755; x_wconf 80' lang='lat' dir='ltr'><strong>portaverant</strong></span> <span class='ocrx_word' id='word_1_119' title='bbox 1707 1683 1999 1737; x_wconf 83' lang='lat' dir='ltr'><strong>sacerdotes</strong></span> 
     </span>
    </p>
   </div>
   <div class='ocr_carea' id='block_1_20' title="bbox 2097 497 3674 570">
    <p class='ocr_par' dir='ltr' id='par_1_20' title="bbox 2097 497 3674 570">
     <span class='ocr_line' id='line_1_20' title="bbox 2097 497 3674 570; baseline 0.008 -16"><span class='ocrx_word' id='word_1_120' title='bbox 2097 517 2192 570; x_wconf 72' lang='lat' dir='ltr'><strong>quc</strong></span> <span class='ocrx_word' id='word_1_121' title='bbox 2226 501 2283 555; x_wconf 85' lang='lat' dir='ltr'><strong>in</strong></span> <span class='ocrx_word' id='word_1_122' title='bbox 2321 507 2630 569; x_wconf 72' lang='lat' dir='ltr'><strong>pra&#39;sentent</strong></span> <span class='ocrx_word' id='word_1_123' title='bbox 2681 498 2839 554; x_wconf 82' lang='lat' dir='ltr'><strong>diem.</strong></span> <span class='ocrx_word' id='word_1_124' title='bbox 2892 497 2959 554; x_wconf 84' lang='lat' dir='ltr'><strong>In</strong></span> <span class='ocrx_word' id='word_1_125' title='bbox 3012 518 3138 555; x_wconf 83' lang='lat' dir='ltr'><strong>arca</strong></span> <span class='ocrx_word' id='word_1_126' title='bbox 3200 514 3376 559; x_wconf 73' lang='lat' dir='ltr'><strong>autem</strong></span> <span class='ocrx_word' id='word_1_127' title='bbox 3419 522 3523 561; x_wconf 84' lang='lat' dir='ltr'><strong>non</strong></span> <span class='ocrx_word' id='word_1_128' title='bbox 3570 520 3674 566; x_wconf 78' lang='lat' dir='ltr'><strong>erat</strong></span> 
     </span>
    </p>
   </div>
   <div class='ocr_carea' id='block_1_21' title="bbox 2100 588 3677 664">
    <p class='ocr_par' dir='ltr' id='par_1_21' title="bbox 2100 588 3677 664">
     <span class='ocr_line' id='line_1_21' title="bbox 2100 588 3677 664; baseline 0.006 -20"><span class='ocrx_word' id='word_1_129' title='bbox 2100 589 2270 657; x_wconf 82' lang='lat' dir='ltr'><strong>aliud,</strong></span> <span class='ocrx_word' id='word_1_130' title='bbox 2307 588 2409 643; x_wconf 84' lang='lat' dir='ltr'><strong>nisi</strong></span> <span class='ocrx_word' id='word_1_131' title='bbox 2441 588 2562 643; x_wconf 82' lang='lat' dir='ltr'><strong>dua:</strong></span> <span class='ocrx_word' id='word_1_132' title='bbox 2608 588 2807 658; x_wconf 60' lang='lat' dir='ltr'><strong>tabula;</strong></span> <span class='ocrx_word' id='word_1_133' title='bbox 2832 590 3054 660; x_wconf 68' lang='lat' dir='ltr'><strong>lapidea:</strong></span> <span class='ocrx_word' id='word_1_134' title='bbox 3098 608 3230 662; x_wconf 81' lang='lat' dir='ltr'><strong>quas</strong></span> <span class='ocrx_word' id='word_1_135' title='bbox 3268 607 3517 664; x_wconf 77' lang='lat' dir='ltr'><strong>posuerat</strong></span> <span class='ocrx_word' id='word_1_136' title='bbox 3544 599 3677 654; x_wconf 85' lang='lat' dir='ltr'><strong>inea</strong></span> 
     </span>
    </p>
   </div>
   <div class='ocr_carea' id='block_1_22' title="bbox 2101 676 3678 751">
    <p class='ocr_par' dir='ltr' id='par_1_22' title="bbox 2101 676 3678 751">
     <span class='ocr_line' id='line_1_22' title="bbox 2101 676 3678 751; baseline 0.004 -16"><span class='ocrx_word' id='word_1_137' title='bbox 2101 679 2308 750; x_wconf 71' lang='lat' dir='ltr'><strong>Moyses</strong></span> <span class='ocrx_word' id='word_1_138' title='bbox 2330 678 2381 735; x_wconf 81' lang='lat' dir='ltr'><strong>in</strong></span> <span class='ocrx_word' id='word_1_139' title='bbox 2417 676 2575 743; x_wconf 88' lang='lat' dir='ltr'><strong>Oreb,</strong></span> <span class='ocrx_word' id='word_1_140' title='bbox 2611 678 2823 750; x_wconf 81' lang='lat' dir='ltr'><strong>quando</strong></span> <span class='ocrx_word' id='word_1_141' title='bbox 2858 681 3048 751; x_wconf 77' lang='lat' dir='ltr'><strong>pepigit</strong></span> <span class='ocrx_word' id='word_1_142' title='bbox 3073 682 3245 751; x_wconf 73' lang='lat' dir='ltr'><strong>{trdus</strong></span> <span class='ocrx_word' id='word_1_143' title='bbox 3286 683 3544 739; x_wconf 71' lang='lat' dir='ltr'><strong>Dom’nus</strong></span> <span class='ocrx_word' id='word_1_144' title='bbox 3569 703 3678 742; x_wconf 80' lang='lat' dir='ltr'><strong>ruas</strong></span> 
     </span>
    </p>
   </div>
   <div class='ocr_carea' id='block_1_23' title="bbox 2099 766 3677 847">
    <p class='ocr_par' dir='ltr' id='par_1_23' title="bbox 2099 766 3677 847">
     <span class='ocr_line' id='line_1_23' title="bbox 2099 766 3677 847; baseline 0.004 -26"><span class='ocrx_word' id='word_1_145' title='bbox 2099 768 2227 838; x_wconf 81' lang='lat' dir='ltr'><strong>ﬁliis</strong></span> <span class='ocrx_word' id='word_1_146' title='bbox 2250 766 2443 834; x_wconf 86' lang='lat' dir='ltr'><strong>Israel,</strong></span> <span class='ocrx_word' id='word_1_147' title='bbox 2464 784 2580 821; x_wconf 86' lang='lat' dir='ltr'><strong>cum</strong></span> <span class='ocrx_word' id='word_1_148' title='bbox 2603 768 2973 841; x_wconf 80' lang='lat' dir='ltr'><strong>egrederentur</strong></span> <span class='ocrx_word' id='word_1_149' title='bbox 2985 770 3049 824; x_wconf 84' lang='lat' dir='ltr'><strong>de</strong></span> <span class='ocrx_word' id='word_1_150' title='bbox 3063 780 3201 825; x_wconf 84' lang='lat' dir='ltr'><strong>terra</strong></span> <span class='ocrx_word' id='word_1_151' title='bbox 3218 771 3438 844; x_wconf 59' lang='lat' dir='ltr'><strong>rEgypti</strong></span> <span class='ocrx_word' id='word_1_152' title='bbox 3454 774 3551 847; x_wconf 80' lang='grc' dir='ltr'><strong>(ΠΙ</strong></span> <span class='ocrx_word' id='word_1_153' title='bbox 3564 778 3677 847; x_wconf 54' lang='grc' dir='ltr'><strong>ὣς.</strong></span> 
     </span>
    </p>
   </div>
   <div class='ocr_carea' id='block_1_24' title="bbox 2100 857 3675 931">
    <p class='ocr_par' dir='ltr' id='par_1_24' title="bbox 2100 857 3675 931">
     <span class='ocr_line' id='line_1_24' title="bbox 2100 857 3675 931; baseline 0.004 -16"><span class='ocrx_word' id='word_1_154' title='bbox 2100 857 2240 931; x_wconf 74' lang='lat' dir='ltr'><strong>vni).</strong></span> <span class='ocrx_word' id='word_1_155' title='bbox 2267 858 2420 927; x_wconf 84' lang='lat' dir='ltr'><strong>Quod</strong></span> <span class='ocrx_word' id='word_1_156' title='bbox 2469 858 2618 913; x_wconf 83' lang='lat' dir='ltr'><strong>illata</strong></span> <span class='ocrx_word' id='word_1_157' title='bbox 2642 875 2772 914; x_wconf 87' lang='lat' dir='ltr'><strong>arca</strong></span> <span class='ocrx_word' id='word_1_158' title='bbox 2826 859 2882 915; x_wconf 87' lang='lat' dir='ltr'><strong>in</strong></span> <span class='ocrx_word' id='word_1_159' title='bbox 2932 871 3120 917; x_wconf 84' lang='lat' dir='ltr'><strong>sancta</strong></span> <span class='ocrx_word' id='word_1_160' title='bbox 3172 874 3482 920; x_wconf 85' lang='lat' dir='ltr'><strong>sanctorum</strong></span> <span class='ocrx_word' id='word_1_161' title='bbox 3545 866 3675 922; x_wconf 85' lang='lat' dir='ltr'><strong>dici-</strong></span> 
     </span>
    </p>
   </div>
   <div class='ocr_carea' id='block_1_25' title="bbox 2104 950 3681 1025">
    <p class='ocr_par' dir='ltr' id='par_1_25' title="bbox 2104 950 3681 1025">
     <span class='ocr_line' id='line_1_25' title="bbox 2104 950 3681 1025; baseline 0.005 -20"><span class='ocrx_word' id='word_1_162' title='bbox 2104 959 2212 1017; x_wconf 91' lang='lat' dir='ltr'><strong>tur,</strong></span> <span class='ocrx_word' id='word_1_163' title='bbox 2259 966 2489 1023; x_wconf 91' lang='lat' dir='ltr'><strong>cumque</strong></span> <span class='ocrx_word' id='word_1_164' title='bbox 2538 950 2839 1006; x_wconf 88' lang='lat' dir='ltr'><strong>eminerent</strong></span> <span class='ocrx_word' id='word_1_165' title='bbox 2880 962 3061 1008; x_wconf 82' lang='lat' dir='ltr'><strong>vectes</strong></span> <span class='ocrx_word' id='word_1_166' title='bbox 3095 961 3147 1008; x_wconf 89' lang='lat' dir='ltr'><strong>et</strong></span> <span class='ocrx_word' id='word_1_167' title='bbox 3184 958 3519 1025; x_wconf 89' lang='lat' dir='ltr'><strong>apparebant</strong></span> <span class='ocrx_word' id='word_1_168' title='bbox 3550 958 3681 1013; x_wconf 87' lang='lat' dir='ltr'><strong>ultra</strong></span> 
     </span>
    </p>
   </div>
   <div class='ocr_carea' id='block_1_26' title="bbox 2101 1042 3681 1124">
    <p class='ocr_par' dir='ltr' id='par_1_26' title="bbox 2101 1042 3681 1124">
     <span class='ocr_line' id='line_1_26' title="bbox 2101 1042 3681 1124; baseline 0.003 -23"><span class='ocrx_word' id='word_1_169' title='bbox 2101 1045 2462 1111; x_wconf 77' lang='lat' dir='ltr'><strong>extrinsecus,</strong></span> <span class='ocrx_word' id='word_1_170' title='bbox 2512 1042 2809 1098; x_wconf 86' lang='lat' dir='ltr'><strong>notandum</strong></span> <span class='ocrx_word' id='word_1_171' title='bbox 2839 1044 2995 1115; x_wconf 80' lang='lat' dir='ltr'><strong>juxta</strong></span> <span class='ocrx_word' id='word_1_172' title='bbox 3027 1046 3081 1100; x_wconf 86' lang='lat' dir='ltr'><strong>id</strong></span> <span class='ocrx_word' id='word_1_173' title='bbox 3109 1048 3253 1124; x_wconf 74' lang='lat' dir='ltr'><strong>quod</strong></span> <span class='ocrx_word' id='word_1_174' title='bbox 3305 1048 3360 1103; x_wconf 90' lang='lat' dir='ltr'><strong>in</strong></span> <span class='ocrx_word' id='word_1_175' title='bbox 3406 1049 3681 1121; x_wconf 84' lang='lat' dir='ltr'><strong>Paralipo-</strong></span> 
     </span>
    </p>
   </div>
   <div class='ocr_carea' id='block_1_27' title="bbox 2104 1133 3685 1208">
    <p class='ocr_par' dir='ltr' id='par_1_27' title="bbox 2104 1133 3685 1208">
     <span class='ocr_line' id='line_1_27' title="bbox 2104 1133 3685 1208; baseline 0.008 -23"><span class='ocrx_word' id='word_1_176' title='bbox 2104 1146 2297 1188; x_wconf 89' lang='lat' dir='ltr'><strong>menon</strong></span> <span class='ocrx_word' id='word_1_177' title='bbox 2319 1133 2581 1205; x_wconf 85' lang='lat' dir='ltr'><strong>scriptum</strong></span> <span class='ocrx_word' id='word_1_178' title='bbox 2614 1142 2717 1198; x_wconf 86' lang='lat' dir='ltr'><strong>est,</strong></span> <span class='ocrx_word' id='word_1_179' title='bbox 2751 1136 2877 1203; x_wconf 85' lang='lat' dir='ltr'><strong>quia</strong></span> <span class='ocrx_word' id='word_1_180' title='bbox 2922 1137 3028 1190; x_wconf 85' lang='lat' dir='ltr'><strong>etsi</strong></span> <span class='ocrx_word' id='word_1_181' title='bbox 3053 1138 3231 1208; x_wconf 82' lang='lat' dir='ltr'><strong>capita</strong></span> <span class='ocrx_word' id='word_1_182' title='bbox 3278 1140 3511 1194; x_wconf 72' lang='lat' dir='ltr'><strong>vectium</strong></span> <span class='ocrx_word' id='word_1_183' title='bbox 3538 1157 3685 1197; x_wconf 78' lang='lat' dir='ltr'><strong>acce-</strong></span> 
     </span>
    </p>
   </div>
   <div class='ocr_carea' id='block_1_28' title="bbox 2104 1225 3686 1304">
    <p class='ocr_par' dir='ltr' id='par_1_28' title="bbox 2104 1225 3686 1304">
     <span class='ocr_line' id='line_1_28' title="bbox 2104 1225 3686 1304; baseline 0.003 -25"><span class='ocrx_word' id='word_1_184' title='bbox 2104 1225 2356 1282; x_wconf 81' lang='lat' dir='ltr'><strong>dentibus</strong></span> <span class='ocrx_word' id='word_1_185' title='bbox 2390 1227 2613 1298; x_wconf 90' lang='lat' dir='ltr'><strong>propius</strong></span> <span class='ocrx_word' id='word_1_186' title='bbox 2638 1243 2703 1282; x_wconf 90' lang='lat' dir='ltr'><strong>ac</strong></span> <span class='ocrx_word' id='word_1_187' title='bbox 2731 1228 3042 1300; x_wconf 88' lang='lat' dir='ltr'><strong>diligentius</strong></span> <span class='ocrx_word' id='word_1_188' title='bbox 3066 1231 3404 1288; x_wconf 89' lang='lat' dir='ltr'><strong>intuentibus</strong></span> <span class='ocrx_word' id='word_1_189' title='bbox 3426 1235 3686 1304; x_wconf 72' lang='lat' dir='ltr'><strong>parebant</strong></span> 
     </span>
    </p>
   </div>
   <div class='ocr_carea' id='block_1_29' title="bbox 2105 1317 3686 1392">
    <p class='ocr_par' dir='ltr' id='par_1_29' title="bbox 2105 1317 3686 1392">
     <span class='ocr_line' id='line_1_29' title="bbox 2105 1317 3686 1392; baseline 0.003 -19"><span class='ocrx_word' id='word_1_190' title='bbox 2105 1328 2231 1373; x_wconf 84' lang='lat' dir='ltr'><strong>ante</strong></span> <span class='ocrx_word' id='word_1_191' title='bbox 2278 1317 2576 1383; x_wconf 88' lang='lat' dir='ltr'><strong>oraculum,</strong></span> <span class='ocrx_word' id='word_1_192' title='bbox 2628 1334 2739 1373; x_wconf 87' lang='lat' dir='ltr'><strong>non</strong></span> <span class='ocrx_word' id='word_1_193' title='bbox 2789 1327 2970 1373; x_wconf 87' lang='lat' dir='ltr'><strong>tamen</strong></span> <span class='ocrx_word' id='word_1_194' title='bbox 3029 1319 3149 1375; x_wconf 80' lang='lat' dir='ltr'><strong>ﬁeri</strong></span> <span class='ocrx_word' id='word_1_195' title='bbox 3203 1330 3436 1391; x_wconf 82' lang='lat' dir='ltr'><strong>poterat,</strong></span> <span class='ocrx_word' id='word_1_196' title='bbox 3467 1330 3534 1377; x_wconf 89' lang='lat' dir='ltr'><strong>ut</strong></span> <span class='ocrx_word' id='word_1_197' title='bbox 3580 1324 3686 1392; x_wconf 81' lang='lat' dir='ltr'><strong>ipsa</strong></span> 
     </span>
    </p>
   </div>
   <div class='ocr_carea' id='block_1_30' title="bbox 2109 1409 3687 1484">
    <p class='ocr_par' dir='ltr' id='par_1_30' title="bbox 2109 1409 3687 1484">
     <span class='ocr_line' id='line_1_30' title="bbox 2109 1409 3687 1484; baseline 0.003 -20"><span class='ocrx_word' id='word_1_198' title='bbox 2109 1424 2293 1465; x_wconf 87' lang='lat' dir='ltr'><strong>eorum</strong></span> <span class='ocrx_word' id='word_1_199' title='bbox 2320 1409 2499 1482; x_wconf 81' lang='lat' dir='ltr'><strong>capita</strong></span> <span class='ocrx_word' id='word_1_200' title='bbox 2537 1416 2665 1465; x_wconf 84' lang='lat' dir='ltr'><strong>ante</strong></span> <span class='ocrx_word' id='word_1_201' title='bbox 2686 1409 2965 1483; x_wconf 81' lang='lat' dir='ltr'><strong>oraculum</strong></span> <span class='ocrx_word' id='word_1_202' title='bbox 3001 1411 3303 1469; x_wconf 81' lang='lat' dir='ltr'><strong>eminerent</strong></span> <span class='ocrx_word' id='word_1_203' title='bbox 3336 1427 3351 1464; x_wconf 90' lang='lat'><strong>:</strong></span> <span class='ocrx_word' id='word_1_204' title='bbox 3379 1413 3508 1484; x_wconf 87' lang='lat' dir='ltr'><strong>quia</strong></span> <span class='ocrx_word' id='word_1_205' title='bbox 3536 1413 3687 1468; x_wconf 81' lang='lat' dir='ltr'><strong>uimi-</strong></span> 
     </span>
    </p>
   </div>
   <div class='ocr_carea' id='block_1_31' title="bbox 2107 1499 3685 1573">
    <p class='ocr_par' dir='ltr' id='par_1_31' title="bbox 2107 1499 3685 1573">
     <span class='ocr_line' id='line_1_31' title="bbox 2107 1499 3685 1573; baseline 0.003 -18"><span class='ocrx_word' id='word_1_206' title='bbox 2107 1516 2226 1555; x_wconf 87' lang='lat' dir='ltr'><strong>rum</strong></span> <span class='ocrx_word' id='word_1_207' title='bbox 2256 1514 2477 1563; x_wconf 81' lang='lat' dir='ltr'><strong>necesse</strong></span> <span class='ocrx_word' id='word_1_208' title='bbox 2497 1510 2616 1554; x_wconf 89' lang='lat' dir='ltr'><strong>erat</strong></span> <span class='ocrx_word' id='word_1_209' title='bbox 2654 1508 2734 1565; x_wconf 92' lang='lat' dir='ltr'><strong>ut,</strong></span> <span class='ocrx_word' id='word_1_210' title='bbox 2765 1499 2948 1555; x_wconf 80' lang='lat' dir='ltr'><strong>clauso</strong></span> <span class='ocrx_word' id='word_1_211' title='bbox 2976 1501 3198 1556; x_wconf 89' lang='lat' dir='ltr'><strong>oraculo</strong></span> <span class='ocrx_word' id='word_1_212' title='bbox 3224 1512 3280 1557; x_wconf 88' lang='lat' dir='ltr'><strong>et</strong></span> <span class='ocrx_word' id='word_1_213' title='bbox 3299 1518 3543 1573; x_wconf 86' lang='lat' dir='ltr'><strong>appenso</strong></span> <span class='ocrx_word' id='word_1_214' title='bbox 3569 1512 3685 1560; x_wconf 77' lang='lat' dir='ltr'><strong>an&#39;e</strong></span> 
     </span>
    </p>
   </div>
   <div class='ocr_carea' id='block_1_32' title="bbox 2105 1593 3689 1663">
    <p class='ocr_par' dir='ltr' id='par_1_32' title="bbox 2105 1593 3689 1663">
     <span class='ocr_line' id='line_1_32' title="bbox 2105 1593 3689 1663; baseline 0 -14"><span class='ocrx_word' id='word_1_215' title='bbox 2105 1594 2246 1649; x_wconf 85' lang='lat' dir='ltr'><strong>ostia</strong></span> <span class='ocrx_word' id='word_1_216' title='bbox 2277 1593 2418 1658; x_wconf 86' lang='lat' dir='ltr'><strong>velo,</strong></span> <span class='ocrx_word' id='word_1_217' title='bbox 2448 1593 2551 1663; x_wconf 83' lang='lat' dir='ltr'><strong>ipsi</strong></span> <span class='ocrx_word' id='word_1_218' title='bbox 2576 1608 2793 1663; x_wconf 81' lang='lat' dir='ltr'><strong>quoque</strong></span> <span class='ocrx_word' id='word_1_219' title='bbox 2826 1602 3030 1659; x_wconf 86' lang='lat' dir='ltr'><strong>vectes,</strong></span> <span class='ocrx_word' id='word_1_220' title='bbox 3053 1608 3179 1648; x_wconf 87' lang='lat' dir='ltr'><strong>arca</strong></span> <span class='ocrx_word' id='word_1_221' title='bbox 3205 1602 3259 1648; x_wconf 86' lang='lat' dir='ltr'><strong>et</strong></span> <span class='ocrx_word' id='word_1_222' title='bbox 3284 1595 3572 1649; x_wconf 88' lang='lat' dir='ltr'><strong>cherubim</strong></span> <span class='ocrx_word' id='word_1_223' title='bbox 3600 1594 3689 1650; x_wconf 79' lang='lat' dir='ltr'><strong>ab-</strong></span> 
     </span>
    </p>
   </div>
   <div class='ocr_carea' id='block_1_33' title="bbox 2107 1684 3689 1757">
    <p class='ocr_par' dir='ltr' id='par_1_33' title="bbox 2107 1684 3689 1757">
     <span class='ocr_line' id='line_1_33' title="bbox 2107 1684 3689 1757; baseline 0 -16"><span class='ocrx_word' id='word_1_224' title='bbox 2107 1684 2365 1741; x_wconf 81' lang='lat' dir='ltr'><strong>derentur</strong></span> <span class='ocrx_word' id='word_1_225' title='bbox 2393 1684 2621 1740; x_wconf 86' lang='lat' dir='ltr'><strong>interius</strong></span> <span class='ocrx_word' id='word_1_226' title='bbox 2651 1701 2664 1737; x_wconf 89' lang='lat'><strong>:</strong></span> <span class='ocrx_word' id='word_1_227' title='bbox 2696 1684 2839 1753; x_wconf 88' lang='lat' dir='ltr'><strong>quod</strong></span> <span class='ocrx_word' id='word_1_228' title='bbox 2878 1684 2995 1740; x_wconf 80' lang='lat' dir='ltr'><strong>ﬁeri</strong></span> <span class='ocrx_word' id='word_1_229' title='bbox 3022 1700 3128 1739; x_wconf 88' lang='lat' dir='ltr'><strong>non</strong></span> <span class='ocrx_word' id='word_1_230' title='bbox 3156 1694 3387 1754; x_wconf 85' lang='lat' dir='ltr'><strong>poterat.</strong></span> <span class='ocrx_word' id='word_1_231' title='bbox 3417 1686 3465 1740; x_wconf 88' lang='lat' dir='ltr'><strong>si</strong></span> <span class='ocrx_word' id='word_1_232' title='bbox 3493 1687 3689 1757; x_wconf 82' lang='lat' dir='ltr'><strong>promi-</strong></span> 
     </span>
    </p>
   </div>
   <div class='ocr_carea' id='block_1_34' title="bbox 400 1773 3688 1850">
    <p class='ocr_par' dir='ltr' id='par_1_34' title="bbox 400 1773 3688 1850">
     <span class='ocr_line' id='line_1_34' title="bbox 400 1773 3688 1850; baseline -0.002 -6"><span class='ocrx_word' id='word_1_233' title='bbox 400 1805 535 1846; x_wconf 66' lang='lat' dir='ltr'><strong>cant</strong></span> <span class='ocrx_word' id='word_1_234' title='bbox 564 1786 776 1850; x_wconf 79' lang='lat' dir='ltr'><strong>Levitis,</strong></span> <span class='ocrx_word' id='word_1_235' title='bbox 805 1791 910 1839; x_wconf 88' lang='lat' dir='ltr'><strong>etc.</strong></span> <span class='ocrx_word' id='word_1_236' title='bbox 936 1780 1071 1837; x_wconf 87' lang='lat' dir='ltr'><strong>Cum</strong></span> <span class='ocrx_word' id='word_1_237' title='bbox 1102 1779 1362 1835; x_wconf 86' lang='lat' dir='ltr'><strong>Dominus</strong></span> <span class='ocrx_word' id='word_1_238' title='bbox 1405 1786 1606 1843; x_wconf 86' lang='lat' dir='ltr'><strong>noster,</strong></span> <span class='ocrx_word' id='word_1_239' title='bbox 1634 1783 1852 1847; x_wconf 81' lang='lat' dir='ltr'><strong>peracto</strong></span> <span class='ocrx_word' id='word_1_240' title='bbox 1876 1773 1999 1829; x_wconf 90' lang='lat' dir='ltr'><strong>uni-</strong></span> <span class='ocrx_word' id='word_1_241' title='bbox 2031 1789 2079 1848; x_wconf 78' lang='grc' dir='ltr'><strong>Β</strong></span> <span class='ocrx_word' id='word_1_242' title='bbox 2108 1786 2303 1832; x_wconf 87' lang='lat' dir='ltr'><strong>nentes</strong></span> <span class='ocrx_word' id='word_1_243' title='bbox 2324 1776 2552 1832; x_wconf 87' lang='lat' dir='ltr'><strong>ulterius</strong></span> <span class='ocrx_word' id='word_1_244' title='bbox 2605 1785 2787 1832; x_wconf 83' lang='lat' dir='ltr'><strong>vectes</strong></span> <span class='ocrx_word' id='word_1_245' title='bbox 2834 1777 3197 1847; x_wconf 86' lang='lat' dir='ltr'><strong>producendis</strong></span> <span class='ocrx_word' id='word_1_246' title='bbox 3239 1779 3304 1834; x_wconf 87' lang='lat' dir='ltr'><strong>ad</strong></span> <span class='ocrx_word' id='word_1_247' title='bbox 3333 1778 3688 1836; x_wconf 76' lang='lat' dir='ltr'><strong>claudendum</strong></span> 
     </span>
    </p>
   </div>
   <div class='ocr_carea' id='block_1_35' title="bbox 414 1864 2004 1947">
    <p class='ocr_par' dir='ltr' id='par_1_35' title="bbox 414 1864 2004 1947">
     <span class='ocr_line' id='line_1_35' title="bbox 414 1864 2004 1947; baseline -0.011 -10"><span class='ocrx_word' id='word_1_248' title='bbox 414 1879 613 1937; x_wconf 77' lang='lat' dir='ltr'><strong>versali</strong></span> <span class='ocrx_word' id='word_1_249' title='bbox 634 1875 859 1947; x_wconf 76' lang='lat' dir='ltr'><strong>iudicio,</strong></span> <span class='ocrx_word' id='word_1_250' title='bbox 886 1888 1076 1929; x_wconf 87' lang='lat' dir='ltr'><strong>omnes</strong></span> <span class='ocrx_word' id='word_1_251' title='bbox 1097 1871 1320 1936; x_wconf 90' lang='lat' dir='ltr'><strong>electos,</strong></span> <span class='ocrx_word' id='word_1_252' title='bbox 1351 1879 1406 1926; x_wconf 90' lang='lat' dir='ltr'><strong>ct</strong></span> <span class='ocrx_word' id='word_1_253' title='bbox 1449 1870 1733 1924; x_wconf 86' lang='lat' dir='ltr'><strong>doctorum</strong></span> <span class='ocrx_word' id='word_1_254' title='bbox 1754 1864 2004 1921; x_wconf 82' lang='lat' dir='ltr'><strong>videlicet</strong></span> 
     </span>
    </p>
   </div>
   <div class='ocr_carea' id='block_1_36' title="bbox 413 1955 2002 2031">
    <p class='ocr_par' dir='ltr' id='par_1_36' title="bbox 413 1955 2002 2031">
     <span class='ocr_line' id='line_1_36' title="bbox 413 1955 2002 2031; baseline -0.012 -4"><span class='ocrx_word' id='word_1_255' title='bbox 413 1979 741 2027; x_wconf 73' lang='lat' dir='ltr'><strong>cancrorum</strong></span> <span class='ocrx_word' id='word_1_256' title='bbox 766 1965 1011 2021; x_wconf 83' lang='lat' dir='ltr'><strong>ﬁdelium</strong></span> <span class='ocrx_word' id='word_1_257' title='bbox 1050 1973 1254 2018; x_wconf 74' lang='lat' dir='ltr'><strong>emtum</strong></span> <span class='ocrx_word' id='word_1_258' title='bbox 1283 1962 1336 2016; x_wconf 90' lang='lat' dir='ltr'><strong>in</strong></span> <span class='ocrx_word' id='word_1_259' title='bbox 1362 1960 1617 2031; x_wconf 75' lang='lat' dir='ltr'><strong>gaudium</strong></span> <span class='ocrx_word' id='word_1_260' title='bbox 1658 1958 1810 2028; x_wconf 79' lang='lat' dir='ltr'><strong>regni</strong></span> <span class='ocrx_word' id='word_1_261' title='bbox 1839 1955 2002 2013; x_wconf 83' lang='lat' dir='ltr'><strong>coele-</strong></span> 
     </span>
    </p>
   </div>
   <div class='ocr_carea' id='block_1_37' title="bbox 416 2050 2004 2129">
    <p class='ocr_par' dir='ltr' id='par_1_37' title="bbox 416 2050 2004 2129">
     <span class='ocr_line' id='line_1_37' title="bbox 416 2050 2004 2129; baseline -0.009 -10"><span class='ocrx_word' id='word_1_262' title='bbox 416 2066 517 2120; x_wconf 84' lang='lat' dir='ltr'><strong>stis</strong></span> <span class='ocrx_word' id='word_1_263' title='bbox 542 2061 858 2126; x_wconf 78' lang='lat' dir='ltr'><strong>introducit,</strong></span> <span class='ocrx_word' id='word_1_264' title='bbox 896 2058 1219 2129; x_wconf 89' lang='lat' dir='ltr'><strong>reponitque</strong></span> <span class='ocrx_word' id='word_1_265' title='bbox 1246 2070 1375 2111; x_wconf 86' lang='lat' dir='ltr'><strong>vasa</strong></span> <span class='ocrx_word' id='word_1_266' title='bbox 1405 2053 1605 2111; x_wconf 85' lang='lat' dir='ltr'><strong>diversi</strong></span> <span class='ocrx_word' id='word_1_267' title='bbox 1658 2050 1873 2123; x_wconf 78' lang='lat' dir='ltr'><strong>generis</strong></span> <span class='ocrx_word' id='word_1_268' title='bbox 1915 2066 2004 2106; x_wconf 87' lang='lat' dir='ltr'><strong>ar-</strong></span> 
     </span>
    </p>
   </div>
   <div class='ocr_carea' id='block_1_38' title="bbox 414 2142 2001 2228">
    <p class='ocr_par' dir='ltr' id='par_1_38' title="bbox 414 2142 2001 2228">
     <span class='ocr_line' id='line_1_38' title="bbox 414 2142 2001 2228; baseline -0.009 -17"><span class='ocrx_word' id='word_1_269' title='bbox 414 2166 607 2228; x_wconf 87' lang='lat' dir='ltr'><strong>gentea</strong></span> <span class='ocrx_word' id='word_1_270' title='bbox 633 2155 747 2209; x_wconf 82' lang='lat' dir='ltr'><strong>sive</strong></span> <span class='ocrx_word' id='word_1_271' title='bbox 765 2167 929 2206; x_wconf 87' lang='lat' dir='ltr'><strong>aurea</strong></span> <span class='ocrx_word' id='word_1_272' title='bbox 950 2151 1003 2204; x_wconf 89' lang='lat' dir='ltr'><strong>in</strong></span> <span class='ocrx_word' id='word_1_273' title='bbox 1020 2147 1292 2203; x_wconf 88' lang='lat' dir='ltr'><strong>thesauris</strong></span> <span class='ocrx_word' id='word_1_274' title='bbox 1314 2147 1506 2201; x_wconf 88' lang='lat' dir='ltr'><strong>domus</strong></span> <span class='ocrx_word' id='word_1_275' title='bbox 1526 2144 1760 2205; x_wconf 90' lang='lat' dir='ltr'><strong>Domini,</strong></span> <span class='ocrx_word' id='word_1_276' title='bbox 1787 2142 2001 2212; x_wconf 87' lang='lat' dir='ltr'><strong>quando</strong></span> 
     </span>
    </p>
   </div>
   <div class='ocr_carea' id='block_1_39' title="bbox 397 2236 1999 2315">
    <p class='ocr_par' dir='ltr' id='par_1_39' title="bbox 397 2236 1999 2315">
     <span class='ocr_line' id='line_1_39' title="bbox 397 2236 1999 2315; baseline -0.008 -14"><span class='ocrx_word' id='word_1_277' title='bbox 397 2260 531 2310; x_wconf 74' lang='lat' dir='ltr'><strong>eos,</strong></span> <span class='ocrx_word' id='word_1_278' title='bbox 566 2246 660 2315; x_wconf 84' lang='lat' dir='ltr'><strong>qui</strong></span> <span class='ocrx_word' id='word_1_279' title='bbox 689 2241 1037 2298; x_wconf 87' lang='lat' dir='ltr'><strong>multitudine</strong></span> <span class='ocrx_word' id='word_1_280' title='bbox 1064 2239 1363 2296; x_wconf 85' lang='lat' dir='ltr'><strong>dulcedinis</strong></span> <span class='ocrx_word' id='word_1_281' title='bbox 1379 2238 1496 2308; x_wconf 80' lang='lat' dir='ltr'><strong>ejus</strong></span> <span class='ocrx_word' id='word_1_282' title='bbox 1529 2236 1635 2291; x_wconf 83' lang='lat' dir='ltr'><strong>frui</strong></span> <span class='ocrx_word' id='word_1_283' title='bbox 1666 2243 1999 2300; x_wconf 86' lang='lat' dir='ltr'><strong>meruerunt,</strong></span> 
     </span>
    </p>
   </div>
   <div class='ocr_carea' id='block_1_40' title="bbox 418 2329 2004 2392">
    <p class='ocr_par' dir='ltr' id='par_1_40' title="bbox 418 2329 2004 2392">
     <span class='ocr_line' id='line_1_40' title="bbox 418 2329 2004 2392; baseline -0.007 0"><span class='ocrx_word' id='word_1_284' title='bbox 418 2336 689 2392; x_wconf 78' lang='lat' dir='ltr'><strong>abscondit</strong></span> <span class='ocrx_word' id='word_1_285' title='bbox 730 2337 785 2389; x_wconf 89' lang='lat' dir='ltr'><strong>in</strong></span> <span class='ocrx_word' id='word_1_286' title='bbox 836 2334 1012 2389; x_wconf 85' lang='lat' dir='ltr'><strong>abdito</strong></span> <span class='ocrx_word' id='word_1_287' title='bbox 1032 2331 1209 2387; x_wconf 77' lang='lat' dir='ltr'><strong>uultus</strong></span> <span class='ocrx_word' id='word_1_288' title='bbox 1230 2331 1314 2385; x_wconf 79' lang='lat' dir='ltr'><strong>sui</strong></span> <span class='ocrx_word' id='word_1_289' title='bbox 1344 2348 1379 2384; x_wconf 87' lang='lat' dir='ltr'><strong>a</strong></span> <span class='ocrx_word' id='word_1_290' title='bbox 1400 2330 1796 2385; x_wconf 81' lang='lat' dir='ltr'><strong>conturbatione</strong></span> <span class='ocrx_word' id='word_1_291' title='bbox 1835 2329 2004 2382; x_wconf 77' lang='lat' dir='ltr'><strong>homi-</strong></span> 
     </span>
    </p>
   </div>
   <div class='ocr_carea' id='block_1_41' title="bbox 406 2417 2004 2498">
    <p class='ocr_par' dir='ltr' id='par_1_41' title="bbox 406 2417 2004 2498">
     <span class='ocr_line' id='line_1_41' title="bbox 406 2417 2004 2498; baseline -0.007 -16"><span class='ocrx_word' id='word_1_292' title='bbox 406 2444 544 2482; x_wconf 77' lang='lat' dir='ltr'><strong>num</strong></span> <span class='ocrx_word' id='word_1_293' title='bbox 570 2426 744 2498; x_wconf 83' lang='lat' dir='ltr'><strong>(Psal.</strong></span> <span class='ocrx_word' id='word_1_294' title='bbox 769 2424 922 2496; x_wconf 88' lang='lat' dir='ltr'><strong>xxx).</strong></span> <span class='ocrx_word' id='word_1_295' title='bbox 951 2424 1017 2478; x_wconf 84' lang='lat' dir='ltr'><strong>Et</strong></span> <span class='ocrx_word' id='word_1_296' title='bbox 1047 2431 1170 2493; x_wconf 86' lang='lat' dir='ltr'><strong>apte</strong></span> <span class='ocrx_word' id='word_1_297' title='bbox 1190 2421 1342 2477; x_wconf 88' lang='lat' dir='ltr'><strong>multi</strong></span> <span class='ocrx_word' id='word_1_298' title='bbox 1364 2428 1494 2477; x_wconf 86' lang='lat' dir='ltr'><strong>sunt</strong></span> <span class='ocrx_word' id='word_1_299' title='bbox 1516 2419 1777 2483; x_wconf 78' lang='lat' dir='ltr'><strong>thesauri,</strong></span> <span class='ocrx_word' id='word_1_300' title='bbox 1806 2418 1862 2472; x_wconf 90' lang='lat' dir='ltr'><strong>in</strong></span> <span class='ocrx_word' id='word_1_301' title='bbox 1886 2417 2004 2486; x_wconf 88' lang='lat' dir='ltr'><strong>qui-</strong></span> 
     </span>
    </p>
   </div>
   <div class='ocr_carea' id='block_1_42' title="bbox 417 2506 2007 2575">
    <p class='ocr_par' dir='ltr' id='par_1_42' title="bbox 417 2506 2007 2575">
     <span class='ocr_line' id='line_1_42' title="bbox 417 2506 2007 2575; baseline -0.008 -3"><span class='ocrx_word' id='word_1_302' title='bbox 417 2518 521 2572; x_wconf 83' lang='lat' dir='ltr'><strong>bus</strong></span> <span class='ocrx_word' id='word_1_303' title='bbox 543 2531 668 2571; x_wconf 84' lang='lat' dir='ltr'><strong>vasa</strong></span> <span class='ocrx_word' id='word_1_304' title='bbox 690 2514 972 2571; x_wconf 79' lang='lat' dir='ltr'><strong>electionis</strong></span> <span class='ocrx_word' id='word_1_305' title='bbox 996 2506 1383 2575; x_wconf 84' lang='lat' dir='ltr'><strong>recondantur,</strong></span> <span class='ocrx_word' id='word_1_306' title='bbox 1411 2508 1506 2564; x_wconf 87' lang='lat' dir='ltr'><strong>sed</strong></span> <span class='ocrx_word' id='word_1_307' title='bbox 1541 2525 1645 2563; x_wconf 86' lang='lat' dir='ltr'><strong>una</strong></span> <span class='ocrx_word' id='word_1_308' title='bbox 1679 2508 1871 2565; x_wconf 80' lang='lat' dir='ltr'><strong>doruus</strong></span> <span class='ocrx_word' id='word_1_309' title='bbox 1898 2507 2007 2560; x_wconf 86' lang='lat' dir='ltr'><strong>Do-</strong></span> 
     </span>
    </p>
   </div>
   <div class='ocr_carea' id='block_1_43' title="bbox 419 2600 2004 2676">
    <p class='ocr_par' dir='ltr' id='par_1_43' title="bbox 419 2600 2004 2676">
     <span class='ocr_line' id='line_1_43' title="bbox 419 2600 2004 2676; baseline -0.006 -13"><span class='ocrx_word' id='word_1_310' title='bbox 419 2608 578 2672; x_wconf 84' lang='lat' dir='ltr'><strong>mini,</strong></span> <span class='ocrx_word' id='word_1_311' title='bbox 608 2608 662 2661; x_wconf 91' lang='lat' dir='ltr'><strong>in</strong></span> <span class='ocrx_word' id='word_1_312' title='bbox 691 2621 798 2676; x_wconf 81' lang='lat' dir='ltr'><strong>qua</strong></span> <span class='ocrx_word' id='word_1_313' title='bbox 826 2605 987 2660; x_wconf 86' lang='lat' dir='ltr'><strong>iidem</strong></span> <span class='ocrx_word' id='word_1_314' title='bbox 1015 2611 1142 2661; x_wconf 88' lang='lat' dir='ltr'><strong>sunt</strong></span> <span class='ocrx_word' id='word_1_315' title='bbox 1169 2601 1297 2657; x_wconf 81' lang='lat' dir='ltr'><strong>facti</strong></span> <span class='ocrx_word' id='word_1_316' title='bbox 1330 2600 1594 2666; x_wconf 86' lang='lat' dir='ltr'><strong>thesauri,</strong></span> <span class='ocrx_word' id='word_1_317' title='bbox 1621 2602 1747 2670; x_wconf 86' lang='lat' dir='ltr'><strong>quia</strong></span> <span class='ocrx_word' id='word_1_318' title='bbox 1798 2609 1855 2655; x_wconf 85' lang='lat' dir='ltr'><strong>et</strong></span> <span class='ocrx_word' id='word_1_319' title='bbox 1898 2615 2004 2654; x_wconf 82' lang='lat' dir='ltr'><strong>una</strong></span> 
     </span>
    </p>
   </div>
   <div class='ocr_carea' id='block_1_44' title="bbox 414 2689 2008 2763">
    <p class='ocr_par' dir='ltr' id='par_1_44' title="bbox 414 2689 2008 2763">
     <span class='ocr_line' id='line_1_44' title="bbox 414 2689 2008 2763; baseline -0.006 -10"><span class='ocrx_word' id='word_1_320' title='bbox 414 2705 506 2753; x_wconf 83' lang='lat' dir='ltr'><strong>est</strong></span> <span class='ocrx_word' id='word_1_321' title='bbox 528 2695 788 2760; x_wconf 83' lang='lat' dir='ltr'><strong>Ecclesia,</strong></span> <span class='ocrx_word' id='word_1_322' title='bbox 816 2695 871 2750; x_wconf 91' lang='lat' dir='ltr'><strong>in</strong></span> <span class='ocrx_word' id='word_1_323' title='bbox 900 2710 1007 2763; x_wconf 75' lang='lat' dir='ltr'><strong>qua</strong></span> <span class='ocrx_word' id='word_1_324' title='bbox 1037 2707 1228 2749; x_wconf 86' lang='lat' dir='ltr'><strong>omnes</strong></span> <span class='ocrx_word' id='word_1_325' title='bbox 1247 2692 1601 2751; x_wconf 84' lang='lat' dir='ltr'><strong>continentur</strong></span> <span class='ocrx_word' id='word_1_326' title='bbox 1628 2689 1806 2755; x_wconf 88' lang='lat' dir='ltr'><strong>electi,</strong></span> <span class='ocrx_word' id='word_1_327' title='bbox 1835 2704 2008 2759; x_wconf 85' lang='lat' dir='ltr'><strong>quan-</strong></span> 
     </span>
    </p>
   </div>
   <div class='ocr_carea' id='block_1_45' title="bbox 420 2770 2005 2851">
    <p class='ocr_par' dir='ltr' id='par_1_45' title="bbox 420 2770 2005 2851">
     <span class='ocr_line' id='line_1_45' title="bbox 420 2770 2005 2851; baseline -0.006 -7"><span class='ocrx_word' id='word_1_328' title='bbox 420 2788 668 2844; x_wconf 89' lang='lat' dir='ltr'><strong>tumlibet</strong></span> <span class='ocrx_word' id='word_1_329' title='bbox 702 2786 911 2842; x_wconf 89' lang='lat' dir='ltr'><strong>meritis</strong></span> <span class='ocrx_word' id='word_1_330' title='bbox 938 2785 1172 2848; x_wconf 87' lang='lat' dir='ltr'><strong>distent;</strong></span> <span class='ocrx_word' id='word_1_331' title='bbox 1210 2792 1266 2839; x_wconf 88' lang='lat' dir='ltr'><strong>et</strong></span> <span class='ocrx_word' id='word_1_332' title='bbox 1296 2770 1402 2837; x_wconf 89' lang='lat' dir='ltr'><strong>una</strong></span> <span class='ocrx_word' id='word_1_333' title='bbox 1429 2798 1539 2837; x_wconf 80' lang='lat' dir='ltr'><strong>non</strong></span> <span class='ocrx_word' id='word_1_334' title='bbox 1563 2782 1774 2836; x_wconf 84' lang='lat' dir='ltr'><strong>diversa</strong></span> <span class='ocrx_word' id='word_1_335' title='bbox 1804 2789 1889 2835; x_wconf 84' lang='lat' dir='ltr'><strong>est</strong></span> <span class='ocrx_word' id='word_1_336' title='bbox 1908 2796 2005 2851; x_wconf 77' lang='lat' dir='ltr'><strong>pa-</strong></span> 
     </span>
    </p>
   </div>
   <div class='ocr_carea' id='block_1_46' title="bbox 421 2872 2003 2947">
    <p class='ocr_par' dir='ltr' id='par_1_46' title="bbox 421 2872 2003 2947">
     <span class='ocr_line' id='line_1_46' title="bbox 421 2872 2003 2947; baseline -0.006 -12"><span class='ocrx_word' id='word_1_337' title='bbox 421 2882 530 2935; x_wconf 89' lang='lat' dir='ltr'><strong>tria</strong></span> <span class='ocrx_word' id='word_1_338' title='bbox 557 2879 647 2934; x_wconf 90' lang='lat' dir='ltr'><strong>illa</strong></span> <span class='ocrx_word' id='word_1_339' title='bbox 672 2877 929 2941; x_wconf 64' lang='lat' dir='ltr'><strong>caelestis,</strong></span> <span class='ocrx_word' id='word_1_340' title='bbox 962 2892 1087 2947; x_wconf 60' lang='lat' dir='ltr'><strong>qua:</strong></span> <span class='ocrx_word' id='word_1_341' title='bbox 1129 2873 1316 2931; x_wconf 66' lang='lat' dir='ltr'><strong>doctis</strong></span> <span class='ocrx_word' id='word_1_342' title='bbox 1346 2873 1683 2945; x_wconf 84' lang='lat' dir='ltr'><strong>promittitur</strong></span> <span class='ocrx_word' id='word_1_343' title='bbox 1711 2872 1963 2928; x_wconf 89' lang='lat' dir='ltr'><strong>omnibus</strong></span> <span class='ocrx_word' id='word_1_344' title='bbox 1990 2892 2003 2926; x_wconf 87' lang='lat'><strong>:</strong></span> 
     </span>
    </p>
   </div>
   <div class='ocr_carea' id='block_1_47' title="bbox 411 2961 2002 3038">
    <p class='ocr_par' dir='ltr' id='par_1_47' title="bbox 411 2961 2002 3038">
     <span class='ocr_line' id='line_1_47' title="bbox 411 2961 2002 3038; baseline -0.006 -13"><span class='ocrx_word' id='word_1_345' title='bbox 411 2968 672 3038; x_wconf 68' lang='lat' dir='ltr'><strong>quamvis</strong></span> <span class='ocrx_word' id='word_1_346' title='bbox 692 2967 828 3022; x_wconf 88' lang='lat' dir='ltr'><strong>sicut</strong></span> <span class='ocrx_word' id='word_1_347' title='bbox 851 2964 1008 3022; x_wconf 83' lang='lat' dir='ltr'><strong>stella</strong></span> <span class='ocrx_word' id='word_1_348' title='bbox 1030 2979 1061 3017; x_wconf 90' lang='lat' dir='ltr'><strong>a</strong></span> <span class='ocrx_word' id='word_1_349' title='bbox 1089 2961 1248 3016; x_wconf 81' lang='lat' dir='ltr'><strong>stella</strong></span> <span class='ocrx_word' id='word_1_350' title='bbox 1271 2962 1452 3030; x_wconf 64' lang='lat' dir='ltr'><strong>(li/fert</strong></span> <span class='ocrx_word' id='word_1_351' title='bbox 1483 2965 1536 3016; x_wconf 82' lang='lat' dir='ltr'><strong>in</strong></span> <span class='ocrx_word' id='word_1_352' title='bbox 1558 2962 1823 3030; x_wconf 84' lang='lat' dir='ltr'><strong>claritate,</strong></span> <span class='ocrx_word' id='word_1_353' title='bbox 1853 2965 1931 3020; x_wconf 80' lang='lat' dir='ltr'><strong>ita,</strong></span> <span class='ocrx_word' id='word_1_354' title='bbox 1954 2972 2002 3016; x_wconf 81' lang='lat' dir='ltr'><strong>et</strong></span> 
     </span>
    </p>
   </div>
   <div class='ocr_carea' id='block_1_48' title="bbox 416 3055 2001 3131">
    <p class='ocr_par' dir='ltr' id='par_1_48' title="bbox 416 3055 2001 3131">
     <span class='ocr_line' id='line_1_48' title="bbox 416 3055 2001 3131; baseline -0.006 -15"><span class='ocrx_word' id='word_1_355' title='bbox 416 3061 735 3117; x_wconf 71' lang='lat' dir='ltr'><strong>resurrectio</strong></span> <span class='ocrx_word' id='word_1_356' title='bbox 767 3066 1095 3113; x_wconf 61' lang='lat' dir='ltr'><strong>mortuorum</strong></span> <span class='ocrx_word' id='word_1_357' title='bbox 1121 3055 1172 3128; x_wconf 92' lang='lat' dir='ltr'><strong>(I</strong></span> <span class='ocrx_word' id='word_1_358' title='bbox 1207 3055 1333 3111; x_wconf 83' lang='lat' dir='ltr'><strong>Cor.</strong></span> <span class='ocrx_word' id='word_1_359' title='bbox 1367 3056 1482 3127; x_wconf 76' lang='lat' dir='ltr'><strong>xv).</strong></span> <span class='ocrx_word' id='word_1_360' title='bbox 1514 3056 1667 3123; x_wconf 84' lang='lat' dir='ltr'><strong>Quod</strong></span> <span class='ocrx_word' id='word_1_361' title='bbox 1710 3066 2001 3131; x_wconf 80' lang='lat' dir='ltr'><strong>utrumque</strong></span> 
     </span>
    </p>
   </div>
   <div class='ocr_carea' id='block_1_49' title="bbox 2108 1862 3621 1923">
    <p class='ocr_par' dir='ltr' id='par_1_49' title="bbox 2108 1862 3621 1923">
     <span class='ocr_line' id='line_1_49' title="bbox 2108 1862 3621 1923; baseline 0 -4"><span class='ocrx_word' id='word_1_362' title='bbox 2108 1862 2299 1919; x_wconf 86' lang='lat' dir='ltr'><strong>hostiis</strong></span> <span class='ocrx_word' id='word_1_363' title='bbox 2320 1863 2496 1921; x_wconf 90' lang='lat' dir='ltr'><strong>locum</strong></span> <span class='ocrx_word' id='word_1_364' title='bbox 2525 1878 2631 1917; x_wconf 91' lang='lat' dir='ltr'><strong>non</strong></span> <span class='ocrx_word' id='word_1_365' title='bbox 2658 1863 2873 1921; x_wconf 87' lang='lat' dir='ltr'><strong>darent.</strong></span> <span class='ocrx_word' id='word_1_366' title='bbox 3612 1912 3621 1923; x_wconf 88' lang='lat'><strong>.</strong></span> 
     </span>
    </p>
   </div>
   <div class='ocr_carea' id='block_1_50' title="bbox 2177 1954 3691 2030">
    <p class='ocr_par' dir='ltr' id='par_1_50' title="bbox 2177 1954 3691 2030">
     <span class='ocr_line' id='line_1_50' title="bbox 2177 1954 3691 2030; baseline 0.003 -21"><span class='ocrx_word' id='word_1_367' title='bbox 2177 1954 2415 2021; x_wconf 86' lang='lat' dir='ltr'><strong>Quorum</strong></span> <span class='ocrx_word' id='word_1_368' title='bbox 2444 1956 2765 2030; x_wconf 83' lang='lat' dir='ltr'><strong>positionem</strong></span> <span class='ocrx_word' id='word_1_369' title='bbox 2805 1955 3040 2011; x_wconf 89' lang='lat' dir='ltr'><strong>vectium</strong></span> <span class='ocrx_word' id='word_1_370' title='bbox 3092 1954 3375 2026; x_wconf 87' lang='lat' dir='ltr'><strong>Scriptura</strong></span> <span class='ocrx_word' id='word_1_371' title='bbox 3426 1972 3540 2011; x_wconf 87' lang='lat' dir='ltr'><strong>non</strong></span> <span class='ocrx_word' id='word_1_372' title='bbox 3582 1958 3691 2014; x_wconf 69' lang='lat' dir='ltr'><strong>sate</strong></span> 
     </span>
    </p>
   </div>
   <div class='ocr_carea' id='block_1_51' title="bbox 2106 2046 3693 2121">
    <p class='ocr_par' dir='ltr' id='par_1_51' title="bbox 2106 2046 3693 2121">
     <span class='ocr_line' id='line_1_51' title="bbox 2106 2046 3693 2121; baseline 0.003 -21"><span class='ocrx_word' id='word_1_373' title='bbox 2106 2060 2296 2111; x_wconf 85' lang='lat' dir='ltr'><strong>causa,</strong></span> <span class='ocrx_word' id='word_1_374' title='bbox 2321 2046 2415 2101; x_wconf 85' lang='lat' dir='ltr'><strong>sed</strong></span> <span class='ocrx_word' id='word_1_375' title='bbox 2443 2047 2627 2117; x_wconf 84' lang='lat' dir='ltr'><strong>magni</strong></span> <span class='ocrx_word' id='word_1_376' title='bbox 2672 2047 2872 2102; x_wconf 89' lang='lat' dir='ltr'><strong>intuitu</strong></span> <span class='ocrx_word' id='word_1_377' title='bbox 2909 2049 3233 2103; x_wconf 87' lang='lat' dir='ltr'><strong>sacramenti</strong></span> <span class='ocrx_word' id='word_1_378' title='bbox 3264 2056 3372 2102; x_wconf 88' lang='lat' dir='ltr'><strong>tam</strong></span> <span class='ocrx_word' id='word_1_379' title='bbox 3404 2049 3693 2121; x_wconf 76' lang='lat' dir='ltr'><strong>diligenter</strong></span> 
     </span>
    </p>
   </div>
   <div class='ocr_carea' id='block_1_52' title="bbox 2105 2137 3691 2214">
    <p class='ocr_par' dir='ltr' id='par_1_52' title="bbox 2105 2137 3691 2214">
     <span class='ocr_line' id='line_1_52' title="bbox 2105 2137 3691 2214; baseline 0.004 -23"><span class='ocrx_word' id='word_1_380' title='bbox 2105 2138 2358 2208; x_wconf 80' lang='lat' dir='ltr'><strong>expedire</strong></span> <span class='ocrx_word' id='word_1_381' title='bbox 2380 2139 2610 2193; x_wconf 82' lang='lat' dir='ltr'><strong>curavit.</strong></span> <span class='ocrx_word' id='word_1_382' title='bbox 2640 2137 2864 2194; x_wconf 88' lang='lat' dir='ltr'><strong>Constat</strong></span> <span class='ocrx_word' id='word_1_383' title='bbox 2909 2139 3076 2206; x_wconf 78' lang='lat' dir='ltr'><strong>enim,</strong></span> <span class='ocrx_word' id='word_1_384' title='bbox 3109 2139 3237 2210; x_wconf 86' lang='lat' dir='ltr'><strong>quia</strong></span> <span class='ocrx_word' id='word_1_385' title='bbox 3274 2141 3470 2197; x_wconf 82' lang='lat' dir='ltr'><strong>domus</strong></span> <span class='ocrx_word' id='word_1_386' title='bbox 3516 2144 3691 2214; x_wconf 82' lang='lat' dir='ltr'><strong>templi</strong></span> 
     </span>
    </p>
   </div>
   <div class='ocr_carea' id='block_1_53' title="bbox 2104 2228 3693 2299">
    <p class='ocr_par' dir='ltr' id='par_1_53' title="bbox 2104 2228 3693 2299">
     <span class='ocr_line' id='line_1_53' title="bbox 2104 2228 3693 2299; baseline 0.003 -15"><span class='ocrx_word' id='word_1_387' title='bbox 2104 2228 2341 2285; x_wconf 80' lang='lat' dir='ltr'><strong>exterior</strong></span> <span class='ocrx_word' id='word_1_388' title='bbox 2384 2228 2822 2299; x_wconf 81' lang='lat' dir='ltr'><strong>peregrinantem</strong></span> <span class='ocrx_word' id='word_1_389' title='bbox 2865 2230 2921 2284; x_wconf 89' lang='lat' dir='ltr'><strong>in</strong></span> <span class='ocrx_word' id='word_1_390' title='bbox 2970 2232 3130 2285; x_wconf 84' lang='lat' dir='ltr'><strong>terris</strong></span> <span class='ocrx_word' id='word_1_391' title='bbox 3157 2231 3478 2297; x_wconf 76' lang='lat' dir='ltr'><strong>Ecclesiam,</strong></span> <span class='ocrx_word' id='word_1_392' title='bbox 3513 2243 3693 2289; x_wconf 82' lang='lat' dir='ltr'><strong>sancta</strong></span> 
     </span>
    </p>
   </div>
   <div class='ocr_carea' id='block_1_54' title="bbox 2106 2322 3694 2393">
    <p class='ocr_par' dir='ltr' id='par_1_54' title="bbox 2106 2322 3694 2393">
     <span class='ocr_line' id='line_1_54' title="bbox 2106 2322 3694 2393; baseline 0.005 -19"><span class='ocrx_word' id='word_1_393' title='bbox 2106 2329 2283 2375; x_wconf 89' lang='lat' dir='ltr'><strong>autem</strong></span> <span class='ocrx_word' id='word_1_394' title='bbox 2317 2330 2631 2376; x_wconf 86' lang='lat' dir='ltr'><strong>sanctorum</strong></span> <span class='ocrx_word' id='word_1_395' title='bbox 2662 2322 2928 2377; x_wconf 87' lang='lat' dir='ltr'><strong>internam</strong></span> <span class='ocrx_word' id='word_1_396' title='bbox 2971 2338 3217 2393; x_wconf 79' lang='lat' dir='ltr'><strong>superna:</strong></span> <span class='ocrx_word' id='word_1_397' title='bbox 3240 2326 3431 2393; x_wconf 64' lang='lat' dir='ltr'><strong>patriae</strong></span> <span class='ocrx_word' id='word_1_398' title='bbox 3471 2325 3694 2382; x_wconf 75' lang='lat' dir='ltr'><strong>felicita-</strong></span> 
     </span>
    </p>
   </div>
   <div class='ocr_carea' id='block_1_55' title="bbox 2107 2412 3694 2487">
    <p class='ocr_par' dir='ltr' id='par_1_55' title="bbox 2107 2412 3694 2487">
     <span class='ocr_line' id='line_1_55' title="bbox 2107 2412 3694 2487; baseline 0.006 -23"><span class='ocrx_word' id='word_1_399' title='bbox 2107 2421 2216 2465; x_wconf 89' lang='lat' dir='ltr'><strong>tem</strong></span> <span class='ocrx_word' id='word_1_400' title='bbox 2248 2412 2568 2487; x_wconf 83' lang='lat' dir='ltr'><strong>designavit.</strong></span> <span class='ocrx_word' id='word_1_401' title='bbox 2594 2413 2730 2468; x_wconf 86' lang='lat' dir='ltr'><strong>Item</strong></span> <span class='ocrx_word' id='word_1_402' title='bbox 2760 2412 2905 2468; x_wconf 81' lang='lat' dir='ltr'><strong>illata</strong></span> <span class='ocrx_word' id='word_1_403' title='bbox 2933 2415 2985 2469; x_wconf 90' lang='lat' dir='ltr'><strong>in</strong></span> <span class='ocrx_word' id='word_1_404' title='bbox 3008 2424 3195 2471; x_wconf 84' lang='lat' dir='ltr'><strong>sancta</strong></span> <span class='ocrx_word' id='word_1_405' title='bbox 3220 2426 3543 2474; x_wconf 88' lang='lat' dir='ltr'><strong>sanctorum</strong></span> <span class='ocrx_word' id='word_1_406' title='bbox 3575 2434 3694 2474; x_wconf 82' lang='lat' dir='ltr'><strong>arca</strong></span> 
     </span>
    </p>
   </div>
   <div class='ocr_carea' id='block_1_56' title="bbox 2108 2501 3696 2580">
    <p class='ocr_par' dir='ltr' id='par_1_56' title="bbox 2108 2501 3696 2580">
     <span class='ocr_line' id='line_1_56' title="bbox 2108 2501 3696 2580; baseline 0.004 -25"><span class='ocrx_word' id='word_1_407' title='bbox 2108 2510 2442 2571; x_wconf 79' lang='lat' dir='ltr'><strong>assumptum</strong></span> <span class='ocrx_word' id='word_1_408' title='bbox 2460 2501 2663 2558; x_wconf 86' lang='lat' dir='ltr'><strong>Christi</strong></span> <span class='ocrx_word' id='word_1_409' title='bbox 2677 2503 3089 2569; x_wconf 81' lang='lat' dir='ltr'><strong>humanitatem,</strong></span> <span class='ocrx_word' id='word_1_410' title='bbox 3103 2516 3159 2560; x_wconf 90' lang='lat' dir='ltr'><strong>et</strong></span> <span class='ocrx_word' id='word_1_411' title='bbox 3181 2507 3321 2562; x_wconf 85' lang='lat' dir='ltr'><strong>intra</strong></span> <span class='ocrx_word' id='word_1_412' title='bbox 3339 2508 3525 2564; x_wconf 88' lang='lat' dir='ltr'><strong>velum</strong></span> <span class='ocrx_word' id='word_1_413' title='bbox 3544 2511 3696 2580; x_wconf 71' lang='lat' dir='ltr'><strong>regia:</strong></span> 
     </span>
    </p>
   </div>
   <div class='ocr_carea' id='block_1_57' title="bbox 2103 2592 3698 2670">
    <p class='ocr_par' dir='ltr' id='par_1_57' title="bbox 2103 2592 3698 2670">
     <span class='ocr_line' id='line_1_57' title="bbox 2103 2592 3698 2670; baseline 0.005 -24"><span class='ocrx_word' id='word_1_414' title='bbox 2103 2592 2352 2646; x_wconf 72' lang='lat' dir='ltr'><strong>ctelestis</strong></span> <span class='ocrx_word' id='word_1_415' title='bbox 2380 2593 2693 2660; x_wconf 87' lang='lat' dir='ltr'><strong>inductam;</strong></span> <span class='ocrx_word' id='word_1_416' title='bbox 2734 2606 2917 2651; x_wconf 81' lang='lat' dir='ltr'><strong>vectes</strong></span> <span class='ocrx_word' id='word_1_417' title='bbox 2960 2610 3087 2651; x_wconf 87' lang='lat' dir='ltr'><strong>vero</strong></span> <span class='ocrx_word' id='word_1_418' title='bbox 3132 2597 3330 2668; x_wconf 87' lang='lat' dir='ltr'><strong>quibus</strong></span> <span class='ocrx_word' id='word_1_419' title='bbox 3360 2614 3489 2654; x_wconf 88' lang='lat' dir='ltr'><strong>arca</strong></span> <span class='ocrx_word' id='word_1_420' title='bbox 3520 2610 3698 2670; x_wconf 85' lang='lat' dir='ltr'><strong>porta-</strong></span> 
     </span>
    </p>
   </div>
   <div class='ocr_carea' id='block_1_58' title="bbox 2103 2686 3699 2761">
    <p class='ocr_par' dir='ltr' id='par_1_58' title="bbox 2103 2686 3699 2761">
     <span class='ocr_line' id='line_1_58' title="bbox 2103 2686 3699 2761; baseline 0.004 -21"><span class='ocrx_word' id='word_1_421' title='bbox 2103 2686 2293 2749; x_wconf 82' lang='lat' dir='ltr'><strong>batur,</strong></span> <span class='ocrx_word' id='word_1_422' title='bbox 2332 2686 2720 2757; x_wconf 69' lang='lat' dir='ltr'><strong>prazdicatores</strong></span> <span class='ocrx_word' id='word_1_423' title='bbox 2751 2689 2921 2754; x_wconf 85' lang='lat' dir='ltr'><strong>verbi,</strong></span> <span class='ocrx_word' id='word_1_424' title='bbox 2953 2704 3050 2758; x_wconf 85' lang='lat' dir='ltr'><strong>per</strong></span> <span class='ocrx_word' id='word_1_425' title='bbox 3079 2704 3215 2759; x_wconf 89' lang='lat' dir='ltr'><strong>quos</strong></span> <span class='ocrx_word' id='word_1_426' title='bbox 3243 2692 3358 2761; x_wconf 81' lang='lat' dir='ltr'><strong>ipse</strong></span> <span class='ocrx_word' id='word_1_427' title='bbox 3388 2693 3596 2749; x_wconf 82' lang='lat' dir='ltr'><strong>mundo</strong></span> <span class='ocrx_word' id='word_1_428' title='bbox 3616 2692 3699 2746; x_wconf 76' lang='lat' dir='ltr'><strong>in-</strong></span> 
     </span>
    </p>
   </div>
   <div class='ocr_carea' id='block_1_59' title="bbox 2114 2777 3700 2849">
    <p class='ocr_par' dir='ltr' id='par_1_59' title="bbox 2114 2777 3700 2849">
     <span class='ocr_line' id='line_1_59' title="bbox 2114 2777 3700 2849; baseline 0.004 -17"><span class='ocrx_word' id='word_1_429' title='bbox 2114 2777 2291 2832; x_wconf 85' lang='lat' dir='ltr'><strong>notuit</strong></span> <span class='ocrx_word' id='word_1_430' title='bbox 2336 2778 2516 2849; x_wconf 82' lang='lat' dir='ltr'><strong>typice</strong></span> <span class='ocrx_word' id='word_1_431' title='bbox 2545 2779 2888 2836; x_wconf 88' lang='lat' dir='ltr'><strong>denuntiant.</strong></span> <span class='ocrx_word' id='word_1_432' title='bbox 2922 2783 3076 2849; x_wconf 79' lang='lat' dir='ltr'><strong>Quod</strong></span> <span class='ocrx_word' id='word_1_433' title='bbox 3113 2791 3294 2839; x_wconf 86' lang='lat' dir='ltr'><strong>autem</strong></span> <span class='ocrx_word' id='word_1_434' title='bbox 3333 2784 3538 2840; x_wconf 82' lang='lat' dir='ltr'><strong>dicitur</strong></span> <span class='ocrx_word' id='word_1_435' title='bbox 3569 2783 3700 2842; x_wconf 62' lang='lat' dir='ltr'><strong>nihil</strong></span> 
     </span>
    </p>
   </div>
   <div class='ocr_carea' id='block_1_60' title="bbox 2110 2867 3703 2948">
    <p class='ocr_par' dir='ltr' id='par_1_60' title="bbox 2110 2867 3703 2948">
     <span class='ocr_line' id='line_1_60' title="bbox 2110 2867 3703 2948; baseline 0.007 -27"><span class='ocrx_word' id='word_1_436' title='bbox 2110 2881 2230 2921; x_wconf 71' lang='lat' dir='ltr'><strong>esse</strong></span> <span class='ocrx_word' id='word_1_437' title='bbox 2286 2867 2341 2924; x_wconf 92' lang='lat' dir='ltr'><strong>in</strong></span> <span class='ocrx_word' id='word_1_438' title='bbox 2394 2884 2561 2936; x_wconf 87' lang='lat' dir='ltr'><strong>arca,</strong></span> <span class='ocrx_word' id='word_1_439' title='bbox 2616 2872 2726 2926; x_wconf 85' lang='lat' dir='ltr'><strong>nisi</strong></span> <span class='ocrx_word' id='word_1_440' title='bbox 2777 2872 2912 2929; x_wconf 88' lang='lat' dir='ltr'><strong>duas</strong></span> <span class='ocrx_word' id='word_1_441' title='bbox 2960 2874 3206 2941; x_wconf 82' lang='lat' dir='ltr'><strong>tabulas,</strong></span> <span class='ocrx_word' id='word_1_442' title='bbox 3258 2892 3394 2946; x_wconf 84' lang='lat' dir='ltr'><strong>quas</strong></span> <span class='ocrx_word' id='word_1_443' title='bbox 3437 2887 3703 2948; x_wconf 75' lang='lat' dir='ltr'><strong>posuerat</strong></span> 
     </span>
    </p>
   </div>
   <div class='ocr_carea' id='block_1_61' title="bbox 2113 2959 3703 3042">
    <p class='ocr_par' dir='ltr' id='par_1_61' title="bbox 2113 2959 3703 3042">
     <span class='ocr_line' id='line_1_61' title="bbox 2113 2959 3703 3042; baseline 0.011 -29"><span class='ocrx_word' id='word_1_444' title='bbox 2113 2959 2324 3032; x_wconf 75' lang='lat' dir='ltr'><strong>Moyses</strong></span> <span class='ocrx_word' id='word_1_445' title='bbox 2351 2963 2405 3018; x_wconf 88' lang='lat' dir='ltr'><strong>in</strong></span> <span class='ocrx_word' id='word_1_446' title='bbox 2430 2964 2573 3023; x_wconf 86' lang='lat' dir='ltr'><strong>Oreb</strong></span> <span class='ocrx_word' id='word_1_447' title='bbox 2599 2969 2816 3038; x_wconf 88' lang='lat' dir='ltr'><strong>quando</strong></span> <span class='ocrx_word' id='word_1_448' title='bbox 2858 2969 3029 3042; x_wconf 80' lang='lat' dir='ltr'><strong>legem</strong></span> <span class='ocrx_word' id='word_1_449' title='bbox 3085 2972 3233 3028; x_wconf 89' lang='lat' dir='ltr'><strong>dedit</strong></span> <span class='ocrx_word' id='word_1_450' title='bbox 3260 2974 3529 3031; x_wconf 86' lang='lat' dir='ltr'><strong>Dominus</strong></span> <span class='ocrx_word' id='word_1_451' title='bbox 3581 2974 3703 3030; x_wconf 74' lang='lat' dir='ltr'><strong>[iliis</strong></span> 
     </span>
    </p>
   </div>
   <div class='ocr_carea' id='block_1_62' title="bbox 2114 3053 3704 3135">
    <p class='ocr_par' dir='ltr' id='par_1_62' title="bbox 2114 3053 3704 3135">
     <span class='ocr_line' id='line_1_62' title="bbox 2114 3053 3704 3135; baseline 0.008 -28"><span class='ocrx_word' id='word_1_452' title='bbox 2114 3053 2281 3109; x_wconf 84' lang='lat' dir='ltr'><strong>Israel</strong></span> <span class='ocrx_word' id='word_1_453' title='bbox 2309 3058 2713 3127; x_wconf 74' lang='lat' dir='ltr'><strong>egredientilms</strong></span> <span class='ocrx_word' id='word_1_454' title='bbox 2737 3076 2804 3115; x_wconf 82' lang='lat' dir='ltr'><strong>ex</strong></span> <span class='ocrx_word' id='word_1_455' title='bbox 2830 3059 3088 3133; x_wconf 66' lang='lat' dir='ltr'><strong>Egypto,</strong></span> <span class='ocrx_word' id='word_1_456' title='bbox 3117 3065 3355 3120; x_wconf 75' lang='lat' dir='ltr'><strong>ostendit</strong></span> <span class='ocrx_word' id='word_1_457' title='bbox 3373 3066 3704 3135; x_wconf 73' lang='lat' dir='ltr'><strong>generaliter</strong></span> 
     </span>
    </p>
   </div>
   <div class='ocr_carea' id='block_1_63' title="bbox 419 3145 3705 3228">
    <p class='ocr_par' dir='ltr' id='par_1_63' title="bbox 419 3145 3705 3228">
     <span class='ocr_line' id='line_1_63' title="bbox 419 3145 3705 3228; baseline 0.002 -20"><span class='ocrx_word' id='word_1_458' title='bbox 419 3146 583 3228; x_wconf 80' lang='lat' dir='ltr'><strong>jndex</strong></span> <span class='ocrx_word' id='word_1_459' title='bbox 615 3156 751 3226; x_wconf 82' lang='lat' dir='ltr'><strong>ipse,</strong></span> <span class='ocrx_word' id='word_1_460' title='bbox 780 3167 844 3208; x_wconf 84' lang='lat' dir='ltr'><strong>ac</strong></span> <span class='ocrx_word' id='word_1_461' title='bbox 878 3150 1194 3208; x_wconf 77' lang='lat' dir='ltr'><strong>distributor</strong></span> <span class='ocrx_word' id='word_1_462' title='bbox 1218 3151 1564 3220; x_wconf 64' lang='lat' dir='ltr'><strong>praemiorum</strong></span> <span class='ocrx_word' id='word_1_463' title='bbox 1595 3149 1855 3204; x_wconf 81' lang='lat' dir='ltr'><strong>Dominus</strong></span> <span class='ocrx_word' id='word_1_464' title='bbox 1894 3164 2001 3203; x_wconf 90' lang='lat' dir='ltr'><strong>una</strong></span> <span class='ocrx_word' id='word_1_465' title='bbox 2034 3145 2078 3207; x_wconf 89' lang='lat' dir='ltr'><strong>C</strong></span> <span class='ocrx_word' id='word_1_466' title='bbox 2111 3146 2245 3202; x_wconf 81' lang='lat' dir='ltr'><strong>nihil</strong></span> <span class='ocrx_word' id='word_1_467' title='bbox 2268 3163 2389 3204; x_wconf 89' lang='lat' dir='ltr'><strong>esse</strong></span> <span class='ocrx_word' id='word_1_468' title='bbox 2413 3150 2465 3204; x_wconf 91' lang='lat' dir='ltr'><strong>in</strong></span> <span class='ocrx_word' id='word_1_469' title='bbox 2495 3152 2609 3220; x_wconf 80' lang='lat' dir='ltr'><strong>ipsa</strong></span> <span class='ocrx_word' id='word_1_470' title='bbox 2638 3167 2762 3207; x_wconf 87' lang='lat' dir='ltr'><strong>arca</strong></span> <span class='ocrx_word' id='word_1_471' title='bbox 2809 3156 2954 3224; x_wconf 81' lang='lat' dir='ltr'><strong>quod</strong></span> <span class='ocrx_word' id='word_1_472' title='bbox 3011 3157 3345 3211; x_wconf 87' lang='lat' dir='ltr'><strong>contrarium</strong></span> <span class='ocrx_word' id='word_1_473' title='bbox 3374 3155 3546 3213; x_wconf 77' lang='lat' dir='ltr'><strong>fuerit</strong></span> <span class='ocrx_word' id='word_1_474' title='bbox 3571 3173 3705 3227; x_wconf 76' lang='lat' dir='ltr'><strong>prtu-</strong></span> 
     </span>
    </p>
   </div>
   <div class='ocr_carea' id='block_1_64' title="bbox 420 3238 2001 3315">
    <p class='ocr_par' dir='ltr' id='par_1_64' title="bbox 420 3238 2001 3315">
     <span class='ocr_line' id='line_1_64' title="bbox 420 3238 2001 3315; baseline -0.008 -9"><span class='ocrx_word' id='word_1_475' title='bbox 420 3249 699 3306; x_wconf 75' lang='lat' dir='ltr'><strong>scntentia</strong></span> <span class='ocrx_word' id='word_1_476' title='bbox 718 3239 1134 3315; x_wconf 75' lang='lat' dir='ltr'><strong>demonstravit,</strong></span> <span class='ocrx_word' id='word_1_477' title='bbox 1155 3255 1278 3296; x_wconf 84' lang='lat' dir='ltr'><strong>cum</strong></span> <span class='ocrx_word' id='word_1_478' title='bbox 1304 3241 1379 3295; x_wconf 85' lang='lat' dir='ltr'><strong>ait</strong></span> <span class='ocrx_word' id='word_1_479' title='bbox 1400 3257 1414 3292; x_wconf 86' lang='lat'><strong>:</strong></span> <span class='ocrx_word' id='word_1_480' title='bbox 1441 3238 1507 3294; x_wconf 88' lang='lat' dir='ltr'><strong>In</strong></span> <span class='ocrx_word' id='word_1_481' title='bbox 1533 3241 1686 3295; x_wconf 85' lang='lat' dir='ltr'><strong>domo</strong></span> <span class='ocrx_word' id='word_1_482' title='bbox 1706 3238 1883 3294; x_wconf 82' lang='lat' dir='ltr'><strong>Patris</strong></span> <span class='ocrx_word' id='word_1_483' title='bbox 1901 3240 2001 3293; x_wconf 87' lang='lat' dir='ltr'><strong>mei</strong></span> 
     </span>
    </p>
   </div>
   <div class='ocr_carea' id='block_1_65' title="bbox 420 3326 2009 3399">
    <p class='ocr_par' dir='ltr' id='par_1_65' title="bbox 420 3326 2009 3399">
     <span class='ocr_line' id='line_1_65' title="bbox 420 3326 2009 3399; baseline -0.003 -13"><span class='ocrx_word' id='word_1_484' title='bbox 420 3333 722 3393; x_wconf 75' lang='lat' dir='ltr'><strong>mansiones</strong></span> <span class='ocrx_word' id='word_1_485' title='bbox 759 3330 941 3387; x_wconf 66' lang='lat' dir='ltr'><strong>multa</strong></span> <span class='ocrx_word' id='word_1_486' title='bbox 982 3340 1104 3385; x_wconf 77' lang='lat' dir='ltr'><strong>sunt</strong></span> <span class='ocrx_word' id='word_1_487' title='bbox 1137 3327 1320 3399; x_wconf 79' lang='lat' dir='ltr'><strong>(Joan.</strong></span> <span class='ocrx_word' id='word_1_488' title='bbox 1353 3326 1487 3397; x_wconf 75' lang='lat' dir='ltr'><strong>xiv).</strong></span> <span class='ocrx_word' id='word_1_489' title='bbox 1525 3327 1696 3383; x_wconf 86' lang='lat' dir='ltr'><strong>Unam</strong></span> <span class='ocrx_word' id='word_1_490' title='bbox 1743 3342 1874 3397; x_wconf 86' lang='lat' dir='ltr'><strong>ergo</strong></span> <span class='ocrx_word' id='word_1_491' title='bbox 1915 3328 2009 3382; x_wconf 84' lang='lat' dir='ltr'><strong>do-</strong></span> 
     </span>
    </p>
   </div>
   <div class='ocr_carea' id='block_1_66' title="bbox 423 3415 2009 3482">
    <p class='ocr_par' dir='ltr' id='par_1_66' title="bbox 423 3415 2009 3482">
     <span class='ocr_line' id='line_1_66' title="bbox 423 3415 2009 3482; baseline -0.002 -6"><span class='ocrx_word' id='word_1_492' title='bbox 423 3437 573 3476; x_wconf 89' lang='lat' dir='ltr'><strong>mum</strong></span> <span class='ocrx_word' id='word_1_493' title='bbox 614 3418 826 3475; x_wconf 87' lang='lat' dir='ltr'><strong>Domini</strong></span> <span class='ocrx_word' id='word_1_494' title='bbox 854 3417 980 3474; x_wconf 87' lang='lat' dir='ltr'><strong>l&#39;ecit</strong></span> <span class='ocrx_word' id='word_1_495' title='bbox 1022 3416 1299 3482; x_wconf 73' lang='lat' dir='ltr'><strong>Salomon,</strong></span> <span class='ocrx_word' id='word_1_496' title='bbox 1332 3415 1528 3472; x_wconf 87' lang='lat' dir='ltr'><strong>multos</strong></span> <span class='ocrx_word' id='word_1_497' title='bbox 1557 3416 1610 3470; x_wconf 87' lang='lat' dir='ltr'><strong>in</strong></span> <span class='ocrx_word' id='word_1_498' title='bbox 1636 3431 1699 3471; x_wconf 88' lang='lat' dir='ltr'><strong>ea</strong></span> <span class='ocrx_word' id='word_1_499' title='bbox 1726 3418 2009 3473; x_wconf 81' lang='lat' dir='ltr'><strong>thesauros</strong></span> 
     </span>
    </p>
   </div>
   <div class='ocr_carea' id='block_1_67' title="bbox 416 3508 2010 3581">
    <p class='ocr_par' dir='ltr' id='par_1_67' title="bbox 416 3508 2010 3581">
     <span class='ocr_line' id='line_1_67' title="bbox 416 3508 2010 3581; baseline -0.003 -13"><span class='ocrx_word' id='word_1_500' title='bbox 416 3513 493 3570; x_wconf 76' lang='lat' dir='ltr'><strong>ad</strong></span> <span class='ocrx_word' id='word_1_501' title='bbox 516 3510 824 3581; x_wconf 79' lang='lat' dir='ltr'><strong>recipienda</strong></span> <span class='ocrx_word' id='word_1_502' title='bbox 846 3525 977 3567; x_wconf 83' lang='lat' dir='ltr'><strong>vasa</strong></span> <span class='ocrx_word' id='word_1_503' title='bbox 1006 3509 1205 3565; x_wconf 78' lang='lat' dir='ltr'><strong>diversi</strong></span> <span class='ocrx_word' id='word_1_504' title='bbox 1232 3508 1475 3580; x_wconf 86' lang='lat' dir='ltr'><strong>generis;</strong></span> <span class='ocrx_word' id='word_1_505' title='bbox 1507 3523 1611 3563; x_wconf 87' lang='lat' dir='ltr'><strong>una</strong></span> <span class='ocrx_word' id='word_1_506' title='bbox 1639 3515 1818 3568; x_wconf 84' lang='lat' dir='ltr'><strong>tamen</strong></span> <span class='ocrx_word' id='word_1_507' title='bbox 1848 3509 2010 3563; x_wconf 87' lang='lat' dir='ltr'><strong>bene-</strong></span> 
     </span>
    </p>
   </div>
   <div class='ocr_carea' id='block_1_68' title="bbox 419 3599 2009 3672">
    <p class='ocr_par' dir='ltr' id='par_1_68' title="bbox 419 3599 2009 3672">
     <span class='ocr_line' id='line_1_68' title="bbox 419 3599 2009 3672; baseline -0.004 -11"><span class='ocrx_word' id='word_1_508' title='bbox 419 3606 661 3661; x_wconf 81' lang='lat' dir='ltr'><strong>dictione</strong></span> <span class='ocrx_word' id='word_1_509' title='bbox 710 3602 1051 3660; x_wconf 80' lang='lat' dir='ltr'><strong>sanctilicata</strong></span> <span class='ocrx_word' id='word_1_510' title='bbox 1098 3602 1329 3672; x_wconf 73' lang='lat' dir='ltr'><strong>paravit,</strong></span> <span class='ocrx_word' id='word_1_511' title='bbox 1359 3601 1489 3670; x_wconf 81' lang='lat' dir='ltr'><strong>quia</strong></span> <span class='ocrx_word' id='word_1_512' title='bbox 1520 3599 1777 3655; x_wconf 86' lang='lat' dir='ltr'><strong>nimirum</strong></span> <span class='ocrx_word' id='word_1_513' title='bbox 1800 3616 1905 3654; x_wconf 84' lang='lat' dir='ltr'><strong>una</strong></span> <span class='ocrx_word' id='word_1_514' title='bbox 1934 3609 2009 3655; x_wconf 80' lang='lat' dir='ltr'><strong>est</strong></span> 
     </span>
    </p>
   </div>
   <div class='ocr_carea' id='block_1_69' title="bbox 412 3688 2005 3764">
    <p class='ocr_par' dir='ltr' id='par_1_69' title="bbox 412 3688 2005 3764">
     <span class='ocr_line' id='line_1_69' title="bbox 412 3688 2005 3764; baseline -0.006 -10"><span class='ocrx_word' id='word_1_515' title='bbox 412 3698 612 3754; x_wconf 66' lang='lat' dir='ltr'><strong>domus</strong></span> <span class='ocrx_word' id='word_1_516' title='bbox 630 3696 807 3752; x_wconf 75' lang='lat' dir='ltr'><strong>Patris</strong></span> <span class='ocrx_word' id='word_1_517' title='bbox 836 3712 940 3752; x_wconf 78' lang='lat' dir='ltr'><strong>non</strong></span> <span class='ocrx_word' id='word_1_518' title='bbox 961 3694 1291 3764; x_wconf 64' lang='lat' dir='ltr'><strong>manufacta,</strong></span> <span class='ocrx_word' id='word_1_519' title='bbox 1315 3704 1511 3748; x_wconf 72' lang='lat' dir='ltr'><strong>caterua</strong></span> <span class='ocrx_word' id='word_1_520' title='bbox 1532 3693 1587 3747; x_wconf 87' lang='lat' dir='ltr'><strong>in</strong></span> <span class='ocrx_word' id='word_1_521' title='bbox 1609 3690 1749 3746; x_wconf 64' lang='lat' dir='ltr'><strong>coriis</strong></span> <span class='ocrx_word' id='word_1_522' title='bbox 1771 3690 1852 3763; x_wconf 88' lang='lat' dir='ltr'><strong>(ll</strong></span> <span class='ocrx_word' id='word_1_523' title='bbox 1883 3688 2005 3745; x_wconf 77' lang='lat' dir='ltr'><strong>Cor.</strong></span> 
     </span>
    </p>
   </div>
   <div class='ocr_carea' id='block_1_70' title="bbox 418 3783 2012 3864">
    <p class='ocr_par' dir='ltr' id='par_1_70' title="bbox 418 3783 2012 3864">
     <span class='ocr_line' id='line_1_70' title="bbox 418 3783 2012 3864; baseline -0.008 -15"><span class='ocrx_word' id='word_1_524' title='bbox 418 3792 475 3864; x_wconf 77' lang='grc' dir='ltr'><strong>ν)</strong></span> <span class='ocrx_word' id='word_1_525' title='bbox 510 3810 525 3846; x_wconf 92' lang='lat'><strong>:</strong></span> <span class='ocrx_word' id='word_1_526' title='bbox 559 3791 657 3847; x_wconf 80' lang='lat' dir='ltr'><strong>sed</strong></span> <span class='ocrx_word' id='word_1_527' title='bbox 696 3788 876 3844; x_wconf 75' lang='lat' dir='ltr'><strong>multa</strong></span> <span class='ocrx_word' id='word_1_528' title='bbox 903 3788 957 3843; x_wconf 85' lang='lat' dir='ltr'><strong>in</strong></span> <span class='ocrx_word' id='word_1_529' title='bbox 984 3802 1049 3843; x_wconf 87' lang='lat' dir='ltr'><strong>ea</strong></span> <span class='ocrx_word' id='word_1_530' title='bbox 1084 3787 1384 3842; x_wconf 71' lang='lat' dir='ltr'><strong>mansiones</strong></span> <span class='ocrx_word' id='word_1_531' title='bbox 1411 3784 1593 3857; x_wconf 81' lang='lat' dir='ltr'><strong>(Joan.</strong></span> <span class='ocrx_word' id='word_1_532' title='bbox 1638 3784 1750 3855; x_wconf 74' lang='lat' dir='ltr'><strong>xiv)</strong></span> <span class='ocrx_word' id='word_1_533' title='bbox 1782 3783 1851 3837; x_wconf 88' lang='lat' dir='ltr'><strong>ad</strong></span> <span class='ocrx_word' id='word_1_534' title='bbox 1875 3783 2012 3838; x_wconf 85' lang='lat' dir='ltr'><strong>reei-</strong></span> 
     </span>
    </p>
   </div>
   <div class='ocr_carea' id='block_1_71' title="bbox 416 3871 2010 3955">
    <p class='ocr_par' dir='ltr' id='par_1_71' title="bbox 416 3871 2010 3955">
     <span class='ocr_line' id='line_1_71' title="bbox 416 3871 2010 3955; baseline -0.005 -16"><span class='ocrx_word' id='word_1_535' title='bbox 416 3884 653 3954; x_wconf 79' lang='lat' dir='ltr'><strong>piendos</strong></span> <span class='ocrx_word' id='word_1_536' title='bbox 670 3896 882 3945; x_wconf 85' lang='lat' dir='ltr'><strong>omnes,</strong></span> <span class='ocrx_word' id='word_1_537' title='bbox 917 3894 1057 3949; x_wconf 86' lang='lat' dir='ltr'><strong>quos</strong></span> <span class='ocrx_word' id='word_1_538' title='bbox 1106 3879 1358 3933; x_wconf 77' lang='lat' dir='ltr'><strong>timentes</strong></span> <span class='ocrx_word' id='word_1_539' title='bbox 1393 3892 1453 3932; x_wconf 89' lang='lat' dir='ltr'><strong>se</strong></span> <span class='ocrx_word' id='word_1_540' title='bbox 1496 3891 1560 3933; x_wconf 88' lang='lat' dir='ltr'><strong>ac</strong></span> <span class='ocrx_word' id='word_1_541' title='bbox 1594 3871 1880 3955; x_wconf 66' lang='lat' dir='ltr'><strong>diligentes</strong></span> <span class='ocrx_word' id='word_1_542' title='bbox 1903 3875 2010 3931; x_wconf 85' lang='lat' dir='ltr'><strong>Do—</strong></span> 
     </span>
    </p>
   </div>
   <div class='ocr_carea' id='block_1_72' title="bbox 418 3965 1691 4039">
    <p class='ocr_par' dir='ltr' id='par_1_72' title="bbox 418 3965 1691 4039">
     <span class='ocr_line' id='line_1_72' title="bbox 418 3965 1691 4039; baseline -0.006 -12"><span class='ocrx_word' id='word_1_543' title='bbox 418 3973 606 4027; x_wconf 79' lang='lat' dir='ltr'><strong>minus</strong></span> <span class='ocrx_word' id='word_1_544' title='bbox 633 3970 919 4033; x_wconf 82' lang='lat' dir='ltr'><strong>benedicit,</strong></span> <span class='ocrx_word' id='word_1_545' title='bbox 961 3968 1185 4039; x_wconf 82' lang='lat' dir='ltr'><strong>pusillos</strong></span> <span class='ocrx_word' id='word_1_546' title='bbox 1212 3983 1336 4023; x_wconf 90' lang='lat' dir='ltr'><strong>cum</strong></span> <span class='ocrx_word' id='word_1_547' title='bbox 1374 3965 1691 4035; x_wconf 78' lang='lat' dir='ltr'><strong>majoribus.</strong></span> 
     </span>
    </p>
   </div>
   <div class='ocr_carea' id='block_1_73' title="bbox 499 4060 2010 4132">
    <p class='ocr_par' dir='ltr' id='par_1_73' title="bbox 499 4060 2010 4132">
     <span class='ocr_line' id='line_1_73' title="bbox 499 4060 2010 4132; baseline -0.005 -11"><span class='ocrx_word' id='word_1_548' title='bbox 499 4065 567 4120; x_wconf 83' lang='lat' dir='ltr'><strong>Et</strong></span> <span class='ocrx_word' id='word_1_549' title='bbox 607 4065 895 4121; x_wconf 80' lang='lat' dir='ltr'><strong>intulerunt</strong></span> <span class='ocrx_word' id='word_1_550' title='bbox 930 4064 1228 4120; x_wconf 79' lang='lat' dir='ltr'><strong>sacerdotes</strong></span> <span class='ocrx_word' id='word_1_551' title='bbox 1265 4078 1444 4117; x_wconf 82' lang='lat' dir='ltr'><strong>arcam</strong></span> <span class='ocrx_word' id='word_1_552' title='bbox 1482 4062 1690 4132; x_wconf 66' lang='lat' dir='ltr'><strong>[traderis</strong></span> <span class='ocrx_word' id='word_1_553' title='bbox 1722 4060 1931 4117; x_wconf 81' lang='lat' dir='ltr'><strong>Domini</strong></span> <span class='ocrx_word' id='word_1_554' title='bbox 1957 4060 2010 4114; x_wconf 76' lang='lat' dir='ltr'><strong>in</strong></span> 
     </span>
    </p>
   </div>
   <div class='ocr_carea' id='block_1_74' title="bbox 416 4151 2011 4223">
    <p class='ocr_par' dir='ltr' id='par_1_74' title="bbox 416 4151 2011 4223">
     <span class='ocr_line' id='line_1_74' title="bbox 416 4151 2011 4223; baseline -0.003 -10"><span class='ocrx_word' id='word_1_555' title='bbox 416 4159 598 4213; x_wconf 74' lang='lat' dir='ltr'><strong>locum</strong></span> <span class='ocrx_word' id='word_1_556' title='bbox 624 4172 797 4219; x_wconf 70' lang='lat' dir='ltr'><strong>sum</strong></span> <span class='ocrx_word' id='word_1_557' title='bbox 853 4156 910 4209; x_wconf 85' lang='lat' dir='ltr'><strong>id</strong></span> <span class='ocrx_word' id='word_1_558' title='bbox 964 4166 1062 4221; x_wconf 86' lang='lat' dir='ltr'><strong>est,</strong></span> <span class='ocrx_word' id='word_1_559' title='bbox 1113 4155 1182 4209; x_wconf 86' lang='lat' dir='ltr'><strong>ad</strong></span> <span class='ocrx_word' id='word_1_560' title='bbox 1228 4153 1502 4211; x_wconf 78' lang='lat' dir='ltr'><strong>oraculum</strong></span> <span class='ocrx_word' id='word_1_561' title='bbox 1529 4151 1705 4223; x_wconf 81' lang='lat' dir='ltr'><strong>templi</strong></span> <span class='ocrx_word' id='word_1_562' title='bbox 1736 4153 1791 4205; x_wconf 87' lang='lat' dir='ltr'><strong>in</strong></span> <span class='ocrx_word' id='word_1_563' title='bbox 1829 4160 2011 4209; x_wconf 81' lang='lat' dir='ltr'><strong>sancta</strong></span> 
     </span>
    </p>
   </div>
   <div class='ocr_carea' id='block_1_75' title="bbox 418 4243 2013 4313">
    <p class='ocr_par' dir='ltr' id='par_1_75' title="bbox 418 4243 2013 4313">
     <span class='ocr_line' id='line_1_75' title="bbox 418 4243 2013 4313; baseline -0.004 -9"><span class='ocrx_word' id='word_1_564' title='bbox 418 4258 727 4304; x_wconf 72' lang='lat' dir='ltr'><strong>sanctorum</strong></span> <span class='ocrx_word' id='word_1_565' title='bbox 765 4247 944 4302; x_wconf 85' lang='lat' dir='ltr'><strong>subter</strong></span> <span class='ocrx_word' id='word_1_566' title='bbox 980 4247 1095 4303; x_wconf 87' lang='lat' dir='ltr'><strong>alas</strong></span> <span class='ocrx_word' id='word_1_567' title='bbox 1123 4246 1413 4313; x_wconf 77' lang='lat' dir='ltr'><strong>cherubim,</strong></span> <span class='ocrx_word' id='word_1_568' title='bbox 1456 4246 1534 4303; x_wconf 81' lang='lat' dir='ltr'><strong>ita</strong></span> <span class='ocrx_word' id='word_1_569' title='bbox 1552 4254 1611 4301; x_wconf 81' lang='lat' dir='ltr'><strong>ut</strong></span> <span class='ocrx_word' id='word_1_570' title='bbox 1637 4243 1902 4300; x_wconf 78' lang='lat' dir='ltr'><strong>cherubim</strong></span> <span class='ocrx_word' id='word_1_571' title='bbox 1923 4259 2013 4299; x_wconf 57' lang='lat' dir='ltr'><strong>ex»</strong></span> 
     </span>
    </p>
   </div>
   <div class='ocr_carea' id='block_1_76' title="bbox 412 4338 2013 4411">
    <p class='ocr_par' dir='ltr' id='par_1_76' title="bbox 412 4338 2013 4411">
     <span class='ocr_line' id='line_1_76' title="bbox 412 4338 2013 4411; baseline -0.002 -17"><span class='ocrx_word' id='word_1_572' title='bbox 412 4340 707 4411; x_wconf 79' lang='lat' dir='ltr'><strong>ponderent</strong></span> <span class='ocrx_word' id='word_1_573' title='bbox 748 4338 864 4393; x_wconf 86' lang='lat' dir='ltr'><strong>alas</strong></span> <span class='ocrx_word' id='word_1_574' title='bbox 896 4357 1023 4394; x_wconf 86' lang='lat' dir='ltr'><strong>suas</strong></span> <span class='ocrx_word' id='word_1_575' title='bbox 1065 4356 1222 4410; x_wconf 86' lang='lat' dir='ltr'><strong>super</strong></span> <span class='ocrx_word' id='word_1_576' title='bbox 1249 4339 1447 4403; x_wconf 78' lang='lat' dir='ltr'><strong>locant.</strong></span> <span class='ocrx_word' id='word_1_577' title='bbox 1486 4339 1545 4397; x_wconf 76' lang='lat' dir='ltr'><strong>in</strong></span> <span class='ocrx_word' id='word_1_578' title='bbox 1570 4354 1673 4410; x_wconf 84' lang='lat' dir='ltr'><strong>quo</strong></span> <span class='ocrx_word' id='word_1_579' title='bbox 1693 4338 1868 4410; x_wconf 81' lang='lat' dir='ltr'><strong>posita</strong></span> <span class='ocrx_word' id='word_1_580' title='bbox 1901 4345 2013 4397; x_wconf 76' lang='lat' dir='ltr'><strong>erat</strong></span> 
     </span>
    </p>
   </div>
   <div class='ocr_carea' id='block_1_77' title="bbox 428 4426 2010 4501">
    <p class='ocr_par' dir='ltr' id='par_1_77' title="bbox 428 4426 2010 4501">
     <span class='ocr_line' id='line_1_77' title="bbox 428 4426 2010 4501; baseline -0.001 -16"><span class='ocrx_word' id='word_1_581' title='bbox 428 4447 580 4496; x_wconf 78' lang='lat' dir='ltr'><strong>arca,</strong></span> <span class='ocrx_word' id='word_1_582' title='bbox 604 4431 847 4501; x_wconf 68' lang='lat' dir='ltr'><strong>etipsam</strong></span> <span class='ocrx_word' id='word_1_583' title='bbox 869 4447 1049 4487; x_wconf 84' lang='lat' dir='ltr'><strong>arcam</strong></span> <span class='ocrx_word' id='word_1_584' title='bbox 1082 4440 1307 4501; x_wconf 79' lang='lat' dir='ltr'><strong>tegerent</strong></span> <span class='ocrx_word' id='word_1_585' title='bbox 1337 4447 1455 4485; x_wconf 79' lang='lat' dir='ltr'><strong>cum</strong></span> <span class='ocrx_word' id='word_1_586' title='bbox 1493 4429 1718 4486; x_wconf 68' lang='lat' dir='ltr'><strong>vectibus</strong></span> <span class='ocrx_word' id='word_1_587' title='bbox 1739 4430 1870 4485; x_wconf 84' lang='lat' dir='ltr'><strong>suis.</strong></span> <span class='ocrx_word' id='word_1_588' title='bbox 1909 4426 2010 4483; x_wconf 82' lang='lat' dir='ltr'><strong>Ve-</strong></span> 
     </span>
    </p>
   </div>
   <div class='ocr_carea' id='block_1_78' title="bbox 428 4494 2087 4594">
    <p class='ocr_par' dir='ltr' id='par_1_78' title="bbox 428 4494 2087 4594">
     <span class='ocr_line' id='line_1_78' title="bbox 428 4494 2087 4594; baseline 0 -19"><span class='ocrx_word' id='word_1_589' title='bbox 428 4494 594 4576; x_wconf 82' lang='lat' dir='ltr'><strong>ctiunt</strong></span> <span class='ocrx_word' id='word_1_590' title='bbox 634 4494 841 4584; x_wconf 74' lang='lat' dir='ltr'><strong>autem,</strong></span> <span class='ocrx_word' id='word_1_591' title='bbox 884 4521 1070 4592; x_wconf 80' lang='lat' dir='ltr'><strong>quibus</strong></span> <span class='ocrx_word' id='word_1_592' title='bbox 1119 4494 1432 4592; x_wconf 72' lang='lat' dir='ltr'><strong>portabatur</strong></span> <span class='ocrx_word' id='word_1_593' title='bbox 1487 4539 1635 4588; x_wconf 87' lang='lat' dir='ltr'><strong>arca,</strong></span> <span class='ocrx_word' id='word_1_594' title='bbox 1681 4522 1806 4594; x_wconf 84' lang='lat' dir='ltr'><strong>quia</strong></span> <span class='ocrx_word' id='word_1_595' title='bbox 1848 4520 2007 4592; x_wconf 87' lang='lat' dir='ltr'><strong>paulo</strong></span> <span class='ocrx_word' id='word_1_596' title='bbox 2034 4494 2087 4555; x_wconf 67' lang='grc' dir='ltr'>Β</span> 
     </span>
    </p>
   </div>
   <div class='ocr_carea' id='block_1_79' title="bbox 410 4611 2015 4682">
    <p class='ocr_par' dir='ltr' id='par_1_79' title="bbox 410 4611 2015 4682">
     <span class='ocr_line' id='line_1_79' title="bbox 410 4611 2015 4682; baseline 0.002 -18"><span class='ocrx_word' id='word_1_597' title='bbox 410 4611 687 4682; x_wconf 78' lang='lat' dir='ltr'><strong>longiores</strong></span> <span class='ocrx_word' id='word_1_598' title='bbox 725 4622 897 4676; x_wconf 77' lang='lat' dir='ltr'><strong>erant,</strong></span> <span class='ocrx_word' id='word_1_599' title='bbox 951 4613 1127 4682; x_wconf 82' lang='lat' dir='ltr'><strong>capita</strong></span> <span class='ocrx_word' id='word_1_600' title='bbox 1171 4613 1422 4681; x_wconf 83' lang='lat' dir='ltr'><strong>parebant</strong></span> <span class='ocrx_word' id='word_1_601' title='bbox 1476 4623 1597 4667; x_wconf 74' lang='lat' dir='ltr'><strong>aruo</strong></span> <span class='ocrx_word' id='word_1_602' title='bbox 1623 4613 1920 4668; x_wconf 74' lang='lat' dir='ltr'><strong>oraculum.</strong></span> <span class='ocrx_word' id='word_1_603' title='bbox 1954 4612 2015 4668; x_wconf 87' lang='lat' dir='ltr'><strong>Si</strong></span> 
     </span>
    </p>
   </div>
   <div class='ocr_carea' id='block_1_80' title="bbox 422 4701 2017 4771">
    <p class='ocr_par' dir='ltr' id='par_1_80' title="bbox 422 4701 2017 4771">
     <span class='ocr_line' id='line_1_80' title="bbox 422 4701 2017 4771; baseline 0.002 -16"><span class='ocrx_word' id='word_1_604' title='bbox 422 4717 546 4755; x_wconf 76' lang='lat' dir='ltr'><strong>aera</strong></span> <span class='ocrx_word' id='word_1_605' title='bbox 596 4702 714 4771; x_wconf 84' lang='lat' dir='ltr'><strong>quis</strong></span> <span class='ocrx_word' id='word_1_606' title='bbox 748 4701 1031 4771; x_wconf 74' lang='lat' dir='ltr'><strong>paululum</strong></span> <span class='ocrx_word' id='word_1_607' title='bbox 1074 4701 1260 4771; x_wconf 73' lang='lat' dir='ltr'><strong>{uisset</strong></span> <span class='ocrx_word' id='word_1_608' title='bbox 1308 4703 1652 4766; x_wconf 73' lang='lat' dir='ltr'><strong>extrinsecus,</strong></span> <span class='ocrx_word' id='word_1_609' title='bbox 1698 4718 1788 4759; x_wconf 84' lang='lat' dir='ltr'><strong>eas</strong></span> <span class='ocrx_word' id='word_1_610' title='bbox 1848 4704 2017 4759; x_wconf 76' lang='lat' dir='ltr'><strong>videre</strong></span> 
     </span>
    </p>
   </div>
   <div class='ocr_carea' id='block_1_81' title="bbox 414 4791 2016 4864">
    <p class='ocr_par' dir='ltr' id='par_1_81' title="bbox 414 4791 2016 4864">
     <span class='ocr_line' id='line_1_81' title="bbox 414 4791 2016 4864; baseline 0.003 -20"><span class='ocrx_word' id='word_1_611' title='bbox 414 4808 533 4847; x_wconf 75' lang='lat' dir='ltr'><strong>non</strong></span> <span class='ocrx_word' id='word_1_612' title='bbox 559 4802 784 4863; x_wconf 83' lang='lat' dir='ltr'><strong>poterat.</strong></span> <span class='ocrx_word' id='word_1_613' title='bbox 813 4791 940 4848; x_wconf 77' lang='lat' dir='ltr'><strong>Fuit</strong></span> <span class='ocrx_word' id='word_1_614' title='bbox 974 4794 1150 4864; x_wconf 80' lang='lat' dir='ltr'><strong>itaque</strong></span> <span class='ocrx_word' id='word_1_615' title='bbox 1184 4809 1311 4848; x_wconf 84' lang='lat' dir='ltr'><strong>arca</strong></span> <span class='ocrx_word' id='word_1_616' title='bbox 1346 4793 1419 4848; x_wconf 86' lang='lat' dir='ltr'><strong>ibi</strong></span> <span class='ocrx_word' id='word_1_617' title='bbox 1449 4808 1611 4864; x_wconf 84' lang='lat' dir='ltr'><strong>usque</strong></span> <span class='ocrx_word' id='word_1_618' title='bbox 1634 4794 1689 4847; x_wconf 88' lang='lat' dir='ltr'><strong>in</strong></span> <span class='ocrx_word' id='word_1_619' title='bbox 1708 4804 2016 4864; x_wconf 65' lang='lat' dir='ltr'><strong>praesentem</strong></span> 
     </span>
    </p>
   </div>
   <div class='ocr_carea' id='block_1_82' title="bbox 420 4885 2015 4960">
    <p class='ocr_par' dir='ltr' id='par_1_82' title="bbox 420 4885 2015 4960">
     <span class='ocr_line' id='line_1_82' title="bbox 420 4885 2015 4960; baseline 0.002 -20"><span class='ocrx_word' id='word_1_620' title='bbox 420 4887 584 4941; x_wconf 79' lang='lat' dir='ltr'><strong>diem.</strong></span> <span class='ocrx_word' id='word_1_621' title='bbox 612 4886 864 4960; x_wconf 75' lang='lat' dir='ltr'><strong>Nihilque</strong></span> <span class='ocrx_word' id='word_1_622' title='bbox 887 4898 1002 4952; x_wconf 84' lang='lat' dir='ltr'><strong>erat</strong></span> <span class='ocrx_word' id='word_1_623' title='bbox 1032 4886 1181 4941; x_wconf 81' lang='lat' dir='ltr'><strong>aliud</strong></span> <span class='ocrx_word' id='word_1_624' title='bbox 1227 4888 1287 4942; x_wconf 86' lang='lat' dir='ltr'><strong>in</strong></span> <span class='ocrx_word' id='word_1_625' title='bbox 1319 4905 1468 4953; x_wconf 85' lang='lat' dir='ltr'><strong>arca,</strong></span> <span class='ocrx_word' id='word_1_626' title='bbox 1501 4886 1601 4942; x_wconf 86' lang='lat' dir='ltr'><strong>nisi</strong></span> <span class='ocrx_word' id='word_1_627' title='bbox 1640 4887 1762 4945; x_wconf 76' lang='lat' dir='ltr'><strong>dw</strong></span> <span class='ocrx_word' id='word_1_628' title='bbox 1799 4885 2015 4951; x_wconf 68' lang='lat' dir='ltr'><strong>tabella,</strong></span> 
     </span>
    </p>
   </div>
   <div class='ocr_carea' id='block_1_83' title="bbox 412 4979 2011 5053">
    <p class='ocr_par' dir='ltr' id='par_1_83' title="bbox 412 4979 2011 5053">
     <span class='ocr_line' id='line_1_83' title="bbox 412 4979 2011 5053; baseline -0.001 -19"><span class='ocrx_word' id='word_1_629' title='bbox 412 4994 561 5048; x_wconf 81' lang='lat' dir='ltr'><strong>.quas</strong></span> <span class='ocrx_word' id='word_1_630' title='bbox 600 4992 846 5051; x_wconf 80' lang='lat' dir='ltr'><strong>posuerat</strong></span> <span class='ocrx_word' id='word_1_631' title='bbox 894 4981 1102 5053; x_wconf 72' lang='lat' dir='ltr'><strong>Moyses</strong></span> <span class='ocrx_word' id='word_1_632' title='bbox 1130 4982 1185 5035; x_wconf 88' lang='lat' dir='ltr'><strong>in</strong></span> <span class='ocrx_word' id='word_1_633' title='bbox 1214 4980 1375 5045; x_wconf 86' lang='lat' dir='ltr'><strong>Oreb,</strong></span> <span class='ocrx_word' id='word_1_634' title='bbox 1411 4981 1624 5052; x_wconf 84' lang='lat' dir='ltr'><strong>quando</strong></span> <span class='ocrx_word' id='word_1_635' title='bbox 1653 4979 1816 5051; x_wconf 78' lang='lat' dir='ltr'><strong>legem</strong></span> <span class='ocrx_word' id='word_1_636' title='bbox 1868 4979 2011 5035; x_wconf 85' lang='lat' dir='ltr'><strong>dedit</strong></span> 
     </span>
    </p>
   </div>
   <div class='ocr_carea' id='block_1_84' title="bbox 416 5069 2014 5144">
    <p class='ocr_par' dir='ltr' id='par_1_84' title="bbox 416 5069 2014 5144">
     <span class='ocr_line' id='line_1_84' title="bbox 416 5069 2014 5144; baseline 0.001 -19"><span class='ocrx_word' id='word_1_637' title='bbox 416 5069 687 5125; x_wconf 76' lang='lat' dir='ltr'><strong>Dominus</strong></span> <span class='ocrx_word' id='word_1_638' title='bbox 725 5071 850 5141; x_wconf 76' lang='lat' dir='ltr'><strong>ﬁliis</strong></span> <span class='ocrx_word' id='word_1_639' title='bbox 880 5072 1050 5127; x_wconf 85' lang='lat' dir='ltr'><strong>Israel</strong></span> <span class='ocrx_word' id='word_1_640' title='bbox 1094 5072 1477 5143; x_wconf 77' lang='lat' dir='ltr'><strong>egredientibus</strong></span> <span class='ocrx_word' id='word_1_641' title='bbox 1503 5088 1568 5127; x_wconf 77' lang='lat' dir='ltr'><strong>ea:</strong></span> <span class='ocrx_word' id='word_1_642' title='bbox 1593 5072 1841 5144; x_wconf 63' lang='lat' dir='ltr'><strong>diggpto.</strong></span> <span class='ocrx_word' id='word_1_643' title='bbox 1877 5072 2014 5127; x_wconf 85' lang='lat' dir='ltr'><strong>Hine</strong></span> 
     </span>
    </p>
   </div>
   <div class='ocr_carea' id='block_1_85' title="bbox 428 5161 2015 5235">
    <p class='ocr_par' dir='ltr' id='par_1_85' title="bbox 428 5161 2015 5235">
     <span class='ocr_line' id='line_1_85' title="bbox 428 5161 2015 5235; baseline 0.001 -21"><span class='ocrx_word' id='word_1_644' title='bbox 428 5173 646 5231; x_wconf 79' lang='lat' dir='ltr'><strong>quoque</strong></span> <span class='ocrx_word' id='word_1_645' title='bbox 674 5163 726 5218; x_wconf 90' lang='lat' dir='ltr'><strong>in</strong></span> <span class='ocrx_word' id='word_1_646' title='bbox 763 5164 901 5219; x_wconf 88' lang='lat' dir='ltr'><strong>libro</strong></span> <span class='ocrx_word' id='word_1_647' title='bbox 935 5165 1142 5235; x_wconf 75' lang='lat' dir='ltr'><strong>Regum</strong></span> <span class='ocrx_word' id='word_1_648' title='bbox 1170 5163 1243 5217; x_wconf 86' lang='lat' dir='ltr'><strong>ita</strong></span> <span class='ocrx_word' id='word_1_649' title='bbox 1272 5163 1533 5232; x_wconf 88' lang='lat' dir='ltr'><strong>scriptum</strong></span> <span class='ocrx_word' id='word_1_650' title='bbox 1568 5170 1654 5217; x_wconf 87' lang='lat' dir='ltr'><strong>est</strong></span> <span class='ocrx_word' id='word_1_651' title='bbox 1685 5181 1698 5215; x_wconf 89' lang='lat'><strong>:</strong></span> <span class='ocrx_word' id='word_1_652' title='bbox 1727 5161 1795 5215; x_wconf 82' lang='lat' dir='ltr'><strong>Et</strong></span> <span class='ocrx_word' id='word_1_653' title='bbox 1823 5161 2015 5216; x_wconf 72' lang='lat' dir='ltr'><strong>intule-</strong></span> 
     </span>
    </p>
   </div>
   <div class='ocr_carea' id='block_1_86' title="bbox 432 5252 2015 5324">
    <p class='ocr_par' dir='ltr' id='par_1_86' title="bbox 432 5252 2015 5324">
     <span class='ocr_line' id='line_1_86' title="bbox 432 5252 2015 5324; baseline 0.002 -20"><span class='ocrx_word' id='word_1_654' title='bbox 432 5261 554 5306; x_wconf 83' lang='lat' dir='ltr'><strong>runt</strong></span> <span class='ocrx_word' id='word_1_655' title='bbox 600 5254 897 5309; x_wconf 84' lang='lat' dir='ltr'><strong>sacerdotes</strong></span> <span class='ocrx_word' id='word_1_656' title='bbox 941 5268 1127 5308; x_wconf 74' lang='lat' dir='ltr'><strong>arcens</strong></span> <span class='ocrx_word' id='word_1_657' title='bbox 1148 5252 1360 5324; x_wconf 65' lang='lat' dir='ltr'><strong>{traderis</strong></span> <span class='ocrx_word' id='word_1_658' title='bbox 1401 5253 1616 5309; x_wconf 83' lang='lat' dir='ltr'><strong>Domini</strong></span> <span class='ocrx_word' id='word_1_659' title='bbox 1653 5255 1709 5308; x_wconf 87' lang='lat' dir='ltr'><strong>in</strong></span> <span class='ocrx_word' id='word_1_660' title='bbox 1739 5252 1934 5320; x_wconf 85' lang='lat' dir='ltr'><strong>locum,</strong></span> <span class='ocrx_word' id='word_1_661' title='bbox 1959 5254 2015 5307; x_wconf 85' lang='lat' dir='ltr'><strong>in</strong></span> 
     </span>
    </p>
   </div>
   <div class='ocr_carea' id='block_1_87' title="bbox 430 5343 2015 5416">
    <p class='ocr_par' dir='ltr' id='par_1_87' title="bbox 430 5343 2015 5416">
     <span class='ocr_line' id='line_1_87' title="bbox 430 5343 2015 5416; baseline -0.001 -18"><span class='ocrx_word' id='word_1_662' title='bbox 430 5344 707 5399; x_wconf 74' lang='lat' dir='ltr'><strong>oraculum</strong></span> <span class='ocrx_word' id='word_1_663' title='bbox 741 5344 941 5416; x_wconf 69' lang='lat' dir='ltr'><strong>tentpli,</strong></span> <span class='ocrx_word' id='word_1_664' title='bbox 969 5346 1026 5400; x_wconf 87' lang='lat' dir='ltr'><strong>in</strong></span> <span class='ocrx_word' id='word_1_665' title='bbox 1061 5354 1245 5400; x_wconf 87' lang='lat' dir='ltr'><strong>sancta</strong></span> <span class='ocrx_word' id='word_1_666' title='bbox 1291 5354 1616 5409; x_wconf 84' lang='lat' dir='ltr'><strong>sanctorum,</strong></span> <span class='ocrx_word' id='word_1_667' title='bbox 1673 5343 1849 5399; x_wconf 80' lang='lat' dir='ltr'><strong>subter</strong></span> <span class='ocrx_word' id='word_1_668' title='bbox 1900 5343 2015 5398; x_wconf 85' lang='lat' dir='ltr'><strong>alas</strong></span> 
     </span>
    </p>
   </div>
   <div class='ocr_carea' id='block_1_88' title="bbox 418 5433 2020 5509">
    <p class='ocr_par' dir='ltr' id='par_1_88' title="bbox 418 5433 2020 5509">
     <span class='ocr_line' id='line_1_88' title="bbox 418 5433 2020 5509; baseline -0.001 -19"><span class='ocrx_word' id='word_1_669' title='bbox 418 5437 713 5493; x_wconf 73' lang='lat' dir='ltr'><strong>cherubim.</strong></span> <span class='ocrx_word' id='word_1_670' title='bbox 739 5435 1010 5509; x_wconf 71' lang='lat' dir='ltr'><strong>Siquidem</strong></span> <span class='ocrx_word' id='word_1_671' title='bbox 1032 5436 1299 5491; x_wconf 78' lang='lat' dir='ltr'><strong>cherubim</strong></span> <span class='ocrx_word' id='word_1_672' title='bbox 1341 5435 1702 5506; x_wconf 72' lang='lat' dir='ltr'><strong>expandebant</strong></span> <span class='ocrx_word' id='word_1_673' title='bbox 1725 5433 1840 5489; x_wconf 89' lang='lat' dir='ltr'><strong>alas</strong></span> <span class='ocrx_word' id='word_1_674' title='bbox 1861 5450 2020 5505; x_wconf 77' lang='lat' dir='ltr'><strong>super</strong></span> 
     </span>
    </p>
   </div>
   <div class='ocr_carea' id='block_1_89' title="bbox 428 5526 2021 5601">
    <p class='ocr_par' dir='ltr' id='par_1_89' title="bbox 428 5526 2021 5601">
     <span class='ocr_line' id='line_1_89' title="bbox 428 5526 2021 5601; baseline -0.001 -19"><span class='ocrx_word' id='word_1_675' title='bbox 428 5527 603 5583; x_wconf 69' lang='lat' dir='ltr'><strong>locum</strong></span> <span class='ocrx_word' id='word_1_676' title='bbox 637 5544 797 5595; x_wconf 64' lang='lat' dir='ltr'><strong>creat,</strong></span> <span class='ocrx_word' id='word_1_677' title='bbox 840 5538 890 5584; x_wconf 77' lang='lat' dir='ltr'><strong>et</strong></span> <span class='ocrx_word' id='word_1_678' title='bbox 937 5528 1269 5601; x_wconf 75' lang='lat' dir='ltr'><strong>protegebant</strong></span> <span class='ocrx_word' id='word_1_679' title='bbox 1300 5544 1480 5583; x_wconf 87' lang='lat' dir='ltr'><strong>arcam</strong></span> <span class='ocrx_word' id='word_1_680' title='bbox 1512 5536 1560 5580; x_wconf 85' lang='lat' dir='ltr'><strong>et</strong></span> <span class='ocrx_word' id='word_1_681' title='bbox 1596 5535 1758 5582; x_wconf 79' lang='lat' dir='ltr'><strong>vectes</strong></span> <span class='ocrx_word' id='word_1_682' title='bbox 1790 5526 1906 5596; x_wconf 86' lang='lat' dir='ltr'><strong>ejus</strong></span> <span class='ocrx_word' id='word_1_683' title='bbox 1934 5526 2021 5580; x_wconf 88' lang='lat' dir='ltr'><strong>de-</strong></span> 
     </span>
    </p>
   </div>
   <div class='ocr_carea' id='block_1_90' title="bbox 431 5622 2018 5693">
    <p class='ocr_par' dir='ltr' id='par_1_90' title="bbox 431 5622 2018 5693">
     <span class='ocr_line' id='line_1_90' title="bbox 431 5622 2018 5693; baseline -0.001 -19"><span class='ocrx_word' id='word_1_684' title='bbox 431 5636 607 5690; x_wconf 82' lang='lat' dir='ltr'><strong>super.</strong></span> <span class='ocrx_word' id='word_1_685' title='bbox 643 5622 877 5693; x_wconf 61' lang='lat' dir='ltr'><strong>Centone</strong></span> <span class='ocrx_word' id='word_1_686' title='bbox 903 5622 1187 5676; x_wconf 80' lang='lat' dir='ltr'><strong>eminerent</strong></span> <span class='ocrx_word' id='word_1_687' title='bbox 1213 5630 1400 5686; x_wconf 84' lang='lat' dir='ltr'><strong>vectes,</strong></span> <span class='ocrx_word' id='word_1_688' title='bbox 1438 5628 1485 5673; x_wconf 88' lang='lat' dir='ltr'><strong>et</strong></span> <span class='ocrx_word' id='word_1_689' title='bbox 1528 5626 1838 5689; x_wconf 81' lang='lat' dir='ltr'><strong>apparerent</strong></span> <span class='ocrx_word' id='word_1_690' title='bbox 1876 5633 2018 5673; x_wconf 84' lang='lat' dir='ltr'><strong>sum-</strong></span> 
     </span>
    </p>
   </div>
   <div class='ocr_carea' id='block_1_91' title="bbox 432 5709 2016 5783">
    <p class='ocr_par' dir='ltr' id='par_1_91' title="bbox 432 5709 2016 5783">
     <span class='ocr_line' id='line_1_91' title="bbox 432 5709 2016 5783; baseline 0.001 -20"><span class='ocrx_word' id='word_1_691' title='bbox 432 5715 638 5770; x_wconf 82' lang='lat' dir='ltr'><strong>mitates</strong></span> <span class='ocrx_word' id='word_1_692' title='bbox 665 5733 841 5772; x_wconf 75' lang='lat' dir='ltr'><strong>eorum</strong></span> <span class='ocrx_word' id='word_1_693' title='bbox 869 5716 1002 5783; x_wconf 76' lang='lat' dir='ltr'><strong>foris</strong></span> <span class='ocrx_word' id='word_1_694' title='bbox 1032 5717 1393 5770; x_wconf 69' lang='lat' dir='ltr'><strong>sanctuarium</strong></span> <span class='ocrx_word' id='word_1_695' title='bbox 1422 5721 1544 5767; x_wconf 86' lang='lat' dir='ltr'><strong>ante</strong></span> <span class='ocrx_word' id='word_1_696' title='bbox 1587 5709 1885 5777; x_wconf 72' lang='lat' dir='ltr'><strong>oraculum,</strong></span> <span class='ocrx_word' id='word_1_697' title='bbox 1912 5727 2016 5766; x_wconf 84' lang='lat' dir='ltr'><strong>non</strong></span> 
     </span>
    </p>
   </div>
   <div class='ocr_carea' id='block_1_92' title="bbox 2109 3237 3701 3319">
    <p class='ocr_par' dir='ltr' id='par_1_92' title="bbox 2109 3237 3701 3319">
     <span class='ocr_line' id='line_1_92' title="bbox 2109 3237 3701 3319; baseline 0.009 -29"><span class='ocrx_word' id='word_1_698' title='bbox 2109 3237 2282 3306; x_wconf 87' lang='lat' dir='ltr'><strong>ceptis</strong></span> <span class='ocrx_word' id='word_1_699' title='bbox 2310 3237 2441 3311; x_wconf 87' lang='lat' dir='ltr'><strong>legis</strong></span> <span class='ocrx_word' id='word_1_700' title='bbox 2477 3240 2688 3296; x_wconf 86' lang='lat' dir='ltr'><strong>Domini</strong></span> <span class='ocrx_word' id='word_1_701' title='bbox 2730 3243 2783 3297; x_wconf 91' lang='lat' dir='ltr'><strong>in</strong></span> <span class='ocrx_word' id='word_1_702' title='bbox 2814 3244 3023 3301; x_wconf 85' lang='lat' dir='ltr'><strong>duabus</strong></span> <span class='ocrx_word' id='word_1_703' title='bbox 3048 3246 3243 3301; x_wconf 82' lang='lat' dir='ltr'><strong>tabulis</strong></span> <span class='ocrx_word' id='word_1_704' title='bbox 3268 3250 3701 3319; x_wconf 79' lang='lat' dir='ltr'><strong>comprehensis,</strong></span> 
     </span>
    </p>
   </div>
   <div class='ocr_carea' id='block_1_93' title="bbox 2111 3327 3706 3408">
    <p class='ocr_par' dir='ltr' id='par_1_93' title="bbox 2111 3327 3706 3408">
     <span class='ocr_line' id='line_1_93' title="bbox 2111 3327 3706 3408; baseline 0.009 -27"><span class='ocrx_word' id='word_1_705' title='bbox 2111 3327 2204 3382; x_wconf 86' lang='lat' dir='ltr'><strong>sed</strong></span> <span class='ocrx_word' id='word_1_706' title='bbox 2234 3343 2298 3383; x_wconf 84' lang='lat' dir='ltr'><strong>ea</strong></span> <span class='ocrx_word' id='word_1_707' title='bbox 2325 3329 2396 3384; x_wconf 91' lang='lat' dir='ltr'><strong>ibi</strong></span> <span class='ocrx_word' id='word_1_708' title='bbox 2447 3330 2783 3389; x_wconf 81' lang='lat' dir='ltr'><strong>solummodo</strong></span> <span class='ocrx_word' id='word_1_709' title='bbox 2829 3336 3072 3401; x_wconf 82' lang='lat' dir='ltr'><strong>condita,</strong></span> <span class='ocrx_word' id='word_1_710' title='bbox 3099 3353 3221 3408; x_wconf 64' lang='lat' dir='ltr'><strong>quae</strong></span> <span class='ocrx_word' id='word_1_711' title='bbox 3264 3336 3421 3407; x_wconf 75' lang='lat' dir='ltr'><strong>iuxta</strong></span> <span class='ocrx_word' id='word_1_712' title='bbox 3459 3338 3706 3407; x_wconf 75' lang='lat' dir='ltr'><strong>ejusdem</strong></span> 
     </span>
    </p>
   </div>
   <div class='ocr_carea' id='block_1_94' title="bbox 2112 3417 3707 3493">
    <p class='ocr_par' dir='ltr' id='par_1_94' title="bbox 2112 3417 3707 3493">
     <span class='ocr_line' id='line_1_94' title="bbox 2112 3417 3707 3493; baseline 0.013 -24"><span class='ocrx_word' id='word_1_713' title='bbox 2112 3417 2246 3490; x_wconf 77' lang='lat' dir='ltr'><strong>legis</strong></span> <span class='ocrx_word' id='word_1_714' title='bbox 2267 3421 2518 3477; x_wconf 88' lang='lat' dir='ltr'><strong>mandata</strong></span> <span class='ocrx_word' id='word_1_715' title='bbox 2542 3424 2610 3479; x_wconf 86' lang='lat' dir='ltr'><strong>ad</strong></span> <span class='ocrx_word' id='word_1_716' title='bbox 2631 3424 2835 3481; x_wconf 88' lang='lat' dir='ltr'><strong>cultum</strong></span> <span class='ocrx_word' id='word_1_717' title='bbox 2857 3427 3016 3483; x_wconf 85' lang='lat' dir='ltr'><strong>unius</strong></span> <span class='ocrx_word' id='word_1_718' title='bbox 3041 3427 3158 3493; x_wconf 88' lang='lat' dir='ltr'><strong>Dei,</strong></span> <span class='ocrx_word' id='word_1_719' title='bbox 3181 3436 3237 3483; x_wconf 89' lang='lat' dir='ltr'><strong>et</strong></span> <span class='ocrx_word' id='word_1_720' title='bbox 3263 3429 3332 3482; x_wconf 82' lang='lat' dir='ltr'><strong>ad</strong></span> <span class='ocrx_word' id='word_1_721' title='bbox 3355 3429 3484 3484; x_wconf 79' lang='lat' dir='ltr'><strong>ﬁdei</strong></span> <span class='ocrx_word' id='word_1_722' title='bbox 3502 3439 3707 3489; x_wconf 65' lang='lat' dir='ltr'><strong>nostra:</strong></span> 
     </span>
    </p>
   </div>
   <div class='ocr_carea' id='block_1_95' title="bbox 2112 3516 3708 3591">
    <p class='ocr_par' dir='ltr' id='par_1_95' title="bbox 2112 3516 3708 3591">
     <span class='ocr_line' id='line_1_95' title="bbox 2112 3516 3708 3591; baseline 0.006 -25"><span class='ocrx_word' id='word_1_723' title='bbox 2112 3516 2635 3581; x_wconf 80' lang='lat' dir='ltr'><strong>commendationem</strong></span> <span class='ocrx_word' id='word_1_724' title='bbox 2666 3518 2845 3589; x_wconf 76' lang='lat' dir='ltr'><strong>typico</strong></span> <span class='ocrx_word' id='word_1_725' title='bbox 2875 3520 3152 3574; x_wconf 87' lang='lat' dir='ltr'><strong>schemate</strong></span> <span class='ocrx_word' id='word_1_726' title='bbox 3172 3527 3327 3591; x_wconf 86' lang='lat' dir='ltr'><strong>gesta</strong></span> <span class='ocrx_word' id='word_1_727' title='bbox 3364 3519 3615 3588; x_wconf 83' lang='lat' dir='ltr'><strong>fuerunt,</strong></span> <span class='ocrx_word' id='word_1_728' title='bbox 3646 3529 3708 3576; x_wconf 89' lang='lat' dir='ltr'><strong>ut</strong></span> 
     </span>
    </p>
   </div>
   <div class='ocr_carea' id='block_1_96' title="bbox 2112 3608 3709 3681">
    <p class='ocr_par' dir='ltr' id='par_1_96' title="bbox 2112 3608 3709 3681">
     <span class='ocr_line' id='line_1_96' title="bbox 2112 3608 3709 3681; baseline 0.004 -18"><span class='ocrx_word' id='word_1_729' title='bbox 2112 3610 2302 3677; x_wconf 82' lang='lat' dir='ltr'><strong>ﬁgura,</strong></span> <span class='ocrx_word' id='word_1_730' title='bbox 2330 3608 2521 3663; x_wconf 87' lang='lat' dir='ltr'><strong>umbra</strong></span> <span class='ocrx_word' id='word_1_731' title='bbox 2547 3609 2851 3665; x_wconf 85' lang='lat' dir='ltr'><strong>futurorum</strong></span> <span class='ocrx_word' id='word_1_732' title='bbox 2901 3627 3000 3681; x_wconf 88' lang='lat' dir='ltr'><strong>per</strong></span> <span class='ocrx_word' id='word_1_733' title='bbox 3030 3613 3213 3668; x_wconf 88' lang='lat' dir='ltr'><strong>omnia</strong></span> <span class='ocrx_word' id='word_1_734' title='bbox 3260 3614 3410 3669; x_wconf 83' lang='lat' dir='ltr'><strong>dicto</strong></span> <span class='ocrx_word' id='word_1_735' title='bbox 3464 3629 3541 3669; x_wconf 86' lang='lat' dir='ltr'><strong>ac</strong></span> <span class='ocrx_word' id='word_1_736' title='bbox 3564 3613 3709 3670; x_wconf 72' lang='lat' dir='ltr'><strong>facto</strong></span> 
     </span>
    </p>
   </div>
   <div class='ocr_carea' id='block_1_97' title="bbox 2111 3701 3706 3775">
    <p class='ocr_par' dir='ltr' id='par_1_97' title="bbox 2111 3701 3706 3775">
     <span class='ocr_line' id='line_1_97' title="bbox 2111 3701 3706 3775; baseline 0.004 -21"><span class='ocrx_word' id='word_1_737' title='bbox 2111 3711 2352 3755; x_wconf 65' lang='lat' dir='ltr'><strong>venturae</strong></span> <span class='ocrx_word' id='word_1_738' title='bbox 2382 3701 2600 3763; x_wconf 79' lang='lat' dir='ltr'><strong>veritati</strong></span> <span class='ocrx_word' id='word_1_739' title='bbox 2629 3703 2996 3758; x_wconf 86' lang='lat' dir='ltr'><strong>testimonium</strong></span> <span class='ocrx_word' id='word_1_740' title='bbox 3018 3705 3309 3773; x_wconf 66' lang='lat' dir='ltr'><strong>pneberet,</strong></span> <span class='ocrx_word' id='word_1_741' title='bbox 3335 3705 3529 3775; x_wconf 80' lang='lat' dir='ltr'><strong>sicque</strong></span> <span class='ocrx_word' id='word_1_742' title='bbox 3559 3722 3625 3761; x_wconf 83' lang='lat' dir='ltr'><strong>ea</strong></span> <span class='ocrx_word' id='word_1_743' title='bbox 3656 3706 3706 3761; x_wconf 81' lang='lat' dir='ltr'><strong>iu</strong></span> 
     </span>
    </p>
   </div>
   <div class='ocr_carea' id='block_1_98' title="bbox 2124 3788 3709 3859">
    <p class='ocr_par' dir='ltr' id='par_1_98' title="bbox 2124 3788 3709 3859">
     <span class='ocr_line' id='line_1_98' title="bbox 2124 3788 3709 3859; baseline 0.004 -19"><span class='ocrx_word' id='word_1_744' title='bbox 2124 3789 2326 3842; x_wconf 89' lang='lat' dir='ltr'><strong>mundo</strong></span> <span class='ocrx_word' id='word_1_745' title='bbox 2347 3796 2645 3858; x_wconf 83' lang='lat' dir='ltr'><strong>appareute</strong></span> <span class='ocrx_word' id='word_1_746' title='bbox 2669 3788 2824 3842; x_wconf 85' lang='lat' dir='ltr'><strong>tidem</strong></span> <span class='ocrx_word' id='word_1_747' title='bbox 2848 3798 3050 3843; x_wconf 88' lang='lat' dir='ltr'><strong>certam</strong></span> <span class='ocrx_word' id='word_1_748' title='bbox 3069 3798 3308 3859; x_wconf 85' lang='lat' dir='ltr'><strong>tempore</strong></span> <span class='ocrx_word' id='word_1_749' title='bbox 3322 3803 3575 3859; x_wconf 82' lang='lat' dir='ltr'><strong>congruo</strong></span> <span class='ocrx_word' id='word_1_750' title='bbox 3598 3806 3709 3846; x_wconf 69' lang='lat' dir='ltr'><strong>sua</strong></span> 
     </span>
    </p>
   </div>
   <div class='ocr_carea' id='block_1_99' title="bbox 2119 3878 3705 3949">
    <p class='ocr_par' dir='ltr' id='par_1_99' title="bbox 2119 3878 3705 3949">
     <span class='ocr_line' id='line_1_99' title="bbox 2119 3878 3705 3949; baseline 0.001 -16"><span class='ocrx_word' id='word_1_751' title='bbox 2119 3878 2359 3933; x_wconf 82' lang='lat' dir='ltr'><strong>historiae</strong></span> <span class='ocrx_word' id='word_1_752' title='bbox 2378 3879 2740 3935; x_wconf 63' lang='lat' dir='ltr'><strong>observantia:</strong></span> <span class='ocrx_word' id='word_1_753' title='bbox 2759 3883 3052 3949; x_wconf 81' lang='lat' dir='ltr'><strong>acciperet.</strong></span> <span class='ocrx_word' id='word_1_754' title='bbox 3081 3879 3211 3934; x_wconf 82' lang='lat' dir='ltr'><strong>Erat</strong></span> <span class='ocrx_word' id='word_1_755' title='bbox 3240 3891 3423 3935; x_wconf 77' lang='lat' dir='ltr'><strong>autem</strong></span> <span class='ocrx_word' id='word_1_756' title='bbox 3454 3882 3513 3936; x_wconf 81' lang='lat' dir='ltr'><strong>in</strong></span> <span class='ocrx_word' id='word_1_757' title='bbox 3552 3897 3705 3947; x_wconf 78' lang='lat' dir='ltr'><strong>arca,</strong></span> 
     </span>
    </p>
   </div>
   <div class='ocr_carea' id='block_1_100' title="bbox 2122 3971 3712 4045">
    <p class='ocr_par' dir='ltr' id='par_1_100' title="bbox 2122 3971 3712 4045">
     <span class='ocr_line' id='line_1_100' title="bbox 2122 3971 3712 4045; baseline 0.003 -18"><span class='ocrx_word' id='word_1_758' title='bbox 2122 3986 2177 4027; x_wconf 86' lang='lat' dir='ltr'><strong>ut</strong></span> <span class='ocrx_word' id='word_1_759' title='bbox 2206 3972 2402 4029; x_wconf 82' lang='lat' dir='ltr'><strong>Paulus</strong></span> <span class='ocrx_word' id='word_1_760' title='bbox 2442 3974 2723 4045; x_wconf 82' lang='lat' dir='ltr'><strong>apostolus</strong></span> <span class='ocrx_word' id='word_1_761' title='bbox 2755 3975 2808 4028; x_wconf 90' lang='lat' dir='ltr'><strong>in</strong></span> <span class='ocrx_word' id='word_1_762' title='bbox 2836 3974 3080 4041; x_wconf 73' lang='lat' dir='ltr'><strong>Epislolzt</strong></span> <span class='ocrx_word' id='word_1_763' title='bbox 3110 3990 3203 4027; x_wconf 72' lang='lat' dir='ltr'><strong>sua</strong></span> <span class='ocrx_word' id='word_1_764' title='bbox 3231 3975 3300 4029; x_wconf 87' lang='lat' dir='ltr'><strong>ad</strong></span> <span class='ocrx_word' id='word_1_765' title='bbox 3320 3971 3597 4031; x_wconf 69' lang='lat' dir='ltr'><strong>lict-mos</strong></span> <span class='ocrx_word' id='word_1_766' title='bbox 3632 3988 3712 4032; x_wconf 81' lang='lat' dir='ltr'><strong>te-</strong></span> 
     </span>
    </p>
   </div>
   <div class='ocr_carea' id='block_1_101' title="bbox 2113 4064 3709 4137">
    <p class='ocr_par' dir='ltr' id='par_1_101' title="bbox 2113 4064 3709 4137">
     <span class='ocr_line' id='line_1_101' title="bbox 2113 4064 3709 4137; baseline 0.001 -17"><span class='ocrx_word' id='word_1_767' title='bbox 2113 4075 2311 4130; x_wconf 77' lang='lat' dir='ltr'><strong>statur,</strong></span> <span class='ocrx_word' id='word_1_768' title='bbox 2332 4083 2464 4120; x_wconf 87' lang='lat' dir='ltr'><strong>urna</strong></span> <span class='ocrx_word' id='word_1_769' title='bbox 2483 4082 2646 4123; x_wconf 80' lang='lat' dir='ltr'><strong>aurea</strong></span> <span class='ocrx_word' id='word_1_770' title='bbox 2669 4067 2877 4123; x_wconf 79' lang='lat' dir='ltr'><strong>habens</strong></span> <span class='ocrx_word' id='word_1_771' title='bbox 2905 4082 3100 4120; x_wconf 83' lang='lat' dir='ltr'><strong>manna</strong></span> <span class='ocrx_word' id='word_1_772' title='bbox 3128 4064 3321 4136; x_wconf 71' lang='lat' dir='ltr'><strong>(Hebr.</strong></span> <span class='ocrx_word' id='word_1_773' title='bbox 3344 4067 3420 4137; x_wconf 80' lang='lat' dir='ltr'><strong>lx)</strong></span> <span class='ocrx_word' id='word_1_774' title='bbox 3446 4084 3462 4121; x_wconf 86' lang='lat'><strong>:</strong></span> <span class='ocrx_word' id='word_1_775' title='bbox 3483 4067 3638 4133; x_wconf 81' lang='lat' dir='ltr'><strong>Quia</strong></span> <span class='ocrx_word' id='word_1_776' title='bbox 3658 4072 3709 4122; x_wconf 77' lang='lat' dir='ltr'><strong>in</strong></span> 
     </span>
    </p>
   </div>
   <div class='ocr_carea' id='block_1_102' title="bbox 2123 4160 3712 4231">
    <p class='ocr_par' dir='ltr' id='par_1_102' title="bbox 2123 4160 3712 4231">
     <span class='ocr_line' id='line_1_102' title="bbox 2123 4160 3712 4231; baseline 0.001 -18"><span class='ocrx_word' id='word_1_777' title='bbox 2123 4160 2341 4225; x_wconf 81' lang='lat' dir='ltr'><strong>homine</strong></span> <span class='ocrx_word' id='word_1_778' title='bbox 2375 4160 2586 4215; x_wconf 77' lang='lat' dir='ltr'><strong>Christo</strong></span> <span class='ocrx_word' id='word_1_779' title='bbox 2619 4160 2821 4214; x_wconf 81' lang='lat' dir='ltr'><strong>habitat</strong></span> <span class='ocrx_word' id='word_1_780' title='bbox 2878 4162 3049 4215; x_wconf 74' lang='lat' dir='ltr'><strong>omnis</strong></span> <span class='ocrx_word' id='word_1_781' title='bbox 3082 4160 3356 4231; x_wconf 77' lang='lat' dir='ltr'><strong>plenitudo</strong></span> <span class='ocrx_word' id='word_1_782' title='bbox 3396 4162 3712 4216; x_wconf 74' lang='lat' dir='ltr'><strong>divinitatis</strong></span> 
     </span>
    </p>
   </div>
   <div class='ocr_carea' id='block_1_103' title="bbox 2114 4250 3713 4323">
    <p class='ocr_par' dir='ltr' id='par_1_103' title="bbox 2114 4250 3713 4323">
     <span class='ocr_line' id='line_1_103' title="bbox 2114 4250 3713 4323; baseline 0.003 -18"><span class='ocrx_word' id='word_1_783' title='bbox 2114 4253 2459 4319; x_wconf 74' lang='lat' dir='ltr'><strong>corporaliter</strong></span> <span class='ocrx_word' id='word_1_784' title='bbox 2496 4252 2634 4320; x_wconf 79' lang='lat' dir='ltr'><strong>(Col.</strong></span> <span class='ocrx_word' id='word_1_785' title='bbox 2688 4253 2775 4322; x_wconf 89' lang='grc' dir='ltr'>ιι).</span> <span class='ocrx_word' id='word_1_786' title='bbox 2820 4253 2950 4307; x_wconf 75' lang='lat' dir='ltr'><strong>Erat</strong></span> <span class='ocrx_word' id='word_1_787' title='bbox 2995 4254 3147 4322; x_wconf 74' lang='lat' dir='ltr'><strong>virga</strong></span> <span class='ocrx_word' id='word_1_788' title='bbox 3186 4250 3393 4315; x_wconf 74' lang='lat' dir='ltr'><strong>Aaron.</strong></span> <span class='ocrx_word' id='word_1_789' title='bbox 3435 4268 3573 4323; x_wconf 78' lang='lat' dir='ltr'><strong>qua:</strong></span> <span class='ocrx_word' id='word_1_790' title='bbox 3616 4273 3713 4321; x_wconf 53' lang='lat' dir='ltr'><strong>ex:</strong></span> 
     </span>
    </p>
   </div>
   <div class='ocr_carea' id='block_1_104' title="bbox 2115 4336 3718 4409">
    <p class='ocr_par' dir='ltr' id='par_1_104' title="bbox 2115 4336 3718 4409">
     <span class='ocr_line' id='line_1_104' title="bbox 2115 4336 3718 4409; baseline 0 -17"><span class='ocrx_word' id='word_1_791' title='bbox 2115 4337 2228 4393; x_wconf 84' lang='lat' dir='ltr'><strong>cisa</strong></span> <span class='ocrx_word' id='word_1_792' title='bbox 2255 4336 2433 4392; x_wconf 87' lang='lat' dir='ltr'><strong>denuo</strong></span> <span class='ocrx_word' id='word_1_793' title='bbox 2468 4336 2745 4402; x_wconf 83' lang='lat' dir='ltr'><strong>ﬂoruerat,</strong></span> <span class='ocrx_word' id='word_1_794' title='bbox 2774 4337 2903 4408; x_wconf 78' lang='lat' dir='ltr'><strong>quia</strong></span> <span class='ocrx_word' id='word_1_795' title='bbox 2937 4348 3181 4409; x_wconf 81' lang='lat' dir='ltr'><strong>potestas</strong></span> <span class='ocrx_word' id='word_1_796' title='bbox 3210 4341 3388 4395; x_wconf 90' lang='lat' dir='ltr'><strong>omnis</strong></span> <span class='ocrx_word' id='word_1_797' title='bbox 3417 4336 3718 4409; x_wconf 74' lang='lat' dir='ltr'><strong>iudicandi</strong></span> 
     </span>
    </p>
   </div>
   <div class='ocr_carea' id='block_1_105' title="bbox 2116 4425 3719 4502">
    <p class='ocr_par' dir='ltr' id='par_1_105' title="bbox 2116 4425 3719 4502">
     <span class='ocr_line' id='line_1_105' title="bbox 2116 4425 3719 4502; baseline 0.002 -21"><span class='ocrx_word' id='word_1_798' title='bbox 2116 4441 2283 4497; x_wconf 86' lang='lat' dir='ltr'><strong>penes</strong></span> <span class='ocrx_word' id='word_1_799' title='bbox 2305 4442 2429 4482; x_wconf 86' lang='lat' dir='ltr'><strong>eum</strong></span> <span class='ocrx_word' id='word_1_800' title='bbox 2453 4435 2558 4492; x_wconf 88' lang='lat' dir='ltr'><strong>est,</strong></span> <span class='ocrx_word' id='word_1_801' title='bbox 2580 4425 2734 4495; x_wconf 86' lang='lat' dir='ltr'><strong>cujus</strong></span> <span class='ocrx_word' id='word_1_802' title='bbox 2758 4426 3025 4497; x_wconf 79' lang='lat' dir='ltr'><strong>judicium</strong></span> <span class='ocrx_word' id='word_1_803' title='bbox 3064 4429 3117 4483; x_wconf 88' lang='lat' dir='ltr'><strong>in</strong></span> <span class='ocrx_word' id='word_1_804' title='bbox 3142 4429 3453 4484; x_wconf 84' lang='lat' dir='ltr'><strong>humilitate</strong></span> <span class='ocrx_word' id='word_1_805' title='bbox 3498 4431 3719 4502; x_wconf 84' lang='lat' dir='ltr'><strong>passio-</strong></span> 
     </span>
    </p>
   </div>
   <div class='ocr_carea' id='block_1_106' title="bbox 2114 4519 3718 4578">
    <p class='ocr_par' dir='ltr' id='par_1_106' title="bbox 2114 4519 3718 4578">
     <span class='ocr_line' id='line_1_106' title="bbox 2114 4519 3718 4578; baseline 0.002 -5"><span class='ocrx_word' id='word_1_806' title='bbox 2114 4520 2201 4575; x_wconf 83' lang='lat' dir='ltr'><strong>nis</strong></span> <span class='ocrx_word' id='word_1_807' title='bbox 2224 4519 2511 4575; x_wconf 82' lang='lat' dir='ltr'><strong>videbatur</strong></span> <span class='ocrx_word' id='word_1_808' title='bbox 2535 4533 2657 4574; x_wconf 88' lang='lat' dir='ltr'><strong>esse</strong></span> <span class='ocrx_word' id='word_1_809' title='bbox 2682 4519 2975 4574; x_wconf 81' lang='lat' dir='ltr'><strong>sublatum.</strong></span> <span class='ocrx_word' id='word_1_810' title='bbox 3007 4521 3177 4575; x_wconf 86' lang='lat' dir='ltr'><strong>Erant</strong></span> <span class='ocrx_word' id='word_1_811' title='bbox 3205 4531 3259 4578; x_wconf 90' lang='lat' dir='ltr'><strong>et</strong></span> <span class='ocrx_word' id='word_1_812' title='bbox 3284 4519 3485 4575; x_wconf 54' lang='lat' dir='ltr'><strong>tabula</strong></span> <span class='ocrx_word' id='word_1_813' title='bbox 3522 4521 3718 4578; x_wconf 75' lang='lat' dir='ltr'><strong>Testa—</strong></span> 
     </span>
    </p>
   </div>
   <div class='ocr_carea' id='block_1_107' title="bbox 2114 4607 3721 4683">
    <p class='ocr_par' dir='ltr' id='par_1_107' title="bbox 2114 4607 3721 4683">
     <span class='ocr_line' id='line_1_107' title="bbox 2114 4607 3721 4683; baseline 0.001 -17"><span class='ocrx_word' id='word_1_814' title='bbox 2114 4611 2310 4677; x_wconf 76' lang='lat' dir='ltr'><strong>menti,</strong></span> <span class='ocrx_word' id='word_1_815' title='bbox 2343 4611 2467 4680; x_wconf 77' lang='lat' dir='ltr'><strong>quia</strong></span> <span class='ocrx_word' id='word_1_816' title='bbox 2501 4612 2553 4665; x_wconf 88' lang='lat' dir='ltr'><strong>in</strong></span> <span class='ocrx_word' id='word_1_817' title='bbox 2582 4610 2671 4664; x_wconf 87' lang='lat' dir='ltr'><strong>illo</strong></span> <span class='ocrx_word' id='word_1_818' title='bbox 2710 4620 2831 4665; x_wconf 88' lang='lat' dir='ltr'><strong>sunt</strong></span> <span class='ocrx_word' id='word_1_819' title='bbox 2880 4607 3058 4667; x_wconf 77' lang='lat' dir='ltr'><strong>omne‘s</strong></span> <span class='ocrx_word' id='word_1_820' title='bbox 3088 4611 3321 4666; x_wconf 81' lang='lat' dir='ltr'><strong>thesauri</strong></span> <span class='ocrx_word' id='word_1_821' title='bbox 3354 4613 3649 4683; x_wconf 72' lang='lat' dir='ltr'><strong>sapientim</strong></span> <span class='ocrx_word' id='word_1_822' title='bbox 3674 4622 3721 4667; x_wconf 84' lang='lat' dir='ltr'><strong>et</strong></span> 
     </span>
    </p>
   </div>
   <div class='ocr_carea' id='block_1_108' title="bbox 2112 4700 3724 4774">
    <p class='ocr_par' dir='ltr' id='par_1_108' title="bbox 2112 4700 3724 4774">
     <span class='ocr_line' id='line_1_108' title="bbox 2112 4700 3724 4774; baseline 0.001 -17"><span class='ocrx_word' id='word_1_823' title='bbox 2112 4703 2345 4758; x_wconf 73' lang='lat' dir='ltr'><strong>scientia:</strong></span> <span class='ocrx_word' id='word_1_824' title='bbox 2389 4701 2698 4756; x_wconf 80' lang='lat' dir='ltr'><strong>absconditi.</strong></span> <span class='ocrx_word' id='word_1_825' title='bbox 2735 4700 2872 4774; x_wconf 75' lang='lat' dir='ltr'><strong>(Col.</strong></span> <span class='ocrx_word' id='word_1_826' title='bbox 2921 4701 3005 4773; x_wconf 85' lang='grc' dir='ltr'>ιι).</span> <span class='ocrx_word' id='word_1_827' title='bbox 3052 4703 3419 4758; x_wconf 64' lang='lat' dir='ltr'><strong>Adhmrebaut</strong></span> <span class='ocrx_word' id='word_1_828' title='bbox 3444 4703 3498 4757; x_wconf 84' lang='lat' dir='ltr'><strong>ei</strong></span> <span class='ocrx_word' id='word_1_829' title='bbox 3533 4711 3724 4759; x_wconf 78' lang='lat' dir='ltr'><strong>vectes</strong></span> 
     </span>
    </p>
   </div>
   <div class='ocr_carea' id='block_1_109' title="bbox 2116 4795 3726 4867">
    <p class='ocr_par' dir='ltr' id='par_1_109' title="bbox 2116 4795 3726 4867">
     <span class='ocr_line' id='line_1_109' title="bbox 2116 4795 3726 4867; baseline 0.001 -17"><span class='ocrx_word' id='word_1_830' title='bbox 2116 4796 2314 4865; x_wconf 85' lang='lat' dir='ltr'><strong>quibus</strong></span> <span class='ocrx_word' id='word_1_831' title='bbox 2340 4795 2677 4864; x_wconf 78' lang='lat' dir='ltr'><strong>portabatur,</strong></span> <span class='ocrx_word' id='word_1_832' title='bbox 2708 4796 2839 4865; x_wconf 84' lang='lat' dir='ltr'><strong>quia</strong></span> <span class='ocrx_word' id='word_1_833' title='bbox 2856 4797 3108 4851; x_wconf 86' lang='lat' dir='ltr'><strong>doctores</strong></span> <span class='ocrx_word' id='word_1_834' title='bbox 3135 4797 3228 4867; x_wconf 89' lang='lat' dir='ltr'><strong>qui</strong></span> <span class='ocrx_word' id='word_1_835' title='bbox 3258 4796 3545 4866; x_wconf 82' lang='lat' dir='ltr'><strong>quondam</strong></span> <span class='ocrx_word' id='word_1_836' title='bbox 3580 4797 3726 4851; x_wconf 86' lang='lat' dir='ltr'><strong>labo-</strong></span> 
     </span>
    </p>
   </div>
   <div class='ocr_carea' id='block_1_110' title="bbox 2118 4884 3717 4958">
    <p class='ocr_par' dir='ltr' id='par_1_110' title="bbox 2118 4884 3717 4958">
     <span class='ocr_line' id='line_1_110' title="bbox 2118 4884 3717 4958; baseline 0 -17"><span class='ocrx_word' id='word_1_837' title='bbox 2118 4886 2315 4941; x_wconf 86' lang='lat' dir='ltr'><strong>rabant</strong></span> <span class='ocrx_word' id='word_1_838' title='bbox 2345 4885 2401 4939; x_wconf 92' lang='lat' dir='ltr'><strong>in</strong></span> <span class='ocrx_word' id='word_1_839' title='bbox 2424 4884 2590 4940; x_wconf 86' lang='lat' dir='ltr'><strong>verbo</strong></span> <span class='ocrx_word' id='word_1_840' title='bbox 2617 4884 2842 4951; x_wconf 82' lang='lat' dir='ltr'><strong>Christi,</strong></span> <span class='ocrx_word' id='word_1_841' title='bbox 2874 4902 3017 4941; x_wconf 88' lang='lat' dir='ltr'><strong>nunc</strong></span> <span class='ocrx_word' id='word_1_842' title='bbox 3050 4885 3310 4958; x_wconf 66' lang='lat' dir='ltr'><strong>praesenti</strong></span> <span class='ocrx_word' id='word_1_843' title='bbox 3336 4885 3563 4943; x_wconf 82' lang='lat' dir='ltr'><strong>visione</strong></span> <span class='ocrx_word' id='word_1_844' title='bbox 3588 4902 3717 4942; x_wconf 86' lang='lat' dir='ltr'><strong>con-</strong></span> 
     </span>
    </p>
   </div>
   <div class='ocr_carea' id='block_1_111' title="bbox 2118 4976 3729 5047">
    <p class='ocr_par' dir='ltr' id='par_1_111' title="bbox 2118 4976 3729 5047">
     <span class='ocr_line' id='line_1_111' title="bbox 2118 4976 3729 5047; baseline 0.002 -16"><span class='ocrx_word' id='word_1_845' title='bbox 2118 4977 2353 5047; x_wconf 80' lang='lat' dir='ltr'><strong>gaudent</strong></span> <span class='ocrx_word' id='word_1_846' title='bbox 2373 4977 2557 5047; x_wconf 83' lang='lat' dir='ltr'><strong>gloriae</strong></span> <span class='ocrx_word' id='word_1_847' title='bbox 2578 4976 2799 5032; x_wconf 88' lang='lat' dir='ltr'><strong>Christi.</strong></span> <span class='ocrx_word' id='word_1_848' title='bbox 2823 4977 2978 5045; x_wconf 79' lang='lat' dir='ltr'><strong>Quod</strong></span> <span class='ocrx_word' id='word_1_849' title='bbox 3001 4978 3143 5035; x_wconf 74' lang='lat' dir='ltr'><strong>enim</strong></span> <span class='ocrx_word' id='word_1_850' title='bbox 3174 4994 3315 5041; x_wconf 78' lang='lat' dir='ltr'><strong>ututs</strong></span> <span class='ocrx_word' id='word_1_851' title='bbox 3342 4994 3547 5035; x_wconf 85' lang='lat' dir='ltr'><strong>eorum</strong></span> <span class='ocrx_word' id='word_1_852' title='bbox 3577 4983 3648 5036; x_wconf 87' lang='lat' dir='ltr'><strong>de</strong></span> <span class='ocrx_word' id='word_1_853' title='bbox 3669 4996 3729 5035; x_wconf 86' lang='lat' dir='ltr'><strong>se</strong></span> 
     </span>
    </p>
   </div>
   <div class='ocr_carea' id='block_1_112' title="bbox 2119 5066 3728 5141">
    <p class='ocr_par' dir='ltr' id='par_1_112' title="bbox 2119 5066 3728 5141">
     <span class='ocr_line' id='line_1_112' title="bbox 2119 5066 3728 5141; baseline 0 -17"><span class='ocrx_word' id='word_1_854' title='bbox 2119 5070 2255 5124; x_wconf 77' lang='lat' dir='ltr'><strong>dixit</strong></span> <span class='ocrx_word' id='word_1_855' title='bbox 2281 5087 2294 5123; x_wconf 91' lang='lat'><strong>:</strong></span> <span class='ocrx_word' id='word_1_856' title='bbox 2322 5068 2487 5141; x_wconf 86' lang='lat' dir='ltr'><strong>Cupio</strong></span> <span class='ocrx_word' id='word_1_857' title='bbox 2513 5068 2726 5124; x_wconf 72' lang='lat' dir='ltr'><strong>dissolui</strong></span> <span class='ocrx_word' id='word_1_858' title='bbox 2750 5078 2799 5123; x_wconf 83' lang='lat' dir='ltr'><strong>et</strong></span> <span class='ocrx_word' id='word_1_859' title='bbox 2824 5086 2936 5125; x_wconf 84' lang='lat' dir='ltr'><strong>esse</strong></span> <span class='ocrx_word' id='word_1_860' title='bbox 2954 5085 3074 5124; x_wconf 73' lang='lat' dir='ltr'><strong>cum</strong></span> <span class='ocrx_word' id='word_1_861' title='bbox 3098 5066 3308 5124; x_wconf 66' lang='lat' dir='ltr'><strong>Christo</strong></span> <span class='ocrx_word' id='word_1_862' title='bbox 3335 5066 3512 5141; x_wconf 76' lang='lat' dir='ltr'><strong>(Phil.</strong></span> <span class='ocrx_word' id='word_1_863' title='bbox 3550 5074 3622 5140; x_wconf 73' lang='lat'><strong>1),</strong></span> <span class='ocrx_word' id='word_1_864' title='bbox 3660 5069 3728 5124; x_wconf 87' lang='lat' dir='ltr'><strong>de</strong></span> 
     </span>
    </p>
   </div>
   <div class='ocr_carea' id='block_1_113' title="bbox 2117 5160 3726 5233">
    <p class='ocr_par' dir='ltr' id='par_1_113' title="bbox 2117 5160 3726 5233">
     <span class='ocr_line' id='line_1_113' title="bbox 2117 5160 3726 5233; baseline 0 -18"><span class='ocrx_word' id='word_1_865' title='bbox 2117 5160 2371 5216; x_wconf 89' lang='lat' dir='ltr'><strong>omnibus</strong></span> <span class='ocrx_word' id='word_1_866' title='bbox 2396 5160 2582 5230; x_wconf 82' lang='lat' dir='ltr'><strong>utique</strong></span> <span class='ocrx_word' id='word_1_867' title='bbox 2610 5161 2693 5215; x_wconf 87' lang='lat' dir='ltr'><strong>sui</strong></span> <span class='ocrx_word' id='word_1_868' title='bbox 2721 5161 2902 5231; x_wconf 88' lang='lat' dir='ltr'><strong>operis</strong></span> <span class='ocrx_word' id='word_1_869' title='bbox 2923 5161 3267 5218; x_wconf 83' lang='lat' dir='ltr'><strong>consortibus</strong></span> <span class='ocrx_word' id='word_1_870' title='bbox 3296 5161 3726 5233; x_wconf 74' lang='lat' dir='ltr'><strong>intelbgendum</strong></span> 
     </span>
    </p>
   </div>
   <div class='ocr_carea' id='block_1_114' title="bbox 2121 5250 3732 5323">
    <p class='ocr_par' dir='ltr' id='par_1_114' title="bbox 2121 5250 3732 5323">
     <span class='ocr_line' id='line_1_114' title="bbox 2121 5250 3732 5323; baseline 0 -16"><span class='ocrx_word' id='word_1_871' title='bbox 2121 5252 2359 5321; x_wconf 80' lang='lat' dir='ltr'><strong>reliquit.</strong></span> <span class='ocrx_word' id='word_1_872' title='bbox 2396 5251 2743 5323; x_wconf 79' lang='lat' dir='ltr'><strong>Apparebant</strong></span> <span class='ocrx_word' id='word_1_873' title='bbox 2775 5252 3118 5308; x_wconf 83' lang='lat' dir='ltr'><strong>summitates</strong></span> <span class='ocrx_word' id='word_1_874' title='bbox 3159 5253 3396 5309; x_wconf 82' lang='lat' dir='ltr'><strong>vectium</strong></span> <span class='ocrx_word' id='word_1_875' title='bbox 3418 5250 3569 5308; x_wconf 79' lang='lat' dir='ltr'><strong>foris</strong></span> <span class='ocrx_word' id='word_1_876' title='bbox 3600 5262 3732 5308; x_wconf 78' lang='lat' dir='ltr'><strong>ante</strong></span> 
     </span>
    </p>
   </div>
   <div class='ocr_carea' id='block_1_115' title="bbox 2122 5341 3736 5412">
    <p class='ocr_par' dir='ltr' id='par_1_115' title="bbox 2122 5341 3736 5412">
     <span class='ocr_line' id='line_1_115' title="bbox 2122 5341 3736 5412; baseline 0.002 -15"><span class='ocrx_word' id='word_1_877' title='bbox 2122 5343 2422 5407; x_wconf 88' lang='lat' dir='ltr'><strong>oraculum,</strong></span> <span class='ocrx_word' id='word_1_878' title='bbox 2446 5359 2553 5399; x_wconf 86' lang='lat' dir='ltr'><strong>non</strong></span> <span class='ocrx_word' id='word_1_879' title='bbox 2589 5356 2823 5412; x_wconf 78' lang='lat' dir='ltr'><strong>semper,</strong></span> <span class='ocrx_word' id='word_1_880' title='bbox 2856 5342 2952 5399; x_wconf 86' lang='lat' dir='ltr'><strong>sed</strong></span> <span class='ocrx_word' id='word_1_881' title='bbox 2991 5359 3115 5399; x_wconf 88' lang='lat' dir='ltr'><strong>cum</strong></span> <span class='ocrx_word' id='word_1_882' title='bbox 3153 5344 3296 5399; x_wconf 87' lang='lat' dir='ltr'><strong>ostia</strong></span> <span class='ocrx_word' id='word_1_883' title='bbox 3318 5341 3583 5412; x_wconf 84' lang='lat' dir='ltr'><strong>eiusdem</strong></span> <span class='ocrx_word' id='word_1_884' title='bbox 3612 5360 3736 5405; x_wconf 80' lang='lat' dir='ltr'><strong>ora-</strong></span> 
     </span>
    </p>
   </div>
   <div class='ocr_carea' id='block_1_116' title="bbox 2120 5434 3736 5507">
    <p class='ocr_par' dir='ltr' id='par_1_116' title="bbox 2120 5434 3736 5507">
     <span class='ocr_line' id='line_1_116' title="bbox 2120 5434 3736 5507; baseline 0.001 -17"><span class='ocrx_word' id='word_1_885' title='bbox 2120 5434 2224 5490; x_wconf 87' lang='lat' dir='ltr'><strong>culi</strong></span> <span class='ocrx_word' id='word_1_886' title='bbox 2285 5435 2485 5504; x_wconf 87' lang='lat' dir='ltr'><strong>aperiri</strong></span> <span class='ocrx_word' id='word_1_887' title='bbox 2534 5436 2907 5505; x_wconf 79' lang='lat' dir='ltr'><strong>contingeret;</strong></span> <span class='ocrx_word' id='word_1_888' title='bbox 2941 5450 3119 5507; x_wconf 81' lang='lat' dir='ltr'><strong>neque</strong></span> <span class='ocrx_word' id='word_1_889' title='bbox 3161 5436 3265 5492; x_wconf 90' lang='lat' dir='ltr'><strong>hoc</strong></span> <span class='ocrx_word' id='word_1_890' title='bbox 3307 5434 3601 5502; x_wconf 81' lang='lat' dir='ltr'><strong>omnibus,</strong></span> <span class='ocrx_word' id='word_1_891' title='bbox 3634 5434 3736 5492; x_wconf 83' lang='lat' dir='ltr'><strong>sed</strong></span> 
     </span>
    </p>
   </div>
   <div class='ocr_carea' id='block_1_117' title="bbox 2120 5526 3739 5598">
    <p class='ocr_par' dir='ltr' id='par_1_117' title="bbox 2120 5526 3739 5598">
     <span class='ocr_line' id='line_1_117' title="bbox 2120 5526 3739 5598; baseline 0.001 -16"><span class='ocrx_word' id='word_1_892' title='bbox 2120 5526 2457 5587; x_wconf 69' lang='lat' dir='ltr'><strong>solmnmodo</strong></span> <span class='ocrx_word' id='word_1_893' title='bbox 2482 5527 2575 5597; x_wconf 88' lang='lat' dir='ltr'><strong>qui</strong></span> <span class='ocrx_word' id='word_1_894' title='bbox 2606 5528 2829 5598; x_wconf 84' lang='lat' dir='ltr'><strong>propius</strong></span> <span class='ocrx_word' id='word_1_895' title='bbox 2851 5532 3174 5585; x_wconf 81' lang='lat' dir='ltr'><strong>accedentes</strong></span> <span class='ocrx_word' id='word_1_896' title='bbox 3198 5528 3457 5584; x_wconf 85' lang='lat' dir='ltr'><strong>attentius</strong></span> <span class='ocrx_word' id='word_1_897' title='bbox 3483 5542 3564 5582; x_wconf 83' lang='lat' dir='ltr'><strong>ea</strong></span> <span class='ocrx_word' id='word_1_898' title='bbox 3610 5543 3739 5597; x_wconf 76' lang='lat' dir='ltr'><strong>qua:</strong></span> 
     </span>
    </p>
   </div>
   <div class='ocr_carea' id='block_1_118' title="bbox 2121 5616 3739 5689">
    <p class='ocr_par' dir='ltr' id='par_1_118' title="bbox 2121 5616 3739 5689">
     <span class='ocr_line' id='line_1_118' title="bbox 2121 5616 3739 5689; baseline 0.002 -18"><span class='ocrx_word' id='word_1_899' title='bbox 2121 5616 2270 5674; x_wconf 79' lang='lat' dir='ltr'><strong>intus</strong></span> <span class='ocrx_word' id='word_1_900' title='bbox 2313 5626 2472 5679; x_wconf 80' lang='lat' dir='ltr'><strong>erant</strong></span> <span class='ocrx_word' id='word_1_901' title='bbox 2522 5619 2841 5689; x_wconf 83' lang='lat' dir='ltr'><strong>satagebant</strong></span> <span class='ocrx_word' id='word_1_902' title='bbox 2894 5619 3119 5675; x_wconf 81' lang='lat' dir='ltr'><strong>intueri.</strong></span> <span class='ocrx_word' id='word_1_903' title='bbox 3152 5617 3273 5689; x_wconf 81' lang='lat' dir='ltr'><strong>ipsa</strong></span> <span class='ocrx_word' id='word_1_904' title='bbox 3321 5626 3509 5675; x_wconf 81' lang='lat' dir='ltr'><strong>autem</strong></span> <span class='ocrx_word' id='word_1_905' title='bbox 3575 5634 3739 5674; x_wconf 82' lang='lat' dir='ltr'><strong>area.</strong></span> 
     </span>
    </p>
   </div>
   <div class='ocr_carea' id='block_1_119' title="bbox 2122 5709 3743 5783">
    <p class='ocr_par' dir='ltr' id='par_1_119' title="bbox 2122 5709 3743 5783">
     <span class='ocr_line' id='line_1_119' title="bbox 2122 5709 3743 5783; baseline 0.001 -16"><span class='ocrx_word' id='word_1_906' title='bbox 2122 5711 2295 5781; x_wconf 83' lang='lat' dir='ltr'><strong>qualis</strong></span> <span class='ocrx_word' id='word_1_907' title='bbox 2323 5720 2377 5768; x_wconf 88' lang='lat' dir='ltr'><strong>et</strong></span> <span class='ocrx_word' id='word_1_908' title='bbox 2405 5709 2681 5781; x_wconf 79' lang='lat' dir='ltr'><strong>quomodo</strong></span> <span class='ocrx_word' id='word_1_909' title='bbox 2706 5719 2851 5768; x_wconf 86' lang='lat' dir='ltr'><strong>esset</strong></span> <span class='ocrx_word' id='word_1_910' title='bbox 2890 5711 3089 5783; x_wconf 82' lang='lat' dir='ltr'><strong>posita,</strong></span> <span class='ocrx_word' id='word_1_911' title='bbox 3124 5711 3253 5768; x_wconf 82' lang='lat' dir='ltr'><strong>solis</strong></span> <span class='ocrx_word' id='word_1_912' title='bbox 3275 5711 3356 5768; x_wconf 86' lang='lat' dir='ltr'><strong>eis</strong></span> <span class='ocrx_word' id='word_1_913' title='bbox 3393 5709 3488 5781; x_wconf 80' lang='lat' dir='ltr'><strong>qui</strong></span> <span class='ocrx_word' id='word_1_914' title='bbox 3524 5725 3743 5768; x_wconf 82' lang='lat' dir='ltr'><strong>oracu-</strong></span> 
     </span>
    </p>
   </div>
  </div>
