3870 6146
221 331 224 335 ,
244 261 341 319 un

1173 251 1523 310 COMMENT.
1565 247 1631 304 ΙΝ
1669 245 2222 302 PARALIPOMENA.
2263 276 2333 287 —
2369 245 2499 328 LIB.
2537 245 2622 302 111.

3401 243 3510 303 ιιι-ξ

247 375 358 433 lum
384 373 700 435 intrassent,
725 368 910 425 videre
933 365 1147 430 licebat,
1171 365 1294 434 quia
1315 361 1494 417 nullus
1516 365 1828 414 sanctorum
1859 362 1909 420 Α
1936 355 2200 409 tenarium
2242 363 2298 409 et
2337 353 2667 410 vicenarium
2694 369 2977 410 numerum
3008 364 3133 411 sunt
3159 358 3418 426 expressi,
3443 373 3516 432 eo

251 467 307 524 in
341 467 445 520 hac
469 460 648 517 adhuc
681 460 791 514 vita
835 457 1042 528 positus
1075 455 1309 528 (tametsi
1347 452 1575 507 multum
1607 450 1659 503 in
1710 447 1833 502 alti-

255 561 444 617 tudine
470 573 530 611 se
548 555 749 610 mentis
795 550 1088 622 attollens),
1121 549 1212 604 sed
1242 548 1338 603 soli
1387 547 1527 600 illius
1550 544 1735 614 patriae
1761 542 1838 596 ci-

248 647 342 708 ves
366 647 595 721 gloriam
653 643 782 698 inihi
823 642 902 696 sui
951 639 1332 708 Redemptoris
1372 637 1528 706 plene
1577 641 1837 688 contuen-

250 754 356 800 tur.
385 740 528 795 Sunt
553 744 610 792 et
639 743 822 789 vectes
855 748 979 787 cum
1011 746 1136 786 arca
1187 730 1240 783 in
1281 727 1500 783 oraculo
1546 724 1832 789 reconditi,

252 834 376 905 quia
402 826 698 884 absconditi
724 833 845 879 sunt
885 831 939 876 et
983 821 1098 891 jam
1126 835 1270 875 nunc
1295 819 1520 891 perfecti
1551 817 1754 887 quique
1784 823 1840 868 et

253 923 434 987 electi,
484 921 575 990 qui
607 933 708 973 nos
752 923 1153 986 praecesserunt
1188 915 1253 970 de
1296 912 1521 975 mundo,
1565 913 1621 963 in
1659 910 1838 963 abdito

250 1015 422 1069 vultus
445 1012 542 1066 Dei
566 1029 598 1064 a
619 1007 1017 1063 conturbatione
1038 1006 1305 1059 hominum
1335 1002 1506 1076 (Psal.
1527 1000 1676 1070 xxx).
1704 1001 1843 1067 Quo-

255 1121 372 1160 rum
410 1112 591 1158 tamen
627 1099 966 1154 summitates
996 1095 1230 1150 vectium
1252 1107 1636 1161 nonnunquam
1656 1100 1842 1160 aperto

253 1193 477 1250 oraculo
506 1191 594 1246 bis
632 1190 724 1260 qui
756 1187 1193 1258 appmpinquant
1219 1183 1487 1246 visuntur,
1520 1198 1643 1235 cum
1667 1179 1843 1250 perfe-

255 1285 519 1342 ctioribus
571 1283 872 1352 quibusque
922 1285 1086 1346 atque
1130 1275 1343 1331 oculum
1376 1274 1460 1328 sui
1501 1274 1682 1329 cordis
1731 1280 1841 1326 tota

257 1376 557 1431 intentione
587 1370 1003 1444 puriﬁcantibus
1031 1367 1212 1422 divina
1236 1365 1409 1437 gratia
1434 1364 1637 1432 aliquid
1665 1370 1844 1416 extre-

258 1483 403 1521 mum
431 1466 499 1519 de
525 1478 884 1533 supernorum
910 1459 1111 1514 civium
1139 1457 1336 1526 gaudio
1368 1449 1842 1524 contemplandum

259 1557 560 1616 donaverit.
585 1555 715 1623 Quae
740 1553 1000 1607 nimirum
1019 1547 1408 1617 contemplatio
1429 1546 1537 1611 his,
1565 1545 1656 1615 qui
1682 1543 1842 1612 paulo

258 1648 472 1720 longius
491 1649 852 1708 recesserunt,
876 1641 1096 1695 minime
1119 1637 1455 1700 conceditur,
1483 1635 1608 1704 quia
1641 1639 1842 1702 quanto

256 1709 502 1792 estci'ius
546 1743 726 1790 mente
778 1747 914 1802 vaga
976 1735 1281 1792 remanent,
1310 1733 1460 1780 tanto
1490 1724 1689 1787 minus,
1722 1737 1842 1791 quae
1874 1709 1918 1768 Β

260 1839 383 1884 sunt
412 1827 625 1882 interna
655 1823 868 1896 gaudia,
901 1820 1154 1892 gaudent.

333 1964 526 2020 Omnes
549 1961 687 2016 enim
725 1957 1045 2021 sacerdotes,
1073 1955 1160 2025 qui
1208 1954 1280 2006 ibi
1337 1959 1575 2021 poterant
1602 1947 1842 2010 inveniri,

261 2053 740 2123 sanctificatisunt,
779 2064 870 2101 nec
906 2046 1078 2099 adhuc
1117 2043 1210 2097 illo
1239 2052 1467 2112 tempore
1503 2040 1637 2092 vices
1666 2046 1713 2091 et
1744 2036 1846 2089 mi—

261 2143 597 2199 nisteriorum
643 2137 772 2191 ordo
802 2136 936 2188 inter
972 2149 1059 2186 eos
1111 2130 1310 2184 divisus
1340 2138 1474 2193 erat,
1513 2135 1621 2180 tam
1657 2123 1849 2178 Levita:

261 2252 417 2307 quam
447 2241 709 2294 cantores,
741 2227 794 2280 id
820 2236 916 2291 est,
953 2234 1000 2279 et
1033 2223 1122 2294 qui
1152 2222 1247 2277 sub
1281 2219 1456 2290 Asaph
1486 2225 1657 2281 erant,
1683 2225 1730 2269 et
1758 2215 1846 2284 qui

261 2328 352 2382 sub
384 2325 620 2388 Ileman,
645 2331 692 2375 et
723 2320 812 2390 qui
843 2318 936 2372 sub
965 2315 1205 2368 lditltun.
1253 2311 1347 2366 Hie
1427 2308 1556 2363 dum
1587 2314 1847 2376 quatuor-

268 2420 441 2474 decim
494 2425 687 2469 turma:
732 2419 933 2466 sortem
957 2408 1246 2474 miserunt,
1271 2402 1394 2473 quis
1415 2401 1621 2472 primus
1645 2406 1738 2452 aut
1768 2413 1852 2452 se-

259 2510 473 2574 cundus
517 2513 614 2559 aut
658 2502 850 2556 tertius
901 2498 1254 2561 ministraret,
1301 2507 1492 2548 omnes
1525 2488 1851 2544 sanctiﬁcati

265 2602 468 2682 pariter
492 2593 826 2652 serviebant.

337 2725 467 2780 Filii
498 2733 548 2778 et
583 2722 776 2792 fratres
821 2735 1002 2774 eorum
1033 2717 1199 2773 vestiti
1228 2714 1474 2785 byssinis,
1518 2708 1771 2782 cymbalis
1805 2717 1854 2761 et

263 2816 532 2889 psalteriis
560 2824 609 2869 et
634 2812 851 2867 citharis
883 2807 1285 2879 concrepabant,
1309 2811 1502 2858 stantes
1527 2800 1595 2853 ad
1627 2799 1859 2853 orienta-

265 2887 365 2965 lem
387 2909 605 2980 plagam
649 2904 858 2969 altaris,
900 2911 949 2956 et
975 2916 1094 2954 cum
1121 2899 1195 2952 eis
1224 2895 1521 2951 sacerdotes
1547 2899 1754 2945 centum
1775 2887 1856 2940 vi—

268 2977 418 3073 ginti,
483 2977 731 3054 canentes
767 2995 923 3049 tubis.
958 2992 1202 3060 Qualiter
1255 2996 1434 3042 autem
1487 2982 1755 3052 Iosephus
1791 2977 1858 3032 de

1937 447 2080 515 quod
2132 445 2426 516 legislator,
2473 446 2624 516 juxta
2671 447 2830 516 hujus
2879 449 3090 504 numeri
3130 449 3510 518 quantitatem,

1937 551 2200 592 annorum
2246 537 2442 591 seriem
2485 538 2746 608 implevit,
2784 546 2840 592 et
2867 539 2921 592 in
2966 539 3246 594 caenaculo
3276 538 3408 596 Sion
3456 541 3514 597 in

1937 625 2025 679 die
2070 625 2420 681 Pentecostes
2469 628 2659 680 eodem
2708 641 2936 680 numero
2965 629 3249 683 credentes
3285 630 3517 697 gratiam

1939 715 2173 786 Spiritus
2202 715 2459 786 paracleti
2496 725 2842 784 acceperunt,
2883 718 3360 787 pucdicationibus
3384 718 3518 773 vali-

1939 807 2022 861 dis
2055 807 2229 860 turbis
2263 806 2500 861 lldelium
2542 807 2880 875 splendorem
2929 808 3060 862 solis
3097 807 3320 876 iustitiae
3361 811 3518 866 inno-

1939 906 2179 962 tucruut,
2212 905 2272 950 ut
2300 899 2538 966 utrique,
2580 898 2682 952 hoc
2711 907 2814 961 est,
2839 899 3094 952 docentes
3134 908 3187 954 et
3233 900 3518 955 audientes

1940 987 2143 1041 lumine
2168 1002 2309 1042 vera:
2331 988 2610 1058 sapientiae
2639 988 3011 1042 decorarentm
3049 987 3184 1060 (Act.
3217 987 3300 1060 ιι).

2013 1099 2186 1169 Igitur
2212 1098 2412 1152 cunctis
2434 1099 2632 1166 pariter
2662 1106 2708 1150 et
2755 1097 2890 1150 tubis
2913 1107 2959 1149 et
2983 1113 3100 1150 voce
3122 1106 3168 1150 et
3198 1097 3447 1166 cymbalis
3471 1105 3519 1149 et

1942 1188 2152 1258 organis
2176 1197 2222 1241 et
2246 1188 2437 1242 diversi
2459 1188 2662 1258 generis
2688 1187 3005 1240 musicorum
3033 1187 3444 1251 concinentibus,
3470 1194 3521 1239 et

1943 1294 2118 1332 vocem
2148 1278 2202 1331 in
2237 1277 2456 1331 sublime
2481 1276 2800 1340 tollentibus,
2847 1275 2996 1346 longe
3023 1277 3225 1330 sonitus
3270 1278 3520 1331 audieba-

1946 1376 2062 1431 tur;
2093 1367 2167 1419 ita
2192 1376 2247 1420 ut
2273 1382 2389 1420 cum
2427 1365 2711 1419 Dominam
2757 1364 2976 1418 laudare
3021 1365 3287 1434 cwpissent
3308 1374 3355 1418 et
3381 1365 3522 1418 dice-

1947 1475 2000 1511 re
2031 1475 2048 1512 :
2087 1458 2430 1513 Conﬁtemini
2474 1458 2701 1511 Domino
2732 1456 2984 1525 quoniam
3031 1457 3236 1519 bonus,
3266 1456 3523 1525 quoniam

1947 1549 2000 1603 in
2053 1557 2314 1602 mternum
2371 1547 2740 1602 misericordia
2795 1545 2943 1614 ejus,
2989 1545 3294 1614 impleretur
3334 1546 3402 1599 do
3424 1562 3522 1599 nus

1948 1639 2046 1692 Dei
2074 1639 2237 1704 nube,
2269 1657 2361 1694 nec
2395 1651 2599 1711 possent
2639 1640 2932 1694 sacerdotes
2980 1648 3119 1693 stare
3146 1648 3193 1692 et
3225 1638 3526 1692 ministrare

1947 1739 2157 1799 prOpter
2197 1730 2493 1802 caliginem.
2530 1729 2884 1801 Compleverat
2939 1731 3074 1784 enim
3121 1729 3288 1800 gloria
3313 1728 3527 1781 Domini

1949 1821 2161 1874 domum
2207 1820 2325 1874 Dei.
2356 1821 2493 1888 Quid
2542 1831 2624 1877 est
2652 1823 2795 1892 quod
2856 1821 3228 1876 sacerdotibus
3254 1827 3309 1874 et
3351 1819 3530 1874 levitis

1950 1916 2172 1986 organis
2197 1924 2252 1970 et
2277 1915 2476 1970 diversi
2501 1915 2715 1986 generis
2747 1917 3078 1970 musicorum
3108 1914 3322 1970 laudem
3350 1913 3448 1968 Dei
3474 1912 3530 1965 in

1950 2007 2150 2075 templo
2187 2005 2597 2061 concinentibus
2633 2015 2853 2075 propter
2875 2005 3181 2077 caliginem,
3212 2006 3344 2070 sive,
3373 2012 3434 2058 ut
3477 2003 3533 2058 in

1951 2095 2091 2150 libro
2117 2095 2324 2166 Regum
2355 2096 2613 2164 scriptum
2641 2105 2744 2160 est,
2783 2103 3003 2164 propter
3021 2095 3275 2150 nebulam
3306 2108 3414 2149 non
3437 2107 3535 2162 po-

1953 2195 2173 2242 tuerunt
2194 2196 2337 2241 stare
2359 2195 2414 2240 et
2436 2187 2744 2240 ministrare
2767 2184 2886 2258 (III
2913 2184 3044 2254 Reg.
3069 2182 3210 2256 vlu),
3242 2183 3347 2237 nisi
3367 2182 3532 2252 quod,

1951 2275 2370 2346 praedicantibus
2400 2273 2681 2329 Salvatore
2724 2282 2780 2328 et
2835 2273 3093 2344 apostolis
3138 2271 3255 2340 ejus
3285 2272 3532 2341 Evange-
3593 2337 3596 2342 ι

1951 2368 2105 2432 lium,
2139 2367 2352 2437 superbi
2384 2364 2692 2420 Iudaeorum
2717 2366 3021 2434 pontiﬁces,
3059 2365 3399 2436 exigentibus
3424 2378 3536 2418 me-

1957 2458 2096 2523 ritis,
2129 2458 2256 2512 dum
2296 2457 2475 2511 divina
2524 2457 2781 2527 mysteria
2826 2471 2921 2526 per
2967 2455 3254 2526 parabolas
3305 2453 3532 2508 audiunt

1959 2549 2175 2622 (Matth.
2210 2548 2348 2619 xm),
2377 2549 2532 2618 quasi
2554 2549 2865 2622 sacerdotes
2895 2548 2948 2602 in
2987 2548 3146 2602 domo
3178 2545 3389 2602 Domini
3411 2559 3537 2614 pro—

1956 2649 2078 2710 pter
2113 2639 2365 2694 nebulam
2417 2639 2732 2693 ministrare
2778 2637 3176 2708 nequiverunt?
3226 2636 3328 2703 Qui
3379 2644 3435 2691 et
3484 2637 3540 2690 in

1960 2731 2310 2786 Testamento
2339 2728 2522 2784 Veteri
2551 2730 2698 2784 ’dum
2743 2744 2934 2785 sensus
2957 2729 3212 2800 mysticos
3238 2728 3432 2783 litterae
3454 2743 3544 2781 ve-

1961 2822 2160 2876 lamine
2195 2829 2481 2889 coopertos
2521 2820 2662 2874 inter
2710 2821 2972 2874 obscuras
3015 2818 3391 2888 allegoriarum
3422 2815 3548 2871 cali-

1962 2911 2114 2981 gines
2147 2910 2467 2980 investigare
2507 2908 2832 2977 despiciunt,
2863 2908 3100 2963 debitum
3148 2906 3270 2962 ﬁdei
3299 2921 3410 2962 sua:
3438 2907 3544 2961 mi-

1964 3001 2248 3056 nisterium
2279 3007 2500 3070 propter
2539 2997 2788 3054 nebulam
2817 2998 3195 3068 perdiderunt;
3245 2999 3440 3067 quibus
3491 3005 3548 3052 et

269 3093 515 3148 vestibus
563 3084 990 3143 sacerdotalibus
1025 3081 1094 3135 ab
1121 3079 1412 3133 Salomone
1443 3071 1707 3129 confectis
1730 3082 1859 3123 nar—
1887 3076 1932 3137 (1
1968 3101 2095 3146 tunc
2120 3092 2173 3146 in
2201 3092 2393 3146 nebula
2417 3091 2678 3146 docui“,
2720 3105 2830 3146 sua,
2851 3105 3041 3145 vocem
3071 3090 3331 3146 Dominus
3358 3099 3546 3160 ρτοω,

270 3194 373 3250 ret,
406 3183 697 3238 videamus
732 3197 744 3232 :
784 3197 800 3230 ‹
841 3176 1009 3239 Fecit,
1055 3172 1253 3242 inquit,
1279 3168 1452 3225 stolas
1496 3161 1861 3221 sacerdotales

269 3273 624 3345 pontiﬁcibus
660 3284 781 3324 cum
802 3269 886 3322 his
910 3281 1028 3335 qua:
1056 3262 1362 3334 pendebant
1403 3259 1471 3312 ad
1509 3256 1673 3327 pedes
1693 3261 1752 3308 et
1772 3266 1863 3306 su-

273 3365 687 3437 perbumerales
707 3372 764 3417 et
786 3359 1078 3415 rationales
1103 3365 1159 3410 et
1202 3353 1428 3426 gemmis
1462 3349 1625 3404 mille.
1649 3347 1863 3402 Corona

277 3436 422 3520 vero,
449 3457 636 3524 inqua
663 3452 948 3507 Dominum
973 3449 1184 3518 Moyses
1208 3444 1579 3512 inscripserat,
1601 3455 1706 3493 una
1723 3436 1824 3490 fuit
1845 3451 1860 3488 :

279 3550 342 3603 ad
363 3550 513 3602 hunc
542 3545 688 3600 diem
734 3555 905 3612 usque
939 3537 1257 3610 permansit.
1289 3531 1664 3590 Sacerdotales
1684 3536 1866 3583 autem

281 3641 443 3695 stolas
467 3648 523 3692 et
547 3639 712 3708 bysso
734 3642 1018 3688 contextas
1049 3639 1103 3686 et
1127 3644 1292 3685 zonas
1318 3638 1622 3696 purpureas
1643 3620 1870 3691 singulis

283 3731 466 3787 decem
490 3727 686 3792 millia,
719 3733 776 3780 et
805 3724 960 3778 tubas
1008 3720 1304 3777 secundum
1337 3722 1668 3786 praeceptum
1699 3709 1866 3782 Moysi

281 3821 514 3878 ducenta
555 3817 743 3872 millia.
773 3815 908 3871 ltem
961 3813 1128 3868 stolas
1163 3810 1476 3865 Levitarum
1507 3808 1738 3876 hymnos
1791 3801 1871 3856 di-

282 3912 522 3968 centium
581 3925 648 3964 ex
700 3909 864 3978 bysso
911 3905 1141 3959 ducenta
1189 3900 1378 3963 millia,
1411 3905 1466 3952 et
1508 3895 1872 3948 instrumenta

285 4006 489 4060 musica
518 4010 577 4056 et
601 4001 669 4055 ad
697 4001 928 4070 hymnos
956 3995 1228 4051 ducendos
1259 3993 1497 4051 iuventa,
1528 4001 1647 4056 qua:
1677 3998 1875 4038 voean-

287 4105 373 4150 ιω·
401 4093 566 4149 nabla
597 4102 651 4145 et
679 4091 886 4155 cinara,
909 4103 977 4142 ex
1003 4086 1176 4140 electo
1205 4081 1487 4138 constituit
1518 4075 1876 4148 quadraginta

288 4188 473 4242 millia.
506 4205 525 4235 ι
565 4181 691 4236 Haec
727 4181 906 4235 omnia
951 4178 1018 4232 ad
1068 4178 1328 4232 honorem
1375 4172 1472 4226 Dei
1505 4169 1762 4225 Salomon
1786 4181 1878 4221 co-

291 4278 436 4347 piose
477 4283 537 4328 et
589 4269 874 4341 magnifice
917 4266 1210 4321 fabricatus
1239 4270 1342 4327 est,
1393 4261 1448 4315 in
1499 4258 1646 4314 nullo
1683 4269 1880 4326 parcus

291 4368 556 4428 existens,
582 4363 676 4416 sed
721 4361 867 4414 circa
899 4364 1217 4412 ornamenta
1253 4351 1439 4422 templi
1476 4366 1604 4404 usus
1632 4356 1716 4402 est
1741 4361 1877 4416 prte-

1957 3182 2046 3246 ‘lit,
2079 3198 2203 3237 eum
2235 3183 2301 3237 de
2325 3197 2384 3237 se
2404 3183 2568 3236 etiam
2597 3189 2783 3251 aperta
2826 3183 3090 3236 narravit.
3123 3181 3262 3250 Quid
3288 3191 3372 3238 est
3399 3183 3546 3238 enim

1967 3274 2208 3343 apertius
2237 3288 2396 3342 quam
2437 3292 2448 3326 :
2488 3273 2599 3342 Ego
2623 3283 2668 3328 et
2698 3269 2864 3326 Pater
2916 3288 3078 3326 unum
3127 3287 3311 3326 sumus
3361 3270 3546 3342 (Joan.

1969 3365 2062 3435 x)?
2093 3365 2234 3431 Quid
2271 3372 2354 3418 est
2400 3364 2642 3433 apertius
2687 3378 2847 3433 quam
2895 3382 2906 3415 :
2946 3363 3084 3416 Ante
3137 3362 3401 3415 Abraham
3457 3378 3551 3431 ego

1968 3472 2085 3510 sum
2114 3455 2293 3527 (Joan.
2326 3454 2482 3528 vui)?
2513 3454 2619 3510 Sed
2641 3455 2767 3523 quia
2789 3451 3095 3508 auditorum
3123 3463 3332 3507 mentes
3364 3452 3554 3507 inlide-

1972 3545 2139 3600 litatis
2172 3544 2344 3616 caligo
2379 3545 2764 3614 compleverat,
2805 3547 2959 3615 quasi
3003 3546 3262 3600 emissum
3303 3545 3432 3600 solis
3469 3559 3556 3597 ra-

1973 3634 2121 3688 dium
2145 3634 2340 3689 nebula
2366 3635 2691 3706 interjacens
2720 3636 3104 3690 abscondebat.
3142 3635 3330 3704 igitur,
3363 3644 3422 3687 ut
3439 3632 3554 3701 jam

1975 3725 2231 3791 diximus,
2264 3740 2360 3796 per
2395 3725 2646 3780 nebulam
2677 3726 2851 3796 caligo
2900 3726 3266 3795 intelligenter
3302 3725 3551 3794 designa-

1979 3824 2084 3870 tur.
2115 3817 2181 3870 Et
2207 3817 2354 3886 quia,
2405 3825 2701 3886 apparente
2748 3818 2799 3870 in
2832 3833 2998 3871 carne
3027 3816 3274 3882 Domino,
3308 3817 3553 3871 sacerdo-

1979 3916 2092 3961 tum
2119 3921 2313 3962 sensus
2341 3909 2407 3962 dc
2427 3905 2543 3974 ejus
2569 3907 2847 3961 intellectu
2879 3907 3161 3976 caliginem
3191 3908 3433 3977 pertulit,
3463 3925 3558 3965 ne.

1979 4001 2103 4055 bula
2129 4015 2478 4071 synagogam,
2528 3998 2582 4054 id
2621 4009 2723 4063 cst,
2757 4000 2974 4054 domum
3023 3999 3234 4055 Domini
3292 4002 3554 4072 implexit.

1980 4095 2050 4147 Et
2081 4094 2375 4149 sacerdotes
2399 4103 2612 4165 propter
2650 4093 2892 4148 nebulam
2922 4095 3223 4150 ministrare
3269 4111 3371 4149 non
3417 4107 3559 4166 pote-

1980 4196 2117 4252 rant,
2149 4186 2277 4256 quia
2300 4186 2427 4241 dum
2470 4186 2539 4240 ab
2596 4185 2868 4240 intellectu
2898 4185 3290 4242 incarnationis
3315 4187 3407 4241 Dei
3440 4203 3564 4256 per-

1982 4277 2123 4332 ﬁdia:
2152 4293 2262 4332 sua}
2287 4287 2437 4347 peste
2463 4277 2738 4332 obscurati
2784 4286 2928 4343 sunt,
2981 4279 3092 4331 veri
3145 4277 3433 4333 sacerdotii
3466 4280 3564 4333 mi—

1982 4369 2266 4423 nisterium
2294 4368 2667 4439 perdiderunt.
2698 4366 3055 4438 Compleverat
3091 4370 3228 4437 enim
3258 4367 3426 4438 gloria
3456 4369 3563 4422 Do—

293 4460 450 4527 eipua
483 4455 760 4524 largitate.
787 4465 907 4520 qua!
932 4449 1098 4503 etiam
1136 4447 1188 4499 in
1236 4447 1521 4538 ιὶιθδέυτίξε
1548 4438 1645 4538 mli
1687 4453 1879 4538 recof“:
1905 4428 1958 4488 Β
1988 4460 2114 4513 mini
2137 4458 2350 4512 domum
2381 4458 2500 4525 Dei,
2533 4459 2660 4528 quia
2708 4428 2986 4529 mysteria,
3015 4475 3134 4529 quae
3179 4428 3303 4514 ante
3349 4460 3402 4512 in
3450 4461 3569 4530 lege

295 4551 447 4604 didit.
486 4546 718 4617 Mystice
743 4551 925 4596 autem
973 4539 1102 4610 quid
1155 4552 1251 4606 per
1279 4533 1449 4590 stolas
1479 4531 1748 4602 byssinas,
1777 4531 1856 4582 nis

1989 4550 2088 4604 sub
2112 4551 2302 4604 umbra
2327 4558 2383 4604 et
2413 4549 2680 4604 velamine
2723 4550 2984 4614 latebunt,
3014 4565 3111 4618 per
3140 4549 3428 4604 adventum
3461 4567 3570 4604 me-

295 4639 537 4694 eandens
575 4636 774 4689 decore
815 4630 1091 4720 ωυηάίιὶὶιξ
1138 4623 1440 4720 “illioram
1476 4621 1699 4720 “sum?
1738 4618 1882 4720 21??“
1989 4641 2331 4697 diatorisDei
2355 4649 2412 4696 et
2431 4642 2710 4696 hominum
2745 4642 2925 4697 omnia
2968 4642 3023 4694 in
3067 4641 3240 4696 lucem
3267 4649 3415 4697 recte
3449 4657 3568 4696 crc-

295 4730 534 4800 833‘"?
574 4724 727 4778 Hanc
761 4735 890 4792 ergo
916 4719 1141 4810 indue“?
1166 4717 1322 4810 “feet
1355 4710 1683 4810 (ξωθῗδιίῖυί
1712 4709 1888 4810 om“?
1991 4733 2242 4789 dentibus
2283 4742 2337 4786 et
2391 4734 2550 4803 digne
2599 4733 2989 4802 accipientibus
3017 4733 3069 4785 in
3121 4731 3411 4803 Evangelio
3455 4749 3577 4803 pro-

298 4821 480 4875 divino
500 4817 765 4873 assistere
791 4808 1328 4876 debenhetlamlem
1349 4804 1545 4877 εἰμιείιι
1580 4816 1696 4866 (πεδ’
1729 4804 1891 4894 “FF
1995 4833 2273 4880 cesserant
2320 4843 2332 4877 :
2383 4825 2595 4879 caeteris
2637 4840 2786 4888 vero,
2838 4826 2927 4894 qui
2987 4824 3054 4878 ad
3105 4823 3267 4880 ﬁdem
3317 4824 3578 4879 accedere

297 4913 404 4968 bus
425 4923 481 4967 ει
508 4918 638 4964 πω
695 4917 1073 4994 concrepare):
1100 4901 1228 4973 quia
1261 4897 1508 4994 CFWM”
1531 4897 1641 4950 (“'35
1673 4891 1887 4994 cm'f‘if‘
1995 4916 2268 4979 nolebant,
2322 4915 2550 4985 pristina
2596 4891 2919 4980 obscuritas,
2973 4917 3080 4970 imo
3143 4915 3316 4986 magis
3361 4917 3578 4971 czccitas

301 5000 532 5063 530001“,
558 4995 821 5067 Psalleria
847 4992 1258 5055 mortalitatem:
1297 4988 1523 5044 eiulan
1548 4988 1892 5085 vemfmlm‘
1998 5007 2333 5061 remanebat.
2368 5005 2521 5060 Unde
2564 5007 2676 5076 ipsa
2705 5007 2918 5061 Veritas
2947 5007 2998 5060 in
3032 5007 3325 5078 Evangelio
3348 5007 3584 5076 discipu-

303 5091 618 5146 ﬁ‘mim’em
649 5086 851 5150 carnis)
877 5093 934 5140 θί
963 5085 1230 5139 bonorum
1253 5088 1472 5136 “mum
1493 5082 1890 5134 “Numam”
1998 5098 2084 5163 lis,
2108 5099 2513 5154 sciscitantibus
2539 5099 2606 5154 ab
2626 5115 2692 5154 eo
2718 5101 2784 5156 de
2802 5100 3121 5169 quibusdam
3147 5098 3418 5170 parabolis
3448 5098 3580 5161 suis,

302 5181 498 5253 viginti
531 5187 767 5248 quatuor
811 5175 1030 5247 chordis
1061 5171 1455 5244 spiritualibus,
1504 5170 1607 5223 hoc
1635 5176 1740 5230 est,
1771 5178 1856 5234 prc

2002 5191 2119 5244 ait:
2173 5189 2326 5245 Vobis
2350 5192 2532 5245 datum
2587 5204 2661 5246 est
2719 5209 2866 5246 nosse
2920 5191 3227 5261 mysterium
3269 5190 3412 5259 regni
3463 5187 3582 5251 Dei,

301 5269 541 5341 phetieis
564 5276 622 5322 et
647 5265 959 5336 apostolicis
989 5263 1256 5320 doctrinis
1279 5261 1546 5316 instructa
1587 5258 1856 5327 designant

2006 5284 2209 5336 caeteris
2234 5295 2407 5337 autent
2433 5285 2484 5336 in
2517 5285 2781 5354 parabolis
2816 5299 2832 5335 :
2869 5293 2921 5336 ut
2948 5284 3179 5336 ridentes
3215 5298 3316 5334 non
3357 5280 3580 5341 videant,

305 5363 536 5418 Etbene
560 5360 782 5425 dicitur,
815 5357 960 5428 quod
1000 5361 1208 5448 starent
1236 5352 1302 5448 ad
1340 5348 1660 5448 orientalem
1688 5346 1900 5416 plagam
2009 5382 2055 5426 ει
2077 5373 2168 5442 qm-
2193 5375 2387 5441 w-dem’
2418 5346 2541 5428 me}
2565 5373 2696 5443 ﬁam
2735 5373 2886 5443 (Luc.
2922 5373 3059 5448 νιη),

304 5454 524 5518 altaris,
551 5451 680 5522 quia
729 5449 884 5519 juxta
936 5448 1106 5503 altare
1135 5445 1258 5500 ﬁdei
1294 5451 1476 5499 ortum
1526 5440 1662 5496 lucis
1685 5448 1904 5496 aeterna:

305 5545 725 5614 exspectabant,
764 5559 886 5596 cum
920 5540 1114 5612 quibus
1158 5547 1214 5594 et
1243 5537 1556 5593 sacerdotes
1607 5541 1822 5589 centum
1850 5537 1907 5586 et

311 5637 506 5708 viginti
535 5635 742 5705 pariter
763 5634 999 5698 stabant,
1025 5633 1152 5700 quia
1176 5631 1426 5686 doctores
1449 5628 1620 5683 san-cli
1657 5640 1754 5694 per
1776 5639 1880 5679 cen
