3876 6136
346 277 455 341 Ib!

959 379 1184 437 CAPUT
1222 377 1305 431 V'l.

345 497 424 553 De
446 497 557 552 bas:
582 511 746 558 antea,
768 506 1112 565 super_qua_m_
1125 489 1263 565 stetit
1292 481 1799 565 Sqlomon,quando
1827 481 1921 565 de—

416 551 609 646 dicavit
631 551 879 646 templum
899 551 1135 646 Domini:
1167 558 1244 612 De
1277 551 1607 646 solemnitate
1639 551 1925 646 didicique-

414 620 700 699 nistempli
722 620 784 687 in
812 647 987 686 mense
1006 628 1219 699 festivo,
1246 634 1295 682 et
1322 624 1557 681 maxima
1577 620 1924 678 celebratione

414 654 497 692 ms
527 653 627 690 rem
665 653 699 687 ιι
729 653 784 687 ιη
812 653 920 686 men

413 707 579 777 ipsius
606 653 920 774 [gstivitatim

344 888 351 895 .
418 839 562 894 Tunc
593 835 848 893 Salomon
869 835 943 890 ait
976 848 995 886 :
1022 832 1281 887 Dominus
1313 828 1575 901 pollicitus
1594 834 1669 881 est
1696 835 1751 879 ut
1775 823 1927 878 habi-

341 938 479 985 taret
508 929 561 982 in
585 925 847 996 caligine:
869 939 962 994 ego
1000 931 1175 975 autem
1201 917 1458 987 redi/icavi
1482 915 1697 970 domum
1724 910 1925 967 nomini

338 1021 477 1093 ejus,
503 1027 558 1072 ut
579 1016 836 1071 habitaret
857 1013 929 1067 ibi
948 1013 1003 1066 in
1027 1019 1363 1081 perpetuum;
1392 1016 1441 1061 et
1460 1005 1707 1060 convertit
1736 1002 1925 1073 facient

340 1091 513 1175 suam,
563 1117 613 1162 et
665 1104 927 1160 benedixit
978 1102 1231 1155 universa:
1265 1096 1596 1152 multitudini
1650 1091 1841 1157 Israel,
1871 1100 1927 1147 et

342 1199 572 1270 reliqua.
604 1195 764 1252 Juxta
794 1192 925 1248 illud
950 1191 1094 1247 beati
1119 1188 1220 1245 Job
1252 1203 1266 1242 :
1301 1187 1480 1241 Nubes
1512 1183 1788 1239 latibulum
1811 1182 1926 1251 ejus

342 1288 486 1362 (Job.
516 1285 677 1358 xxn).
706 1285 774 1339 Et
802 1282 1091 1339 Psalmista
1135 1278 1311 1351 inquit
1339 1296 1352 1331 :
1384 1275 1565 1347 Caligo
1587 1274 1683 1329 sub
1705 1271 1923 1344 pedibus

339 1380 455 1450 ejus
486 1375 662 1451 (Psal.
703 1373 860 1447 xvn).
894 1371 1204 1429 Latibulum
1234 1385 1362 1442 ergo
1398 1366 1612 1423 Domini
1639 1364 1927 1434 Scriptura

341 1480 427 1526 est
461 1484 639 1535 sacra,
702 1482 822 1537 quas
877 1464 1261 1535 multiplicibus
1308 1460 1581 1534 parabolis
1625 1474 1690 1513 ac
1740 1457 1927 1529 ﬁguris

341 1558 584 1615 coelestia
626 1564 805 1629 gestat
832 1563 1193 1611 sacramenta.
1228 1552 1335 1608 Sed
1374 1566 1496 1621 quae
1527 1549 1834 1605 inﬁdelibus
1863 1563 1927 1602 ac

343 1649 591 1727 superbis
624 1654 764 1703 tecta
806 1655 968 1716 atque
999 1644 1316 1700 abscondita
1366 1650 1508 1706 sunt,
1540 1640 1834 1695 humilibus
1861 1652 1926 1692 ac

974 262 1058 323 'B.
1103 262 1355 322 RABANI
1392 260 1610 317 MAURI
1648 257 1966 315 ARCIIIEP.
2010 256 2317 315 MOGUNT.
2355 257 2641 315 OPERUM
2682 255 2864 313 PARS
2902 255 2944 311 I.

3497 212 3615 315 ’664

1949 375 2000 433 Α
2024 371 2114 442 qui
2145 370 2279 440 rigat
2310 383 2329 422 :
2361 370 2474 435 sed,
2502 370 2593 441 qui
2640 369 3017 423 incrementum
3062 366 3178 431 dat,
3227 367 3371 421 Deus
3409 368 3463 442 (I
3488 367 3609 422 Cor.

2025 458 2128 531 tu).
2158 458 2268 515 Sed
2324 468 2585 530 quantum
2633 458 2808 514 valeat
2843 457 3077 513 hominis
3110 457 3452 527 praedicatio,
3479 474 3616 528 prm-

2025 552 2203 609 dictus
2225 551 2514 623 Apostolus
2552 552 2945 621 subsequenter
2990 549 3214 620 exponit
3238 549 3430 604 dicens
3462 566 3478 604 :
3515 549 3618 615 Qui

2024 645 2226 718 plantat
2263 654 2439 699 autem
2463 652 2511 698 et
2531 644 2621 715 qui
2662 642 2816 713 rigat,
2862 657 3024 694 unum
3061 649 3205 694 sunt.
3244 637 3619 711 Unusquisque

2025 749 2201 794 autem
2239 739 2509 810 propriam
2546 736 2836 792 mercedem
2881 735 3100 806 accipiet
3142 735 3433 790 secundum
3460 752 3620 790 suum

2025 828 2278 886 laborem.
2308 830 2405 884 Dei
2439 830 2576 885 enim
2600 845 2782 883 sumus
2829 827 3120 898 adjutores.
3147 827 3243 882 Dei
3282 827 3621 899 agricultura

2025 920 2168 986 estis,
2202 919 2296 974 Dei
2318 918 2600 988 aediﬁcatio
2626 918 2748 971 estis
2774 915 2987 989 (Ibid.).
3021 914 3189 988 Igitur
3225 914 3340 987 ipse
3369 914 3621 970 sanctiﬁ-

2027 1012 2169 1068 cavit
2205 1026 2363 1065 suum
2395 1008 2677 1079 templum,
2706 1008 2860 1079 quasi
2910 1008 3055 1063 Deus
3092 1016 3147 1062 et
3177 1008 3440 1062 Dominus
3465 1007 3622 1061 inha—

2025 1104 2267 1168 bitando,
2292 1117 2392 1157 nos
2435 1110 2616 1156 autem
2655 1100 2814 1171 digne
2858 1099 3178 1155 habitationi
3224 1100 3340 1170 ejus
3389 1101 3621 1155 conver-

2026 1192 2217 1248 sando.
2253 1190 2512 1261 Sequitur
2545 1208 2559 1244 :

2085 1282 2459 1352 .Sanctiﬁcavit
2483 1298 2688 1354 quoque
2739 1281 2990 1337 Salomon
3031 1270 3262 1336 medium
3308 1283 3437 1336 atrii
3498 1292 3620 1338 ante

2026 1376 2275 1448 templum
2315 1377 2549 1431 Domini.
2591 1375 2872 1431 Obtulerat
2913 1377 3049 1431 enim
3107 1377 3179 1430 ibi
3226 1374 3545 1430 holocausta
3568 1384 3614 1429 et

2027 1472 2209 1542 adipes
2229 1471 2609 1542 paciﬁcorum;
2647 1470 2774 1542 quia
2823 1469 2991 1523 altare
3014 1485 3217 1523 a’neum
3244 1468 3385 1539 quod
3418 1467 3622 1537 fecerat

2027 1581 2130 1619 non
2149 1571 2351 1634 poterat
2373 1563 2630 1617 sustinere
2650 1559 2959 1616 holocausta
2981 1569 3029 1615 et
3050 1558 3315 1625 sacriﬁcia
3342 1568 3391 1613 et
3411 1557 3617 1626 adipes.

2027 1650 2167 1719 Quid
2189 1665 2320 1722 ergo
2348 1658 2433 1706 est
2475 1651 2619 1720 quod
2664 1649 2919 1705 Salomon
2971 1648 3333 1704 sanctiﬁcavit
3374 1646 3618 1701 medium

338 1721 512 1798 Deli"!
538 1756 636 1812 Ρθΐ
666 1740 828 1796 ﬁdem
850 1739 1174 1796 οίὶηιοιίοέὶῐη
1204 1739 1307 1792 me
1330 1736 1697 1807 quaerentibus
1725 1733 1922 1789 secreti
1953 1721 2001 1780 Β
2028 1743 2152 1799 atrii
2174 1721 2409 1798 offerens
2460 1742 2533 1797 ibi
2574 1742 2946 1798 holocaustum
2994 1750 3049 1797 et
3094 1738 3460 1795 sacriﬁcium?
3489 1737 3621 1791 Pro-

335 1830 427 1889 sui
473 1830 660 1901 pandit
703 1829 1008 1896 introitum,
1039 1828 1334 1883 secundum
1383 1825 1524 1896 quod
1577 1822 1827 1879 Salvator
1869 1823 1922 1877 in

335 1920 636 1993 Evangelio
661 1920 941 1977 exsultans
992 1918 1196 1989 Spiritu
1226 1917 1296 1971 ad
1329 1915 1547 1981 Patrem
1586 1914 1663 1968 ait
1695 1931 1708 1966 :
1741 1911 1923 1981 Con/i-

340 2028 456 2074 teor
479 2018 593 2084 tibi,
626 2015 815 2082 Pater,
853 2015 1063 2071 domine
1101 2012 1214 2068 τίειὶ
1250 2020 1299 2067 et
1351 2020 1527 2076 terrm,
1558 2009 1681 2082 quia
1712 2007 1925 2061 abscon-

342 2108 466 2165 disti
504 2108 617 2162 lucc
641 2123 673 2161 a
696 2104 1016 2177 sapientibus
1036 2114 1082 2158 et
1116 2100 1478 2173 prudentibus,
1517 2108 1565 2154 et
1598 2095 1834 2152 revelasti
1857 2112 1920 2151 ea

342 2196 610 2277 parvulis;
640 2194 927 2262 ita,Pater,
956 2194 1203 2266 quoniam
1233 2194 1306 2248 sic
1332 2191 1432 2262 fuit
1457 2189 1711 2262 placitum
1733 2196 1854 2243 ante
1874 2196 1924 2242 te

340 2288 569 2361 illaab.
597 2287 698 2362 x1).

400 2378 681 2451 Siquidem
728 2379 920 2450 fecerat
934 2377 1195 2433 Salomon
1225 2376 1372 2431 basin
1414 2391 1634 2440 teneam.
1665 2383 1712 2429 et
1740 2390 1927 2444 posue-

338 2478 423 2525 rat
447 2485 565 2523 eam
599 2469 663 2523 in
689 2468 859 2522 medio
884 2466 1116 2522 basilica:
1141 2465 1411 2521 habentem
1456 2464 1681 2535 quinque
1723 2463 1924 2518 cubitos

340 2559 706 2630 .ongitudinis,
730 2568 779 2613 et
806 2558 1033 2630 quinque
1067 2557 1264 2613 cubitos
1287 2556 1601 2619 latitudinis,
1621 2566 1668 2611 et
1701 2566 1805 2612 tres
1840 2573 1928 2611 cu-

338 2650 478 2706 bitos
534 2650 592 2705 in
647 2647 868 2705 altum:
911 2650 1152 2722 stetitque
1212 2665 1370 2718 super
1421 2665 1557 2715 eam,
1596 2656 1652 2704 et
1695 2649 1921 2720 reliqua.

334 2741 484 2815 Quid
506 2755 605 2813 per
635 2742 808 2799 basim
836 2758 1063 2808 teneam,
1090 2757 1254 2813 quam
1278 2741 1483 2796 iecerat
1508 2739 1789 2806 Salomon,
1821 2740 1927 2797 nisi

334 2833 590 2899 soliditas
614 2849 753 2891 verae
774 2834 1095 2890 humilitatis
1120 2834 1466 2904 designatur?
1484 2848 1646 2902 quam
1674 2831 1928 2887 Salvator

342 2937 531 2986 noster
550 2928 821 3000 pmcipue
844 2927 1033 3000 docuit
1057 2928 1243 2990 verbo,
1292 2934 1346 2982 et
1373 2926 1611 2981 ostendit
1648 2924 1923 2995 exemplo;

335 3021 497 3092 cujus
524 3020 913 3091 longitudinem
961 3017 1260 3073 secundum
1300 3017 1607 3087 quinarium
1639 3031 1925 3070 numerum

2025 1842 2211 1904 pterea
2235 1834 2360 1903 quia
2386 1832 2557 1887 altare
2577 1847 2788 1888 aerteum
2815 1831 2958 1901 quod
2986 1830 3142 1902 juxta
3167 1829 3620 1884 constitutionem

2027 1924 2161 1995 legis
2195 1931 2322 1978 ante
2348 1922 2494 1979 fores
2533 1922 2717 1992 templi
2742 1923 2979 1993 positum
3006 1930 3125 1976 erat
3164 1935 3270 1975 non
3301 1926 3523 1990 poterat
3545 1927 3622 1973 to-

2027 2025 2141 2071 tum
2166 2031 2384 2087 capere,
2409 2015 2514 2070 nisi
2542 2015 2687 2084 quod
2726 2013 2977 2068 Christus
3002 2028 3088 2077 ea,
3114 2026 3235 2082 quas
3267 2011 3320 2065 in
3347 2009 3470 2081 lege
3498 2024 3622 2079 pro-

2025 2118 2147 2181 pter
2174 2107 2547 2163 inﬁrmitatem
2575 2107 2691 2176 ejus
2724 2106 2917 2178 perﬁci
2956 2121 3062 2161 non
3092 2112 3367 2175 poterant,
3393 2119 3549 2157 nunc
3571 2118 3624 2158 tn

2026 2200 2268 2256 Ecclesia
2331 2198 2598 2255 catholica
2657 2197 2890 2268 pleniter
2942 2196 3100 2268 gerit.
3154 2196 3275 2266 Ipsa
3328 2202 3417 2249 est
3472 2208 3622 2249 erum

2026 2292 2224 2348 atrium
2271 2289 2462 2345 domus
2509 2288 2744 2354 Domini,
2777 2288 2902 2357 quia
2955 2303 3053 2358 per
3108 2286 3280 2356 ipsam
3339 2285 3624 2355 ingressus

2026 2389 2176 2454 patet
2203 2382 2258 2436 in
2283 2379 2543 2451 templum
2595 2379 2810 2434 Domini
2849 2381 2902 2433 in
2950 2376 3285 2432 llierusalem
3314 2376 3621 2431 cmlestem.

2027 2470 2178 2539 Quod
2204 2485 2335 2543 ergo
2379 2470 2694 2525 holocausta
2743 2477 2801 2525 et
2845 2468 3112 2524 sacriﬁcia
3154 2466 3337 2521 omnia
3362 2466 3416 2519 in
3460 2464 3624 2519 altari

2027 2562 2206 2633 typico
2235 2560 2448 2617 Veteris
2471 2559 2802 2616 Testamenti
2841 2575 2949 2614 non
2995 2564 3286 2629 potuerunt
3320 2555 3537 2620 oﬁ'erri,
3562 2569 3627 2609 eo

2027 2653 2170 2724 quod
2197 2653 2378 2708 omnia
2404 2652 2475 2707 ibi
2524 2651 2825 2723 ﬁguraliter
2851 2650 3075 2717 ﬁebant,
3111 2664 3206 2704 rex
3231 2655 3419 2702 noster
3448 2653 3508 2701 et
3537 2662 3627 2701 sa-

2028 2743 2221 2799 cerdos
2249 2742 2422 2797 erexit
2473 2756 2670 2796 novum
2699 2740 2868 2795 altare
2899 2738 3023 2795 ﬁdei
3055 2739 3111 2793 in
3157 2738 3400 2793 Ecclesia
3428 2738 3626 2793 catho-

2029 2836 2153 2900 lica,
2185 2835 2239 2889 in
2267 2850 2374 2904 quo
2400 2834 2620 2905 pinguia
2643 2833 2960 2889 holocausta
2990 2841 3047 2886 et
3074 2831 3346 2887 sacriﬁcia
3367 2840 3628 2900 accepta-

2028 2928 2158 2984 bilia
2202 2928 2445 2997 quotidie
2481 2927 2837 2999 spiritualiter
2878 2927 2989 2982 Deo
3021 2925 3345 2981 offeruntur.
3373 2923 3521 2978 Hinc
3541 2931 3628 2978 est

2030 3017 2172 3086 quod
2210 3017 2473 3072 Dominus
2513 3018 2808 3087 reprobans
2838 3023 2989 3069 vetus
3014 3014 3343 3070 sacriﬁcium
3380 3028 3484 3083 per
3504 3028 3628 3083 pro-

342 3112 588 3177 metitur,
614 3126 737 3167 cum
761 3109 1058 3166 secundum
1086 3108 1221 3179 legis
1247 3108 1343 3162 Dei
1374 3108 1715 3163 traditionem
1742 3107 1925 3178 longa-
1953 3075 1997 3136 C
2028 3108 2246 3178 phetam
2270 3108 2345 3163 ait
2369 3075 2725 3161 :Holocausta
2753 3118 2801 3160 et
2826 3106 3133 3176 sanguinem
3154 3106 3491 3159 uictimarum
3531 3122 3628 3159 no-

338 3190 647 3259 nimitatem
697 3200 1009 3271 patientur,
1037 3207 1092 3254 et
1136 3197 1476 3252 latitudinem
1503 3196 1805 3252 dilectionis
1826 3197 1926 3250 ha—

341 3292 576 3349 bendam
624 3290 781 3347 nobis
833 3289 1189 3346 commendat.
1217 3285 1383 3356 Cujus
1410 3296 1467 3342 et
1506 3287 1736 3342 altitudo
1765 3286 1928 3340 trium

342 3391 427 3437 est
449 3381 757 3438 cubitorum
784 3398 797 3436 :
828 3381 954 3452 quia
989 3388 1190 3435 sanctae
1220 3379 1501 3434 Trinitatis
1531 3377 1928 3433 confessionem

346 3473 399 3528 in
423 3472 549 3539 ﬁde,
574 3487 670 3543 spe
696 3480 754 3527 et
772 3471 1038 3527 charitate
1060 3485 1157 3526 nos
1182 3478 1369 3526 tenere
1392 3468 1567 3533 docet,
1594 3468 1928 3538 ﬁrmiterque

334 3565 400 3622 .in
421 3580 486 3620 ea
510 3564 647 3621 bene
670 3567 943 3636 operando
965 3564 1109 3620 omni
1136 3573 1375 3635 tempore
1401 3562 1712 3634 persistere.

932 3676 1179 3733 CAPUT
1217 3675 1325 3731 VII.

332 3766 500 3833 Quod
512 3766 746 3839 expletis
772 3768 926 3822 annis
968 3767 1167 3839 viginti,
1193 3766 1395 3839 primus
1428 3766 1646 3820 domum
1684 3764 1923 3839 Domini,

394 3848 461 3893 .et
484 3834 697 3894 domum
723 3853 875 3892 suam
909 3846 956 3892 et
993 3834 1225 3890 civitates
1248 3834 1502 3905 plurimas
1526 3836 1844 3902 construxit,
1874 3844 1926 3890 et

412 3906 734 3978 alienigenas
758 3907 1077 3979 subjugavit,
1099 3917 1145 3961 et
1167 3907 1287 3977 fecit
1316 3922 1403 3961 eos
1421 3906 1745 3961 tributarios.

414 4017 483 4073 Et
502 4019 767 4075 dedicavit
788 4019 1010 4074 domum
1032 4017 1129 4075 Dei
1166 4034 1256 4073 rea:
1296 4027 1343 4072 et
1381 4018 1650 4072 universus
1677 4015 1922 4087 populus.

344 4111 655 4168 Sacerdotes
697 4121 871 4167 autem
896 4114 1105 4167 stabant
1137 4113 1191 4166 in
1223 4111 1403 4181 ofﬁciis
1426 4110 1559 4174 suis,
1583 4118 1631 4163 et
1654 4108 1847 4163 Levita:
1868 4109 1924 4162 in

341 4202 554 4272 erg/anis
589 4202 879 4256 carminum
905 4200 1138 4266 Domini,
1184 4217 1301 4271 qua:
1349 4200 1469 4269 fecit
1518 4199 1693 4254 David
1735 4215 1825 4253 rex
1853 4199 1923 4253 ad

341 4289 669 4346 laudandum
718 4290 1002 4346 Dominum
1029 4305 1047 4343 :
1078 4292 1325 4363 quoniam
1353 4292 1409 4346 in
1442 4300 1693 4346 ceternum
1721 4290 1925 4345 miseri-

342 4380 522 4436 cordia
550 4383 685 4453 ejus.
725 4384 927 4448 Domus
957 4384 1175 4440 Domini
1204 4392 1393 4439 sancta
1421 4392 1503 4439 est
1526 4384 1790 4451 Ecclesia,
1816 4384 1922 4439 sic—

340 4480 401 4525 ut
444 4487 606 4544 supra
646 4482 923 4530 ostensum
958 4482 1041 4529 est
1074 4493 1087 4527 :
1139 4475 1281 4529 hanc
1315 4474 1585 4530 dedicavit
1632 4490 1727 4532 rex
1757 4476 1917 4531 Chri-

342 4570 479 4627 stus,
502 4562 715 4631 quando
740 4578 860 4617 eam
883 4563 1142 4632 sanguine
1167 4579 1265 4618 suo
1293 4565 1591 4630 mundavit,
1607 4575 1664 4620 et
1684 4565 1919 4636 Spiritus

342 4652 424 4708 sui
448 4652 621 4723 gratia
679 4652 1061 4716 sanctiﬁeavit,
1103 4668 1168 4708 ac
1215 4653 1443 4710 diversis
1475 4656 1735 4712 virtutum
1761 4659 1918 4716 donis

338 4740 738 4813 multiplicavit.
773 4741 923 4798 lianc
974 4742 1223 4798 dedicant
1270 4752 1325 4799 et
1373 4744 1466 4800 ﬁlii
1515 4746 1680 4802 Israel
1709 4762 1913 4813 secum,

339 4831 555 4900 quando
600 4833 971 4904 unusquisque
1004 4833 1237 4890 ﬁdelium
1264 4837 1561 4893 secundum
1587 4839 1785 4895 donum
1816 4841 1919 4897 sibi

339 4917 594 4973 collatum
619 4936 648 4974 a
671 4920 785 4977 Deo
806 4924 972 4977 verbo
995 4926 1392 4994 prmdicationis
1420 4936 1474 4982 et
1504 4928 1765 4985 virtutum
1789 4946 1919 5001 ope-

341 5007 492 5061 ribus
514 5010 792 5078 proximos
837 5028 984 5078 suos,
1009 5029 1361 5086 quoscunque
1404 5019 1568 5084 valet,
1600 5020 1669 5075 ad
1698 5021 1921 5078 meliora

339 5107 394 5152 et
416 5098 741 5169 perfectiora
767 5112 1083 5161 convertere
1106 5109 1302 5179 satagit
1329 5128 1341 5162 :
1372 5109 1636 5183 Templum
1654 5116 1793 5170 enim
1819 5114 1925 5169 Do-

338 5194 501 5258 mini,
555 5193 631 5248 ait
672 5195 983 5264 Apostolus,
1039 5209 1277 5254 sanctum
1320 5212 1432 5268 est,
1474 5205 1613 5273 quod
1667 5208 1790 5260 estis
1836 5224 1921 5262 vos

339 5278 392 5345 (Ι
423 5278 554 5361 Cori
579 5282 684 5355 In).
719 5282 826 5341 Sed
854 5287 995 5344 hanc
1034 5288 1517 5349 sanetiﬁcationem
1547 5310 1640 5349 rex
1670 5303 1725 5351 et
1751 5310 1921 5366 popu-

337 5370 439 5434 lus,
466 5380 629 5443 caput
656 5381 711 5429 et
746 5378 986 5433 membra
1020 5394 1126 5434 non
1154 5381 1434 5451 aequaliter
1452 5383 1761 5455 perﬁciunt,
1795 5386 1920 5454 quia

339 5465 405 5518 de
430 5462 649 5520 Christo
675 5463 805 5523 Iesu
847 5468 925 5523 ait
954 5484 969 5523 :
1004 5468 1077 5524 De
1104 5469 1431 5542 plenitudine
1452 5474 1567 5544 ejus
1620 5491 1714 5529 nos
1742 5491 1918 5530 omnes

338 5553 645 5624 accipimus,
672 5568 718 5613 et
745 5560 973 5631 gratiam
991 5576 1086 5631 pro
1111 5562 1283 5631 gratia
1319 5561 1505 5631 (Joan.
1536 5563 1596 5632 ι).
1625 5564 1763 5619 ilinc
1786 5564 1921 5619 Pau-

348 5644 423 5697 lus
447 5645 521 5700 ait
550 5664 563 5701 :
596 5648 784 5719 Itaque
824 5669 986 5724 neque
1027 5654 1116 5726 qui
1133 5653 1337 5726 plantat
1385 5667 1457 5711 est
1502 5656 1724 5728 aliquid,
1755 5675 1917 5728 neque

1946 4426 1999 4486 D

2027 3201 2103 3255 lui
2129 3200 2263 3273 (Isa.
2295 3202 2360 3271 ι),
2389 3208 2443 3254 et
2489 3200 2618 3254 item
2665 3198 2721 3253 in
2757 3197 2988 3253 Psalmis
3019 3213 3033 3250 :
3078 3195 3412 3263 Sacri/icium
3440 3194 3626 3249 laudis

2030 3292 2398 3360 honoriﬁcabit
2418 3307 2515 3354 me,
2542 3300 2591 3345 et
2618 3289 2729 3344 illic
2772 3291 2889 3355 iter,
2920 3305 3022 3361 quo
3049 3288 3318 3343 ostendam
3362 3286 3446 3342 illi
3475 3288 3628 3343 salu-

2024 3393 2140 3435 tare
2164 3380 2258 3435 Dei
2287 3379 2457 3452 (Psal.
2488 3379 2660 3451 nu).
2702 3379 2935 3434 Proinde
2965 3378 3213 3448 superius
3236 3377 3508 3447 scriptun)
3541 3386 3628 3433 est

2027 3471 2172 3542 quod
2193 3486 2290 3527 rex
2307 3470 2564 3527 Salomon
2594 3480 2649 3526 et
2673 3471 2960 3525 universus
2987 3476 3162 3524 caelus
3191 3467 3388 3533 Israel,
3418 3476 3477 3522 et
3507 3484 3629 3523 om-

2030 3576 2124 3619 nes
2145 3562 2237 3632 qui
2260 3562 2475 3617 fuerant
2510 3560 2840 3631 congregati,
2871 3568 2995 3615 ante
3036 3574 3219 3613 arcam
3274 3558 3628 3614 immolareut

2026 3656 2228 3712 arietes
2252 3663 2309 3710 et
2332 3655 2500 3711 boves
2533 3654 2740 3724 absque
2778 3651 2887 3706 ullo
2915 3666 3162 3709 numero.
3199 3650 3325 3719 quia
3352 3648 3628 3720 quidquid

2025 3748 2185 3804 electi
2211 3746 2329 3813 Dei,
2363 3745 2457 3816 qui
2493 3752 2619 3801 sunt
2658 3744 2903 3800 membra
2948 3741 3093 3813 regis
3133 3741 3186 3795 in
3234 3740 3374 3795 bona
3424 3755 3626 3810 opera-

2025 3838 2172 3894 tione
2218 3852 2286 3893 ac
2339 3851 2577 3908 congrua
2618 3833 3008 3907 gubernatione
3056 3830 3427 3902 suimctipsius
3497 3846 3627 3887 suo—

2023 3944 2256 4002 rumque
2281 3936 2468 4001 agunt,
2509 3934 2682 3983 totum
2711 3927 2823 3982 Deo
2875 3924 3214 3995 acceptabile
3257 3932 3475 3979 constat
3498 3937 3625 3979 esse

2024 4020 2380 4077 sacriﬁcium.

2098 4112 2245 4167 Fecit
2283 4128 2403 4183 ergo
2448 4110 2701 4167 Salomon
2740 4109 3122 4164 solemnitatem
3160 4109 3215 4163 in
3255 4117 3488 4178 tempore
3528 4108 3625 4164 illo

2022 4213 2216 4274 septem
2237 4201 2419 4256 diebus
2442 4211 2489 4255 et
2517 4200 2685 4254 omnis
2711 4197 2881 4254 Israel
2902 4215 3021 4253 cum
3046 4215 3129 4263 eo,
3156 4197 3397 4253 Ecclesia
3422 4214 3624 4270 magna

2023 4294 2173 4350 valde
2198 4293 2262 4348 ab
2290 4292 2508 4347 introitu
2536 4290 2730 4345 Ematlt
2758 4306 2920 4362 usque
2944 4289 3015 4344 ad
3043 4298 3323 4344 torrentem
3356 4288 3587 4361 zEgypti
3604 4330 3621 4357 ,

2024 4393 2131 4441 etc.
2170 4383 2324 4451 Quod
2350 4382 2570 4448 dicitur,
2616 4381 2744 4451 quia
2788 4379 2918 4436 fecit
2960 4379 3217 4437 Salomon
3263 4378 3623 4437 festivitatem

2031 4478 2297 4534 celebrem
2325 4483 2380 4531 et
2398 4475 2585 4531 omnis
2627 4474 2792 4530 Israel
2835 4488 2961 4529 cum
2997 4464 3075 4528 eo‘
3092 4472 3380 4527 multitudo
3417 4487 3624 4543 magna

2029 4573 2098 4627 ab
2124 4571 2346 4627 introitu
2385 4569 2580 4624 Emath
2601 4609 2616 4634 ,
2641 4581 2815 4638 usque
2847 4567 2917 4622 ad
2953 4566 3129 4622 rivum
3170 4564 3395 4638 Egypti
3427 4581 3621 4621 curam

2030 4661 2278 4726 Domino,
2303 4674 2399 4730 per
2421 4658 2701 4713 introitum
2725 4657 2920 4712 Emath
2944 4656 3431 4727 Septentrionalem
3457 4665 3623 4713 terra

2027 4749 2462 4824 repromissionis
2506 4748 2748 4821 plagam,
2791 4764 2890 4820 per
2934 4749 3111 4804 rivum
3151 4749 3265 4804 sive
3311 4755 3619 4806 torrentem

2027 4843 2247 4916 Egypti
2268 4883 2282 4906 ,
2316 4856 2436 4912 qua:
2463 4840 2639 4895 Verba
2665 4839 2885 4895 Dierum
2910 4840 3211 4906 nominant,
3240 4839 3490 4911 designat
3506 4840 3620 4896 An-

2025 4934 2264 4990 stralem.
2312 4932 2390 4988 De
2428 4932 2624 5002 quibus
2660 4929 2836 5002 aliqua
2876 4931 3083 4987 Latinis
3111 4947 3179 4987 ex
3220 4932 3407 4988 verbis
3434 4933 3615 4989 sancti

2026 5027 2337 5097 Hieronymi
2383 5039 2585 5096 ponere
2630 5034 2843 5095 gratum
2873 5031 3004 5094 puto
3031 5038 3151 5079 esse
3195 5023 3410 5079 lectori.
3461 5023 3615 5081 Seri-

2023 5128 2174 5190 ptum
2217 5126 2304 5174 est
2344 5118 2398 5172 in
2442 5117 2581 5174 libro
2612 5116 2969 5172 Numerorum
3010 5116 3065 5171 in
3109 5132 3217 5187 quo
3255 5117 3435 5173 omnis
3464 5125 3615 5172 terra

2023 5208 2458 5279 repromissionis
2479 5223 2577 5279 per
2599 5216 2833 5277 quatuor
2861 5206 3045 5277 plagas
3067 5207 3218 5264 brevi
3246 5222 3503 5263 sermone
3530 5208 3617 5261 di-

2023 5298 2256 5354 viditur:
2289 5299 2419 5353 Pars
2445 5298 2745 5354 Heridiana
2766 5300 2974 5369 incipiet
2995 5316 3028 5352 a
3044 5299 3330 5354 solitudine
3351 5296 3470 5364 Sin,
3492 5315 3614 5369 qua:

2022 5398 2097 5443 est
2119 5389 2278 5458 juxta
2305 5388 2473 5443 Edam
2491 5430 2506 5455 ,
2540 5398 2591 5443 et
2619 5388 2823 5443 habebit
2856 5390 3103 5444 terminos
3130 5398 3314 5443 contra
3342 5388 3611 5444 Orientem

2019 5494 2168 5533 mare
2195 5478 2542 5534 salsissimum
2574 5480 2665 5549 qui
2687 5474 3031 5533 circumibunt
3058 5478 3355 5533 Australem
3396 5479 3612 5549 magum

2020 5586 2115 5639 per
2141 5586 2413 5625 ascensum
2439 5568 2765 5640 Scorpionis,
2796 5570 2871 5623 ita
2897 5579 2951 5623 ut
2975 5578 3244 5624 transeant
3272 5569 3327 5623 in
3350 5567 3533 5624 Seruna
3559 5576 3611 5620 et

2016 5662 2316 5731 perveniant
2345 5679 2378 5717 a
2406 5659 2627 5716 Meridie
2656 5677 2814 5731 usque
2838 5660 2905 5715 ad
2927 5657 3281 5729 Cadesbarne,
3301 5660 3438 5715 unde
3459 5673 3606 5730 egre-
