3876 6136
268 293 378 352 ωε
1200 292 1554 353 couunur.
1596 294 1663 350 IN
1703 291 2259 387 PARALIPOMENA.
2298 332 2369 344 —
2406 303 2533 359 un.
2577 302 2661 359 ιιι.
3443 306 3547 368 tos

266 409 485 463 dientur
528 406 756 478 conﬁnia
802 405 872 461 ad
911 405 1086 461 villam
1133 407 1342 462 nomine
1383 407 1532 462 Λάαν
1565 417 1612 463 et
1652 408 1859 463 tendent
1886 412 1937 471 Α
1966 412 2180 467 termini
2209 413 2261 467 in
2291 412 2459 470 Rebla
2487 430 2608 485 qua:
2634 428 2777 469 nunc
2801 412 2973 485 Syrim
2997 423 3219 472 vocatur
3238 418 3543 476 Antiochia.

264 515 440 570 usque
466 498 536 553 ad
576 497 855 553 Asemona.
897 497 1102 569 Ibitgue
1138 514 1232 569 per
1271 515 1459 569 gyrum
1501 499 1753 553 terminus
1794 500 1860 553 ab
1964 502 2032 557 Et
2073 511 2134 557 ut
2175 504 2317 559 scias
2363 503 2587 559 Reblam
2635 506 2774 561 hanc
2819 508 3125 577 signiﬁcare
3167 511 3389 576 urbem,
3426 527 3548 582 qua:

264 592 532 645 Asemona
557 605 722 660 usque
745 588 815 642 ad
845 597 1127 645 torrentem
1158 590 1394 661 ίΕσῃριί,
1423 599 1472 645 et
1497 598 1661 646 maris
1683 592 1861 662 magni
1963 608 2108 648 nunc
2148 593 2210 648 in
2232 593 2530 665 leesyria
2575 596 2909 652 izoliilissima
2944 607 3058 663 est,
3091 600 3337 667 sequitur
3362 612 3546 658 contra

263 684 448 737 littore
476 682 693 751 ﬁnietur
717 679 908 755 (Nam.
937 682 1147 754 xxxrv).
1180 681 1288 738 Pro
1318 697 1427 753 quo
1467 684 1520 739 in
1564 684 1751 739 ultima
1781 684 1862 739 vi~
1962 686 2189 755 fonnem,
2233 702 2409 757 quem.
2428 690 2773 760 perspicuum
2802 699 2887 746 est
2924 692 3233 763 signiﬁcare
3258 694 3542 763 Daphnon,

263 778 421 831 sione
464 775 742 845 propheta:
768 774 1071 831 Ezechielis
1100 775 1173 830 ita
1209 776 1408 832 dicitur
1435 795 1448 831 :
1485 774 1654 848 Plaga
1684 787 1857 832 autem
1961 780 2027 833 de
2052 795 2159 850 quo
2187 782 2335 837 fonte
2363 797 2523 852 supra
2552 784 2705 838 dicta
2722 784 2853 839 urbs
2880 786 3036 854 aquis
3063 787 3543 843 abundantissimis

263 865 532 921 Australis
554 864 854 920 Meridiana
878 884 911 921 a
934 866 1168 921 Thamar
1187 885 1349 939 usque
1370 870 1438 922 ad
1466 885 1631 940 aquas
1655 880 1862 924 contra-

263 957 512 1011 dictioni:
548 954 736 1024 Gades,
767 967 815 1011 et
855 966 1058 1013 torrens
1100 976 1265 1030 usque
1306 960 1376 1013 ad
1421 976 1567 1015 mare
1606 976 1857 1031 magnum

263 1046 485 1117 (Eseclt.
516 1046 712 1121 vau),
754 1050 897 1119 quod
938 1050 1207 1122 signiﬁcat
1248 1051 1565 1117 latissimam
1606 1052 1854 1108 solitudi-

263 1156 388 1194 nem
418 1139 540 1205 Sin,
567 1155 690 1211 quae
716 1148 801 1196 est
820 1139 977 1210 juxta
1006 1143 1177 1198 Edom
1206 1152 1261 1199 et
1284 1144 1337 1199 in
1363 1146 1499 1199 mari
1530 1144 1716 1201 Rubro
1741 1155 1852 1202 ter-

260 1230 471 1284 minum
495 1230 804 1292 circumire,
830 1239 885 1286 et
906 1245 1005 1300 per
1026 1246 1310 1287 ascensum
1341 1231 1655 1303 Scorpionis
1677 1241 1732 1288 et
1754 1247 1857 1303 per

262 1321 444 1376 Senna
476 1330 534 1377 et
558 1321 921 1387 Cadesbarne,
949 1331 1006 1377 et
1033 1324 1231 1377 atrium
1260 1324 1377 1379 sive
1405 1325 1589 1379 villam
1620 1324 1767 1379 Adar
1798 1333 1855 1381 et

260 1413 530 1467 Asemona
565 1414 853 1482 pervenire
882 1429 1052 1483 usque
1075 1416 1143 1471 ad
1169 1424 1468 1471 torrentem
1492 1416 1733 1489 Egypti,
1757 1419 1852 1489 qui

250 1505 406 1575 juxta
436 1506 628 1561 urbem
662 1507 1041 1562 Rinocoluram
1073 1509 1210 1563 mari
1236 1507 1427 1563 inﬂuit.
1462 1509 1562 1565 llic
1584 1525 1715 1566 vero
1738 1519 1849 1567 ter-

256 1598 439 1653 minus
466 1597 640 1669 plagte
665 1597 934 1653 Australis
973 1599 1161 1670 incipit
1194 1615 1226 1654 a
1265 1598 1525 1667 Thamar,
1568 1618 1689 1673 qua:
1717 1603 1849 1658 urbs

255 1692 311 1746 in
344 1690 635 1747 solitudine
667 1700 780 1756 est,
826 1707 989 1761 quam
1032 1699 1087 1747 et
1128 1692 1382 1749 Salomon
1412 1695 1565 1750 miris
1593 1696 1847 1765 operibus

1958 868 2176 925 fruitur.
2208 871 2360 936 Inde,
2384 873 2577 942 inquit,
2610 876 2902 944 pervenient
2925 875 3134 928 termini
3153 886 3335 930 contra
3354 876 3542 932 Orien-

1956 969 2059 1015 tem
2085 962 2156 1015 ad
2179 979 2323 1017 mare
2343 961 2617 1027 Ceneretli,
2647 964 2699 1017 id
2723 974 2827 1029 est,
2854 966 2922 1019 ad
2946 974 3194 1035 stagnum
3216 966 3537 1021 Tiberiadis.

2029 1052 2174 1108 Mare
2194 1062 2376 1109 autem
2397 1055 2595 1109 dicitur
2613 1070 2736 1109 cum
2759 1054 2956 1109 habeat
2973 1053 3159 1110 dulces
3179 1070 3372 1124 aquas,
3382 1055 3539 1125 juxta

1955 1143 2153 1199 idioma
2184 1144 2589 1214 Scripturarum
2609 1185 2624 1210 ,
2656 1160 2777 1214 quae
2803 1135 3248 1215 congregationes
3271 1161 3539 1216 aquarum

1953 1233 2224 1305 appellant
2250 1235 2441 1290 maria.
2469 1235 2539 1289 Et
2565 1236 2796 1301 tendent,
2828 1236 3022 1307 inquit,
3055 1254 3215 1307 usque
3247 1238 3317 1291 ad
3344 1238 3541 1293 .lorda-

1953 1340 2070 1379 nem
2104 1333 2154 1378 et
2188 1326 2257 1378 ad
2280 1324 2522 1380 ultimum
2550 1326 2865 1380 claudentur
2891 1327 3052 1391 mari,
3082 1327 3166 1379 vel
3195 1326 3404 1382 Mortuo
3430 1328 3537 1394 vel,

1954 1424 2014 1468 ut
2052 1414 2144 1469 alii
2182 1423 2396 1485 putant,
2439 1415 2619 1484 lingua
2656 1416 2824 1471 maris
2858 1417 3047 1482 Rubri,
3091 1417 3146 1470 in
3175 1415 3330 1485 cujus
3356 1417 3539 1474 littore

1949 1505 2106 1561 Ahila
2142 1507 2318 1577 posita
2356 1514 2459 1562 est.
2492 1506 2647 1574 Quod
2676 1516 2855 1561 autem
2893 1507 3114 1573 dicitur,
3154 1506 3347 1564 fecisse
3384 1508 3539 1564 Salo-

1950 1612 2165 1653 monem
2196 1597 2591 1653 solemnitatem
2621 1598 2673 1652 in
2708 1607 2951 1668 tempore
2979 1598 3069 1654 illo
3093 1607 3297 1669 septem
3321 1600 3540 1665 diebus,

1948 1696 2005 1745 et
2032 1704 2248 1744 omnem
2278 1689 2441 1746 Israel
2475 1705 2597 1745 cum
2634 1705 2719 1756 eo,
2756 1691 3041 1747 ecclesiam
3076 1707 3326 1762 magnam
3356 1692 3543 1759 valde,

254 1782 525 1839 exstruxit
554 1790 608 1836 et
636 1782 796 1837 hodie
833 1783 1080 1855 Palmyra
1121 1794 1483 1856 nuncupatur.
1511 1786 1831 1858 llebrteoqut

1946 1778 2015 1834 ab
2047 1777 2273 1833 introitu
2312 1778 2507 1834 Emath
2536 1794 2706 1849 usque
2739 1779 2807 1834 ad
2836 1787 3130 1836 torrentem
3157 1780 3377 1853 .lEgypti
3397 1822 3414 1848 ,
3452 1780 3537 1838 l‘c-

254 1889 509 1931 sermone
535 1873 773 1929 Thamar
807 1874 1007 1930 dicitur
1034 1890 1154 1947 qua:
1187 1876 1242 1931 in
1272 1876 1454 1949 lingua
1495 1886 1680 1933 nostra
1721 1877 1845 1933 Pal-

254 1981 398 2021 mam
444 1972 638 2031 sonat,
670 1980 840 2035 usque
869 1967 937 2022 ad
978 1980 1148 2037 aquas
1176 1968 1620 2025 contradictionis
1646 1968 1842 2037 Cades,

253 2071 416 2126 quam
442 2055 501 2110 in
531 2056 748 2111 deserto
774 2069 895 2112 esse
919 2072 1027 2113 non
1058 2057 1278 2113 dubium
1306 2067 1409 2124 est,
1435 2066 1492 2114 et
1520 2060 1844 2131 torrens‘in-

250 2146 503 2217 grediens
529 2162 680 2201 mare
702 2162 958 2218 magnum
989 2148 1092 2204 hoc
1120 2149 1265 2219 quod
1289 2149 1844 2222 EgyptiPalaastinte-

252 2253 356 2308 que
377 2238 665 2309 praetendit
692 2238 983 2295 littoribus.
1017 2237 1276 2310 Sequitur
1308 2241 1364 2296 in
1403 2241 1544 2298 libro
1578 2242 1844 2298 Numero-

252 2345 402 2384 rum:
424 2327 598 2400 Plaga
625 2339 801 2384 autem
825 2329 1179 2385 Occidentalis
1199 2348 1232 2385 a
1254 2333 1391 2386 mari
1411 2350 1602 2404 magno
1629 2334 1841 2404 incipiet

248 2429 297 2474 et
318 2422 429 2491 ipso
452 2422 562 2490 ﬁne
584 2421 884 2487 claudetur,
907 2422 1010 2478 hoc
1030 2430 1132 2489 est,
1162 2439 1195 2479 a
1217 2424 1355 2479 mari
1380 2440 1552 2496 usque
1575 2427 1642 2482 ad
1665 2441 1839 2495 mare,

248 2524 279 2563 a
311 2519 558 2566 torrente
586 2510 838 2567 videlicet
879 2511 1219 2569 Rinocolurte
1241 2515 1335 2585 qui
1376 2516 1431 2570 in
1465 2531 1616 2572 mare
1641 2516 1836 2585 inﬁuit,

248 2615 418 2670 usque
451 2601 521 2655 ad
547 2615 671 2656 eum
697 2602 875 2658 locum
903 2603 995 2659 ubi
1025 2614 1111 2661 est
1134 2606 1330 2661 Emath
1357 2607 1488 2663 urbs
1516 2606 1710 2678 Syriae,
1739 2624 1837 2664 cu-

240 2690 329 2762 jus
353 2694 409 2749 in
443 2694 548 2749 hac
570 2695 727 2768 plaga
759 2704 815 2751 et
842 2712 1037 2754 nomen
1063 2700 1241 2770 posuit
1266 2699 1515 2755 Ezechiel
1544 2720 1556 2754 :
1591 2700 1660 2754 Et
1679 2700 1838 2772 plaga

247 2786 430 2851 maris,
460 2802 608 2841 mare
637 2804 883 2859 magnum
913 2804 946 2842 a
978 2788 1203 2858 conﬁnio
1228 2807 1323 2860 per
1352 2789 1630 2857 directum,
1673 2790 1838 2845 donec

246 2874 420 2928 venias
458 2874 679 2942 Emath,
722 2893 843 2947 qua:
883 2894 1027 2934 nunc
1064 2878 1362 2949 Epiphania
1403 2880 1730 2944 nominatur,
1767 2880 1837 2935 ab

243 2962 534 3031 Antiocho,
556 2967 930 3023 crudelissimo
951 2976 1324 3040 tyrannorum,
1348 2971 1567 3027 nomine
1592 2987 1835 3028 commu-

246 3066 376 3124 tato,
421 3073 551 3113 nam
586 3069 999 3132 cognomentum
1047 3064 1236 3119 habuit
1283 3064 1609 3135 Epiphanes.
1661 3065 1831 3120 Porro

1946 1867 2196 1938 cisseque
2229 1868 2316 1925 die
2357 1876 2553 1925 octavo
2595 1869 2910 1937 collectam,
2948 1886 3015 1927 eo
3054 1872 3199 1940 quod
3231 1873 3543 1929 dedicasset

1944 1958 2115 2014 altare
2160 1968 2367 2030 septem
2415 1962 2607 2018 diebus
2653 1971 2710 2017 ct
2759 1962 3158 2019 solemnitatem
3205 1964 3546 2021 celebrasset

1943 2050 2134 2107 diebus
2177 2061 2416 2123 septem,
2462 2053 2650 2123 sicque
2692 2053 2783 2109 die
2824 2054 3082 2110 vicesimo
3126 2056 3290 2111 tertio
3328 2056 3541 2112 mensis

1942 2141 2158 2211 septimi
2202 2143 2469 2198 dimiserit
2498 2142 2756 2213 populum
2798 2143 2853 2197 in
2901 2144 3245 2201 tabernacula
3274 2160 3395 2211 sua,
3423 2160 3539 2200 non

1940 2238 2073 2301 puto
2093 2231 2241 2287 aliud
2270 2232 2361 2288 hic
2387 2232 2526 2289 velle
2547 2232 2792 2303 intelligi,
2823 2233 2928 2288 nisi
2956 2234 3119 2303 quod,
3150 2233 3380 2305 expletis
3411 2235 3529 2292 die-

1939 2325 2044 2381 bus
2067 2335 2275 2396 septem
2303 2325 2659 2382 dedicationis
2687 2326 2896 2396 templi,
2933 2325 3207 2384 subsecuti
3234 2336 3361 2383 sunt
3397 2328 3530 2384 Sce-

1938 2417 2182 2488 nopegia:
2221 2431 2343 2487 qua:
2383 2431 2415 2471 a
2454 2417 2645 2489 quinto
2689 2417 2901 2474 decimo
2941 2418 3031 2474 die
3067 2418 3272 2475 mensis
3311 2419 3526 2489 septimi

1939 2508 2236 2566 secundum
2279 2507 2454 2577 legem
2495 2508 2821 2563 inchoabant
2862 2515 2920 2563 et
2952 2507 3010 2563 in
3038 2508 3125 2564 die
3149 2508 3406 2563 vicesima
3442 2523 3528 2564 se-

1937 2598 2116 2655 cunda
2151 2598 2497 2653 ﬁniebantur.
2538 2597 2793 2667 Utrisque
2830 2609 2961 2669 ergo
3001 2597 3387 2653 festivitatibus
3423 2598 3528 2654 rite

1935 2690 2192 2760 peractis,
2219 2697 2277 2746 et
2300 2689 2756 2761 Scenopcgiarum
2786 2698 2978 2744 octava
3002 2689 3090 2744 die
3119 2689 3293 2755 ﬁnita,
3321 2688 3531 2745 dimisit

1937 2798 2034 2837 rex
2066 2782 2320 2839 Salomon
2344 2782 2413 2839 ad
2442 2797 2538 2837 sua
2562 2781 2827 2847 instantes,
2851 2789 3013 2851 atque
3038 2780 3335 2852 gaudentes
3361 2795 3527 2850 super

1935 2873 2097 2940 bono,
2126 2874 2269 2943 quod
2293 2873 2499 2929 fecerat
2540 2872 2800 2928 Dominus
2843 2872 3014 2927 David
3053 2880 3110 2927 et
3134 2871 3438 2938 Salomoni,
3470 2880 3528 2928 et

1934 2964 2099 3021 Israel
2140 2964 2338 3036 populo
2366 2980 2487 3021 suo.
2519 2963 2617 3021 Cui
2647 2963 2829 3020 sensui
2858 2963 3073 3018 videtur
3108 2961 3377 3032 Josephus
3406 2962 3521 3018 suf-

1936 3062 2135 3133 fragari
2166 3062 2239 3116 ita
2267 3061 2455 3117 dicens
2484 3075 2500 3115 :
2530 3060 2747 3116 Dimisit
2770 3074 2899 3130 ergo
2931 3058 3185 3115 Salomon
3212 3058 3519 3123 ecclesiam,

240 3150 308 3204 ad
328 3129 832 3221 Septentrionalem,
854 3153 1046 3222 inquit,
1069 3154 1278 3226 plagam
1303 3129 1493 3210 amari
1514 3173 1703 3228 magno
1728 3166 1832 3211 ter-
1858 3129 1903 3191 (ἶ
1934 3129 2057 3207 cum
2097 3150 2366 3207 sacriﬁcia
2408 3151 2741 3206 celebrasset
2782 3129 2879 3221 pro
2922 3165 2982 3205 se
3020 3158 3077 3205 et
3115 3165 3216 3221 pro
3254 3150 3523 3206 universis

242 3242 367 3297 mini
393 3243 646 3313 incipient
693 3247 1043 3314 pervenientes
1071 3264 1233 3318 usque
1259 3248 1328 3301 ad
1367 3258 1593 3304 montem
1636 3249 1831 3305 altissi-

244 3349 402 3398 mum,
437 3349 470 3386 a
491 3349 597 3403 quo
634 3335 837 3389 ueniant
859 3336 912 3390 in
944 3335 1139 3391 Emath
1168 3354 1330 3408 usque
1355 3339 1425 3392 ad
1454 3341 1704 3395 terminos
1732 3340 1830 3397 Se-

243 3420 414 3485 dada;
442 3420 692 3492 ibuntque
734 3424 962 3493 conﬁnia
991 3441 1153 3496 usque
1179 3426 1249 3479 ad
1273 3423 1547 3496 Zeplirona
1575 3437 1626 3482 et
1651 3428 1828 3484 villam

244 3510 415 3565 Euan.
452 3510 527 3564 lli
566 3522 719 3566 erunt
762 3515 972 3568 termini
1018 3516 1072 3569 in
1120 3526 1269 3586 parte
1316 3516 1588 3588 Aquilonis
1633 3517 1824 3591 (Num.

243 3604 447 3676 xxxiv).
492 3603 691 3660 Dicunt
723 3606 935 3662 Hebraei
972 3606 1461 3678 Scptentrionalcm
1503 3609 1714 3681 plagam
1745 3611 1827 3666 in-

241 3695 417 3766 cipere
451 3712 482 3751 a
512 3699 651 3753 mari
681 3715 877 3771 magno
906 3702 1053 3771 quod
1078 3701 1404 3769 Paltestiuzc,
1447 3702 1741 3771 Phtenicis,
1770 3713 1829 3760 et

242 3784 406 3856 Syria:
453 3804 577 3858 quae
621 3789 923 3860 appellatur
962 3790 1138 3858 Caele,
1188 3791 1495 3863 Ciliciaeque
1540 3796 1827 3865 prtetendit

240 3876 506 3936 littoribus
534 3889 589 3935 et
610 3897 709 3953 per
737 3882 1030 3955 Egyptum
1070 3885 1240 3941 tendit
1274 3886 1341 3941 ad
1385 3885 1629 3956 Libyam.
1669 3888 1824 3956 Quod

241 3981 413 4025 autem
437 3972 570 4027 dicit
596 3975 973 4043 pervenientes
997 3977 1258 4033 terminos
1284 3993 1457 4048 usque
1486 3980 1553 4034 ad
1583 3989 1820 4037 montem

240 4060 598 4129 altissimum,
649 4065 790 4120 idem
838 4066 1049 4122 Hebraei
1101 4076 1384 4123 autumant
1425 4069 1509 4124 vel
1553 4068 1820 4127 Amanum

240 4166 472 4212 montem
500 4157 829 4228 signiﬁcare,
855 4159 941 4215 vel
967 4159 1230 4227 Taurum,
1253 4161 1397 4231 quod
1426 4162 1583 4218 nobis
1610 4164 1824 4220 videtur

208 4292 219 4304 .
240 4249 433 4303 verius.
456 4248 740 4319 lbuntquc,
763 4250 956 4321 inquit,
980 4249 1212 4307 conﬁnia
1234 4266 1404 4322 usque
1424 4254 1489 4308 ad
1512 4254 1816 4324 Zephrona.

208 4344 215 4367 τ
240 4336 596 4405 Quamobrem
624 4341 782 4395 hodie
805 4341 1063 4411 Zephium
1092 4342 1346 4411 oppidum
1370 4343 1572 4399 Cilicia:
1598 4355 1814 4401 vocant.

240 4430 383 4497 Quod
412 4441 597 4486 autem
645 4433 889 4503 sequitur
932 4442 989 4488 et
1034 4434 1215 4489 villam
1260 4435 1446 4499 Euan,
1482 4452 1581 4507 pro
1622 4453 1729 4508 quo
1760 4440 1813 4494 in

240 4520 458 4579 Hebraeo
484 4523 746 4593 scriptum
777 4536 862 4579 est
895 4524 1232 4592 llaserenan,
1259 4528 1401 4596 quod
1432 4528 1820 4599 interpretatur

237 4620 424 4673 atrium
472 4619 671 4689 fontis,
717 4621 986 4676 terminus
1029 4629 1113 4677 est
1160 4620 1430 4677 Damasci.
1489 4622 1642 4678 Unde
1688 4624 1820 4680 dicit

235 4707 482 4766 Ezechiel
517 4729 531 4763 :
565 4709 637 4764 Et
668 4712 765 4765 erit
805 4713 1057 4767 terminus
1093 4729 1126 4765 a
1160 4713 1298 4766 mari
1336 4729 1498 4783 usque
1526 4714 1594 4767 ad
1624 4716 1819 4768 atrium

235 4800 383 4857 Enon
405 4801 545 4874 (sive
568 4801 1003 4874 Asez),terminus
1025 4798 1365 4868 Damasci,‘et
1389 4803 1453 4857 ab
1474 4803 1730 4875 Aquilone
1749 4805 1819 4858 ad

234 4893 562 4968 Aquilonem,
588 4898 845 4950 terminus
910 4895 1138 4961 Emath,
1183 4894 1339 4966 plaga
1385 4895 1821 4966 Septentrionalis

233 4989 448 5062 (Emit.
477 4989 669 5059 vau).
699 4988 834 5043 Inde
857 4988 1207 5053 metabuntur,
1239 4988 1431 5058 inquit,
1472 4988 1603 5057 ﬁnes
1633 4999 1815 5043 contra

234 5078 557 5134 Orientalem
582 5077 791 5149 plagam
826 5078 891 5131 de
916 5075 1038 5131 villa
1068 5077 1225 5132 Enan
1252 5093 1412 5148 usque
1450 5075 1738 5148 Sepltama,
1766 5088 1816 5133 et

229 5169 298 5224 de
318 5168 580 5241 Sephama
600 5168 909 5222 descendent
929 5167 1138 5221 termini
1161 5167 1217 5220 in
1241 5165 1396 5221 Rebla
1419 5177 1598 5222 contra
1619 5168 1815 5237 fontem

228 5261 497 5333 Daphnim
531 5276 552 5315 :
586 5260 708 5314 inde
738 5259 1031 5329 pervenient
1058 5267 1242 5313 contra
1273 5256 1536 5312 Orientem
1569 5258 1639 5312 ad
1669 5276 1815 5315 mare

228 5349 503 5419 Ceneretli,
534 5358 583 5405 et
612 5350 820 5404 tendent
848 5366 1012 5421 usque
1047 5350 1117 5402 ad
1152 5347 1460 5414 Iordanem,
1500 5358 1547 5402 et
1584 5348 1655 5402 ad
1683 5347 1812 5403 ulti-

229 5459 373 5497 mum
413 5442 707 5497 salsissimo
756 5440 1067 5495 claudentur
1111 5439 1249 5492 mari
1278 5436 1467 5507 (Num.
1516 5440 1722 5511 xxxiv).
1770 5438 1816 5495 A

230 5534 339 5590 tiue
364 5549 499 5607 ergo
522 5532 976 5605 Septentrionalis
996 5531 1190 5603 plagas,
1218 5531 1322 5585 hoc
1346 5537 1448 5595 est,
1475 5532 1616 5586 atrio
1640 5531 1813 5598 Euan,

229 5626 455 5682 tendunt
505 5625 647 5681 ﬁnes
696 5639 869 5695 usque
916 5624 985 5680 ad
1035 5623 1341 5693 Sephama,
1390 5638 1552 5692 quam
1604 5621 1816 5679 Πεὺηὶ

229 5719 556 5789 Aphamiam
601 5718 915 5787 nominant,
961 5727 1016 5774 ct
1063 5718 1128 5775 de
1174 5716 1439 5791 Aphamia
1482 5716 1818 5775 descendunt

1931 3243 2194 3309 Hebraeis,
2226 3244 2279 3298 id
2307 3250 2412 3308 est,
2452 3242 2651 3297 vitulos
2678 3242 2897 3312 quidem
2923 3240 3146 3306 22,000,
3172 3256 3304 3296 oves
3336 3250 3519 3296 autem

1931 3336 2184 3401 120,000.
2217 3335 2370 3392 Tunc
2395 3335 2542 3391 enim
2578 3336 2730 3404 prius
2758 3336 2810 3389 in
2847 3335 3045 3405 templo
3075 3334 3344 3390 sacriﬁcia
3372 3334 3521 3390 cele-

1929 3430 2083 3485 brata
2111 3435 2255 3493 sunt,
2289 3436 2346 3483 et
2373 3428 2428 3483 in
2458 3442 2523 3483 eo
2550 3426 2749 3497 epulati
2778 3436 2905 3482 sunt
2933 3442 3123 3482 omnes
3156 3426 3365 3481 llebrzei
3394 3442 3521 3482 cum

1927 3521 2190 3578 uxoribus
2213 3522 2327 3577 suis
2353 3529 2410 3576 et
2444 3519 2591 3585 ﬁliis,
2635 3520 2857 3590 insuper
2881 3520 3047 3574 etiam
3082 3530 3139 3574 et
3164 3518 3516 3574 festiviiatem

1926 3629 2048 3685 quas
2071 3622 2297 3670 vocatur
2324 3610 2656 3683 Scenopegia
2688 3610 2894 3667 faciens
2918 3618 3047 3666 ante
3075 3611 3333 3680 templum
3370 3609 3519 3667 clare

1926 3706 2089 3762 nimis
2125 3714 2181 3761 et
2224 3704 2511 3776 magniﬁce
2567 3704 2759 3760 diebus
2795 3703 3202 3775 quatuordecim
3245 3718 3340 3757 rex
3391 3719 3515 3758 cum

1927 3796 2073 3850 omni
2102 3795 2299 3866 populo
2328 3811 2430 3850 suo
2457 3795 2668 3866 pariter
2693 3793 2941 3865 ciuitates
2981 3801 3084 3848 εει.
3118 3793 3362 3863 Cumque
3399 3794 3518 3849 hmc

1927 3886 2159 3940 fuissent
2185 3883 2514 3940 suﬁicienter
2547 3884 2811 3949 exhibita,
2852 3883 3096 3952 nihilque
3125 3883 3336 3938 deesset
3366 3883 3515 3938 circa

1922 3974 2141 4047 pictatis
2179 3974 2375 4030 divime
2415 3974 2682 4030 culturam
2702 4014 2717 4040 ,
2749 3974 2958 4029 dimissi
2997 3986 3028 4027 a
3060 3990 3187 4045 rege
3217 3974 3412 4045 singuli
3444 3975 3513 4029 ad

1923 4066 2140 4137 propria
2168 4073 2504 4131 remearunt,
2530 4074 2749 4137 agentes
2772 4066 2977 4137 gratias
2998 4067 3111 4137 regi
3141 4074 3361 4136 propter
3386 4082 3514 4137 pro-

1921 4157 2215 4212 videntiam
2241 4174 2403 4227 quam
2432 4157 2727 4223 habuisset,
2759 4165 2813 4212 et
2834 4173 2999 4228 opera
3027 4173 3148 4228 qua:
3180 4158 3422 4224 fecisset,
3456 4168 3514 4214 et

1921 4257 2143 4305 orantes
2182 4249 2468 4304 Dominum
2508 4256 2568 4304 ut
2603 4249 2685 4304 eis
2724 4264 2905 4320 regem
2954 4251 3222 4320 prmberet
3267 4251 3512 4322 longtevo

1925 4352 2167 4414 tempore
2198 4341 2565 4407 Salomonem,
2600 4341 2824 4396 abibant
2852 4350 3186 4397 revertentes
3210 4357 3333 4397 cum
3375 4359 3509 4414 gau-

1921 4434 2011 4489 dio
2038 4434 2360 4498 sublimiter,
2405 4441 2607 4488 etcum
2651 4431 3008 4488 delectatione
3047 4434 3277 4503 hymnos
3307 4434 3510 4489 decan-

1925 4533 2122 4590 tantes,
2163 4524 2239 4579 ita
2279 4532 2338 4578 ut
2365 4539 2427 4579 ea
2460 4521 2797 4592 iucunditate
2829 4522 2946 4577 sine
2975 4523 3160 4578 labore
3193 4523 3261 4578 ad
3288 4525 3508 4594 propria

1925 4625 2251 4672 remearent.
2301 4614 2523 4687 Mystice
2560 4622 2740 4668 autem
2768 4614 2859 4669 hic
2896 4614 3040 4683 quod
3075 4613 3328 4669 Salomon
3358 4630 3508 4669 com-
3544 4634 3553 4659 ι

1921 4711 2067 4782 picto
2110 4726 2276 4781 opere
2319 4708 2500 4780 templi
2540 4706 2890 4764 festivitatem
2933 4708 3200 4763 celebrem
3248 4708 3403 4775 fecit,
3452 4718 3510 4764 ct

1922 4802 2100 4856 oumis
2128 4801 2293 4856 Israel
2334 4815 2456 4854 cum
2484 4814 2568 4863 eo,
2615 4798 2903 4853 multitudo
2943 4814 3156 4868 magna,
3185 4798 3255 4853 ab
3282 4800 3507 4855 introitu

1923 4894 2117 4949 Emath
2147 4907 2317 4962 usque
2343 4890 2410 4944 ad
2455 4890 2629 4945 rivum
2657 4886 2873 4959 Egypti
2903 4904 3086 4943 coram
3115 4890 3343 4945 Domino
3370 4890 3505 4957 Deo,

1921 4984 2189 5057 signiﬁcat
2226 4993 2488 5037 aztcrnum
2540 4980 2793 5049 gaudium
2838 4988 3147 5037 sanctorum
3192 4982 3335 5052 quod
3380 5000 3506 5039 cum

1922 5092 2047 5147 rege
2090 5090 2188 5130 suo
2228 5089 2357 5129 vero
2394 5072 2674 5137 videlicet,
2713 5072 2955 5143 paciﬁca,
2991 5075 3379 5144 perpetualiter
3410 5077 3508 5131 ha-

1920 5169 2069 5223 bent.
2100 5166 2209 5221 Nec
2235 5169 2378 5221 enizu
2404 5167 2520 5221 loca
2547 5166 2662 5237 ipsa
2686 5166 2885 5236 quibus
2906 5167 3123 5221 termini
3152 5175 3312 5223 terra:
3339 5168 3506 5223 lsracl

1922 5262 2172 5333 descripti
2198 5270 2345 5327 sunt,
2371 5259 2561 5316 Emath
2587 5259 2837 5315 videlicet
2862 5268 2917 5315 et
2942 5260 3091 5316 rivus
3114 5259 3354 5331 lEgypti,
3379 5259 3507 5313 huic

1918 5352 2301 5424 signiﬁcationi
2320 5350 2714 5408 contradicunt.
2735 5350 2929 5405 Emath
2950 5351 3094 5405 enim
3116 5350 3504 5419 interpretatur

1917 5445 2132 5501 Domini
2172 5443 2359 5499 veritas
2398 5456 2417 5495 :
2462 5450 2518 5497 et
2561 5441 2737 5495 rivum
2784 5441 2899 5496 sive
2938 5448 3237 5495 torrentem
3280 5436 3497 5507 Egypti

1919 5538 2046 5609 quid
2131 5537 2323 5593 melius
2375 5534 2675 5606 intelligam
2728 5550 3016 5605 possumus
3063 5546 3223 5603 quam
3272 5538 3503 5585 mortem

1920 5627 2306 5698 temporalem!
2334 5624 2470 5695 Quia
2500 5628 2641 5682 hanc
2667 5627 2725 5681 in
2750 5625 3005 5697 Egypto,
3040 5624 3093 5679 id
3119 5632 3202 5677 εει
3220 5663 3234 5687 ,
3269 5622 3321 5678 in
3355 5630 3477 5676 tene

1918 5719 2032 5776 bris
2058 5720 2214 5776 istius
2242 5718 2451 5785 mundi,
2491 5717 2793 5773 consistens
2828 5716 3006 5772 nullus
3034 5713 3264 5771 evadere
3302 5719 3500 5785 potest.
