3870 6146
2528 242 2559 249 “

321 342 428 401 8ὕῖ
967 335 1028 389 Β.
1068 328 1321 387 ΒΑΒΛΝΙ
1357 326 1578 383 MAURI
1612 321 1914 380 AﬂClIlEP

2021 318 2284 378 [OGUNT.
2328 315 2617 379 OPERUM
2655 312 2835 371 PARS
2868 315 2910 370 l.
3487 309 3586 366 ιω

321 458 592 529 Propluata
620 458 911 510 attestante
935 448 1028 518 qui
1054 448 1132 503 ait
1159 464 1170 499 :
1203 444 1333 510 Quis
1355 452 1430 499 est
1458 442 1547 513 qui
1576 443 1699 496 vtvit
1725 418 1772 494 et
1800 456 1903 494 non
1931 441 1981 505 Α
2007 435 2183 529 lomoa
2211 433 2426 529 domum
2447 431 2660 529 Diom-iui
2683 429 2976 529 et-domu‘nt
3004 442 3179 529 suam,
3206 426 3440 529 civitates

321 552 511 608 ridebit
539 546 798 603 mortem?
819 541 992 615 (Psal-
1016 535 1464 609 LXlSVIII.)Ultde
1476 538 1543 593 de
1558 538 1674 608 ipso
1703 535 1904 591 medias

322 654 441 700 tore
460 641 555 697 Dei
581 646 637 694 et
663 636 939 693 hominum
960 633 1013 688 in
1036 631 1247 702 psalmo
1270 630 1531 698 scriptum
1556 635 1639 684 est
1658 626 1778 683 t'De
1799 637 1907 679 tor-

325 745 471 791 rente
490 735 546 788 in
563 732 649 786 via
670 729 819 795 bibit,
837 735 1108 798 propterea
1129 721 1377 780 mutauit
1398 730 1554 793 caput
1578 719 1748 791 (Psal.
1770 718 1901 790 eis).

395 824 627 878 Terrena
668 817 771 874 fuit
809 815 1116 874 turbulenta
1158 812 1463 883 persecutio
1497 810 1808 866 Iudaeorum
1839 807 1904 861 de

322 929 427 986 qua
453 911 712 967 Dominus
732 906 981 963 Christus
1000 904 1138 961 bibit
1166 905 1221 959 in
1246 904 1356 969 via,
1382 902 1439 959 id
1459 909 1563 968 est,
1593 901 1648 955 in
1670 899 1773 955 hac
1792 897 1905 951 vita

322 1010 449 1061 dum
470 1016 697 1073 corpore
724 999 969 1070 pertudit,
988 1006 1186 1052 etcum
1215 997 1269 1051 in
1295 995 1383 1050 via
1408 994 1624 1057 dicitur,
1655 990 1802 1049 illata
1827 989 1908 1045 vis

319 1097 641 1162 ostenditur,
680 1103 737 1149 et
771 1091 1145 1149 velocissimus
1182 1087 1446 1144 transitus
1485 1085 1774 1149 indicatur,
1810 1098 1908 1153 per

319 1205 482 1260 quam
527 1188 846 1243 itinerantes
870 1183 991 1238 vebi
1020 1182 1197 1237 solent
1234 1179 1302 1235 ad
1327 1178 1493 1233 aliam
1533 1176 1904 1240 mansionem;

320 1284 539 1339 Christo
557 1280 701 1335 enim
725 1285 951 1348 propter
976 1274 1223 1345 gloriosa!
1245 1270 1496 1326 meritum
1518 1260 1789 1338 passionis
1808 1265 1908 1321 da-

321 1385 431 1429 tum
453 1381 529 1428 est
562 1386 749 1425 nomen
773 1368 913 1440 quod
944 1376 1017 1421 est
1043 1381 1198 1435 super
1221 1378 1373 1417 omne
1405 1376 1614 1425 nomen,
1644 1367 1701 1413 ut
1727 1359 1781 1412 in
1813 1373 1907 1413 no-

340 1468 462 1520 nine
481 1464 596 1534 ejus
616 1477 768 1517 omne
789 1476 922 1530 genu
947 1459 1191 1528 ﬂectatur
1227 1453 1511 1508 cmlestium
1531 1493 1550 1516 ,
1580 1450 1906 1506 terrestrium

336 1566 370 1608 st
395 1553 719 1624 infernarum
750 1547 971 1621 (Philip.
1016 1546 1098 1618 ιι).
1149 1544 1339 1601 Omnis
1367 1558 1498 1612 ergo
1539 1541 1705 1598 Israel
1731 1557 1760 1596 a
1791 1541 1909 1597 rivo

321 1646 546 1719 aEgypti
571 1658 744 1714 usque
770 1642 965 1699 Emath
993 1639 1188 1695 festum
1217 1637 1430 1693 celebre
1454 1649 1582 1691 cum
1622 1633 1910 1689 Salomone

322 1739 550 1804 faciunt,
576 1737 792 1808 quando
815 1735 991 1790 sancti
1014 1741 1137 1803 post
1164 1730 1327 1787 ﬁnem
1355 1729 1642 1801 przesentis
1672 1730 1796 1785 vitae
1820 1742 1911 1783 ve-

2006 525 2223 583 dederat
2254 522 2448 578 Hiram
2486 519 2757 577 Salomoni
2798 518 3109 586 aediﬁcavit,
3156 526 3207 571 et
3240 517 3482 571 habitare
3523 516 3594 570 ibi

2006 616 2125 686 fecit
2151 614 2290 684 ﬁlios
2325 611 2515 669 Israel.
2563 610 2703 678 Quid
2738 618 2822 666 est
2861 609 3005 680 quod
3032 608 3232 665 dicitur
3273 609 3464 665 Hiram
3505 610 3598 665 de-

2005 708 2151 763 disse
2179 706 2458 763 Salomoni
2489 704 2740 761 civitates
2762 718 2900 772 quas
2940 702 3055 773 ipse
3081 701 3339 758 Salomon
3364 702 3604 759 aediﬁca-

2006 799 2145 855 verit
2171 807 2227 854 et
2251 797 2497 853 habitare
2522 793 2717 851 fecerit
2743 794 2818 850 ibi
2844 793 2983 850 ﬁlios
3011 793 3197 861 lsrael,
3226 808 3351 850 cuin
3376 794 3434 849 in
3462 793 3605 851 libro

2007 891 2213 961 Regum
2242 890 2415 960 magis
2441 897 2697 945 narretur
2735 888 2883 958 quod
2920 903 3029 943 non
3067 887 3257 944 Hiram
3298 886 3605 954 Salomoni,

2008 981 2101 1036 sed
2136 980 2391 1036 Salomon
2422 979 2613 1035 Hiram
2640 978 2835 1051 viginti
2876 978 3073 1049 oppida
3112 979 3170 1034 in
3210 987 3355 1035 terra
3380 977 3604 1035 Galilma

2009 1071 2284 1130 dedisset?
2309 1069 2462 1126 Unde
2482 1086 2721 1140 egressus
2743 1078 2819 1124 est
2846 1068 3038 1124 Hiram
3062 1070 3128 1125 de
3156 1068 3294 1142 Tyro
3323 1080 3380 1125 ut
3409 1072 3606 1127 uideret

2008 1162 2200 1233 oppida
2228 1178 2345 1233 qua:
2371 1143 2587 1216 dederat
2614 1161 2663 1216 ei
2696 1159 2972 1216 Salomon.
3016 1158 3124 1217 Sed
3167 1177 3273 1216 non
3293 1161 3609 1231 placuerunt

2006 1257 2057 1309 ei
2078 1263 2125 1310 et
2143 1244 2252 1310 ait}
2278 1253 2525 1309 Hazecine
2543 1264 2662 1309 sunt
2689 1254 2922 1311 civitates
2944 1270 3077 1324 quas
3101 1252 3295 1308 dedisti
3322 1256 3475 1321 mihi,
3502 1256 3611 1326 {rae

2007 1344 2125 1398 ter?
2149 1343 2221 1398 Et
2255 1342 2533 1414 appellavit
2560 1360 2649 1398 eas
2689 1354 2885 1399 terram
2908 1343 3114 1399 Cbabul
3152 1361 3316 1415 usque
3356 1346 3429 1403 ad
3471 1347 3611 1403 diem

2010 1435 2143 1490 hanc
2185 1433 2305 1507 (ΙΙΙ
2334 1433 2461 1506 Reg.
2489 1433 2589 1505 ιι).
2639 1434 2794 1490 Hanc
2834 1449 2967 1505 ergo
3007 1434 3223 1492 Hebraei
3270 1436 3346 1490 ita
3392 1436 3613 1493 solvunt

2009 1526 2397 1596 quaestionem,
2439 1534 2499 1582 ut
2542 1526 2728 1581 dicant
2773 1526 2919 1595 ipsas
2951 1527 3144 1598 viginti
3184 1527 3436 1584 civitates
3473 1544 3614 1599 quas

2010 1617 2235 1674 dederat
2265 1616 2521 1673 Salomon
2549 1616 2737 1672 Hiram
2766 1618 2880 1689 regi
2908 1633 3017 1674 non
3059 1626 3310 1688 acceptas
3340 1619 3514 1676 fuisse
3543 1621 3613 1677 ab

2010 1723 2098 1775 eo,
2128 1708 2223 1764 sed
2261 1710 2436 1780 magis
2478 1717 2710 1780 spretas.
2756 1709 2909 1765 Unde
2956 1709 3213 1766 Salomon
3238 1712 3385 1781 quod
3424 1710 3619 1768 Hiram

324 1801 544 1890 raciter’
570 1801 788 1887 aiternis
835 1801 1046 1900 gaudiis
1090 1841 1213 1882 cum
1258 1825 1489 1881 Domino
1528 1823 1745 1880 Christo
1790 1837 1914 1894 per-
1942 1803 1989 1864 B
2016 1817 2111 1858 eas
2140 1803 2345 1859 habere
2373 1801 2564 1869 noluit,
2593 1802 2826 1874 propriis
2850 1801 3178 1859 utilitatibus
3201 1801 3507 1872 deputavit.

326 1928 599 1982 fruuntur.
628 1923 783 1991 Quod
803 1932 983 1977 autem
1009 1927 1213 1990 septem
1236 1925 1291 1975 et
1318 1926 1522 1989 septem
1553 1918 1741 1972 diebus
1766 1926 1915 1972 eam-

327 2020 449 2075 dem
489 2016 840 2073 festivitatem
880 2013 1182 2079 celebrant,
1228 2010 1534 2082 signiﬁcare
1565 2017 1745 2079 potest
1770 2005 1917 2078 quod

327 2110 485 2166 electi
516 2124 616 2180 per
666 2105 1034 2177 septiformem
1067 2102 1300 2174 Spiritus
1335 2102 1507 2158 sancti
1536 2101 1764 2169 gratiam
1792 2098 1917 2154 illu-

327 2197 518 2254 minati
541 2205 597 2253 et
637 2196 799 2252 modo
825 2194 881 2248 in
921 2195 1024 2249 hac
1053 2192 1161 2248 vita
1184 2232 1199 2258 ,
1229 2192 1322 2262 qui
1353 2190 1661 2261 septenario
1688 2204 1919 2245 numero

329 2290 538 2345 dierum
570 2287 849 2352 discurrit,
875 2285 1112 2357 gaudent
1141 2285 1194 2339 in
1227 2297 1342 2353 spe,
1367 2291 1424 2337 et
1448 2290 1574 2337 tunc
1606 2282 1658 2336 in
1689 2281 1916 2337 sabbato

328 2394 477 2445 vero,
503 2378 608 2434 hoc
631 2386 715 2434 est
745 2378 799 2431 in
825 2375 1005 2431 futura
1035 2376 1336 2434 animarum
1366 2372 1572 2442 requie,
1600 2369 1839 2443 gaudent
1860 2370 1919 2423 in

329 2469 498 2542 ipsius
526 2468 772 2524 veritatis
800 2466 1163 2537 perceptione.

401 2557 578 2628 Igitur
603 2558 660 2611 in
688 2556 773 2610 die
797 2556 1037 2610 vicesimo
1067 2555 1222 2609 tertio
1243 2554 1438 2608 mensis
1460 2553 1689 2624 septimi,
1720 2553 1921 2607 dimisit

330 2645 549 2718 populos
590 2645 660 2700 ad
698 2643 1036 2700 tabernacula
1064 2661 1164 2701 sua
1192 2642 1428 2698 laetantes
1457 2653 1613 2714 atque
1637 2644 1921 2714 gaudentes

332 2754 489 2810 super
511 2736 666 2803 bono,
690 2735 830 2809 quod
857 2736 1052 2805 fecerat
1072 2735 1330 2790 Dominus
1350 2734 1525 2789 David
1550 2743 1598 2790 et
1621 2733 1918 2799 Salomoni,

331 2841 379 2886 et
421 2828 591 2886 Israel
617 2827 808 2901 populo
836 2844 954 2883 suo.
983 2826 1193 2884 Bonum
1225 2825 1428 2882 fecerat
1466 2825 1727 2882 Dominus
1752 2824 1923 2880 David

331 2920 481 2990 quia,
505 2920 731 2976 dimisso
750 2928 975 2989 peccato
1002 2918 1172 2989 ipsius
1192 2917 1337 2988 quod
1361 2917 1635 2973 commisit
1657 2916 1710 2972 in
1733 2915 1923 2971 Uriam

331 3010 633 3076 Hethaeum,
660 3025 883 3081 regnum
906 3009 1174 3065 concessit
1195 3008 1271 3063 illi
1298 3008 1353 3063 in
1378 3008 1799 3079 sempiternum;
1827 3008 1925 3063 bo-

331 3114 460 3153 num
489 3096 618 3154 fecit
658 3106 715 3153 et
757 3096 1052 3165 Salomoni,
1094 3097 1223 3167 quia
1266 3096 1417 3151 illum
1461 3111 1624 3166 quem
1657 3096 1723 3152 de
1752 3111 1923 3151 uxore

333 3191 631 3262 alienigena
671 3198 859 3245 natum
898 3189 984 3244 lex
1011 3165 1334 3259 prohibebat
1373 3165 1670 3243 Ecclesiam
1704 3186 1801 3241 Dei
1837 3188 1920 3242 in—
1948 3165 1994 3227 (ἶ

332 3294 502 3350 trare,
532 3299 640 3339 non
671 3283 845 3339 solum
870 3284 1093 3338 introire
1131 3282 1409 3352 permisit,
1440 3282 1535 3337 sed
1558 3281 1723 3337 etiam
1753 3296 1927 3353 regno

333 3373 663 3429 sublimavit.
709 3374 914 3428 Bonum
956 3372 1086 3428 fecit
1122 3381 1179 3427 et
1216 3372 1401 3427 lsraeli
1438 3371 1635 3443 populo
1669 3386 1789 3439 suo,
1834 3372 1923 3427 cui

332 3470 459 3535 post
492 3471 695 3518 tantam
723 3463 1120 3519 multitudinem
1145 3463 1655 3533 praevaricationum
1681 3477 1791 3533 qua
1818 3464 1922 3520 Do-

333 3555 468 3610 mini
501 3555 757 3610 mandata
800 3554 1194 3611 contemnendo
1223 3569 1365 3625 saspe
1400 3553 1727 3625 transgressi
1768 3562 1935 3619 sunt,

332 3648 591 3718 templum
619 3645 1214 3719 magniﬁcentissimum
1254 3660 1353 3715 pro
1382 3644 1531 3701 cultu
1575 3660 1674 3702 suo
1718 3646 1922 3702 habere

331 3737 609 3808 permisit;
643 3744 700 3792 et
726 3735 967 3807 requiem
992 3737 1058 3791 de
1084 3735 1330 3791 hostibus
1357 3735 1598 3804 undique
1618 3748 1727 3792 non
1754 3749 1925 3805 parvo

333 3842 579 3899 tempore
599 3828 889 3893 concessit,
921 3827 1095 3883 donec
1124 3826 1366 3898 peccatis
1388 3825 1637 3899 pristinis
1662 3841 1802 3883 nova
1827 3827 1924 3882 ad-

327 3919 582 3985 jicientes
604 3918 897 3974 vindictam
922 3918 1171 3973 meritam
1191 3918 1336 3989 juste
1364 3925 1742 3988 perceperunt.
1767 3916 1921 3984 Quod

335 4017 517 4067 autem
554 4009 775 4076 dicitur,
816 4009 943 4079 quia
990 4008 1044 4064 in
1090 4009 1176 4066 die
1218 4009 1479 4066 vicesimo
1518 4009 1679 4065 tertio
1719 4010 1922 4065 mensis

306 4088 569 4172 septimi,
603 4102 707 4157 hoc
738 4110 822 4159 est
845 4118 944 4172 per
966 4109 1215 4158 octavam
1234 4099 1580 4171 Sccnopegiie
1606 4099 1919 4156 solemnita-

335 4194 409 4250 tis
430 4193 595 4258 diem,
624 4200 686 4247 ut
713 4194 767 4248 in
797 4193 936 4250 libro
964 4192 1170 4263 Regum
1199 4193 1416 4254 dicitur,
1443 4192 1696 4247 dimissus
1723 4192 1795 4247 sit
1819 4205 1919 4261 po-

332 4286 493 4355 pulus
526 4301 557 4339 a
596 4284 886 4342 Salomone
924 4285 1006 4341 ire
1041 4285 1095 4340 in
1126 4283 1472 4341 tabernacula
1504 4300 1622 4351 sua,
1651 4284 1922 4355 signiﬁcat

331 4387 456 4449 post
482 4377 647 4433 ﬁnem
682 4378 839 4438 istius
861 4378 1012 4444 vitae,
1041 4385 1271 4448 postque
1296 4376 1687 4432 sabbatismum
1713 4375 1921 4430 anima-

333 4484 455 4524 rum
481 4479 811 4536 sanctarum,
837 4485 959 4540 qua:
984 4483 1127 4525 nunc
1149 4469 1434 4538 quiescunt
1459 4476 1584 4524 ante
1609 4467 1751 4523 diem
1773 4465 1920 4535 judi-

2089 1913 2159 1969 Et
2186 1914 2461 1984 tediﬁcavit
2486 1912 2740 1968 Salomon
2762 1913 3071 1985 Palmyreni
3094 1915 3148 1969 in
3168 1916 3392 1982 deserto,
3406 1927 3458 1972 et
3478 1916 3617 1972 alias

2017 2008 2248 2067 civitates
2293 2006 2674 2061 munitissimus
2719 2006 2997 2077 adiﬁcavit
3040 2007 3094 2061 in
3139 2006 3353 2062 Emam.
3403 2010 3482 2065 De
3512 2011 3615 2067 hoc

2016 2094 2285 2166 Josephus
2332 2096 2407 2151 ita
2454 2105 2661 2152 narrat.
2706 2094 2951 2166 Cumque
2980 2111 3075 2152 rex
3105 2097 3363 2153 Salomon
3404 2100 3615 2158 videret

2018 2202 2205 2243 muros
2228 2201 2328 2256 pro
2368 2186 2668 2241 munimine
2697 2185 2940 2242 turribus
2968 2185 3230 2258 indigere,
3257 2187 3475 2260 aliaque
3514 2193 3619 2246 tui-

2020 2279 2185 2345 tione,
2227 2294 2356 2333 nam
2404 2279 2700 2334 secundum
2749 2278 2991 2335 civitatis
3033 2282 3286 2337 meritum
3329 2286 3618 2354 oportebat

2018 2370 2183 2427 etiam
2230 2369 2501 2439 copiosam
2546 2383 2668 2425 esse
2713 2369 3105 2426 munitionibus
3150 2387 3462 2440 murorum,
3500 2375 3615 2430 haec

2021 2463 2199 2522 elfecit
2229 2469 2286 2518 et
2310 2461 2551 2517 turribus
2577 2462 2853 2517 civitatem
2881 2463 3171 2535 praecipuis
3187 2465 3347 2522 valde
3373 2467 3619 2522 circum-

2021 2554 2190 2611 dedit.
2218 2553 2287 2607 Et
2311 2559 2435 2623 post
2458 2567 2628 2623 pauca
2655 2570 2669 2607 :
2698 2551 2939 2624 Pergens
2970 2553 3023 2608 in
3051 2555 3327 2611 desertum
3371 2558 3618 2629 superio-

2024 2645 2099 2699 ris
2133 2643 2322 2715 Syriae,
2361 2657 2593 2713 eamque
2627 2643 2868 2714 capiens,
2912 2644 3194 2700 constituit
3235 2646 3311 2702 ibi
3337 2647 3616 2703 eivitaten

2024 2736 2318 2792 maximam
2342 2736 2576 2791 duorum
2601 2734 2812 2790 dierum
2859 2732 3053 2792 itinere
3079 2750 3109 2790 a
3147 2736 3306 2809 Syria
3336 2739 3577 2809 superior
3600 2754 3619 2795 t

2024 2828 2340 2892 distantem,
2366 2827 2435 2881 ab
2474 2826 2750 2897 Euphrate
2782 2841 2911 2882 vero
2955 2827 3132 2894 unius,
3161 2837 3217 2884 et
3250 2830 3488 2885 maxima
3519 2829 3593 2886 Ba

2024 2918 2222 2990 bylone
2250 2932 2346 2974 sex
2369 2917 2744 2973 mansionibus
2772 2917 2959 2988 procul
2989 2919 3315 2975 abstantem.
3342 2918 3503 2988 Quod
3522 2936 3617 2975 au—

2028 3020 2136 3063 tem
2175 3009 2292 3063 hinc
2323 3007 2519 3064 civitas
2561 3023 2591 3062 a
2635 3007 2883 3078 partibus
2922 3008 3307 3065 babitabilibus
3341 3009 3516 3083 Syria
3542 3010 3617 3066 ita

2027 3099 2253 3165 destitit,
2277 3100 2395 3156 hinc
2419 3115 2582 3156 causa
2615 3108 2721 3165 est,
2747 3101 2893 3170 quod
2920 3101 2974 3155 in
3010 3100 3266 3158 interiore
3301 3110 3448 3159 terra
3474 3119 3619 3176 aqua

2025 3204 2293 3259 nusquam
2334 3190 2621 3254 invenitur,
2666 3192 2719 3245 in
2759 3191 2853 3247 illo
2892 3200 3073 3247 autem
3114 3191 3235 3248 loco
3275 3193 3623 3250 solummodo

2023 3278 2202 3339 fontes
2232 3288 2289 3335 et
2323 3281 2469 3351 putei
2498 3280 2662 3336 nimis
2687 3281 3045 3336 abundarent.
3088 3280 3239 3338 lianc
3273 3283 3460 3355 itaque
3489 3286 3621 3342 tedi-

2024 3371 2195 3427 ticans
2237 3370 2514 3426 civitatem
2557 3380 2615 3426 et
2658 3371 2829 3427 muris
2869 3372 3318 3428 eminentissimis
3344 3390 3471 3430 eam
3510 3376 3619 3431 cir-

2025 3479 2148 3519 cum
2169 3472 2377 3535 tegens,
2417 3464 2731 3519 Thadamur
2753 3464 3062 3535 appellavit,
3104 3474 3159 3521 et
3186 3466 3450 3523 hactenus
3475 3469 3621 3538 apud

2026 3553 2211 3626 Syrios
2244 3555 2323 3609 ita
2350 3555 2652 3621 dicebatur,
2680 3570 2846 3625 quam
2870 3554 3043 3611 Graeci
3066 3556 3369 3629 Palmyram
3396 3566 3617 3614 vocant.

2094 3645 2767 3718 Exstruxitque‘Bethoron
2801 3649 3123 3717 superiorem
3159 3658 3206 3703 et
3236 3647 3512 3706 Bethoron
3534 3651 3617 3704 in-

2024 3738 2268 3807 feriorem
2298 3737 2529 3792 ciuitates
2553 3748 2814 3803 muratas,
2842 3738 3088 3793 habentes
3111 3747 3313 3809 portas,
3348 3750 3405 3793 et
3429 3750 3619 3806 vectes,

2023 3840 2071 3885 et
2093 3847 2259 3886 seras.
2282 3830 2508 3884 Balaath
2531 3830 2688 3884 etiam
2713 3838 2760 3883 et
2781 3846 2958 3885 omnes
2979 3831 3128 3886 urbes
3148 3831 3481 3888 firmissimas
3502 3849 3620 3905 quis

2024 3923 2235 3992 fuerunt
2288 3920 2607 3977 Salomonis.
2660 3920 2935 3976 Bethoron
2979 3921 3171 3977 civitas
3210 3931 3296 3978 est
3341 3923 3407 3977 ad
3454 3938 3619 3993 quam

2023 4030 2196 4084 usque
2222 4012 2389 4071 Iosue
2415 4020 2741 4083 persecutus
2762 4021 2847 4068 est
2877 4012 3126 4068 inimicos
3165 4029 3341 4086 reges,
3381 4029 3504 4085 qua:
3530 4031 3621 4072 ce-

2023 4107 2155 4162 cidit
2189 4106 2246 4160 in
2290 4112 2499 4160 sortem
2543 4103 2776 4159 ﬁliorum
2818 4102 3036 4174 Ioseph,
3081 4105 3135 4159 id
3175 4114 3281 4172 est,
3327 4106 3616 4177 Ephraim.

2024 4199 2163 4255 Sunt
2201 4205 2383 4253 autem
2415 4196 2525 4251 duo
2551 4196 2655 4253 vici
2686 4197 3005 4253 duodecimo
3041 4195 3210 4252 ferme
3241 4197 3313 4254 ab
3343 4198 3497 4255 Helia
3540 4199 3621 4255 la-

2021 4293 2148 4364 pide
2179 4289 2480 4362 Nicopolim
2513 4291 2884 4361 pergentibus.
2911 4289 3140 4362 Propter
3165 4292 3332 4348 situm
3364 4307 3507 4348 imus
3533 4292 3619 4348 di-

2022 4385 2165 4441 citur
2203 4383 2476 4439 Bethoron
2510 4381 2777 4451 superior,
2809 4397 2969 4453 quem
2999 4380 3285 4437 aediﬁcavit
3329 4380 3617 4447 Salomon,

2023 4486 2081 4533 et
2104 4476 2242 4532 alius
2268 4474 2541 4531 Bethoron
2571 4472 2798 4528 inferior
2821 4472 2981 4528 datus
3007 4472 3211 4529 Levitis
3230 4473 3284 4528 in
3313 4475 3619 4544 possessio-

331 4560 424 4628 cii.
456 4562 511 4616 in
539 4569 729 4615 octava
757 4538 939 4627 actate.
979 4562 1083 4615 hoc
1120 4567 1205 4616 est
1249 4559 1304 4613 in
1343 4559 1430 4615 die
1459 4559 1916 4624 Resurrectionis,
1944 4538 1998 4598 Ῑ)
2022 4583 2169 4625 nem.
2202 4566 2427 4622 Balaatb
2452 4574 2633 4619 autem
2656 4564 2850 4619 civitas
2873 4572 2958 4619 est
2998 4564 3053 4618 in
3094 4564 3235 4619 tribu
3263 4538 3421 4620 tida.
3467 4564 3617 4622 Prae-

331 4660 550 4709 sanctos
575 4660 891 4722 recepturos
910 4666 1141 4720 corpora
1167 4649 1489 4705 immortalia
1521 4659 1574 4704 et
1599 4651 1652 4705 in
1682 4652 1917 4706 mansio-

331 4745 492 4801 nibus
516 4743 827 4801 cmlestibus
855 4757 1098 4814 quosque
1121 4740 1417 4797 secundum
1444 4741 1761 4797 meritorum
1785 4757 1916 4811 qua-

332 4835 512 4892 litates
540 4834 906 4892 collocandos.
947 4833 1045 4890 Ubi
1083 4848 1297 4904 semper
1336 4832 1500 4889 alacri
1531 4831 1695 4888 corde
1732 4832 1918 4888 lauan-

332 4934 421 4983 tur
446 4926 743 4996 gaudentes
765 4935 821 4981 et
849 4925 1131 4980 laudantes
1160 4924 1443 4980 Dominum
1481 4937 1643 4993 super
1667 4923 1919 4981 omnibus

328 5017 490 5073 bonis
508 5033 630 5087 quae
655 5019 707 5071 in
738 5018 966 5073 Domino
991 5018 1209 5073 Christo
1237 5016 1397 5071 Pater
1421 5017 1763 5086 omnipotens
1788 5032 1919 5073 con-

330 5105 456 5163 tulit
480 5107 677 5177 populo
695 5106 1029 5164 Christiano.

868 5290 869 5293 η
923 5223 1151 5279 CAPUT
1198 5222 1321 5277 Vill.

332 5310 412 5371 De
443 5314 761 5399 principibus
797 5313 1497 5399 eaercitusﬁalomonistet
1532 5312 1726 5399 [ﬁebilis
1764 5325 1921 5399 atque

400 5384 756 5439 sacerdOtibus
778 5385 844 5438 ab
868 5402 927 5440 eo
951 5385 1208 5440 ordinatis
1234 5386 1290 5439 in
1313 5385 1659 5440 ministerium
1684 5384 1914 5441 Domini.

403 5454 504 5510 Ubi
532 5454 786 5512 Salomon
809 5472 963 5510 naves
990 5456 1278 5509 transmisit
1302 5454 1357 5508 in
1382 5452 1567 5520 Opltir,
1594 5466 1650 5509 ut
1676 5458 1797 5510 inde
1820 5474 1916 5510 au-

401 5543 515 5597 rum
531 5526 630 5581 sibi
655 5525 1025 5597 deportarent;
1047 5535 1093 5597 et
1115 5524 1178 5579 de
1205 5525 1386 5597 regina
1411 5523 1573 5597 Saba.
1604 5523 1757 5590 Quod
1779 5524 1911 5580 servi

404 5594 592 5652 Hiram
622 5594 740 5652 cum
770 5597 929 5653 seruis
964 5594 1278 5652 Salomonis
1302 5594 1584 5649 attulerunt
1622 5613 1812 5649 aurum
1849 5613 1914 5650 ex

400 5664 555 5732 Ohir,
582 5679 629 5723 et
659 5668 802 5740 ligna
828 5669 1026 5739 thyma,
1055 5675 1102 5721 et
1132 5681 1359 5737 gemmas
1385 5666 1805 5735 pretiosissimas.

402 5756 637 5825 Expletis
657 5770 831 5814 autent
859 5760 1036 5830 viginti
1058 5759 1208 5815 annis
1232 5767 1501 5828 postquar'
1526 5775 1553 5811 1
1572 5757 1792 5823 li/icarit
1812 5758 1915 5813 Sa-

2027 4670 2173 4717 terea
2204 4660 2324 4715 alite
2347 4658 2594 4715 civitates
2622 4657 2788 4712 simili
2813 4658 2972 4713 modo
2998 4658 3055 4712 in
3084 4650 3223 4714 libro
3254 4657 3461 4730 Regum
3483 4675 3617 4716 eon-

2026 4760 2247 4808 structa‘.
2274 4765 2307 4804 a
2350 4749 2638 4805 Salomone
2664 4757 2979 4813 narrantur,
3018 4747 3121 4802 hoc
3163 4755 3249 4802 est
3289 4748 3453 4814 Ezer,
3503 4749 3591 4806 lla

2027 4844 2221 4916 geddo,
2247 4850 2302 4897 et
2339 4840 2533 4905 Gazer,
2566 4854 2668 4895 nec
2687 4853 2799 4894 non
2827 4846 2885 4894 et
2904 4837 3060 4893 Melle
3093 4856 3106 4892 :
3137 4853 3259 4909 qua:
3297 4855 3490 4896 manes
3517 4857 3611 4912 per

2025 4934 2262 4990 nominis
2290 4934 2374 4988 sui
2415 4931 2737 5004 mysterium
2765 4940 2967 4986 sanctae
3010 4930 3265 4986 Ecclesia
3303 4940 3613 4989 monstrant

2025 5026 2300 5088 decorem,
2328 5036 2493 5093 quam
2519 5035 2681 5077 verus
2712 5019 2971 5075 Salomon
2998 5021 3051 5075 in
3086 5020 3432 5091 iucunditate
3460 5024 3613 5095 regni

2024 5117 2107 5172 sui
2132 5117 2202 5171 ad
2230 5114 2443 5170 laudem
2470 5124 2526 5170 et
2566 5114 2951 5183 sempiternam
2998 5112 3240 5169 laetitiam
3270 5115 3373 5171 sibi
3397 5133 3608 5188 praepa-

2023 5209 2179 5263 ravit.
2228 5207 2621 5278 Interpretatur
2665 5213 2845 5260 autem
2881 5204 3039 5261 Melle
3081 5207 3421 5278 adimpletio;
3474 5210 3610 5266 Etet

2018 5308 2330 5369 separatus,
2386 5296 2469 5351 vel
2521 5295 2919 5365 sanetiﬁcatus;
2975 5295 3239 5366 meum
3283 5299 3612 5355 cenacula

2020 5390 2171 5460 eius;
2217 5388 2393 5445 Gazer
2434 5387 2694 5459 pra’cisio,
2735 5386 2821 5441 vel
2850 5387 3057 5442 divisio.
3108 5387 3381 5447 Bethoron
3422 5391 3613 5446 domus

2023 5479 2299 5543 montium,
2328 5487 2381 5533 et
2404 5476 2626 5532 Balaatb
2653 5477 2938 5530 ascendens
2967 5476 3375 5547 interpretatur.
3409 5480 3611 5537 Sancta

2021 5586 2151 5635 ergo
2179 5568 2416 5625 Ecclesia
2448 5568 2641 5623 civitas
2668 5567 2761 5623 Dei
2793 5568 2906 5622 vivi
2931 5577 3033 5632 est,
3066 5570 3158 5625 ubi
3189 5571 3450 5641 impletus-
3478 5589 3608 5644 quo-

2024 5662 2153 5715 tidie
2182 5660 2275 5715 Dei
2307 5660 2575 5723 voluntas,
2614 5660 2729 5714 haec
2761 5667 3010 5727 separata
3040 5661 3107 5714 ab
3134 5663 3282 5717 omni
3307 5676 3503 5719 errore
3527 5665 3611 5718 in-

2020 5756 2255 5813 ﬁdelium
2285 5753 2621 5810 sanctiﬁmta
2648 5761 2729 5808 est
2758 5755 2812 5808 in
2836 5752 2939 5809 ﬁde
2972 5762 3025 5808 et
3043 5754 3201 5811 bonis
3224 5758 3502 5826 operibus,
3534 5755 3609 5812 ibi
