3876 6136
267 273 375 330 ι’ίθ

1197 254 1548 313 COMMENT.
1590 254 1658 311 IN
1698 253 2256 310 PAR‘ALIPOMENA.
2298 282 2368 295 --
2404 253 2530 308 LIB.
2572 252 2656 308 lii.

3477 256 3564 307 70'

262 386 493 446 refectio
520 384 781 438 virtutum
808 388 911 445 est,
936 378 1054 432 lucc
1088 376 1349 433 discernit
1371 375 1632 430 mundum
1663 375 1732 430 ab
1760 373 1861 429 im-
1888 380 1935 438 Α
1963 376 2090 446 quia
2132 377 2250 447 ipse
2292 376 2667 431 universorum
2697 375 3003 433 dominator
3040 387 3146 443 est,
3193 385 3243 433 et
3274 378 3349 434 esi
3382 381 3550 435 utitur

265 480 496 547 mundo,
529 476 759 531 virtutes
786 487 817 526 a
842 470 1021 537 vitiis;
1051 477 1108 525 et
1132 469 1324 525 domus
1347 477 1431 524 est
1471 468 1737 523 montium
1761 509 1775 533 ,
1809 466 1862 521 id

264 583 379 637 est,
422 566 691 626 habitatio
737 572 1081 627 sanctorum,
1127 568 1183 617 et
1228 559 1409 615 fructu
1454 558 1678 630 iustitia:
1725 558 1866 612 sicut

267 665 448 733 palma
477 658 682 714 ﬂorens
709 652 954 709 ascendit
981 652 1046 706 de
1069 650 1269 705 vittate
1294 651 1348 705 in
1376 650 1631 704 virtutem
1651 689 1664 711 ,
1694 658 1755 702 ut
1786 648 1866 701 vi-

266 757 392 809 deat
438 753 608 806 Deum
633 748 857 803 deorum
889 745 943 797 in
987 741 1136 799 Sion.
1184 742 1385 798 Onmes
1412 741 1561 795 vicos
1585 739 1678 809 qui
1711 740 1777 793 ad
1807 754 1866 794 se

266 843 617 915 pertinebant
642 846 698 894 et
731 836 1007 907 quierant
1035 835 1239 902 absque
1262 845 1421 886 muro
1447 830 1676 884 munivit
1706 828 1863 883 Salo-

268 950 419 1000 mon,
466 933 593 1005 quia
623 929 875 985 Christus
918 935 1093 981 cretus
1134 923 1366 978 ﬁdelium
1412 936 1632 977 suorum
1677 920 1866 991 gratia:

268 1041 379 1080 suae
405 1022 743 1096 protectione
766 1020 841 1075 ita
862 1016 1113 1081 munivit,
1142 1023 1205 1069 ut
1230 1013 1476 1069 hostibus
1495 1012 1865 1083 spiritualibus

268 1131 487 1185 semper
516 1107 907 1183 insuperabilcs
937 1107 1252 1163 existerent.

338 1206 538 1261 Omnia
577 1215 898 1274 quwcunque
927 1196 1089 1252 voluit
1124 1193 1374 1249 Salomon
1402 1203 1556 1264 atque
1586 1192 1861 1261 disposuit,

268 1300 549 1369 trdiﬁcavit
588 1297 643 1348 in
677 1289 992 1355 Jerusalem,
1022 1299 1069 1343 et
1111 1289 1167 1342 in
1206 1286 1429 1351 Libano,
1464 1295 1511 1339 et
1540 1286 1595 1338 in
1625 1285 1864 1338 uitiversa

266 1405 410 1448 terra
434 1387 708 1459 potestatis
736 1401 866 1439 suae.
918 1380 1071 1449 Quod
1100 1381 1189 1435 hic
1218 1378 1417 1434 dicitur
1442 1379 1495 1431 in
1526 1377 1751 1439 Libano,
1782 1375 1866 1430 vel

270 1481 533 1552 templum
580 1475 850 1548 signiﬁcat
895 1473 1039 1543 quod
1069 1471 1353 1526 cedrorum
1384 1469 1582 1524 decore
1610 1467 1862 1522 vestitum

268 1581 391 1627 erat
416 1570 581 1626 simul
610 1577 666 1623 et
693 1566 813 1621 auri
844 1563 1062 1619 laminis
1084 1563 1141 1617 in
1171 1577 1235 1617 ea
1260 1559 1512 1625 conﬁxis,
1536 1556 1696 1627 juxta
1733 1557 1865 1613 illud

267 1665 413 1734 quod
438 1664 494 1719 in
515 1660 778 1721 Zacharia
803 1660 1062 1728 scriptum
1088 1665 1173 1711 est
1193 1671 1208 1709 :
1232 1656 1409 1726 Aperi,
1442 1654 1658 1720 Libane,
1682 1664 1865 1726 portas

1968 467 2035 522 ad
2068 483 2220 522 suam
2249 466 2600 531 voluntatem,
2650 468 2702 521 in
2736 467 2891 539 cujus
2933 468 3213 525 voluntate
3255 479 3383 525 sunt
3432 475 3551 525 uui-

1964 572 2124 612 versa
2150 559 2348 626 posita.
2395 556 2554 612 Tales
2595 557 2724 613 licet
2772 559 2825 613 in
2853 560 3038 614 multis
3063 556 3551 626 adversexnur,’ta-

1968 666 2091 705 men
2129 650 2443 720 frequenter
2487 652 2672 707 usibus
2716 654 2959 708 serviunt
3010 654 3285 721 Ecclesiae,
3332 671 3454 711 cum
3494 657 3550 711 in

1966 744 2219 813 praesenti
2265 752 2506 814 tempore
2553 749 2857 803 necessaria
2902 748 3165 813 tribuunt,
3196 749 3345 804 etde
3390 750 3552 805 rebus

1967 835 2081 888 suis
2115 833 2310 889 solatia
2339 836 2600 904 prmlient.
2633 838 2707 890 De
2740 837 2861 892 ﬁliis
2892 846 3069 893 autem
3099 840 3282 905 Israel,
3312 840 3415 895 hoc
3446 851 3549 905 est,

1966 926 2055 994 qui
2092 941 2196 979 non
2226 925 2435 980 ancilla:
2467 926 2559 980 ﬁlii
2590 935 2737 991 sunt,
2766 928 2858 982 sed
2902 928 3109 994 liberm,
3141 946 3279 999 quos
3310 931 3425 1000 ipse
3458 930 3548 983 Fi-

1965 1014 2070 1070 lius
2098 1016 2193 1071 Dei
2223 1018 2484 1087 sanguine
2509 1032 2610 1072 suo
2637 1016 2903 1083 liberavit,
2948 1035 3053 1073 non
3079 1023 3365 1076 constituit
3394 1022 3549 1076 Salo—

1968 1125 2091 1163 tuon
2144 1118 2330 1164 noster
2373 1111 2580 1165 servire
2609 1118 2959 1181 quemquam,
2988 1115 3129 1183 quod
3162 1118 3431 1172 neminem
3461 1134 3551 1171 eo-

1966 1201 2042 1270 git
2079 1201 2184 1255 ritu
2215 1201 2494 1272 gentilium
2524 1203 2728 1268 vivere,
2775 1204 3046 1259 neminem
3074 1209 3428 1263 czeremonias
3462 1225 3553 1265 vc-

1967 1291 2097 1344 teris
2132 1290 2264 1361 legis
2294 1291 2626 1362 temporibus
2655 1291 2789 1347 Novi
2819 1293 3152 1349 Testamenti
3176 1312 3425 1363 servare;
3456 1302 3553 1354 sed

1966 1381 2113 1435 viros
2140 1381 2426 1437 bellatores
2447 1397 2584 1447 esse,
2610 1383 2702 1451 qui
2731 1393 2917 1437 contra
2948 1385 3258 1453 spirituales
3277 1367 3552 1456 nequitias

1967 1478 2120 1523 scuto
2149 1469 2272 1524 ﬁdei
2302 1479 2356 1524 et
2393 1470 2572 1539 gladio
2600 1470 2835 1542 Spiritus
2862 1472 3151 1540 dimicent,
3181 1483 3237 1529 et
3271 1475 3553 1533 ministros

1966 1576 2093 1615 suos
2120 1561 2259 1626 ﬁeri,
2286 1560 2390 1617 hoc
2413 1570 2516 1627 est,
2547 1562 2779 1632 speciale
2799 1564 3116 1633 obsequium
3160 1565 3213 1619 in
3243 1566 3401 1621 bonis
3425 1582 3554 1637 ope—

1965 1650 2118 1705 ribus
2144 1650 2249 1705 sibi
2284 1652 2549 1720 praebere,
2578 1660 2632 1706 et
2657 1652 2929 1724 principes
2960 1661 3016 1708 et
3046 1654 3229 1720 duces,
3258 1654 3465 1710 scilicet
3495 1665 3556 1711 ut

266 1766 409 1821 luas,
435 1762 483 1808 et
510 1750 745 1806 comedat
770 1750 907 1820 ignis
933 1747 1113 1804 cedrus
1138 1755 1257 1800 tuas
1284 1744 1468 1818 (Zach.
1511 1746 1625 1818 xi);
1656 1746 1738 1802 vel
1764 1761 1859 1802 ca:-
1892 1738 1939 1800 Β
1966 1744 2104 1799 bene
2136 1743 2237 1798 sibi
2281 1744 2670 1814 principentur,
2702 1754 2757 1801 et
2785 1748 2966 1802 carnis
2992 1746 3269 1803 lasciviam
3309 1750 3551 1817 dement,

267 1856 383 1900 tera
408 1842 639 1899 artiﬁcia
668 1842 817 1912 regia
843 1855 963 1911 quae
988 1840 1237 1896 similiter
1260 1840 1421 1911 lignis
1446 1839 1680 1894 cedrinis
1710 1854 1740 1892 a
1766 1837 1857 1892 Li-

267 1941 412 1991 lzauo
437 1933 619 1989 ductis
642 1931 906 1988 aediﬁcata
934 1940 1112 1997 erant,
1152 1941 1213 1987 ut
1242 1930 1344 1985 fuit
1380 1930 1862 1986 armamentarium

264 2031 464 2083 damus
502 2025 675 2082 saltus
706 2023 933 2089 Libani,
977 2032 1034 2079 et
1075 2023 1178 2077 alia
1223 2022 1498 2078 nonnulla.
1542 2022 1640 2077 Cui
1676 2022 1860 2077 sensui

265 2115 607 2175 concordare
633 2114 846 2170 videtur
883 2113 1171 2183 Iosephus,
1199 2114 1291 2183 qui
1328 2114 1394 2169 de
1427 2111 1669 2168 aediliciis
1709 2111 1865 2167 Salo-

267 2209 448 2265 mOnis
474 2207 656 2263 taliter
681 2203 851 2259 refert
882 2223 894 2258 :
926 2203 1148 2259 Diiﬁcile
1177 2217 1409 2273 namque
1437 2211 1518 2259 est
1540 2217 1862 2257 enumerare

267 2298 705 2370 magnitudinem
737 2305 793 2352 et
824 2296 1141 2351 varietatem
1181 2293 1436 2350 domuum
1456 2334 1470 2360 ,
1510 2293 1863 2363 aularumque

266 2394 558 2465 regalium,
586 2398 787 2460 quanta
810 2398 968 2443 erant
988 2389 1222 2443 maxima
1248 2396 1305 2443 et
1329 2395 1529 2457 quanta
1558 2386 1750 2441 horum
1776 2386 1862 2440 in-

267 2485 473 2541 feriora
496 2492 556 2539 et
574 2491 774 2553 quanta
798 2481 900 2537 sub
927 2491 1096 2545 terra,
1119 2496 1239 2550 quae
1259 2480 1428 2534 videri
1458 2495 1564 2534 non
1591 2485 1862 2548 poterant,

266 2592 369 2632 nec
401 2592 515 2631 non
561 2583 615 2630 et
642 2571 1101 2644 pulchritudinem
1132 2569 1454 2626 solariorum
1497 2576 1551 2624 et
1582 2566 1865 2623 viridario-

267 2686 388 2724 rum
418 2683 542 2740 qua.
566 2675 722 2723 erant
752 2665 891 2720 facta
920 2663 1309 2719 delectabiliter
1337 2658 1403 2717 ad
1432 2669 1729 2731 aspectum,
1756 2674 1865 2730 quo

266 2770 464 2815 exusta
486 2773 715 2829 corpora
744 2763 965 2827 possent
991 2756 1057 2809 ab
1082 2763 1247 2809 aestus
1270 2752 1466 2807 ardore
1491 2748 1753 2821 refugere.
1774 2750 1861 2816 Et,

266 2863 325 2909 ut
352 2853 604 2908 breviter
644 2849 847 2914 dicam,
884 2856 1050 2903 totam
1097 2847 1300 2918 regiam
1331 2846 1546 2901 domum
1577 2859 1643 2899 ex
1687 2843 1867 2913 lapide

265 2944 413 3008 albo,
454 2950 512 2997 et
540 2941 729 3002 cedro.
756 2948 811 2995 et
840 2954 992 3001 auro,
1026 2946 1080 2992 et
1122 2945 1366 3007 argento,
1398 2934 1676 3007 splendido
1702 2934 1866 2989 nimis

265 3045 321 3090 et
343 3033 763 3103 opulentissime
786 3029 1042 3085 instruxit
1067 3046 1079 3082 :
1105 3043 1351 3098 cameras
1369 3036 1422 3083 et
1448 3028 1679 3098 parietes
1697 3027 1864 3083 vesti-

1963 1834 2078 1888 sive
2112 1841 2174 1888 ut
2202 1835 2444 1890 subditos
2470 1834 2573 1890 sibi
2606 1836 2745 1893 bene
2773 1846 2994 1910 regant,
3027 1847 3082 1895 et
3110 1840 3164 1894 in
3197 1839 3553 1911 setnitamju-

1962 1922 2125 1979 stitia
2149 1922 2370 1980 ducant.

2036 2012 2228 2068 Omnes
2265 2024 2437 2069 autem
2478 2017 2734 2089 principes
2776 2021 3032 2075 exercitus
3067 2023 3201 2093 regis
3252 2020 3549 2081 Salomonis

1964 2106 2177 2173 {uerunt
2210 2107 2420 2162 ducenti
2440 2110 2817 2181 quinquaginta
2843 2114 2933 2183 qui
2945 2113 3251 2170 erudiebant
3273 2118 3546 2189 papulum.

1963 2195 2189 2251 Constat
2212 2212 2340 2268 ergo
2384 2214 2666 2254 numerum
2706 2203 3077 2258 centenarium
3122 2205 3216 2275 qui
3243 2206 3299 2261 in
3326 2222 3551 2279 compu-

1966 2294 2021 2341 to
2049 2288 2335 2358 digitorum
2384 2288 2449 2344 dc
2477 2289 2608 2345 lzeva
2635 2291 2960 2348 transfertur
2994 2293 3050 2349 in
3091 2296 3371 2351 dexteram
3414 2315 3553 2354 non-

1963 2396 2239 2451 nunquam
2267 2382 2318 2436 in
2349 2380 2645 2454 Scripturis
2665 2386 2790 2441 vitae
2815 2388 3053 2444 cmlestis
3071 2389 3274 2446 habere
3295 2390 3544 2464 ﬁguram.

1966 2473 2098 2541 Quae
2132 2476 2274 2530 sicut
2320 2475 2507 2531 dextra
2534 2476 2703 2542 laevae,
2738 2479 2812 2533 ita
2848 2480 3045 2535 merito
3090 2481 3215 2536 vitae
3264 2482 3550 2553 praefertur

1963 2566 2220 2635 prmsenti
2248 2567 2402 2638 cujus
2429 2569 2687 2623 nimirum
2727 2573 2935 2627 numeri
2970 2573 3225 2643 frequens
3265 2575 3319 2629 in
3355 2576 3559 2633 divinis

1965 2653 2162 2710 litteris
2214 2656 2532 2727 mysterium
2602 2659 2887 2727 reperitur.
2935 2660 3373 2719 IEdilicationcm
3413 2681 3554 2721 arca:

1965 2745 2079 2802 Noe
2088 2748 2385 2803 centesimo
2398 2764 2538 2803 anno
2552 2749 2836 2820 complevit
2848 2753 2973 2822 quia
2990 2764 3233 2810 sanctam
3256 2757 3557 2815 Ecclesiam

1965 2846 2128 2909 quam
2153 2839 2206 2893 in
2234 2840 2335 2894 hac
2358 2840 2573 2895 interim
2594 2842 2705 2896 vita
2726 2842 2974 2906 mdiﬁcat,
3007 2845 3266 2902 Dominus
3287 2848 3343 2903 in
3372 2847 3560 2906 futura

1966 2929 2229 3000 perﬁciet.
2251 2930 2486 2985 Abrahae
2510 2934 2825 2989 centenario
2865 2935 3008 2991 ﬁlius
3041 2939 3413 3009 promissionis
3458 2960 3558 2999 na-

1969 3024 2140 3079 scitur
2166 3023 2335 3089 lsaac,
2391 3025 2518 3095 quia
2557 3026 2809 3081 nimirum
2833 3026 3141 3087 benedictio
3194 3032 3551 3098 bzereditatis,

264 3130 346 3183 vit
377 3097 541 3189 auro,
575 3133 648 3189 et,
692 3124 961 3195 quomodo
990 3122 1085 3177 Dei
1127 3121 1401 3192 templum,
1435 3097 1865 3191 resplendentem
1894 3097 1938 3161 (ἶ
1970 3128 2091 3185 quae
2110 3113 2163 3168 in
2206 3115 2410 3170 semine
2432 3114 2548 3183 ejus
2573 3118 2825 3173 omnibus
2853 3118 3072 3176 familiis
3103 3129 3260 3180 teme
3286 3128 3558 3194 promitti-

266 3217 545 3272 exbibuit.
578 3215 798 3285 Mystice
821 3222 1000 3268 autem
1027 3212 1207 3267 omnia
1233 3227 1355 3282 qua:
1392 3210 1643 3266 Salomon
1684 3217 1870 3265 noster

270 3309 446 3362 voluit
470 3316 638 3376 atque
661 3305 950 3374 disposuit,
983 3302 1270 3359 mdiﬁeavit
1298 3302 1354 3356 in
1377 3300 1673 3356 Jerusalem
1693 3341 1709 3365 ,
1734 3309 1791 3355 et
1815 3300 1869 3354 in

266 3398 507 3462 Libano,
551 3403 609 3451 et
651 3395 704 3449 in
752 3394 1001 3449 universa
1049 3402 1193 3448 terra
1237 3392 1524 3463 potestatis
1566 3406 1698 3457 sua),
1745 3392 1871 3461 quia

266 3491 461 3546 omnia
513 3488 572 3541 in
618 3486 927 3541 coelestibus
972 3494 1134 3556 atque
1183 3484 1534 3539 terrestribus
1576 3484 1871 3539 secundum

270 3591 471 3637 nutum
507 3581 741 3651 propriae
767 3579 1060 3634 voluntatis
1103 3577 1348 3648 disponit,
1384 3584 1546 3648 atque
1574 3564 1871 3646 dispensat,

269 3672 339 3728 de
374 3686 493 3741 quo
541 3670 598 3723 in
642 3668 853 3723 Psalmo
883 3668 1143 3737 scriptum
1165 3676 1289 3721 est:
1333 3664 1524 3720 Omnia
1557 3682 1875 3738 quaecunque

267 3764 436 3820 uiuit
466 3761 726 3815 Dominus
753 3759 872 3830 fecit
900 3761 954 3813 in
982 3758 1106 3813 cazlo
1132 3768 1179 3813 et
1219 3759 1274 3812 in
1308 3768 1466 3823 terra,
1497 3758 1553 3812 in
1582 3759 1718 3811 mari
1747 3766 1795 3810 et
1822 3757 1874 3810 in

269 3854 524 3910 amnibus
552 3852 749 3922 abyssis
778 3849 951 3924 (Psal.
974 3851 1217 3921 cxxxrv),
1246 3864 1348 3905 nec
1374 3856 1458 3903 est
1481 3849 1573 3917 qui
1598 3848 1771 3917 possit
1798 3863 1869 3901 re-

269 3949 479 4003 sistere
521 3943 784 3999 voluntati
827 3942 976 4012 ejus,
1024 3943 1150 4012 quia
1197 3941 1456 3996 Dominus
1498 3939 1878 3993 universorum

270 4041 391 4109 ipse
428 4047 540 4103 est,
586 4045 642 4091 et
669 4037 721 4091 in
759 4035 975 4091 nomine
1002 4033 1118 4104 ejus
1143 4033 1377 4088 flectitur
1404 4046 1564 4086 omne
1602 4044 1738 4102 genu
1770 4042 1880 4083 eoe-

271 4129 533 4193 iestium,
583 4126 944 4189 terrestrium,
993 4135 1156 4195 atque
1202 4123 1558 4185 iuiernorum,
1603 4128 1657 4174 et
1703 4120 1881 4174 omnis

271 4220 466 4292 lingua
514 4216 825 4281 conﬁtetur,
874 4215 1001 4287 quia
1050 4214 1309 4269 Dominus
1350 4211 1505 4268 Iesus
1534 4212 1780 4267 Christus
1827 4211 1881 4264 in

269 4312 451 4383 gloria
485 4316 574 4364 est
602 4308 696 4363 Dei
736 4308 913 4362 Patris
944 4301 1163 4380 (Philip.
1197 4305 1281 4373 ιι).
1325 4305 1591 4375 Reguabit
1633 4305 1685 4358 iu
1726 4312 1882 4357 aeter-

269 4421 408 4461 num
437 4411 500 4458 et
530 4402 589 4456 in
618 4400 871 4456 saeculum
899 4407 954 4455 et
978 4399 1171 4467 adhuc,
1201 4405 1256 4453 et
1279 4396 1431 4468 regni
1477 4395 1594 4466 ejus
1636 4410 1744 4449 non
1778 4394 1883 4449 erit

268 4499 423 4553 ﬁnis.

346 4590 586 4645 Omnem
624 4585 873 4658 populum
912 4586 1001 4656 qui
1031 4584 1310 4640 derelictus
1354 4583 1526 4654 fuerat
1554 4583 1619 4636 de
1644 4580 1883 4636 Hetluris

268 4688 319 4734 et
347 4679 707 4743 Amorrlueis,
736 4686 860 4743 ete.,
886 4677 977 4747 qui
1001 4693 1103 4731 non
1129 4684 1279 4731 erant
1302 4674 1365 4729 de
1388 4675 1549 4745 stirpe
1573 4672 1744 4727 Israel
1768 4687 1785 4723 :
1817 4672 1883 4727 de

268 4771 409 4840 ﬁliis
441 4786 630 4825 eorum
670 4780 717 4824 et
748 4771 813 4824 de
845 4771 1064 4839 posteris
1090 4786 1221 4840 quas
1258 4785 1360 4823 non
1389 4767 1754 4838 interfecerant
1781 4765 1882 4835 ﬁlii

256 4859 464 4915 Israel
486 4900 502 4923 ,
546 4860 841 4930 subjugarit
887 4858 1137 4914 Salomon
1183 4861 1239 4913 in
1283 4860 1590 4914 tributarios
1636 4875 1795 4929 usque
1828 4859 1884 4912 in

269 4953 423 5006 diem
455 4949 616 5003 hanc.
648 4946 814 5002 Porro
838 4948 907 5003 'de
934 4949 1060 5019 ﬁliis
1093 4947 1262 5003 Israel
1290 4965 1393 5004 non
1426 4950 1597 5020 posuit
1628 4958 1684 5001 ut
1721 4948 1884 5002 servi-

268 5052 399 5097 rem
431 5039 679 5109 operibus
711 5038 880 5110 regis;
914 5040 1016 5110 ipsi
1043 5041 1177 5094 enim
1209 5048 1358 5094 erant
1383 5038 1481 5093 uiri
1512 5037 1807 5103 bellatores,
1835 5047 1885 5092 et

269 5133 447 5201 primi
474 5128 653 5197 duces,
676 5140 724 5184 et
750 5133 1005 5203 principes
1026 5132 1403 5203 quadrigarum
1427 5140 1472 5185 et
1500 5133 1727 5199 equitum
1750 5130 1884 5201 ejus.

273 5226 629 5284 Universum
675 5225 931 5294 populum
974 5228 1065 5298 qui
1114 5243 1219 5281 non
1257 5226 1420 5281 fuerit
1465 5229 1530 5282 de
1570 5227 1695 5281 {iiiis
1725 5226 1888 5281 Israel

271 5319 420 5374 facit
463 5315 729 5385 paciﬁcus
777 5327 963 5373 noster
1004 5319 1337 5385 tributarios,
1380 5334 1501 5373 cum
1532 5335 1625 5375 eos
1655 5320 1744 5389 qui
1781 5335 1887 5374 non

266 5417 413 5466 sunt
454 5406 515 5459 in
546 5403 780 5461 ﬁliorum
826 5423 1078 5474 numero,
1125 5410 1219 5464 sed
1267 5410 1321 5464 in
1372 5410 1551 5465 servili
1582 5410 1889 5465 conditione

264 5495 485 5570 positi,
517 5493 571 5548 in
604 5505 873 5565 potestate
908 5513 1004 5552 sua
1049 5500 1304 5563 continet,
1355 5510 1408 5554 et
1452 5500 1678 5571 singulis
1718 5500 1889 5555 utitur

266 5587 345 5645 ad
394 5585 693 5659 proprium
723 5588 1026 5643 servitium.
1059 5588 1185 5645 Sive
1208 5590 1355 5644 enim
1385 5589 1574 5656 Judaei,
1610 5591 1723 5646 sive
1765 5604 1890 5663 gen-

271 5682 445 5744 tiles.
496 5678 613 5735 sive
648 5679 912 5749 haeretici,
944 5682 999 5737 in
1026 5681 1141 5753 ejus
1164 5683 1529 5742 dominatione
1563 5686 1886 5756 consistunt,

1970 3214 2079 3271 tur,
2106 3206 2160 3260 in
2187 3204 2368 3260 futura
2390 3206 2596 3262 C(elesti
2619 3209 2792 3278 patria
2821 3209 3095 3266 reddetur.
3129 3211 3357 3269 Centum
3382 3232 3556 3275 annos

1968 3298 2350 3367 peregrinatur
2375 3299 2489 3369 ipse
2535 3299 2591 3354 in
2617 3309 2760 3355 terra
2811 3305 3273 3372 repromissionis,
3307 3310 3431 3377 quia
3466 3310 3563 3381 qui

1972 3388 2067 3443 lilii
2091 3391 2321 3445 Abrahae
2343 3406 2441 3461 per
2462 3391 2622 3447 ﬁdem
2645 3384 2925 3462 efﬁcimur,
2956 3397 3008 3450 in
3041 3411 3136 3468 spe
3169 3415 3416 3470 superate
3452 3402 3561 3456 ha:-

1973 3480 2219 3536 reditatis
2256 3481 2514 3537 debemus
2552 3485 2897 3554 peregrinam
2930 3487 2982 3540 in
3022 3491 3275 3556 praiscnti
3321 3491 3564 3547 Ecclesia

1975 3570 2173 3627 ducere
2201 3572 2387 3626 vitam.
2419 3571 2570 3628 Sevit
2592 3573 2737 3630 Isaac
2768 3576 2822 3630 in
2848 3575 3087 3645 Geraris,
3119 3582 3262 3651 quod
3289 3582 3562 3653 interpre—

1978 3668 2123 3717 tatur
2145 3663 2429 3729 incolatus,
2471 3673 2525 3719 et
2546 3665 2752 3719 invenit
2776 3667 2892 3735 ipso
2912 3683 3052 3722 anno
3074 3669 3404 3739 centuplum,
3436 3674 3564 3743 quia

1978 3766 2313 3821 qtuecunque
2382 3752 2476 3808 lilii
2498 3755 2875 3826 promiSsionis
2893 3757 2943 3809 in
2964 3758 3064 3811 hac
3087 3759 3195 3813 vita
3220 3761 3568 3830 peregrinan-

1981 3851 2063 3898 tes
2082 3845 2221 3899 bona
2261 3859 2570 3914 operamur,
2608 3861 2735 3900 mox
2771 3850 2975 3918 egressi
3016 3850 3081 3904 de
3106 3864 3335 3921 corpore
3366 3852 3419 3905 in
3448 3867 3561 3910 cte-

1980 3933 2101 3989 lesti
2130 3936 2237 3990 vita
2261 3935 2607 4006 recipiemus.

2050 4025 2109 4080 in
2126 4042 2230 4098 qua
2260 4026 2435 4097 ﬁgura
2462 4036 2517 4083 et
2541 4041 2728 4083 semen
2757 4030 3051 4101 evangelici
3082 4034 3372 4101 sermonis,
3418 4037 3570 4107 quod

1983 4118 2038 4172 in
2074 4119 2273 4174 bonam
2288 4126 2490 4174 terram
2512 4119 2727 4186 cecidit,
2751 4131 2998 4178 exortum
3030 4124 3156 4181 fecit
3183 4123 3419 4182 fructum
3444 4144 3572 4184 cen-

1985 4211 2210 4279 tuplum,
2238 4212 2364 4281 quia
2396 4213 2487 4282 qui
2518 4215 2835 4284 temporalia
2865 4216 3005 4271 bona
3040 4227 3263 4290 propter
3290 4219 3569 4278 Christum

1984 4313 2038 4359 et
2057 4314 2278 4375 propter
2300 4306 2680 4379 Evangeliculn
2712 4311 2988 4381 relinquit,
3014 4324 3323 4386 centuplum
3368 4319 3570 4391 accipit

1987 4397 2040 4450 in
2064 4398 2415 4467 przesenti,et
2440 4400 2495 4454 in
2538 4403 2735 4459 saeculo
2756 4402 2936 4461 futuro
2982 4408 3151 4463 vitam
3186 4420 3468 4480 aeternam,
3519 4413 3572 4468 id

1985 4496 2090 4554 est,
2139 4490 2392 4560 gaudium
2443 4490 2693 4548 fraterna:
2723 4496 2998 4552 societatis
3042 4515 3187 4556 nunc
3227 4502 3279 4555 in
3320 4517 3415 4571 spe
3448 4504 3572 4559 vit;c

1985 4580 2246 4647 caelestis,
2287 4590 2342 4637 et
2373 4591 2500 4640 tunc
2528 4585 2581 4639 in
2626 4601 2686 4641 re
2715 4587 2884 4656 ipsam
2914 4588 3078 4645 vitam
3115 4592 3266 4662 regni
3305 4593 3565 4649 cmlcstis.

1986 4671 2487 4744 Quinquagenarius
2511 4688 2639 4746 ergo
2660 4692 2918 4732 numerus
2959 4666 3331 4737 remissionem
3368 4698 3566 4752 pecca-

1988 4770 2188 4827 torum,
2228 4771 2283 4816 et.
2316 4756 2570 4833 'requiem
2610 4773 2893 4832 mternam,
2940 4784 3004 4823 ac
3055 4772 3284 4842 gratiam
3336 4772 3573 4842 Spiritus

1992 4855 2162 4909 sancti
2218 4854 2487 4924 signiﬁcat
2519 4874 2531 4909 :
2561 4858 2687 4926 quia
2720 4859 2772 4911 in
2822 4860 3029 4929 psalmo
3080 4863 3320 4932 ejusdem
3362 4869 3575 4923 numeri

1990 4944 2328 5013 paenitentia,
2357 4946 2648 5014 confessio,
2675 4958 2729 5003 et
2757 4952 3007 5007 remissio
3035 4954 3300 5026 descripta
3331 4967 3415 5013 cst
3443 4975 3569 5028 pec-

1992 5041 2257 5101 catorum,
2310 5044 2363 5091 et
2392 5036 2789 5107 perjubilznuin
2846 5045 3063 5114 requies
3108 5044 3288 5102 futura
3338 5052 3572 5120 expleta,

1992 5134 2154 5195 atque
2183 5142 2282 5196 per
2316 5122 2679 5188 Pentecosten
2712 5133 2764 5187 in
2795 5136 3030 5191 adventu
3060 5137 3297 5212 Spiritus
3324 5144 3573 5214 paraeliti

1988 5215 2319 5286 septiformis
2343 5221 2518 5290 gratia
2555 5232 2638 5278 est
2668 5238 2941 5294 expressa.
2982 5228 3277 5285 Constituit
3307 5248 3436 5303 ergo
3470 5233 3571 5285 Sa-

1988 5312 2168 5367 lomon
2192 5322 2379 5368 noster
2410 5316 2669 5373 ducentos
2698 5321 3087 5393 quinquaginta
3112 5326 3385 5396 principes
3412 5340 3572 5393 super

1990 5416 2158 5464 totum
2181 5411 2483 5466 exercitum
2516 5428 2694 5479 suum,
2729 5405 2940 5484 quia'ex
2972 5426 3199 5487 utroque.
3227 5417 3423 5487 popqu
3463 5416 3573 5471 elc-

1995 5502 2071 5573 git
2090 5510 2338 5572 pastores
2359 5510 2520 5574 atque
2543 5512 2780 5560 rectores
2804 5506 3081 5575 Ecclesize,
3108 5508 3196 5577 qui
3222 5522 3316 5576 per
3341 5508 3571 5578 gratiam

1999 5580 2235 5664 Spiritus
2266 5600 2439 5649 sancti
2472 5595 2756 5651 illuminati
2779 5607 2940 5669 atque
2966 5598 3122 5668 plene
3157 5597 3357 5663 cdocti,
3384 5598 3580 5653 remis-

1998 5688 2205 5744 sionem
2234 5697 2580 5759 peccatorum
2606 5690 3019 5761 impetrandam,
3049 5690 3324 5761 vitumquc
3358 5699 3575 5747 acterna:
