3876 6136
372 283 464 338 ΠΙ

1040 277 1098 330 Β.
1141 277 1395 333 ιιΑΒΑΝι
1434 277 1652 335 Μελ-[λιιι
1685 278 1921 334 ᾹΒΩΒΙΙ

2050 275 2360 333 ΜΟΕΗΝΤ.
2401 275 2684 333 OPERUM
2720 274 2896 332 PARS
2930 275 2973 331 Ι.

3538 285 3640 341 ῑῖἓ

373 394 565 450 «:uietis
605 402 661 449 et
692 391 1082 448 beatitudinem
1108 400 1425 462 perpetuam
1450 394 1806 463 appetendam
1822 410 1947 449 suos
1978 401 2027 461 Α
2052 388 2335 445 consilium
2371 403 2435 443 ac
2459 387 2777 456 sapientiam
2800 401 2977 450 suam,
3010 394 3069 443 ut
3098 388 3238 444 ratio
3277 390 3638 459 dispensat?»-

369 487 605 555 quotidie
619 484 1292 549 salubriterinstituebant,
1334 492 1471 539 etut
1497 485 1562 539 ad
1585 485 1729 540 illam
1757 502 1947 555 perve—

368 580 566 640 nirent,
598 592 696 646 per
718 590 1063 645 progressum
1094 575 1355 629 honorum
1380 588 1603 644 operum
1650 576 1704 630 in
1734 575 1837 631 ﬁde
1865 592 1946 632 re-

366 679 472 729 cta,
504 676 617 723 toto
646 666 763 720 nisu
795 664 1132 720 laborabant.

439 758 583 811 Tunc
608 756 789 815 obtulit
817 754 1071 811 Salomon
1096 756 1401 810 holocausta
1425 756 1650 811 Domino
1675 775 1831 829 super
1859 759 1941 813 al—

2050 480 2137 536 nis
2160 480 2499 544 exhibentur,
2539 487 2594 533 et
2613 477 2771 532 electi
2802 476 2983 545 populi
3006 475 3236 533 salvatio
3266 480 3636 538 misericordi-

2051 581 2133 627 ter
2169 571 2521 641 compleatur.

2121 664 2266 719 Tunc
2294 664 2420 719 abiit
2446 662 2696 717 Salomon
2721 662 2777 715 in
2823 659 3147 732 Asiongaber
3173 671 3221 715 et
3262 662 3316 717 in
3351 664 3531 719 Ailatlt
3569 668 3638 722 ad

2047 772 2193 811 oram
2222 756 2385 810 maris
2420 752 2606 818 Rubri,
2635 769 2752 824 qua:
2777 761 2852 807 est
2873 752 2929 806 in
2953 760 3095 806 terra
3135 751 3328 807 Edam.
3370 753 3522 810 Misit
3546 774 3641 811 au-

365 862 477 904 tnre
531 850 747 904 Domini
791 850 928 921 quod
949 858 1275 905 exstruxerat
1305 858 1425 905 ante
1456 852 1736 922 porticum,
1767 861 1821 905 ut
1854 870 1945 922 per
2044 857 2147 901 tem
2171 847 2222 901 ei
2257 845 2446 901 Hiram
2471 860 2564 915 per
2587 859 2799 897 manum
2832 858 3103 897 servorum
3135 859 3353 898 mrum
3394 862 3561 901 naves
3588 857 3638 902 et

364 938 596 1012 singulos
619 941 730 995 dies
764 941 1041 1010 offerretur
1065 939 1119 994 in
1157 957 1216 994 eo
1244 940 1400 1009 iuxta
1421 951 1736 1012 prwceptum
1770 941 1942 1013 Moysi

2045 948 2235 993 nautas
2261 953 2455 1008 gnaros
2491 935 2678 998 maris,
2699 944 2748 988 et
2776 935 3017 989 abierunt
3045 951 3168 989 cum
3202 938 3360 991 servis
3390 934 3641 994 Salomo-

363 1031 420 1086 in
456 1031 707 1098 sabbatis,
749 1033 803 1086 in
832 1029 1088 1093 kalendis,
1128 1039 1176 1083 et
1202 1030 1259 1084 in
1294 1030 1440 1099 festis
1485 1031 1691 1096 diebus,
1722 1042 1800 1087 ter
1850 1050 1944 1102 per
2043 1030 2125 1084 nis
2150 1029 2207 1083 in
2236 1026 2423 1099 Ophir,
2447 1026 2780 1094 tuleruntque
2812 1024 2935 1079 inde
2956 1025 3342 1097 quadringenta
3369 1027 3638 1099 quinqua-

363 1138 582 1186 unnum,
612 1121 665 1173 id
692 1130 786 1186 est,
812 1122 869 1175 in
900 1118 1228 1174 solemnitate
1252 1121 1593 1191 Azymorum,
1618 1132 1666 1175 et
1690 1121 1937 1177 solemni-

359 1227 467 1270 tate
480 1211 941 1267 Ilrbdomadarum
953 1221 999 1265 et
1015 1211 1066 1264 in
1085 1210 1410 1266 solemnitate
1436 1211 1935 1270 Tabernaculorum.

369 1299 433 1355 Et
475 1299 742 1356 constituit
761 1299 922 1376 juxta
946 1300 1338 1370 dispositionem
1368 1302 1537 1358 David
1556 1306 1721 1375 patris
1747 1308 1831 1361 sui
1858 1308 1940 1376 0,"-

360 1392 482 1456 ﬁria
506 1389 833 1444 sacerdotum
865 1366 919 1445 ei
942 1391 1241 1447 ministeriis
1271 1393 1400 1459 suis,
1452 1404 1501 1449 et
1526 1393 1735 1452 Levitas
1764 1398 1818 1452 in
1853 1416 1938 1453 or-

356 1479 479 1532 dine
503 1496 620 1545 suo,
676 1490 729 1534 ut
760 1479 1036 1537 laudarent
1074 1492 1124 1537 et
1159 1484 1512 1540 ministrarent
1553 1504 1732 1543 coram
1761 1505 1937 1544 sacer-

355 1569 563 1623 dotibus
590 1570 751 1640 juxta
774 1572 933 1625 iitum
958 1573 1370 1645 uniuscujusque
1403 1575 1526 1630 diei.
1556 1574 1724 1634 Ochrt
1751 1578 1937 1649 paciﬁ-

355 1673 452 1713 cus
480 1669 663 1715 noster
682 1676 778 1731 per
792 1649 1032 1718 membra
1062 1674 1185 1730 sua,
1211 1664 1267 1719 in
1294 1665 1450 1721 altari
1478 1666 1601 1723 ﬁdei
1633 1669 1930 1736 catholicae,

2040 1120 2189 1190 ginta
2213 1118 2411 1174 talenta
2440 1118 2582 1181 auri,
2607 1128 2655 1171 et
2681 1115 2968 1171 attulerunt
2991 1116 3062 1170 ad
3084 1133 3251 1188 regem
3274 1115 3636 1173 Salomonem.

2040 1212 2375 1283 Asiongaber
2403 1210 2575 1265 fertur
2601 1224 2723 1264 esse
2750 1208 2924 1263 insula
2949 1207 3094 1262 haud
3119 1208 3309 1279 procul
3352 1207 3422 1262 ab
3444 1209 3634 1265 Ailath

2041 1306 2095 1359 in
2117 1303 2301 1359 Rubro
2321 1303 2481 1369 mari,
2503 1302 2591 1357 ubi
2621 1301 2809 1357 classis
2829 1300 3090 1371 Josaphat
3115 1302 3166 1357 vi
3194 1303 3541 1373 tempestatis
3559 1311 3634 1358 at-

2039 1396 2167 1451 trita
2205 1403 2309 1451 est.
2364 1394 2532 1464 Ophir
2574 1402 2755 1448 autem
2810 1408 3003 1449 nomen
3058 1401 3143 1449 est
3190 1395 3511 1465 provinciae,
3564 1411 3631 1452 ex

2038 1484 2206 1555 Ophir
2232 1500 2339 1541 uno
2361 1486 2426 1540 de
2456 1484 2688 1554 posteris
2708 1482 2892 1539 Heber
2914 1484 3218 1550 nominata,
3239 1500 3308 1542 ex
3328 1486 3488 1557 cujus
3506 1488 3633 1543 stir-

2032 1590 2104 1646 pe
2127 1577 2405 1631 venientes
2430 1592 2459 1629 a
2491 1574 2653 1631 ﬁuvio
2680 1574 2903 1645 Cophne
2930 1590 3102 1646 usque
3125 1578 3193 1632 ad
3221 1578 3502 1649 regionem
3533 1582 3629 1638 Ju-

2020 1666 2148 1723 (ιω
2169 1682 2290 1738 quae
2314 1674 2538 1722 vocatur
2583 1666 2784 1733 Hieria,
2828 1667 3105 1724 habitasse
3152 1667 3494 1738 referuntur,
3563 1683 3625 1729 ut

355 1749 497 1818 quod
520 1751 823 1806 construxit
851 1752 906 1806 in
933 1752 1170 1810 Ecclesia
1198 1770 1294 1810 sua
1319 1769 1446 1812 ante
1484 1758 1788 1829 ingressum
1822 1776 1930 1817 em-
1960 1773 2008 1833 Β
2033 1760 2297 1831 Iosephus
2316 1770 2522 1816 narrat.
2545 1760 2786 1816 Classem
2806 1762 2991 1831 itaque
3020 1777 3185 1831 quam
3207 1762 3336 1819 fecit
3361 1762 3626 1821 Salomon

353 1840 505 1895 Lestis
527 1843 734 1911 patriar,
782 1843 1097 1901 holocausta
1141 1847 1407 1903 bonorum
1433 1865 1657 1921 operum
1703 1852 1932 1910 Domino

352 1947 449 2002 per
473 1931 713 2004 singulos
739 1934 871 1999 dies,
899 1935 1004 1992 hoc
1029 1948 1133 2003 est,
1155 1953 1254 2007 per
1277 1950 1437 1996 omne
1465 1950 1676 2012 tempus
1702 1957 1933 2013 praesen-

351 2023 420 2077 tis
447 2024 589 2089 vitae,
623 2041 792 2096 usque
811 2027 878 2082 ad
903 2029 1421 2085 consummationem
1448 2032 1700 2088 videlicet
1723 2035 1927 2091 saeculi.

345 2113 517 2169 Offert
548 2124 602 2170 et
626 2115 681 2171 in
718 2117 959 2174 sabbatis
981 2128 1036 2174 et
1065 2120 1120 2174 in
1154 2119 1419 2188 kalendis,
1447 2132 1501 2178 et
1531 2124 1584 2178 in
1628 2123 1781 2180 festis
1810 2126 1927 2181 die--

347 2204 467 2270 bus,
501 2211 584 2260 ter
608 2222 706 2276 per
734 2223 958 2275 annum,
995 2226 1119 2266 cum
1150 2226 1250 2282 pro
1282 2221 1485 2269 aeterna
1515 2215 1718 2285 quiete,
1745 2225 1800 2271 et
1823 2233 1925 2274 no-

350 2297 515 2353 vitate
542 2300 666 2355 vitm
695 2296 890 2358 futura:
931 2311 987 2359 et
1007 2320 1107 2374 pro
1134 2305 1373 2362 caelestis
1409 2308 1590 2378 gaudii
1626 2310 1927 2380 perceptio-

341 2408 409 2448 ne
439 2394 493 2448 in
525 2405 729 2452 sancta:
763 2397 1044 2454 Trinitatis
1068 2399 1192 2465 ﬁde,
1217 2401 1478 2471 quidquid
1506 2404 1839 2473 acceptabile
1861 2420 1927 2460 ac

340 2493 554 2554 gratum
592 2485 774 2540 divino
803 2484 1101 2544 arbitratur
1154 2491 1502 2560 conspectui,
1532 2492 1621 2562 pia
1673 2493 1927 2550 intentio-

342 2588 411 2626 ne
440 2587 503 2628 ac
535 2589 745 2630 summa
775 2576 1057 2632 devotione
1081 2585 1253 2634 totum
1277 2581 1516 2637 exhibet.
1541 2582 1925 2640 Holocaustum

338 2676 490 2732 ergo,
524 2668 693 2718 totum
749 2664 1032 2721 incensum
1078 2667 1280 2723 dicitur
1316 2686 1329 2722 :
1362 2685 1489 2726 nam
1549 2672 1924 2730 holocaustum

343 2759 617 2807 crematur
646 2753 700 2807 in
731 2753 910 2823 altari,
940 2771 1063 2812 eum
1093 2756 1149 2813 in
1176 2759 1340 2814 corde
1359 2761 1726 2833 cujuscunque
1741 2764 1920 2831 electi,

337 2842 431 2912 qui
458 2844 695 2915 seipsum
729 2854 898 2902 totum
920 2889 936 2914 ,
985 2857 1041 2904 et
1068 2865 1235 2906 carne
1262 2851 1513 2908 videlicet
1539 2863 1594 2909 et
1620 2857 1786 2911 corde
1810 2857 1922 2916 Deo

339 2943 581 3001 voverat,
632 2953 769 3008 opus
804 2939 1001 2996 bonum
1031 2940 1275 2999 fervente
1311 2945 1596 3002 charitatis
1654 2948 1778 3019 igne
1829 2965 1922 3020 pa-

339 3036 532 3083 tratur.
557 3028 784 3087 Ordinat
801 3042 1061 3104 praeterea
1084 3051 1179 3092 rex
1192 3045 1378 3093 noster
1390 3038 1562 3096 oﬁicia
1576 3043 1919 3099 sacerdotum

2037 1853 2093 1909 in
2117 1853 2476 1924 Asiongaber,
2506 1867 2625 1923 quae
2656 1851 2978 1908 festinantes
3008 1861 3101 1909 aut
3122 1852 3291 1909 fortes
3304 1855 3421 1911 sive
3449 1856 3626 1912 virili-

2038 1954 2120 2001 ter
2149 1945 2553 2014 interpretatur,
2601 1959 2709 1998 non
2740 1943 2903 1997 aliam
2935 1959 3057 1999 esse
3084 1953 3213 2014 puto
3235 1961 3403 2015 quam
3429 1946 3626 2004 Eccle-

2035 2038 2171 2094 siam
2208 2036 2466 2101 ﬁdelium,
2497 2051 2617 2106 qua:
2640 2036 2692 2090 in
2721 2035 2859 2089 mari
2886 2035 3044 2091 istius
3068 2036 3254 2092 mundi
3274 2038 3479 2107 posita,
3504 2048 3624 2094 stu-

2035 2124 2190 2180 dium
2245 2125 2508 2195 impendit
2578 2124 2866 2180 thesauros
2926 2125 3205 2195 sapientiae
3258 2134 3315 2181 et
3378 2128 3627 2185 scientiae

2031 2230 2266 2286 opesque
2294 2216 2555 2271 virtutum
2583 2216 2886 2287 acquirere.
2926 2216 3002 2271 lbi
3032 2224 3160 2271 sunt
3184 2219 3328 2273 servi
3375 2217 3626 2277 Salomo-

2032 2308 2139 2374 nis,
2166 2308 2293 2365 dum
2322 2307 2551 2377 gentiles
2573 2307 2822 2363 saeculari
2850 2307 3113 2379 sapientia
3131 2309 3351 2374 eruditi,
3381 2325 3513 2366 cum
3538 2311 3624 2369 his

2030 2400 2121 2470 qui
2146 2400 2198 2455 in
2218 2399 2333 2471 lege
2353 2398 2518 2470 Moysi
2542 2399 2700 2470 periti
2722 2408 2847 2454 sunt
2869 2399 2922 2453 in
2945 2400 3153 2456 unitate
3177 2398 3302 2455 ﬁdei
3316 2402 3621 2457 sociantur.

2029 2492 2142 2548 llos
2167 2507 2298 2563 ergo
2321 2488 2578 2547 Salomon
2620 2499 2804 2547 noster
2830 2492 2884 2546 in
2915 2490 3105 2562 Ophir,
3136 2508 3259 2563 qua:
3291 2493 3626 2564 interpreta-

2030 2589 2119 2636 tur
2142 2581 2434 2651 inﬁrmans,
2464 2581 2647 2646 mittit,
2679 2590 2739 2636 ut
2765 2589 3038 2651 sumptum
3064 2582 3188 2639 inde
3215 2599 3410 2638 aurum
3450 2584 3525 2640 ad
3554 2599 3620 2641 se

2027 2670 2296 2735 deferant,
2332 2686 2455 2727 cum
2495 2671 2549 2725 in
2590 2670 2796 2726 vilitate
2834 2670 3029 2727 litterae
3059 2686 3279 2727 sensum
3315 2673 3625 2743 pretiosum

2017 2757 2173 2828 jubet
2197 2776 2465 2831 qumrere,
2526 2768 2580 2816 et
2619 2760 2705 2816 sic'
2736 2768 3017 2831 acceptam
3049 2776 3317 2818 summam
3349 2763 3624 2833 quadrin-

2026 2860 2310 2924 gentorum
2342 2851 2732 2923 quinquaginta
2787 2850 3115 2907 talentorum
3141 2853 3259 2907 auri
3302 2851 3371 2907 ad
3426 2868 3621 2926 regem

2025 2941 2302 3009 deferunt,
2333 2958 2456 2997 cum
2481 2957 2699 2998 sensum
2726 2941 3023 3013 pretiosum
3041 2942 3623 3015 historiie,allegori:e,

2026 3035 2359 3105 tropologice,
2383 3042 2546 3103 atque
2571 3048 2850 3105 anagogen
2878 3033 2933 3087 in
2971 3032 3167 3089 divinis
3187 3031 3340 3089 libris
3364 3048 3466 3105 per
3487 3050 3621 3106 gra-

333 3135 399 3173 ae
454 3121 759 3179 ministeria
812 3123 1121 3180 Levitarum
1168 3129 1464 3184 secundum
1508 3131 1915 3201 dispositionem
1945 3129 1989 3192 C
2022 3127 2152 3182 liam
2183 3124 2386 3196 δρίιίιιι
2422 3125 2594 3181 Simo“
2636 3124 2939 3188 inveniunt.
2992 3130 3047 3178 ει
3090 3139 3214 3179 eum
3247 3124 3536 3195 δερῑθηιίω
3566 3135 3627 3182 ει

334 3209 509 3265 David
537 3214 709 3282 patris
753 3215 857 3281 sui,
885 3231 1010 3271 cum
1039 3218 1334 3273 secundum
1364 3221 1418 3275 id
1444 3223 1588 3291 quod
1632 3223 1687 3276 in
1720 3223 1837 3295 lege
1860 3233 1917 3280 et

333 3301 612 3370 prophetis
641 3306 708 3360 de
737 3321 803 3361 eo
831 3308 1093 3378 scriptum
1146 3318 1253 3376 est,
1281 3312 1439 3382 juxta
1464 3315 1625 3369 ritum
1658 3317 1916 3372 uniuscu-

324 3394 523 3464 jusque
553 3395 680 3463 diei,
714 3397 819 3454 hoc
836 3406 939 3463 est,
962 3398 1118 3469 juxta
1147 3406 1553 3475 congruentiam
1593 3416 1756 3477 atque
1785 3424 1915 3465 con-

333 3484 655 3540 venientiam
680 3488 940 3559 cujusque
965 3493 1246 3562 temporis,
1278 3494 1351 3548 ita
1373 3497 1554 3551 omnia
1582 3497 1636 3552 in
1666 3498 1913 3555 Ecclesia

330 3590 425 3629 sua
460 3576 695 3646 disponit
722 3586 884 3647 atque
905 3580 1202 3652 dispensat,
1237 3596 1503 3653 quatenus
1542 3590 1914 3661 unusquisque

328 3667 463 3722 ordo
491 3665 666 3723 oﬁicio
687 3685 784 3724 suo
810 3668 1027 3727 functus
1053 3672 1295 3729 divinum
1316 3676 1599 3732 servitium
1625 3686 1788 3750 atque
1813 3683 1914 3736 mi-

328 3759 613 3815 nisterium
657 3761 762 3816 rite
790 3770 846 3817 et
874 3765 1170 3819 secundum
1195 3766 1440 3823 ordinem
1472 3780 1696 3840 peragat
1725 3787 1740 3837 ;
1779 3788 1913 3842 quo-

326 3852 487 3909 modo
503 3862 679 3908 autem
693 3854 847 3925 juxta
860 3856 1024 3911 ritum
1041 3857 1460 3931 uniuscujusque
1483 3864 1742 3933 temporis
1755 3864 1913 3934 digne

326 3944 566 3998 divinum
588 3942 820 4000 ofﬁcium
841 3960 940 4018 per
966 3957 1119 4018 aptas
1138 3964 1399 4020 personas
1421 3952 1801 4024 adimpleatur,
1825 3971 1913 4010 so-

332 4035 414 4091 lus
447 4035 536 4090 ille
564 4036 715 4091 novit
761 4036 815 4092 in
846 4039 1003 4110 cujus
1023 4055 1190 4095 manu
1234 4042 1416 4096 omnia
1447 4044 1753 4099 consistunt
1776 4052 1913 4101 tem-

326 4145 481 4201 pora,
523 4145 624 4186 nec
654 4146 763 4186 non
813 4139 868 4187 et
919 4132 975 4187 bi
1026 4134 1119 4204 qui
1151 4134 1462 4190 deserviunt
1512 4139 1788 4209 tempori:
1820 4139 1911 4194 hic

328 4220 474 4275 Solus
498 4223 661 4277 habet
684 4223 1145 4282 immortalitatem
1166 4227 1405 4284 etlueem
1428 4229 1642 4285 habitat
1669 4231 1912 4287 inacces-

326 4312 558 4378 sihilem,
606 4324 791 4371 sancta
843 4316 985 4373 Deus
1017 4316 1276 4385 Trinitas,
1326 4334 1559 4391 regnans
1608 4337 1706 4391 per
1750 4338 1911 4379 omne

326 4405 608 4485 smculum.
636 4407 755 4478 Ipse
786 4410 934 4466 enim
963 4426 1062 4481 per
1090 4412 1341 4468 doctores
1369 4414 1716 4484 apostolicos,
1745 4423 1908 4485 atque

2017 3218 2244 3275 consilio
2266 3217 2447 3274 divino
2475 3216 2807 3273 ascribentes
2833 3215 3095 3272 tribuunt.

2635 3330 2862 3388 CAPUT
2901 3330 2994 3385 IX.

2017 3445 2096 3502 De
2124 3447 2361 3502 ducentis
2386 3447 2572 3507 hastis,
2600 3453 2649 3499 et
2674 3445 2917 3499 trecentis
2963 3444 3125 3497 scutis
3153 3442 3351 3505 aureis,
3393 3451 3445 3497 et
3471 3443 3624 3499 solio

2084 3516 2497 3587 eburneo,_quod
2522 3515 2739 3585 miriﬁce
2759 3514 2957 3587 fecerat
2985 3513 3261 3587 Salomon.
3291 3513 3371 3567 De
3404 3517 3627 3584 magni-

2084 3587 2293 3657 ﬁcentia
2318 3584 2707 3657 Stilomonis,et
2732 3584 2924 3639 divitiis
2952 3584 3085 3652 ejus,
3112 3595 3267 3649 atque
3281 3593 3550 3652 potestate
3574 3594 3625 3639 rt

2085 3655 2189 3727 ﬁne
2212 3655 2529 3712 Salomonis.

2085 3767 2283 3839 Regina
2310 3784 2513 3839 quoque
2533 3766 2675 3822 Saba
2709 3783 2828 3821 cum
2855 3768 3087 3822 audisset
3111 3766 3311 3836 famam
3347 3765 3616 3823 Salonio-

2017 3861 2117 3925 nis,
2145 3860 2277 3914 venit
2305 3868 2361 3912 ut
2390 3867 2610 3913 tentaret
2640 3875 2756 3912 eum
2779 3858 2835 3912 in
2861 3858 3225 3929 mnigmatibus
3249 3874 3305 3912 in
3341 3856 3623 3915 Hierusa-

2013 3950 2134 4016 lem,
2160 3967 2277 4004 cum
2294 3951 2498 4020 magnis
2514 3949 2720 4020 opibus,
2742 3958 2789 4002 et
2815 3948 3029 4003 camelis
3056 3949 3145 4020 qui
3170 3947 3453 4019 portabant
3484 3968 3615 4005 aro-

2012 4052 2182 4106 mata,
2215 4052 2263 4099 et
2293 4043 2412 4096 auri
2457 4038 2746 4111 plurimum
2777 4056 3105 4110 gemmasque
3127 4040 3404 4109 pretiosas.
3463 4040 3620 4098 Saba

2012 4140 2096 4189 est
2114 4132 2306 4187 civitas
2330 4131 2525 4202 regalis
2547 4129 2854 4199 Aﬂthiopiar,
2886 4145 3051 4199 quam
3079 4127 3345 4200 Iosephus
3375 4145 3408 4185 a
3436 4129 3622 4188 Carn-

2011 4226 2144 4295 byse
2173 4239 2301 4294 rege
2390 4222 2606 4278 Meroen
2634 4222 3070 4293 cognominatam
3114 4236 3181 4277 ex
3209 4221 3417 4277 sororis
3442 4238 3625 4279 voca-

2010 4317 2136 4374 bulo
2186 4316 2370 4372 refert.
2398 4314 2604 4386 Regina
2652 4322 2830 4370 autem
2884 4312 3109 4373 Austri.
3159 4328 3281 4383 quae
3324 4327 3357 4367 a
3403 4310 3626 4370 ﬁnibus

2012 4410 2269 4466 extremis
2308 4408 2485 4465 excita
2529 4407 2771 4471 veniens,
2813 4404 3117 4460 Salomonis
3163 4403 3352 4459 audire
3379 4405 3623 4475 sapien-

325 4514 425 4569 per
444 4481 671 4557 idoneos
697 4502 975 4558 ministros
997 4502 1134 4558 Novi
1164 4481 1529 4570 Testamenti,
1562 4506 1655 4576 qui
1702 4481 1987 4562 nonlit-D
2013 4502 2146 4557 tiam
2192 4498 2519 4569 concupivit,
2566 4496 2679 4567 jam
2738 4504 2867 4551 tunc
2911 4503 3194 4550 venturam
3241 4494 3307 4549 de
3348 4495 3627 4565 gentibus

329 4597 443 4642 tera
471 4589 888 4660 solum,Spiritu
904 4591 997 4647 sed
1014 4592 1110 4646 Dei
1134 4592 1241 4647 vivi
1262 4594 1911 4659 suntedocti,seeundum
2010 4593 2330 4656 Ecclesium,
2362 4591 2758 4647 desiderantem
2806 4587 3085 4643 Christum
3132 4585 3421 4656 ﬁgurabat,
3479 4604 3615 4657 qua:

324 4680 699 4751 dispositionis
748 4697 859 4737 sum
915 4682 1337 4740 inenarrabilem
1386 4685 1603 4741 modum
1658 4688 1909 4752 ordinat,
2004 4688 2161 4758 juxta
2188 4684 2529 4756 prophetiam
2564 4682 2972 4738 cireumamicta
3006 4680 3270 4736 varietate
3304 4680 3362 4734 in
3394 4682 3616 4736 vestitu

329 4771 539 4840 quando
562 4780 617 4828 et
650 4773 923 4843 quomodo
948 4772 1255 4830 furentibus
1279 4774 1603 4831 Christiana:
1637 4777 1914 4850 religionis
2010 4779 2289 4841 deaurato.
2340 4785 2397 4831 et
2424 4774 2608 4846 populi
2650 4773 2756 4839 sui,
2802 4781 2858 4827 et
2900 4781 3142 4842 paternre
3188 4772 3382 4827 domus
3420 4770 3613 4827 oblita

2010 4870 2283 4935 currebat,
2325 4867 2560 4924 barbara
2597 4874 2758 4937 gente
2787 4880 2894 4920 non
2918 4865 3122 4929 animo,
3168 4879 3289 4933 qua:
3317 4863 3375 4917 in
3403 4876 3619 4937 aperto

2005 4962 2291 5032 peregrina
2320 4959 2437 5023 fuit,
2484 4957 2581 5014 sed
2609 4958 2665 5012 in
2711 4956 2924 5012 occulto
2956 4963 3266 5011 sanctorum
3313 4954 3434 5011 ﬁeri
3466 4959 3623 5014 civis

2005 5052 2245 5125 optabat.
2277 5050 2435 5108 Unde
2472 5066 2583 5106 non
2634 5049 2809 5105 solum
2852 5048 3059 5104 cmlesti
3085 5048 3312 5119 praemio
3352 5064 3623 5107 resurre-

2006 5143 2202 5199 ctionis
2229 5143 2405 5205 beata,
2434 5138 2530 5196 sed
2558 5139 2721 5195 etiam
2747 5145 3017 5208 potestate
3066 5137 3361 5208 apostolica
3387 5136 3459 5193 de
3511 5137 3620 5195 Ju-

2006 5233 2136 5289 dreis
2181 5230 2443 5286 adulteris
2490 5228 2799 5300 judicandis
2848 5228 3017 5297 ipsius
3070 5242 3167 5282 ore
3189 5226 3390 5296 iudicis
3427 5227 3615 5300 digna

2008 5331 2262 5381 censetur
2286 5342 2299 5376 :
2324 5322 2452 5391 quia
2477 5320 2754 5376 Christum
2784 5319 2838 5373 in
2867 5318 3156 5373 Salomone
3178 5318 3374 5372 mirata
3403 5332 3617 5375 verum

2008 5412 2159 5485 regni
2196 5411 2433 5467 cmlestis
2479 5409 2749 5475 affectum,
2781 5409 3019 5480 imagine
3062 5408 3294 5479 mystica
3335 5406 3618 5462 Ecclesia:

2007 5503 2339 5574 providentis
2363 5502 2698 5571 impleverat.
2732 5498 2884 5567 Quod
2914 5508 3093 5554 autem
3115 5499 3314 5553 dicitur
3337 5498 3457 5554 haec
3478 5514 3617 5553 ιιιιι-

2008 5595 2107 5649 lier
2132 5594 2320 5665 regina
2342 5608 2464 5648 esse
2495 5590 2659 5656 Saba,
2688 5604 2786 5661 per
2813 5589 2984 5658 ipsius
3006 5588 3244 5644 nominis
3284 5586 3616 5659 signiﬁcant-

2010 5688 2139 5743 tiam
2156 5682 2523 5741 conversionis
2551 5698 2659 5739 sua:
2682 5680 2935 5751 exprimit
2962 5677 3253 5737 virtutem:
3276 5678 3419 5736 Saba

324 4866 783 4932 persecutoribus,
805 4882 904 4936 per
923 4868 1286 4923 constantiam
1311 4867 1434 4923 ﬁdei
1455 4876 1511 4933 et
1536 4867 1911 4926 fortitudinem

322 4954 739 5024 prcedicatorum
767 4958 1056 5014 resistatur
1083 4976 1096 5012 :
1133 4959 1403 5028 quomodo
1425 4967 1480 5014 et
1498 4959 1715 5030 quando
1737 4960 1910 5017 haere-

323 5044 449 5099 ticis
492 5044 912 5113 insanientibus,
950 5049 1153 5104 erroris
1191 5048 1273 5104 sui
1314 5051 1555 5120 nequitia
1584 5066 1683 5122 per
1704 5051 1911 5107 Catho-

322 5135 549 5191 licorum
603 5138 987 5209 magistrorum
1043 5142 1386 5212 prudentiam
1417 5143 1523 5200 illis
1572 5144 1909 5215 improbetur

321 5234 484 5297 atque
523 5224 859 5284 obsistatur:
909 5245 1009 5285 nec
1058 5247 1163 5286 non
1193 5240 1249 5286 et
1275 5234 1509 5303 qualiter
1553 5234 1607 5288 in
1663 5242 1908 5305 tempore

317 5324 624 5388 opportuno
671 5317 880 5375 devotis
929 5320 1266 5377 auditoribus
1329 5322 1552 5379 moralis
1602 5324 1905 5392 institutio,

319 5423 383 5464 ac
431 5408 727 5479 spiritualis
769 5409 1010 5466 scientiae
1056 5411 1358 5467 intellectus
1407 5412 1475 5467 ad
1512 5413 1905 5469 correctionem

318 5499 445 5554 vitae
471 5509 636 5570 atque
668 5499 1026 5555 eruditionem
1059 5515 1271 5567 sensus,
1293 5518 1392 5572 per
1419 5504 1794 5559 strenuitatem
1821 5513 1905 5558 at-

320 5608 425 5662 que
459 5594 734 5650 solertiam
781 5593 1141 5663 spiritualium
1192 5595 1573 5665 magistrorum
1617 5596 1907 5651 salubriter

323 5685 679 5753 impendatur.
735 5686 932 5758 Sicque
971 5686 1151 5742 omnia
1206 5686 1313 5757 agit
1341 5687 1638 5743 secundum
1692 5695 1917 5754 nutum,
