3870 6146
219 288 323 347 ιτδ

1160 294 1514 356 ΟΟΜΜΕΝΤ.
1554 298 1625 356 IN
1657 302 2215 365 PARALIPOMENA.
2258 342 2328 353 -
2363 312 2491 370 LIB.
2530 315 2613 407 Ill.

3397 335 3511 392 ιη

220 406 637 521 σοπυεῖεἰξένθὶ
682 409 958 481 captivitas
999 414 1407 488 interpretatur,
1433 420 1561 490 quia
1597 423 1810 477 veraei—
1838 427 1889 488 Α
1912 424 2035 481 dem
2082 430 2245 485 verba
2282 431 2422 487 bene
2461 436 2788 493 conveniunt
2837 450 3038 499 sanctm
3089 444 3343 504 Ecclesiae
3391 466 3526 521 qua:-

222 506 299 521 ,Α
325 513 375 521 ,Α
476 515 509 521 η
538 514 615 521 ,μ
666 500 865 521 ,.,_,,_.
1274 510 1290 521 .
1367 511 1380 521 .
1612 512 1679 521 ..
1767 513 1781 521 .
1999 515 2035 521 --
2064 516 2078 521 -
2185 517 2196 521 -
2338 520 2367 521 η

222 497 398 553 terad
455 498 620 554 ﬁdem
665 500 867 560 Christi
915 522 1177 565 conversa
1223 510 1291 567 ad
1333 511 1452 580 ejus
1481 512 1814 582 captivitatis

220 600 424 645 sortem
474 594 675 649 meruit
704 598 998 667 pertinere,
1031 602 1099 657 de
1143 618 1252 674 quo
1274 605 1535 675 scriptum
1558 613 1681 661 est:
1715 606 1814 661 As-

221 682 443 737 ccndens
458 686 513 738 in
528 684 696 739 altum
718 690 973 759 captivam
988 691 1140 748 duxit
1161 696 1534 765 captivitatem,
1558 697 1701 751 dedit
1721 697 1814 750 do-

225 789 284 826 na
311 775 619 829 hminibus
647 775 860 848 (Ephes.
889 780 986 851 tv).
1005 780 1130 839 Haec
1158 784 1211 838 in
1235 784 1460 841 camelis
1491 787 1814 857 apportabat

223 878 347 918 vero
404 864 685 920 Salomoni
733 880 1000 939 aromata,
1068 882 1126 929 et
1186 890 1401 941 aurum,
1451 886 1508 931 et
1569 892 1811 948 gemmas

225 957 510 1027 pretiosas,
554 974 679 1013 cum
702 960 931 1030 gentiles
955 965 1022 1019 ad
1043 965 1249 1020 Christi
1307 966 1465 1020 ﬁdem
1510 967 1811 1023 adducebat

228 1046 542 1102 fortitudine
571 1059 919 1117 peccatorum
948 1053 1257 1121 deformes;
1307 1057 1400 1112 sed
1436 1066 1619 1112 tamen
1657 1058 1809 1127 inge-

227 1136 309 1192 nio
354 1154 421 1193 ac
456 1139 641 1193 studio
670 1138 945 1208 ﬂorentes,
987 1145 1305 1217 habilesque
1360 1147 1502 1203 dono
1533 1148 1713 1203 divino
1741 1149 1809 1203 ad

226 1229 631 1298 percipiendum
658 1231 1095 1301 dispensantibus
1122 1236 1329 1292 sanctis
1357 1238 1811 1306 prmdieatoribus

226 1317 485 1388 fulgorem
515 1322 819 1390 sapientia,
854 1332 1097 1378 aromata
1131 1326 1286 1381 bona:
1335 1326 1514 1392 famae,
1543 1342 1812 1399 gemmas-

226 1424 325 1478 que
370 1410 644 1478 pretiosas
681 1412 1060 1483 multiplicium
1087 1416 1371 1483 virtutum,
1407 1417 1602 1488 quibus
1628 1420 1806 1475 omni-

227 1500 320 1555 bus
340 1501 492 1555 cultu
516 1503 718 1559 celebri
737 1506 1040 1563 honorabat
1052 1507 1395 1564 Salomonem
1411 1519 1683 1579 nostrum,
1696 1513 1810 1570 imo

228 1595 487 1650 honorata
514 1597 586 1650 ab
610 1613 677 1653 eo
701 1597 956 1667 majorem
981 1602 1211 1671 gratiam
1239 1602 1537 1672 spiritualis
1567 1606 1812 1661 muneris

228 1684 335 1755 ipso
366 1687 917 1761 tribuentepercepit.
939 1690 1094 1748 Unde
1121 1701 1243 1764 post
1255 1710 1426 1765 pauca
1454 1696 1507 1750 in
1536 1698 1811 1767 sequenti-

224 1776 318 1831 bus
351 1778 616 1850 scriptum
662 1790 749 1835 est
775 1799 789 1835 :
821 1780 933 1836 Rex
961 1780 1214 1840 Salomon
1256 1785 1399 1839 dedit
1443 1766 1639 1856 regina:
1667 1783 1809 1841 Saba
1840 1766 1886 1826 Β

225 1882 405 1924 cuncta
428 1888 549 1942 qua:
567 1873 798 1927 voluitet
822 1890 941 1945 qua:
962 1873 1266 1945 postulavit,
1292 1876 1455 1931 multo
1473 1876 1628 1947 plura
1656 1894 1813 1949 quam

224 1962 465 2015 attulerat
511 1964 582 2017 ad
630 1980 769 2029 eum,
797 1964 921 2034 quia
975 1966 1111 2020 etin
1140 1968 1393 2036 praesenti
1428 1968 1538 2022 vita
1585 1969 1813 2038 gratiam

206 2024 452 2129 ESpiritus
478 2054 651 2109 sancti
674 2024 965 2110 cum-dono
989 2024 1267 2127 sapientiae
1293 2066 1458 2129 atque
1485 2024 1744 2115 virtutum
1765 2059 1815 2114 ci

207 2108 465 2213 'contulit,
497 2158 554 2204 et
594 2149 649 2203 in
680 2149 860 2206 futuro
889 2149 945 2205 in
974 2159 1266 2223 conspectu
1302 2152 1485 2224 gloriae
1513 2167 1624 2209 sure
1648 2153 1816 2207 vitam

222 2238 476 2309 largietur
500 2248 779 2295 teteruam.

284 2328 524 2401 Cumque
558 2332 774 2385 venisset
805 2332 876 2387 ad
904 2331 1264 2399 Salomonem,
1302 2334 1477 2389 locuta
1503 2344 1579 2390 est
1600 2337 1649 2389 ei
1667 2350 1817 2406 qua!-

222 2434 416 2491 canque
443 2431 595 2475 erant
622 2423 677 2477 in
714 2424 871 2478 corde
916 2442 1034 2489 suo,
1084 2435 1131 2479 et
1177 2428 1417 2497 exposuit
1470 2427 1519 2481 ei
1566 2426 1818 2482 Salomon

223 2511 390 2564 omnia
408 2525 531 2581 quat
549 2522 911 2582 proposuerat,
929 2530 1023 2568 nec
1035 2515 1321 2586 quidquam
1340 2516 1438 2585 fuit
1462 2516 1603 2587 quod
1629 2517 1679 2570 ei
1706 2532 1822 2587 per-

219 2602 455 2670 spicuum
480 2619 585 2657 non
611 2603 810 2673 fecerit.
843 2602 1165 2660 Sciscitatur
1178 2605 1420 2662 Ecclesia
1451 2620 1483 2661 a
1513 2621 1641 2677 rege
1660 2604 1820 2661 Chri-

219 2700 298 2749 sto
323 2694 540 2750 discere
564 2695 748 2752 volens
768 2699 949 2752 omnia
974 2714 1096 2769 quae
1129 2700 1183 2754 in
1211 2700 1376 2756 corde
1396 2716 1495 2757 suo
1520 2700 1819 2771 cogitabat,

1910 515 2110 570 auditis
2126 517 2401 575 miraculis
2427 521 2628 578 Christi
2649 539 2937 595 provocata
2961 541 3043 586 est
3069 535 3136 588 ad
3163 515 3515 606 quaarendnm

1911 606 2177 698 eum.Sed
2202 619 2489 678 postquam
2511 613 2579 668 ad
2609 615 2781 683 ipsum
2798 623 3045 686 pervenit
3064 639 3162 694 per
3185 627 3513 698 baptismum

1910 705 1966 751 et
1994 696 2173 764 fidem,
2200 702 2556 760 consideratis
2581 716 2781 764 sanctae
2818 710 3119 782 Scriptum
3156 696 3506 790 testimoniis,

1870 864 1881 871 ι
1910 786 2211 845 divinitatis
2250 791 2368 862 ejus
2393 797 2689 863 potentiam
2720 814 3039 870 agnoscens,
3068 821 3258 874 parum
3285 811 3335 865 ei
3357 786 3511 868 vide-'-

1909 877 2071 932 batur
2094 894 2217 935 esse
2241 895 2403 938 omne
2430 886 2573 953 quol
2592 886 2690 942 sibi
2724 898 2881 945 antea
2914 894 2980 947 de
3006 910 3070 949 eo
3100 910 3380 955 narratum
3404 911 3507 967 est,

1910 969 1965 1025 in
1991 976 2396 1043 comparatione
2415 987 2683 1049 perceptae
2704 985 2914 1052 gratiae.
2942 985 3096 1044 Unde
3115 999 3169 1044 et
3192 991 3515 1050 admirando

1910 1060 1965 1114 in
1992 1060 2207 1119 laudem
2237 1064 2353 1133 ejus
2377 1070 2612 1138 erumpit
2636 1069 2842 1138 dicens,
2870 1074 3021 1131 Beati
3047 1078 3149 1133 viri
3181 1082 3279 1145 tui,
3311 1090 3366 1138 et
3388 1084 3521 1139 bea-

1912 1153 1950 1206 ti
1980 1155 2121 1208 servi
2148 1157 2249 1223 tui,
2290 1159 2383 1227 qui
2426 1168 2575 1215 stant
2602 1177 2783 1219 coram
2827 1173 2881 1221 te
2920 1184 3153 1240 semper,
3202 1182 3257 1229 et
3286 1175 3515 1233 audiunt

1910 1246 2230 1307 sapientiam
2284 1257 2455 1317 tuam,
2496 1261 2604 1307 etc.
2662 1254 2757 1311 His
2798 1272 3011 1327 quoque
3041 1261 3235 1318 similia
3281 1273 3337 1320 et
3362 1265 3516 1321 Psal—

1911 1336 2071 1391 mista
2128 1338 2182 1392 in
2233 1340 2510 1398 desiderio
2559 1346 2709 1414 regni
2765 1348 3001 1405 cmlestts
3030 1354 3413 1422 exardesccus,
3443 1373 3511 1414 ex

1908 1440 2138 1496 persona
2184 1438 2493 1486 sanctorum
2515 1435 2739 1503 protulit
2771 1437 2957 1494 dicens
2989 1458 3001 1494 :
3042 1440 3215 1507 Quam
3258 1445 3513 1500 amabilia

1908 1528 2032 1573 sunt
2090 1520 2430 1579 tabernacula
2491 1535 2582 1580 tua
2610 1568 2624 1593 ,
2693 1529 2914 1586 Domine
2986 1534 3237 1590 virtutum
3263 1577 3279 1602 ,
3320 1554 3515 1592 concu-

1908 1611 2060 1682 piscit
2085 1621 2133 1667 et
2154 1613 2344 1684 defecit
2366 1619 2544 1672 anima
2575 1638 2690 1675 mea
2716 1623 2771 1677 in
2793 1626 2930 1679 atria
2953 1625 3188 1695 Domini,
3218 1647 3308 1685 cor
3338 1647 3511 1686 meum

1911 1711 1959 1755 et
1986 1720 2112 1758 caro
2137 1721 2252 1759 mea
2282 1708 2669 1764 exsultarerunt
2699 1713 2755 1766 in
2786 1713 2954 1768 Deum
3002 1719 3193 1774 vivum.
3242 1721 3308 1775 Et
3354 1722 3525 1791 paulo

1915 1804 2066 1866 post:
2086 1797 2235 1852 Beati
2254 1800 2343 1868 qui
2370 1801 2607 1857 habitant
2629 1804 2684 1859 in
2710 1804 2866 1860 domo
2891 1816 3005 1874 tua,
3023 1809 3263 1877 Domine,
3280 1813 3335 1866 in
3355 1829 3529 1868 siccum

1916 1888 2026 1944 lum
2049 1892 2231 1946 saeculi
2257 1892 2545 1949 laudabunt
2567 1906 2615 1951 te
2639 1895 2810 1968 (Psal.
2834 1902 3084 1974 Lxxxnl).
3113 1904 3192 1958 llli
3221 1921 3353 1976 ergo
3388 1905 3529 1961 bea-

1917 1981 1955 2036 ti
1983 1990 2039 2037 et
2070 1997 2199 2039 vere
2236 1985 2379 2039 beati
2419 1994 2564 2053 sunt,
2595 2004 2825 2058 quorum
2876 2008 2972 2046 rex
3025 2001 3109 2049 est
3158 1993 3429 2059 Christus,
3461 2003 3519 2051 et

1915 2074 2008 2144 qui
2053 2084 2255 2131 aaterna
2302 2076 2511 2133 visione
2564 2079 2681 2148 ejus
2709 2081 2913 2151 perfrui
2963 2092 3265 2151 merentur,
3310 2093 3365 2141 et
3396 2085 3515 2156 glo—

1916 2166 2055 2222 riam
2089 2166 2205 2236 ejus
2233 2183 2396 2237 quam
2426 2184 2550 2224 cum
2579 2170 2741 2227 Patre
2768 2180 2823 2226 et
2845 2173 3053 2243 Spiritu
3088 2184 3275 2231 sancto
3301 2177 3519 2247 conspi-

1918 2272 2041 2313 cere
2065 2266 2119 2312 et
2140 2258 2462 2328 sapientiam
2492 2274 2595 2330 per
2618 2276 2780 2331 quam
2825 2263 2940 2333 ipse
2990 2264 3221 2321 mundus
3242 2266 3405 2322 corde
3430 2267 3519 2322 di-

1916 2356 2114 2419 gnatur
2138 2362 2198 2403 se
2221 2349 2507 2405 ostendere
2530 2352 2917 2421 perpetualiter
2938 2354 3215 2424 percipere
3243 2354 3517 2410 laetantur.

1919 2439 2118 2510 Sicque
2137 2441 2443 2510 probabunt
2468 2455 2652 2498 verum
2678 2459 2797 2499 esse
2831 2447 2932 2501 hoc
2954 2447 3096 2515 quod
3121 2447 3382 2518 scriptum
3408 2457 3514 2512 est,

1917 2533 2043 2603 quia
2061 2547 2163 2588 nec
2182 2533 2370 2588 oculus
2390 2533 2546 2600 vidit,
2561 2550 2662 2591 nec
2689 2538 2838 2592 auris
2855 2538 3082 2601 audivit,
3097 2554 3198 2595 nec
3222 2540 3277 2594 in
3306 2555 3402 2595 cor
3419 2541 3519 2596 Iro-

1916 2625 2080 2681 minis
2104 2627 2349 2682 ascendit
2380 2643 2501 2698 quas
2530 2630 2853 2699 praeparavit
2891 2632 3033 2687 Deus
3060 2632 3405 2704 diligentibus
3433 2647 3515 2688 se.

1992 2715 2099 2771 Sed
2123 2725 2170 2771 et
2201 2718 2339 2772 servi
2370 2716 2563 2773 Hiram
2603 2736 2721 2773 cum
2765 2721 2926 2776 servis
2974 2720 3274 2777 Salomonis
3322 2719 3518 2777 attule-

220 2784 317 2840 δίδί
342 2801 467 2841 ⁸³⁵⁸
513 2786 750 2843 salubria
795 2797 959 2861 ιιιίιυθ
1013 2792 1348 2858 necessaria:
1399 2794 1504 2849 hoc
1544 2801 1649 2859 θεῖν
1692 2791 1820 2847 ﬁdei
1919 2815 2043 2861 runt
2068 2823 2257 2862 aurum
2286 2809 2351 2863 de
2381 2807 2552 2881 Ophir
2571 2817 2620 2865 et
2647 2810 2794 2881 ligna
2824 2811 3027 2882 thyina,
3059 2822 3106 2865 et
3132 2828 3362 2883 gemmas
3396 2828 3517 2883 pre—

223 2890 467 2972 ‘l'lif'ens
523 2879 594 2933 ab
645 2881 1045 2972 CO‘Veri‘ﬂem:
1088 2891 1290 2972 θῖίηοῑπ
1335 2883 1611 2955 νειίεῑοηίε
1652 2885 1819 2940 τθοῑί-
1921 2898 2256 2963 tiosissimas,
2285 2899 2350 2953 de
2377 2879 2566 2970 quibus
2606 2879 2726 2969 fecit
2759 2916 2851 2954 rex
2877 2879 2942 2955 de
2964 2900 3118 2971 lignis
3135 2879 3343 2956 scilicet
3367 2879 3512 2972 εἰκυί-

224 2966 465 3020 tudinem
496 3008 512 3032 ,
565 2975 621 3022 et
684 2968 810 3024 vitae
865 2968 1060 3025 futurae
1113 2971 1524 3039 beatitudinem,
1587 2972 1824 3044 qualiter
1920 2991 2024 3055 ηδε,
2076 2990 2275 3061 gradu;
2304 2991 2360 3044 ίη
2389 2966 2578 3046 ’άοτηο
2606 2966 2880 3059 ὐοηιίηξ,
2937 2966 3086 3047 “vi”
3131 2991 3285 3046 άοηιο
3346 2966 3513 3062 regia,

223 3060 270 3114 in
289 3061 392 3116 hoc
412 3062 619 3117 mundo
644 3062 763 3133 ejus
792 3063 955 3118 cultui
1002 3080 1103 3135 per
1149 3065 1335 3120 omnia
1363 3064 1595 3121 fideliter
1640 3067 1823 3122 deser—

221 3150 350 3216 vire,
382 3160 441 3206 et
461 3152 521 3206 in
546 3152 754 3208 cmlesti
782 3169 950 3226 regno
978 3155 1150 3225 ipsius
1176 3155 1635 3227 contemplatione
1661 3165 1824 3212 mter-

223 3242 418 3299 ualiter
439 3244 650 3315 perfrui
682 3254 884 3317 posset.
915 3246 1014 3303 Cui
1063 3249 1245 3303 omnia
1274 3263 1395 3318 quae
1439 3249 1581 3305 scire
1607 3250 1825 3306 deside-

223 3337 366 3389 rabat
382 3350 484 3406 per
498 3335 636 3407 legis
650 3352 762 3392 suae
780 3337 1047 3404 notitiam,
1077 3352 1141 3393 ac
1159 3337 1394 3409 Spiritus
1405 3341 1579 3395 sancti
1592 3340 1825 3411 gratiam

221 3425 506 3481 manifesta
536 3424 773 3481 faciebat
800 3443 815 3495 ;
863 3442 965 3483 nec
1008 3426 1303 3498 quidquam
1348 3436 1429 3484 est
1462 3430 1606 3500 quod
1634 3445 1740 3485 non
1768 3431 1820 3485 ei

223 3517 566 3585 perspicuum
595 3516 806 3583 fecerit,
830 3520 976 3589 quod
1004 3534 1072 3574 ex
1099 3527 1254 3589 parte
1276 3520 1455 3590 aliqua
1487 3535 1823 3592 cognoscere

225 3613 275 3658 et
302 3606 353 3660 in
382 3608 677 3678 aenigmate
702 3610 948 3679 quzedam
974 3609 1162 3665 videre
1188 3625 1253 3665 ac
1277 3619 1613 3682 praegustare
1658 3611 1828 3669 coele-

226 3698 317 3752 stis
343 3699 527 3769 gaudii
558 3700 700 3754 bona
727 3702 977 3757 concedit
1005 3718 1019 3768 ;
1046 3702 1119 3756 ibi
1142 3717 1270 3757 vero
1295 3703 1659 3774 cognitionem
1688 3719 1818 3774 per-

225 3787 414 3845 fectam
455 3791 681 3857 tribuet,
725 3792 944 3863 quando
990 3793 1192 3848 videbit
1222 3792 1362 3849 facie
1407 3794 1477 3849 ad
1517 3794 1737 3860 faciem,
1765 3802 1824 3849 et

225 3890 510 3952 cegnoscet
558 3883 701 3937 sicut
727 3892 783 3937 et
811 3884 1027 3955 cognita
1059 3891 1163 3940 est.
1203 3884 1280 3940 De
1308 3883 1468 3954 cujus
1495 3886 1822 3957 cognitionis

226 3974 554 4043 perfectione
595 3975 712 4044 ipsa
745 3976 956 4031 Veritas
986 3977 1040 4032 in
1076 3977 1369 4048 Evangelio
1402 3993 1502 4048 pro
1547 3977 1825 4047 discipulis

226 4065 289 4119 ad
336 4065 557 4121 Patrem
595 4065 820 4135 loquens
846 4068 961 4122 ait:
986 4066 1151 4124 Pater
1183 4068 1349 4138 juste,
1378 4068 1610 4122 mundus
1644 4078 1693 4123 te
1720 4084 1824 4123 non

226 4157 474 4225 cognorit,
506 4171 601 4225 ego
628 4166 802 4209 autem
827 4165 876 4210 te
902 4158 1138 4227 cognovi,
1166 4166 1215 4211 et
1241 4157 1295 4211 hi
1318 4165 1669 4227 cognoverunt
1697 4159 1823 4228 quia

226 4254 279 4298 tu
303 4264 378 4302 me
398 4248 615 4313 misisti,
637 4258 683 4302 et
708 4259 889 4303 notum
917 4248 1017 4319 {cci
1051 4250 1125 4303 eis
1151 4265 1337 4304 nomen
1363 4260 1534 4315 tuum,
1563 4259 1610 4303 et
1639 4258 1821 4304 notum

227 4334 434 4404 faciam,
468 4347 529 4391 ut
543 4337 754 4392 dilectio
786 4354 890 4409 qua
914 4338 1144 4393 dilexisti
1173 4354 1274 4407 me,
1300 4339 1355 4393 in
1398 4339 1526 4411 ipsis
1548 4340 1635 4406 sit,
1660 4349 1709 4394 et
1727 4356 1827 4411 ego

227 4425 280 4480 in
300 4428 422 4497 ipsis
447 4427 640 4501 (Joan.
680 4429 842 4499 xvu).

292 4518 421 4584 Quae
460 4528 740 4591 postquam
781 4521 908 4575 uidit
937 4522 1255 4592 sapientiam
1307 4520 1610 4577 Salomonis
1656 4530 1704 4576 et
1728 4521 1823 4576 do-

226 4627 360 4666 mum
381 4629 547 4684 quam
572 4613 948 4682 wdiﬁcaverat,
972 4632 1064 4670 nec
1103 4631 1209 4670 non
1236 4615 1439 4670 cibaria
1467 4632 1660 4671 mensae
1683 4616 1819 4685 ejus,

225 4711 271 4757 et
309 4702 616 4758 habitacula
658 4720 944 4770 servorum,
976 4715 1024 4760 et
1073 4706 1244 4777 oﬂicia
1299 4707 1659 4760 ministrorum
1681 4705 1820 4776 ejus,

223 4802 269 4846 et
296 4797 602 4848 vestimenta
632 4811 831 4861 eorum,
877 4804 926 4849 et
948 4795 1185 4850 victimas
1224 4813 1356 4868 quas
1380 4796 1722 4852 immolabant
1766 4796 1822 4850 in

223 4883 374 4938 domo
415 4885 655 4953 Domini,
687 4902 790 4940 non
813 4895 925 4941 erat
956 4903 1066 4958 pra:
1089 4898 1301 4958 stupore
1328 4888 1472 4943 ultra
1497 4890 1555 4943 in
1578 4905 1639 4943 ea
1669 4888 1825 4959 spiri-

223 4985 328 5032 tus.
349 4978 605 5051 Dixitque
628 4979 698 5035 ad
742 4995 952 5052 regem:
986 4980 1151 5037 Verus
1175 4999 1346 5037 sermo
1372 5000 1526 5055 quem
1544 4983 1822 5038 audieram

220 5080 277 5119 tu
304 5076 448 5122 terra
466 5086 584 5123 mea
613 5071 679 5124 de
710 5071 984 5126 virtutibus
1014 5082 1064 5128 et
1083 5074 1342 5144 sapientia
1363 5082 1475 5128 tua.
1497 5073 1619 5128 Non
1645 5072 1823 5128 crede-

222 5158 345 5214 bant
366 5159 731 5226 narrantibus,
752 5162 916 5216 donec
938 5164 1053 5234 ipsa
1072 5165 1324 5219 venissem
1342 5203 1357 5229 ,
1397 5164 1647 5218 vidissent
1695 5180 1822 5217 ocu-

220 5248 261 5301 li
285 5251 414 5314 mei,
461 5261 510 5304 et
546 5249 847 5321 probassem
902 5252 988 5306 vix
1015 5253 1341 5309 medietatem
1380 5255 1508 5309 mihi
1551 5254 1821 5326 sapientia

220 5339 520 5409 (maluisse
568 5352 863 5397 narratam.
927 5342 1106 5400 Vicisti
1139 5346 1339 5416 famam
1375 5347 1651 5402 virtutibus
1693 5348 1818 5402 tuis.

222 5427 377 5484 Beati
396 5431 494 5485 viri
523 5433 623 5499 tui,
655 5442 704 5487 et
744 5433 880 5489 beati
906 5436 1041 5490 servi
1069 5437 1147 5490 tui
1174 5436 1230 5491 hi
1252 5438 1343 5508 qui
1364 5437 1615 5493 assistunt
1645 5454 1826 5492 coram

219 5527 271 5572 te
292 5522 440 5574 omni
462 5530 692 5593 tempore
712 5533 761 5577 et
809 5524 1033 5578 audiunt
1057 5527 1371 5597 sapientiam
1398 5536 1563 5581 tuam.
1593 5524 1673 5582 Sit
1711 5526 1824 5581 Do-

221 5611 402 5665 minus
431 5611 574 5667 Deus
619 5623 742 5668 tuus
792 5613 1113 5680 benedictus,
1143 5617 1234 5687 qui
1273 5616 1436 5671 voluit
1480 5625 1530 5671 te
1577 5616 1825 5671 ordinare

220 5718 383 5774 super
403 5706 648 5763 thronum
675 5723 830 5762 suum
854 5724 1022 5779 regem
1050 5708 1265 5765 Domini
1293 5709 1391 5766 Dei
1410 5710 1507 5766 lui.
1532 5709 1657 5767 Hace
1696 5709 1821 5781 qui-

1928 3081 2161 3136 citharas
2197 3097 2404 3152 quoque
2448 3090 2497 3135 et
2536 3080 2789 3152 psalteria
2841 3081 3163 3137 cantoribus.
3223 3080 3515 3154 Nunquam

1929 3172 2039 3228 risu
2069 3180 2193 3226 sunt
2215 3173 2273 3226 in
2300 3180 2442 3227 terra
2471 3171 2618 3227 Iuda
2648 3171 2792 3244 ligna
2826 3173 2976 3228 talia.
3014 3173 3129 3230 Hoc
3154 3175 3210 3230 in
3238 3175 3378 3231 libro
3405 3175 3514 3233 Re-

1927 3277 2055 3334 gum
2084 3263 2161 3318 ita
2191 3262 2457 3332 scriptum
2484 3269 2568 3319 est
2601 3282 2615 3318 :
2649 3260 2800 3317 Fecit
2836 3279 2929 3319 rex
2958 3264 3211 3322 Salomon
3254 3266 3319 3321 de
3360 3266 3521 3338 lignis

1927 3354 2122 3425 thyinis
2149 3354 2323 3425 fulcra
2351 3355 2538 3409 damus
2550 3354 2770 3409 Domini
2795 3364 2844 3409 et
2865 3355 3051 3412 domus
3078 3356 3253 3426 regite,
3280 3366 3327 3410 et
3350 3357 3520 3411 citha-

1926 3461 2016 3499 ras
2043 3443 2287 3516 lyrasque
2315 3445 2638 3500 cantoribus.
2663 3444 2789 3500 Non
2813 3456 2935 3500 sunt
2958 3444 3124 3500 allata
3152 3446 3521 3516 hujuscemodi

1925 3535 2071 3606 ligna
2115 3536 2316 3607 thyina,
2362 3553 2525 3608 neque
2562 3538 2673 3591 visa
2708 3553 2872 3607 usque
2923 3538 2980 3591 in
3022 3547 3328 3605 prtesentem
3377 3538 3520 3591 diem

1927 3625 2050 3698 (III
2078 3624 2203 3697 Reg.
2232 3625 2311 3699 ι).
2346 3627 2424 3684 De
2447 3643 2555 3699 quo
2605 3627 2877 3700 losep'hus
2929 3628 3007 3683 ita
3056 3636 3264 3682 narrat.
3308 3629 3520 3684 Eodem

1925 3730 2058 3772 vero
2084 3724 2331 3788 tempore
2361 3716 2539 3774 delata
2581 3726 2711 3774 sunt
2743 3718 2858 3789 regi
2897 3733 2929 3772 a
2960 3727 3127 3779 terra.
3187 3733 3308 3789 qua:
3357 3734 3518 3773 voca-

1926 3816 2018 3864 tur
2052 3825 2241 3877 aurea,
2298 3810 2504 3881 lapides
2532 3811 2758 3880 pretiosi
2811 3819 2866 3866 et
2914 3809 3057 3879 ligna
3083 3810 3266 3880 pinea,
3316 3811 3521 3881 quibus

1925 3916 2057 3957 usus
2087 3909 2171 3958 est
2195 3902 2262 3957 ad
2285 3900 2663 3957 fortitudinem
2717 3900 2926 3969 templi,
2963 3900 3327 3969 domuumque
3354 3915 3516 3971 rega-

1924 3992 2080 4055 lium,
2126 3999 2183 4046 et
2211 3991 2280 4046 ad
2340 3992 2703 4045 instrumenta
2759 3989 3112 4044 musicorum.
3160 3988 3419 4058 Fecitque
3445 4003 3517 4042 ex

1925 4082 2007 4137 eis
2038 4081 2278 4136 citharas
2307 4087 2362 4136 et
2385 4079 2569 4143 nabla,
2592 4086 2656 4132 ut
2682 4078 2927 4133 dicereut
2956 4078 3220 4147 hymnum
3266 4074 3376 4131 Deo
3405 4075 3517 4131 Le-

1925 4172 2071 4228 vitaa.
2100 4171 2354 4228 Omnium
2379 4185 2513 4225 vero
2554 4183 2736 4224 rerum
2766 4184 2887 4238 quae
2913 4167 3135 4223 fuerunt
3164 4167 3347 4236 aliquo
3377 4175 3519 4223 tem-

1926 4261 2202 4335 poreregi
2231 4259 2428 4325 delata,
2483 4274 2549 4314 ea
2575 4274 2695 4328 quae
2726 4258 2818 4313 illo
2846 4259 2933 4315 die
2961 4258 3185 4313 devecta
3222 4266 3369 4323 sunt,
3398 4274 3518 4314 ma-

1926 4350 2262 4423 gnitudinem
2289 4355 2346 4403 et
2392 4348 2852 4418 pulchritudinem
2887 4347 3290 4416 prmeellebaut.
3322 4347 3520 4405 Nullus

1847 4480 1901 4540 Β
1927 4456 2059 4513 ergo
2109 4440 2428 4514 arbitretur,
2476 4439 2604 4509 quia
2635 4439 2780 4509 ligna
2818 4439 2999 4540 pinea,
3033 4454 3333 4540 quantine
3358 4455 3517 4540 pro-

1923 4538 2048 4604 pter
2073 4529 2248 4601 pretia
2284 4529 2630 4583 vendentium
2675 4529 2755 4584 sic
2780 4528 3139 4599 appellantur,
3170 4529 3276 4585 illis
3319 4530 3505 4586 vicina

1927 4622 2075 4688 sint;
2113 4620 2201 4673 illa
2228 4619 2493 4689 siquidem
2519 4619 2727 4674 visione
2750 4621 2982 4674 rotunda
3009 4619 3163 4689 quasi
3178 4621 3338 4690 pinea
3359 4629 3513 4688 sunt,

1926 4710 2021 4767 sed
2050 4709 2222 4766 multo
2249 4710 2566 4766 candidiora
2591 4716 2649 4764 et
2677 4710 2835 4765 valde
2862 4708 3122 4781 fulgentia
3148 4727 3164 4776 ;
3198 4711 3304 4766 hoc
3329 4719 3515 4766 autem

1927 4799 2061 4865 dixi,
2089 4807 2153 4854 ut
2176 4798 2354 4853 nullus
2380 4808 2633 4853 naturam
2667 4813 2811 4854 vera;
2839 4799 3000 4869 pinus
3039 4799 3338 4868 ignoraret.
3362 4799 3517 4856 Bene:

1928 4898 2110 4957 autem
2148 4889 2365 4955 dicitur,
2398 4889 2542 4959 quod
2570 4904 2665 4944 rex
2698 4887 2954 4945 Salomon
2977 4888 3044 4944 de
3069 4888 3229 4960 lignis
3256 4890 3521 4961 pretiosis

1922 4979 2108 5044 nimis,
2144 4976 2336 5034 fecerit
2357 4978 2530 5034 fulcra
2557 4979 2673 5035 sive
2699 4978 2901 5047 gradus
2951 4979 3186 5045 Domini,
3232 4988 3289 5035 et
3316 4981 3515 5038 domus

1922 5072 2104 5143 regia,
2131 5078 2188 5126 et
2207 5071 2445 5127 citharas
2472 5072 2725 5142 lyrasque
2753 5073 3064 5128 cantoribus
3089 5091 3103 5127 :
3159 5074 3285 5143 quia
3310 5076 3519 5132 condi-

1921 5172 2011 5220 tor
2046 5171 2235 5219 noster
2262 5162 2405 5233 ligna
2433 5163 2694 5233 pretiosa,
2724 5164 2829 5218 hoc
2857 5170 2962 5229 est,
2987 5163 3241 5220 doctores
3269 5174 3505 5230 sanctos,

1924 5269 2155 5325 quorum
2184 5253 2334 5308 viror
2358 5252 2480 5308 fidei
2526 5269 2801 5324 nunquam
2840 5253 3064 5318 arescit,
3089 5269 3191 5310 nec
3223 5253 3351 5309 folia
3384 5270 3511 5309 vero

1927 5345 2119 5401 borum
2142 5344 2419 5409 decidunt,
2448 5343 2543 5400 sed
2580 5344 2673 5414 qui
2720 5344 2957 5400 fructum
2985 5344 3249 5400 bonorum
3283 5359 3517 5414 Operam.

1926 5438 2162 5494 reddunt
2189 5436 2524 5508 temporibus
2568 5435 2702 5501 suis,
2758 5435 2829 5490 ad
2858 5436 3133 5490 munimen
3165 5434 3359 5490 domus
3394 5431 3509 5487 Do-

1929 5528 2083 5595 mini,
2112 5536 2168 5584 et
2205 5528 2401 5584 domus
2435 5528 2618 5599 regiae,
2672 5528 2777 5583 hoc
2808 5535 2913 5593 est,
2944 5527 3013 5581 ad
3039 5523 3515 5581 conﬁrmationem

1926 5617 2184 5675 Ecclesiae
2208 5634 2321 5675 sate
2362 5620 2531 5690 ponit,
2560 5627 2621 5673 ut
2678 5633 2868 5675 eorum
2920 5615 3157 5684 undique
3186 5613 3382 5669 vallata
3403 5615 3509 5670 do-

1924 5708 2117 5765 ctrinis
2142 5716 2306 5780 atque
2336 5708 2621 5779 exemplis,
2647 5708 2859 5762 ruinam
2877 5720 3127 5760 errorum
3154 5712 3210 5760 ct
3238 5702 3515 5760 scelerum
