3870 6146
324 285 433 342 ἔ,ἶὸ

980 283 1039 339 Β.
1082 282 1337 338 RABANl
1377 282 1598 340 MAL’RI
1638 282 1962 343 ARCHIEP.
2003 283 2314 343 MOGUNT.
2351 284 2636 345 OPERUM
2675 283 2854 341 PARS
2890 285 2930 340 i.

3487 292 3596 346 47η
3634 334 3640 343 .

323 414 438 455 non
472 396 690 455 sentiat.
719 395 983 466 Talesque
1012 397 1113 451 viri
1145 397 1341 452 merito
1386 399 1544 468 quasi
1590 398 1819 454 cithara:
1844 405 1904 454 et
1928 398 1975 461 Α
2004 413 2138 452 auro
2166 380 2468 468 purissimo
2500 412 2767 456 “mutos
2791 401 2909 456 auri
2943 402 3099 457 sictos
3149 406 3289 458 dedit
3339 407 3397 459 in
3439 407 3603 463 tanni-

328 490 459 564 lyras
514 490 584 546 ad
634 490 958 545 laudandum
989 490 1280 544 Dominum
1335 489 1586 547 fabricati
1627 492 1900 556 dicuntur,

328 585 456 653 quia
486 583 1026 651 omnia,qumcunque
1063 580 1290 637 fecerint
1331 585 1819 653 prosperabuntur,
1846 593 1906 639 et

328 676 541 731 laudem
585 673 798 729 Domini
849 672 993 727 inter
1038 673 1264 728 advena
1314 681 1372 728 et
1404 689 1662 743 prospera
1715 673 1903 738 corde,

329 782 424 823 ore
467 764 625 820 simul
657 774 711 819 et
734 779 898 834 opere
948 765 1301 834 pronuntiare
1325 780 1432 820 non
1459 773 1695 820 cessant.
1723 764 1789 820 Hi
1821 778 1907 820 se-

330 858 565 913 cundum
593 854 929 925 Apostolum,
954 856 1215 926 quidquid
1264 866 1430 927 agunt
1483 866 1579 913 aut
1616 857 1669 912 in
1718 872 1904 927 opere,

329 949 508 1003 omnia
534 948 587 1003 in
610 947 835 1017 gloriam
863 948 955 1001 Dei
977 946 1200 1002 faciunt.
1245 947 1320 1001 De
1342 948 1539 1018 quibus
1571 963 1638 1004 ex
1673 964 1908 1019 persona

328 1040 540 1096 Domini
589 1054 688 1110 per
734 1041 1055 1109 prophetam
1086 1039 1285 1094 dicitur
1311 1055 1326 1092 :
1360 1038 1534 1108 Super
1553 1054 1733 1093 muros
1764 1049 1903 1105 tuos,

331 1129 687 1194 Hierusalem,
714 1130 960 1183 constitui
987 1129 1248 1194 custodes,
1294 1140 1401 1184 tota
1430 1130 1515 1184 die
1542 1140 1589 1183 et
1619 1140 1728 1184 tota
1760 1140 1909 1186 nocte

328 1238 435 1281 non
477 1221 721 1276 tacebunt
745 1220 965 1274 laudare
987 1236 1174 1274 nomen
1206 1220 1415 1274 Domini
1438 1220 1572 1292 (Isa.
1602 1222 1759 1287 um).

399 1311 535 1368 Erat
567 1321 742 1366 autem
773 1312 976 1382 pondus
1001 1314 1117 1366 auri
1146 1312 1284 1383 quod
1326 1314 1645 1382 a/I’erebamr
1666 1314 1910 1371 Salomo-

332 1402 385 1457 ni
412 1418 504 1473 per
544 1418 706 1456 annos
734 1400 968 1470 singulos
996 1412 1239 1456 sexcenta
1281 1404 1553 1472 sexaginta
1582 1420 1674 1458 sex
1711 1406 1909 1461 talenta

330 1497 470 1560 auri,
496 1503 710 1564 excepta
731 1510 793 1548 ea
817 1510 1020 1547 summa
1055 1510 1214 1564 quam
1245 1493 1402 1565 legati
1433 1495 1759 1551 diversarum
1783 1514 1909 1569 gen-

329 1589 461 1641 tium
489 1596 538 1642 et
566 1586 911 1658 negotiatores
960 1587 1151 1656 a/ferre
1188 1598 1583 1654 consueverant,
1633 1605 1909 1661 omnesque

332 1694 475 1749 reges
531 1676 787 1743 Arabian,
812 1688 862 1732 et
900 1677 1141 1749 Satrapes
1193 1688 1454 1734 terrarum
1512 1681 1907 1752 comportabant

2008 504 2104 543 nas
2127 490 2261 543 scuti
2290 489 2466 555 unius,
2491 500 2538 544 et
2568 502 2821 546 trecentas
2859 491 3027 563 peltas
3072 509 3137 548 ea:
3175 512 3307 549 auro
3348 497 3600 566 probata.

2009 578 2275 635 Trecenta:
2293 582 2450 636 minae
2477 584 2618 649 auri,
2650 600 2809 639 unam
2828 584 3022 655 peltam
3047 587 3348 643 restiebant.
3373 587 3601 645 Posuit-

2005 684 2105 739 que
2129 686 2192 724 ea
2228 685 2322 727 rex
2350 672 2405 724 in
2430 670 2586 725 domo
2614 672 2781 728 saltus
2806 672 2995 729 Libani
3020 674 3138 746 (ΙΙΙ
3164 675 3293 747 Reg.
3323 676 3400 748 χ).
3453 677 3599 734 Scu-

2008 768 2065 816 ta
2092 776 2222 833 ergo
2242 760 2405 817 simul
2426 770 2485 818 et
2506 763 2677 818 hasta:
2703 779 2903 828 aureae,
2929 766 3126 834 quibus
3147 768 3467 834 utebantur,
3488 770 3603 823 sic-

2007 859 2069 905 ut
2112 852 2163 906 in
2205 852 2554 923 sequentibus
2587 855 2915 918 ostenditur,
2934 854 3102 910 duces
3122 857 3211 925 qui
3251 858 3604 914 excubabant

2011 949 2136 996 ante
2162 941 2361 997 ostium
2392 942 2604 1008 domus,
2626 943 2759 1012 quid
2788 944 3098 1014 signiﬁcant
3125 946 3230 1000 nisi
3255 955 3600 1004 armaturam

2009 1031 2343 1102 spiritualem
2372 1048 2535 1104 quam
2566 1033 2768 1089 habent
2818 1035 3202 1105 prmdicatores
3247 1038 3473 1103 cuncti,
3500 1041 3598 1109 qui

2009 1124 2318 1179 custodiunt
2342 1124 2561 1179 domum
2583 1126 2698 1190 Dei,
2729 1135 2785 1181 et
2808 1115 3082 1182 excubant
3105 1126 3173 1182 ad
3209 1129 3409 1183 ostium
3435 1130 3597 1199 ejus?

2009 1223 2071 1269 ut
2118 1213 2326 1268 callidis
2373 1213 2781 1270 insidiatoribus
2831 1217 3197 1285 intercludant
3241 1218 3481 1283 aditum,
3531 1236 3601 1274 ne

2010 1293 2285 1378 decipiant
2331 1308 2665 1364 innocentes.
2698 1308 2775 1364 De
2805 1309 3002 1379 quibus
3031 1311 3083 1364 in
3130 1310 3371 1368 Canticis
3419 1316 3599 1369 canti-

2010 1415 2195 1454 corum
2221 1400 2482 1468 scriptum
2512 1408 2595 1455 est
2625 1420 2640 1454 ;
2666 1399 2938 1454 Lectulum
2993 1400 3295 1457 Salomonis
3322 1406 3600 1474 sexaginta

2010 1490 2171 1559 fortes
2198 1491 2432 1544 ambiunt
2472 1506 2537 1545 ea:
2565 1490 2867 1559 fortissimis
2898 1490 3068 1546 Israel
3094 1532 3109 1557 ,
3139 1508 3317 1548 omnes
3364 1504 3601 1551 tenentes

2009 1580 2211 1652 gladios
2242 1590 2289 1636 et
2314 1581 2382 1634 ad
2420 1580 2555 1634 bella
2579 1579 2869 1635 doctissimi
2897 1580 3073 1653 (Cant.
3104 1582 3213 1652 in),
3234 1584 3360 1653 quia
3377 1591 3436 1638 et
3454 1599 3601 1653 prm—

2010 1672 2179 1726 sentis
2212 1670 2469 1726 Ecclesiae
2491 1671 2731 1740 quietem
2756 1687 2820 1726 ac
2845 1687 3032 1742 pacem
3062 1675 3451 1742 praedicatores
3472 1691 3604 1733 san-

330 1787 521 1827 aurum
548 1781 595 1826 et
624 1781 897 1842 argentum
926 1771 1220 1828 Salomoni.
1259 1772 1397 1840 Quid
1422 1781 1602 1830 autem
1645 1773 1911 1843 significat
1938 1758 1986 1818 B
2012 1763 2087 1819 cti
2134 1770 2324 1820 contra
2351 1764 2729 1820 bmreticorum
2761 1773 2983 1820 tuentur
3025 1767 3296 1833 incursus,
3328 1777 3386 1822 et
3429 1769 3603 1824 inter-

330 1862 541 1931 pondus
566 1863 683 1917 auri
728 1863 869 1933 quod
915 1861 1190 1918 Salomoni
1232 1862 1578 1919 deferebatur
1612 1865 1911 1921 secundum

331 1952 529 2007 senarii
558 1952 768 2008 numeri
800 1953 1118 2023 qualitatem
1178 1962 1601 2024 augmentatum,
1653 1944 1755 2010 nisi
1787 1969 1913 2025 per-

335 2042 627 2099 fectionem
669 2044 934 2100 donorum
993 2060 1114 2115 quae
1161 2046 1273 2117 regi
1312 2053 1495 2101 nostro
1519 2061 1550 2099 a
1578 2046 1735 2101 nobis
1767 2046 1913 2102 defe-

329 2134 492 2190 renda
522 2136 692 2191 sunt?
714 2137 773 2191 ln
805 2137 1087 2208 sexaginta
1109 2153 1261 2203 vero,
1290 2137 1501 2193 denarii
1533 2139 1912 2209 multiplicatio

327 2239 426 2294 per
448 2226 721 2283 senarium
744 2234 943 2294 exstat,
968 2236 1023 2283 et
1053 2228 1108 2284 in
1160 2228 1434 2284 sexcentis
1478 2229 1776 2285 centenarii
1822 2229 1913 2285 iti-

328 2313 451 2370 dem
481 2330 577 2386 per
630 2317 902 2373 senarium
938 2327 1164 2389 apparet
1190 2319 1592 2390 multiplicatio.
1645 2320 1912 2377 Denarius

330 2406 706 2462 mandatorum
735 2408 1008 2479 signiﬁcat
1033 2408 1441 2479 perfectionem,
1487 2420 1543 2468 et
1564 2413 1913 2469 centenarius

329 2502 549 2555 alternae
600 2497 954 2556 beatitudinis
1006 2503 1517 2559 remunerationem.
1561 2504 1732 2561 Valde
1765 2506 1913 2562 enim

330 2584 607 2640 desiderat
628 2601 724 2642 rex
754 2596 941 2644 noster
976 2577 1221 2645 nostram
1274 2591 1688 2663 perfectionem,
1729 2602 1787 2650 ut
1813 2595 1911 2651 ba-

330 2674 457 2733 best
484 2691 621 2746 quos
677 2678 915 2747 perfecta
943 2681 1193 2738 mercede
1224 2692 1551 2738 remaneret.
1595 2684 1748 2741 Unde
1793 2686 1912 2756 ipsa

335 2765 551 2824 Veritas
596 2769 652 2824 in
700 2770 993 2843 Evangelia
1017 2773 1131 2829 suis
1157 2774 1232 2829 ait
1263 2791 1278 2830 :
1312 2773 1494 2830 Estote
1520 2777 1756 2846 perfecti,
1783 2780 1913 2849 quia

328 2864 378 2915 et
396 2852 565 2912 Pater
591 2868 754 2915 vester
773 2862 994 2918 ccclestis
1017 2864 1277 2935 perfectus
1307 2874 1384 2920 est
1416 2865 1630 2935 (Hart/2.
1660 2866 1736 2940 ν),
1761 2876 1815 2923 et
1840 2868 1912 2925 ad

329 2944 563 3001 scribam
600 2948 1023 3023 interrogantem
1065 2954 1131 3009 de
1156 2963 1374 3011 aeternae
1397 2957 1523 3012 vitm
1554 2958 1914 3028 acquisitione

328 3043 607 3111 respondit
666 3045 896 3103 dicens:
939 3046 1001 3104 Si
1030 3049 1104 3102 vis
1162 3049 1233 3104 ad
1293 3051 1453 3105 vitam
1508 3052 1732 3122 ingredi,
1760 3070 1911 3109 serva

2009 1868 2136 1909 nam
2164 1854 2408 1910 ctelestis
2450 1856 2639 1924 patria:
2684 1856 2924 1927 requiem
2992 1856 3348 1928 perfectiores
3394 1861 3602 1931 quique

2012 1943 2119 2000 ﬁxa
2154 1945 2458 2002 intentione
2489 1947 2858 2017 speculantur.
2923 1948 3066 2005 Bene
3118 1959 3301 2007 autem
3347 1953 3600 2010 iterando

2011 2038 2339 2108 adiungitur,
2367 2057 2433 2094 ea:
2482 2040 2783 2110 fortissimis
2835 2040 3036 2106 Israel;
3066 2042 3231 2097 lsrael
3270 2043 3474 2114 quippe
3518 2044 3600 2099 vir

2010 2130 2199 2188 videns
2234 2129 2519 2186 Dominum
2556 2130 2963 2201 interpretatur.
2994 2130 3195 2187 Omnes
3236 2132 3457 2203 quidem
3504 2131 3599 2202 qui

2011 2221 2079 2277 ad
2103 2220 2298 2275 divinat
2319 2220 2545 2276 visionis
2575 2221 2768 2293 gaudia
2801 2221 3048 2286 tendunt,
3077 2231 3225 2277 recte
3274 2220 3443 2276 lsrael
3491 2236 3596 2276 no-

2012 2312 2159 2369 mine
2186 2318 2516 2378 censentur;
2546 2312 2642 2367 sed
2672 2311 2976 2377 fortissimi,
3003 2312 3196 2382 inquit,
3226 2312 3279 2366 in
3338 2312 3422 2369 eis
3448 2319 3598 2379 sinit,

2012 2403 2200 2473 utique
2229 2403 2307 2461 illi
2334 2403 2425 2473 qui
2454 2404 2569 2459 sive
2593 2402 2833 2459 caelestis
2853 2402 2996 2458 dono
3019 2403 3407 2472 speculationis
3431 2400 3596 2458 subli-

2012 2503 2256 2562 mantur,
2309 2511 2403 2552 seu
2444 2495 2844 2566 praedicationis
2903 2493 3263 2549 ministerium
3311 2493 3419 2548 rite
3470 2508 3597 2564 per-

2013 2588 2281 2659 agendum
2333 2587 2669 2658 suscipiunt;
2715 2586 2807 2657 qui
2843 2595 2899 2641 et
2943 2595 3064 2654 apte
3088 2584 3447 2655 sexagenario
3473 2591 3597 2639 sum

2012 2692 2239 2733 numero
2282 2678 2574 2749 designati,
2613 2678 2739 2748 quia
2789 2676 2924 2733 tales
3001 2676 3258 2731 nimirum
3309 2674 3596 2730 denarium

2012 2776 2229 2827 internae
2251 2769 2628 2825 retributionis
2656 2785 2753 2839 pro
2774 2767 3108 2838 perfectione
3146 2768 3301 2822 bona:
3326 2765 3601 2835 operatio-

2012 2863 2100 2918 nis
2125 2871 2465 2933 exspectant.
2522 2862 2714 2918 Omnes
2739 2871 2966 2917 tenentes
3017 2860 3256 2932 gladios,
3286 2860 3356 2915 de
3400 2860 3600 2931 quibus

2014 2955 2144 3012 dicit
2166 2954 2476 3025 Apostolus,
2512 2963 2568 3010 et
2594 2954 2802 3024 galeam
2830 2953 3018 3009 salutis
3044 2951 3335 3014 assumitc,
3368 2958 3430 3007 et
3485 2950 3598 3022 gla-

2012 3043 2162 3100 dium
2186 3043 2419 3115 Spiritus
2443 3046 2586 3115 quod
2619 3053 2704 3101 est
2731 3044 2958 3099 verbum
3002 3043 3120 3099 Dei.
3159 3042 3242 3095 Ad
3289 3041 3429 3097 bella
3474 3043 3600 3097 doc-

328 3135 604 3190 mandata.
639 3137 705 3193 Et
734 3147 858 3207 post
891 3155 1063 3209 pauca
1096 3157 1109 3194 :
1143 3138 1202 3196 si
1251 3142 1348 3207 vis,
1403 3116 1598 3212 inquii,
1653 3145 1911 3214 ρανίεεωε
1939 3116 1987 3181 C
2016 3134 2244 3190 tissimi:
2269 3135 2552 3206 dequibns
2575 3136 2717 3191 idem
2743 3133 2995 3190 admonet
3016 3133 3234 3189 dicens:
3265 3132 3482 3188 induite
3504 3148 3601 3189 vos

328 3240 458 3292 esse,
482 3226 630 3291 vade,
662 3229 820 3285 vende
838 3246 955 3300 qua:
982 3230 1138 3303 habes
1159 3241 1207 3286 et
1252 3232 1324 3285 da
1354 3233 1689 3303 pauperibus,
1733 3244 1780 3288 et
1808 3235 1910 3290 lia-

329 3318 469 3373 bebis
491 3319 796 3376 thesaurum
820 3323 876 3377 in
900 3312 1064 3390 coelo,
1082 3324 1280 3391 etveni,
1304 3341 1515 3396 sequere
1545 3342 1645 3381 nte.
1675 3327 1760 3383 Ad
1786 3342 1916 3397 apo-

331 3408 499 3464 stolos
519 3418 701 3466 autem
731 3413 812 3468 ait
840 3426 855 3466 :
888 3413 1055 3469 Amen
1080 3414 1198 3469 dico
1247 3415 1389 3471 vobis
1416 3416 1558 3485 quod
1592 3432 1679 3472 eos
1715 3418 1805 3489 qui
1829 3435 1913 3475 se-

331 3500 442 3557 cuti
466 3502 589 3556 estis
603 3519 706 3571 me,
728 3505 786 3558 in
800 3506 1211 3577 mgeneratione,
1236 3522 1355 3563 cum
1379 3507 1571 3563 sederit
1583 3507 1730 3577 ﬁlius
1744 3509 1913 3564 lieni-

328 3591 411 3646 uis
437 3592 494 3646 in
515 3593 634 3649 sede
671 3596 963 3667 majestatis
992 3613 1125 3665 stuc,
1148 3598 1392 3654 sedebitis
1420 3609 1471 3655 et
1512 3616 1603 3656 vos
1652 3616 1809 3670 super
1832 3615 1914 3655 se-

327 3681 418 3738 des
441 3683 718 3740 duodecim
754 3687 1055 3757 judicantes
1090 3690 1368 3749 duodecim
1398 3691 1567 3747 tribus
1596 3691 1807 3757 Israel;
1864 3701 1913 3746 et

326 3770 496 3833 omnis
514 3775 607 3844 qui
636 3773 897 3848 reliquerit
931 3778 1010 3833 vel
1043 3778 1255 3848 fratres,
1293 3790 1387 3835 aut
1414 3798 1638 3848 sorores,
1669 3794 1762 3838 aut
1810 3800 1909 3854 pa-

327 3872 480 3930 trem,
502 3874 594 3919 aut
623 3876 867 3935 matrem,
908 3878 1001 3924 aut
1028 3887 1269 3938 mrem,
1293 3881 1386 3927 aut
1412 3872 1575 3941 filios,
1607 3882 1701 3930 aut
1732 3891 1908 3945 agros,

325 3964 539 4023 propter
574 3971 763 4010 nomen
814 3973 1008 4024 meum,
1041 3960 1341 4031 centuplum
1380 3962 1622 4033 accipiet,
1655 3972 1703 4018 et
1746 3963 1909 4018 vitam

326 4054 578 4101 teternam
598 4048 880 4116 possidebit
905 4048 1121 4122 (Matth.
1154 4051 1294 4124 xix).
1339 4052 1585 4110 Olferunt
1632 4054 1911 4112 Salomoni

326 4137 554 4193 diversae
574 4146 762 4212 gentes
787 4156 853 4197 ac
904 4142 1284 4213 negotiatores
1323 4160 1539 4212 omnes,
1570 4160 1727 4217 reges
1776 4147 1915 4204 Ara-

323 4230 428 4286 biae
468 4238 525 4286 et
550 4229 796 4304 Satrapes
824 4241 1117 4303 terrarum,
1164 4252 1356 4293 aurum
1383 4246 1545 4308 atque
1572 4247 1859 4310 argentum
1893 4260 1908 4296 :

325 4320 450 4390 quia
487 4336 823 4393 unaquaeque
867 4340 1025 4397 gens,
1051 4334 1108 4383 et
1153 4343 1492 4400 unaquaeque
1533 4344 1764 4399 persona
1793 4344 1914 4387 cer-

2014 3234 2348 3282 armatnram
2388 3226 2506 3293 Dei,
2540 3234 2601 3281 ut
2638 3226 2858 3297 possitis
2905 3234 3051 3281 stare
3082 3224 3344 3279 adversus
3372 3223 3601 3281 insidias

2013 3315 2244 3383 diaboli;
2276 3317 2403 3386 quia
2432 3333 2540 3372 non
2570 3325 2655 3373 est
2677 3318 2833 3373 nobis
2851 3315 3162 3373 colluctatio
3184 3314 3450 3371 adversus
3478 3330 3606 3371 ears

2012 3420 2137 3460 nem
2165 3413 2220 3461 et
2241 3406 2579 3478 sanguinem,
2609 3407 2705 3463 sed
2737 3408 2998 3464 adversus
3035 3405 3312 3478 principes
3338 3414 3397 3460 et
3441 3415 3593 3475 νοιδ-

2012 3506 2361 3565 states,etc.;
2390 3508 2447 3556 et
2472 3508 2619 3555 recte
2631 3499 2921 3555 doctissimi
2947 3513 2967 3552 :
2993 3499 3122 3570 quia
3142 3512 3335 3569 magna
3355 3497 3600 3554 bellandi

2013 3597 2131 3645 arte
2157 3589 2423 3661 indigent,
2446 3591 2536 3660 qui
2568 3591 2623 3645 in
2650 3606 2815 3647 carne
2843 3590 3102 3657 conclusi,
3136 3591 3194 3645 in
3222 3590 3386 3645 terris
3410 3590 3602 3661 positi,

2013 3690 2204 3736 contra
2252 3683 2551 3752 spiritualia
2604 3686 2861 3756 nequitia:
2902 3686 2959 3741 in
3001 3685 3317 3742 cmicstibus
3362 3693 3601 3744 certant.

2014 3770 2204 3843 Magna
2230 3782 2368 3839 arte,
2400 3776 2509 3831 imo
2558 3792 2753 3849 magna
2798 3777 2894 3833 Dei
2940 3777 3115 3849 gratia
3166 3779 3435 3850 indigent,
3471 3794 3599 3836 cum

2013 3865 2396 3937 archangelum
2424 3875 2501 3923 tot
2526 3869 2765 3924 millibus
2790 3885 3058 3925 annorum
3091 3870 3161 3925 ad
3186 3869 3325 3926 bella
3380 3871 3601 3928 exerci-

2015 3963 2188 4011 tatum
2217 3958 2400 4014 carnis
2420 3957 2684 4028 fragilitas
2712 3970 2932 4032 pugnat.
2963 3960 3133 4017 Recte
3180 3977 3312 4032 ergo
3350 3963 3604 4022 ducentae

2012 4046 2183 4102 basta:
2211 4048 2277 4103 de
2298 4062 2510 4104 summa
2540 4060 2920 4107 sexcentorum
2944 4067 3234 4107 aureorum
3270 4052 3387 4108 sive
3440 4053 3603 4110 siclo-

2014 4150 2155 4202 rum,
2194 4146 2252 4192 ut
2278 4138 2333 4192 in
2363 4139 2568 4210 Regum
2597 4140 2849 4208 habetur,
2874 4139 3029 4197 factm
3073 4148 3220 4207 sunt,
3252 4143 3385 4212 quia
3413 4153 3601 4213 patncs

2015 4226 2230 4285 Veteris
2259 4230 2596 4287 Testamenti
2625 4234 2873 4289 doctrina
2914 4242 2969 4289 et
3007 4235 3326 4304 operatione
3369 4236 3602 4306 perfecti

2013 4333 2134 4375 esse
2159 4331 2480 4387 noscuntur,
2509 4338 2634 4377 cum
2659 4324 2924 4395 quidquid
2972 4339 3223 4381 sermone
3270 4326 3598 4394 docuerunt,

325 4417 407 4465 tat
430 4427 531 4482 pro
558 4412 766 4470 viribus
788 4417 1015 4486 paciﬁca
1044 4427 1232 4474 ηοειιιο
1277 4419 1493 4476 deferre
1521 4437 1719 4478 ωυηιιε
1743 4429 1909 4478 rectm
1932 4465 1986 4486 ﬁ
2013 4410 2173 4467 bonis
2201 4411 2462 4481 exemplis
2488 4412 2870 4483 probaverunt.
2919 4414 3032 4471 Nec
3086 4431 3195 4471 non
3251 4424 3309 4471 et
3348 4424 3600 4473 trecenta

324 4596 517 4664 sionis,
558 4607 721 4668 atque
774 4600 1006 4655 nitorem
1051 4603 1418 4668 conscientiae,
1470 4618 1594 4659 cum
1617 4607 1910 4662 concordia

322 4685 597 4742 bonorum
619 4701 846 4756 operum
876 4686 994 4756 ejus
1029 4689 1252 4745 servitio
1295 4691 1477 4746 studet
1514 4706 1575 4747 se
1594 4692 1743 4747 omni
1775 4701 1911 4749 tem-

321 4790 457 4845 pore
485 4779 817 4847 mancipare.
849 4778 1003 4835 Unde
1032 4779 1085 4834 in
1123 4780 1385 4851 psalterio
1436 4781 1505 4838 de
1534 4796 1600 4837 eo
1645 4783 1910 4853 scriptum

320 4876 407 4924 est
436 4888 450 4923 :
492 4869 656 4940 Reges
696 4869 910 4927 Tharsis
936 4880 984 4927 et
1018 4872 1206 4928 inculte
1230 4889 1449 4929 munera
1486 4876 1729 4945 σθεν-επὶ,
1760 4892 1904 4947 reges

321 4960 555 5016 Arabum
584 4971 633 5017 et
685 4961 829 5017 Saba
862 4963 1004 5019 dona
1051 4964 1336 5029 adducent,
1364 4975 1414 5020 et
1460 4965 1755 5023 adorabunt
1785 4984 1906 5023 eum

321 5067 499 5107 omnes
515 5069 658 5123 reges
674 5063 850 5120 terrm,
864 5070 1041 5110 omnes
1054 5066 1228 5128 gentes
1239 5058 1460 5113 servient
1475 5060 1522 5113 ei
1543 5038 1713 5130 (Psdl.
1733 5059 1905 5131 Lm).

393 5141 546 5197 Fecit
579 5142 742 5214 igitur
766 5161 859 5200 rea:
888 5146 1143 5203 Salomon
1185 5149 1437 5205 ducentas
1490 5150 1671 5205 hastas
1718 5166 1911 5205 aureas

317 5229 384 5286 de
411 5246 619 5305 summa
645 5243 1006 5289 sexcentarum
1044 5253 1326 5293 aureorum
1364 5239 1453 5310 qui
1491 5239 1549 5292 in
1588 5238 1754 5293 hastis
1798 5240 1910 5294 sin-

318 5322 456 5393 gulis
504 5323 964 5396 earpendebantur;
1023 5337 1252 5383 trecenta
1298 5345 1502 5401 quoque
1547 5339 1697 5383 scuta
1743 5346 1908 5386 aurea

320 5425 673 5475 trecentorum
703 5433 1007 5483 aureorum,
1033 5419 1220 5489 quibus
1251 5420 1557 5490 tegebantur
1602 5430 1753 5475 scuta
1800 5420 1911 5476 sin-

321 5510 469 5580 gula,
495 5511 771 5583 posuitque
818 5527 882 5565 ea
924 5527 1016 5566 rex
1061 5512 1117 5564 in
1160 5512 1569 5566 armamentario
1611 5513 1751 5583 quod
1797 5522 1910 5568 erat

321 5602 583 5656 consitum
622 5618 853 5658 nemore.
895 5601 973 5657 De
1009 5601 1115 5656 hoc
1165 5602 1221 5655 in
1265 5601 1472 5673 Regum
1524 5602 1599 5657 ita
1650 5603 1911 5674 scriptum

319 5699 407 5746 est
437 5709 448 5744 :
484 5690 633 5747 Fecit
659 5709 865 5767 quoque
918 5708 1011 5748 rea;
1067 5691 1321 5749 Salomon
1377 5694 1601 5750 ducenta
1650 5704 1801 5752 scuta
1847 5695 1913 5751 de

217 4540 235 4563 .
326 4465 471 4569 fidei,
502 4518 693 4559 sensiis
719 4465 1032 4576 puritatem,
1059 4508 1451 4580 plenitudinem
1494 4527 1664 4568 sacra:
1687 4511 1906 4570 confes-
1932 4465 1988 4525 Β
2011 4511 2186 4569 scuta,
2234 4518 2463 4573 quorum
2517 4503 2731 4575 singula
2783 4506 3018 4561 trecenti
3067 4506 3219 4562 aurei
3269 4507 3599 4570 vestiebant,

2007 4596 2306 4667 perfectam
2335 4595 2494 4652 ﬁdem
2523 4610 2711 4653 eorum
2745 4597 3070 4668 signiﬁcant,
3102 4613 3267 4669 quam
3299 4598 3356 4653 in
3393 4606 3600 4654 sanctze

2009 4688 2295 4745 Trinitatis
2316 4687 2659 4746 confessione
2688 4690 2979 4745 habebant.
3017 4690 3164 4747 Bene
3187 4704 3319 4761 ergo
3344 4689 3600 4746 custodes

2010 4783 2203 4838 domus
2259 4782 2356 4838 Dei
2408 4782 2617 4849 hastas,
2647 4789 2703 4837 et
2748 4790 2902 4838 scuta
2963 4797 3129 4838 aurea
3182 4790 3432 4853 portant,
3478 4783 3606 4853 quia

2013 4875 2187 4930 sancti
2216 4873 2628 4945 praedicatores,
2654 4873 2745 4942 qui
2774 4874 3169 4930 suntEcclesiae
3193 4880 3401 4930 sancta:
3427 4882 3608 4931 custo-

2015 4968 2131 5033 des,
2170 4966 2420 5023 claritate
2466 4980 2717 5036 supernae
2761 4966 3042 5036 sapientia:
3106 4965 3458 5037 splendentes
3481 5008 3496 5032 ,
3545 4974 3601 5021 et

2013 5056 2304 5114 verborum
2332 5063 2388 5111 et
2415 5056 2684 5112 factorum
2705 5055 2905 5126 iaculis
2950 5056 3203 5113 inimicos
3258 5055 3600 5121 confodiunt,

2013 5157 2071 5204 et
2090 5156 2245 5205 scuto
2269 5163 2440 5204 sacrae
2464 5147 2589 5205 ﬁdei
2614 5148 2719 5204 tela
2742 5149 3058 5218 nequissimi
3076 5150 3244 5220 ignea
3277 5147 3603 5217 repellentes

2013 5242 2384 5311 exstinguunt.
2416 5238 2571 5307 Quod
2606 5246 2787 5295 autem
2839 5240 3150 5311 adiungitur
3177 5252 3193 5294 :
3221 5236 3410 5294 Posuit
3439 5255 3505 5293 ea
3548 5239 3602 5292 in
3662 5261 3687 5284 κ

2011 5331 2421 5387 armamentario
2464 5331 2604 5401 quod
2655 5341 2768 5386 erat
2810 5332 3068 5386 consitum
3116 5347 3349 5395 nemore,
3377 5330 3437 5387 id
3483 5337 3605 5400 apte

2008 5422 2139 5478 huic
2184 5422 2446 5493 mysterio
2496 5422 2768 5493 congruit.
2822 5421 3318 5479 Armamentarium
3366 5436 3499 5493 ergo
3547 5420 3601 5475 in

2008 5529 2119 5584 quo
2142 5515 2450 5569 conduntur
2473 5529 2624 5569 arma
2652 5513 2975 5584 spiritualia,
3006 5522 3196 5571 sancta
3225 5522 3310 5570 est
3332 5512 3601 5576 Ecclesia,

2011 5607 2066 5662 in
2108 5622 2214 5676 qua
2264 5606 2497 5662 diversae
2542 5606 2755 5676 species
2804 5607 3065 5661 virtutum
3113 5623 3181 5662 ac
3226 5606 3602 5661 doctrinarum

2014 5706 2321 5764 servantur,
2352 5697 2547 5766 quibus
2578 5696 2762 5754 ﬁdeles
2785 5698 2925 5755 bene
2970 5699 3163 5754 muniti
3218 5705 3599 5769 proteguntur,
