3870 6146
223 324 321 382 877

1151 318 1502 379 COMMENT.
1544 298 2201 375 m‘ranaurounna.
2241 351 2313 363 —
2348 320 2477 377 Lm.
2518 321 2597 378 ιιι.

3398 328 3505 387 £78

219 452 272 500 et
296 443 496 499 hostes
524 439 769 497 universi
795 437 1012 496 fortiter
1037 447 1434 513 expugnantur.
1491 437 1605 496 Hoc
1636 454 1819 495 arma-
1848 439 1898 500 A
1923 437 2033 491 duo
2056 436 2387 494 altrinsecus.
2418 438 2474 493 In
2502 439 2711 510 Regum
2742 454 2957 512 quoque
2989 426 3349 513 itaseriptum
3376 454 3462 502 est
3486 464 3503 502 τ

220 532 553 594 mentarium
605 531 811 587 dicitur
860 530 1133 587 consitum
1192 547 1311 588 esse
1367 545 1626 597 nemore,
1685 530 1814 600 quia

220 627 454 683 diversa:
499 622 783 679 hominum
825 634 1075 692 persona:
1124 638 1193 677 ex
1243 621 1522 677 variarum
1571 621 1813 693 gentium

221 718 536 775 nationibus
568 716 696 771 illuc
722 723 1082 787 congregatae,
1111 724 1274 785 atque
1306 715 1504 770 ibidem
1536 729 1633 785 per
1655 714 1814 768 ﬁdem

224 810 551 867 catholicam
579 816 705 863 sunt
726 807 972 873 consitas,
996 806 1063 860 ad
1093 806 1343 863 decorem
1365 797 1623 864 videlicet
1645 805 1815 877 ipsius

228 902 505 965 Ecclesiae,
535 908 592 954 et
616 899 684 954 ad
712 898 936 954 delicias
964 897 1385 954 manifestandas
1400 896 1542 969 regis
1554 897 1812 953 cmlestis.

289 991 444 1046 Fecit
469 1007 675 1063 quoque
700 1006 792 1043 rea:
818 988 1008 1045 solium
1034 990 1317 1044 eburneum
1349 989 1545 1061 grande
1575 998 1624 1043 et
1664 988 1815 1043 vesti-

230 1088 287 1144 rit
312 1085 452 1139 illud
482 1101 615 1138 auro
653 1083 957 1153 purissimo,
996 1098 1088 1137 sex
1133 1098 1336 1152 quoque
1384 1080 1579 1152 gradus
1626 1079 1814 1152 quibus

227 1177 606 1234 sscemlebatur
627 1176 696 1229 ad
731 1175 943 1240 solium,
979 1184 1029 1228 et
1056 1172 1337 1228 scabellum
1369 1189 1588 1228 aureum
1619 1184 1669 1227 et
1698 1171 1815 1226 bra-

227 1266 393 1323 chiola
418 1267 528 1321 duo
574 1265 907 1330 altrinsecus,
938 1275 985 1318 et
1032 1264 1165 1318 duos
1212 1262 1384 1317 leones
1424 1272 1621 1317 stantes
1653 1263 1812 1334 juxta

230 1358 534 1423 bracltiola;
578 1356 668 1411 sed
711 1366 760 1410 et
806 1355 941 1410 alios
987 1354 1267 1407 duodecim
1292 1346 1572 1408 Ileunculos
1618 1363 1813 1407 stantes

227 1469 379 1523 super
400 1466 493 1505 sex
512 1450 711 1521 gradus
740 1466 805 1503 ea:
831 1459 1051 1520 utraque
1095 1448 1419 1519 parte.‘No_n
1463 1447 1563 1517 fuit
1587 1446 1691 1501 tale
1729 1464 1816 1501 so-

228 1544 353 1598 lium
380 1544 438 1597 in
478 1542 731 1596 universis
759 1542 950 1612 regnis.
981 1539 1186 1595 Solium
1211 1555 1341 1612 ergo
1366 1539 1508 1609 quod
1537 1554 1632 1593 rex
1661 1536 1815 1593 Salo-

230 1653 349 1692 mon
392 1635 521 1692 l‘ecit
563 1636 700 1689 bene
728 1633 972 1689 Ecclesia
1003 1642 1193 1688 sancta
1233 1632 1572 1704 intelligitur,
1604 1632 1657 1686 in
1708 1647 1814 1702 qua

228 1728 486 1798 paciﬁcus
515 1735 704 1781 noster
732 1723 1184 1797 regnansjudicia
1213 1720 1310 1779 sna
1342 1722 1521 1779 facere
1544 1722 1815 1795 dignosci-

227 1831 332 1887 tur,
363 1821 492 1891 quia
520 1820 701 1875 anima
718 1816 853 1887 justi
886 1817 1041 1873 sedes
1068 1824 1154 1873 est
1176 1816 1471 1889 sapientiae.
1495 1816 1563 1871 Et
1584 1818 1722 1872 bene
1746 1817 1812 1873 de

225 1913 386 1969 ebore
414 1912 544 1968 illud
594 1911 797 1967 factum
835 1925 961 1969 esse
1005 1916 1361 1976 memoratur,
1392 1909 1536 1980 quod
1579 1924 1687 1964 non
1745 1908 1813 1965 ad

202 2006 365 2079 solas
390 2006 609 2063 divitias
656 2004 1022 2075 intelligamus
1070 2012 1355 2076 aptatum,
1400 2003 1495 2060 sed
1552 2003 1813 2074 quoniam

226 2100 444 2170 elephas
472 2098 627 2168 cujus
661 2100 779 2155 haec
807 2114 928 2154 ossa
960 2106 1107 2163 sunt,
1133 2096 1315 2152 nimiae
1342 2096 1646 2153 sanctitatis
1668 2112 1815 2154 asse-

229 2190 382 2257 ritur,
432 2189 526 2259 qui
588 2190 730 2244 inter
778 2188 1147 2260 quadrupedia
1204 2196 1255 2243 et
1306 2203 1468 2245 sensu
1519 2187 1811 2259 plurimum

230 2281 386 2347 valet,
417 2288 476 2336 et
504 2280 648 2336 inter
682 2282 841 2337 bruta
869 2281 1127 2336 miscetur
1167 2280 1379 2335 feminae
1401 2280 1574 2335 unica:
1602 2287 1656 2336 et
1684 2294 1815 2334 con-

219 2371 343 2443 juge
394 2372 634 2429 secunda
692 2388 799 2427 non
853 2372 1044 2426 utitur.
1093 2372 1205 2428 lloc
1244 2372 1457 2443 pudicis
1528 2371 1813 2429 animabus

225 2465 484 2521 decenter
535 2473 778 2536 aptatum
828 2473 954 2531 est,
1005 2465 1149 2536 quod
1193 2465 1297 2520 illa:
1337 2465 1591 2520 eburnea:
1646 2461 1812 2518 fuisse

225 2566 547 2623 noscuntur,
576 2571 698 2628 qua:
719 2571 818 2627 per
849 2556 1156 2612 castitatem
1189 2555 1391 2612 Christi
1427 2554 1643 2610 Domini
1668 2570 1809 2625 prae—

222 2657 375 2719 cepta
402 2656 608 2705 secuta:
633 2656 780 2703 sunt.
813 2646 964 2703 Hane
1006 2647 1224 2705 vestivit
1248 2663 1380 2705 auro
1426 2645 1571 2701 fulvo
1620 2644 1807 2711 nimis,

223 2740 345 2810 quia
371 2737 722 2810 splendorem
748 2738 933 2809 gloria:
960 2754 1070 2793 suae
1106 2738 1159 2792 in
1187 2753 1252 2793 ea
1305 2737 1609 2792 clarescere
1661 2735 1809 2801 fecit,

223 2845 341 2885 cum
365 2844 467 2899 per
493 2830 651 2900 signa
678 2838 733 2885 et
761 2829 1023 2884 miracula
1047 2827 1348 2899 majestatis
1374 2844 1485 2883 suae
1508 2827 1810 2898 potentiam

221 2919 478 2976 ostendit.
509 2919 756 2976 Habebat
787 2930 968 2975 autem
1021 2920 1247 2976 thronus
1295 2919 1399 2974 iste
1444 2934 1539 2974 sex
1586 2917 1805 2990 gradus.

221 3012 354 3085 Quid
389 3028 492 3085 per
521 3013 793 3068 senarium
821 3028 1131 3080 numerum,
1165 3013 1270 3068 nisi
1290 3012 1557 3068 bonorum
1581 3026 1809 3082 operum

220 3104 482 3176 perfectio
507 3106 855 3177 designatur?
877 3104 982 3162 Sex
1007 3107 1197 3163 diebus
1218 3105 1433 3177 perlicit
1454 3106 1599 3161 Deus
1620 3104 1808 3160 mundi

220 3205 513 3262 ornatum,
564 3204 622 3255 et
655 3197 886 3267 septimo
930 3197 1199 3268 requievit
1240 3196 1310 3252 ab
1360 3196 1617 3268 operibus
1670 3195 1804 3251 suis.

223 3286 503 3359 Siquidem
530 3295 585 3342 et
605 3288 853 3344 senarius
885 3302 1145 3344 numerus
1171 3286 1381 3357 primus
1408 3294 1493 3343 est
1523 3301 1806 3352 numerus,

221 3379 308 3448 qui
338 3379 456 3436 suis
485 3379 736 3449 partibus
757 3378 1031 3451 perfectus
1056 3394 1177 3435 esse
1207 3379 1544 3452 dignoscitur
1590 3397 1602 3433 :
1645 3378 1811 3433 habet

222 3471 361 3525 enim
408 3471 760 3526 medietatem
809 3471 995 3535 trium,
1022 3472 1240 3527 tertiam
1293 3482 1507 3542 partem
1556 3471 1808 3535 duorum,

221 3571 425 3616 sextam
457 3561 646 3619 unius.
672 3560 851 3619 Unum
882 3577 1035 3628 vero,
1065 3561 1172 3617 duo
1206 3570 1261 3618 et
1292 3562 1398 3616 tria
1426 3576 1518 3617 sex
1543 3561 1803 3616 edieiunt.

221 3646 381 3721 Igitur
408 3651 541 3721 quia
570 3666 666 3707 sex
688 3651 940 3707 aetatibus
966 3651 1197 3706 mundus
1229 3657 1475 3717 constat,
1508 3649 1563 3705 in
1612 3650 1809 3720 quibus

221 3737 344 3795 licet
367 3739 614 3809 operari,
646 3740 890 3812 quisquis
912 3742 979 3796 ad
1009 3741 1288 3798 ctelestem
1332 3741 1569 3813 patriam
1617 3757 1810 3813 perve—

223 3831 335 3889 nire
367 3833 665 3901 desiderat,
709 3835 866 3892 bonis
915 3836 1175 3908 operibus
1216 3836 1514 3893 ascendere
1558 3834 1803 3901 festinet,

222 3924 341 3993 quia
367 3922 474 3981 nisi
501 3923 662 3980 bonis
686 3925 902 3982 actibus
920 3926 1264 3991 ascendatur,
1294 3925 1421 3981 illuc
1444 3925 1669 3979 minime
1687 3940 1809 3995 per-

223 4016 486 4071 venietur.
512 4015 666 4083 Quod
688 4024 871 4073 autem
899 4018 1097 4074 dicitur
1119 4017 1410 4074 scabellum
1434 4032 1663 4071 aureum
1686 4031 1806 4072 esse

222 4103 273 4160 in
326 4106 500 4174 solio,
532 4107 829 4164 scabellum
884 4124 1108 4165 aureum
1163 4124 1454 4180 possumus
1504 4107 1808 4180 intelligere

186 4206 434 4254 'sanctos
473 4206 532 4254 et
566 4199 848 4272 religiosos
881 4200 1151 4266 homines,
1191 4208 1247 4258 et
1293 4200 1552 4256 virtutum
1600 4200 1808 4272 fulgore

220 4290 610 4360 splendentes,
640 4291 695 4347 in
736 4307 966 4363 quorum
1019 4290 1274 4350 cordibus
1319 4291 1502 4348 divina
1551 4291 1809 4363 dignatur

221 4385 522 4443 inhabitare
544 4384 819 4456 maiestas.
850 4385 1005 4442 Unde
1032 4385 1294 4441 Dominus
1344 4400 1441 4456 per
1482 4381 1806 4453 prophetam

219 4479 390 4535 dixit:
426 4479 605 4551 Super
637 4496 790 4551 quem
815 4481 1093 4552 requiescet
1120 4478 1355 4552 Spiritus
1379 4495 1523 4533 meus
1570 4476 1671 4532 nisi
1716 4492 1806 4530 su-
1831 4506 1886 4567 Β

220 4585 307 4624 aer
340 4569 598 4625 humilem
619 4610 636 4638 ,
671 4580 721 4625 et
764 4573 999 4642 quietum
1023 4612 1039 4638 ,
1078 4580 1127 4625 et
1182 4579 1482 4627 trementem
1543 4585 1806 4625 sermones

222 4678 355 4717 neos
379 4662 406 4716 Ρ
428 4662 510 4717 De
535 4678 645 4732 quo
667 4672 725 4719 et
748 4664 867 4734 ipsa
896 4662 1113 4719 Veritas
1163 4663 1219 4719 in
1245 4661 1537 4733 Evangelio
1583 4660 1660 4715 ait
1693 4679 1707 4715 :
1747 4657 1807 4715 Si

215 4754 333 4823 quis
359 4754 535 4823 diligit
560 4770 641 4809 me
664 4794 683 4818 ,
704 4771 994 4809 sermonem
1043 4770 1215 4808 meum
1266 4753 1510 4819 servabit,
1545 4762 1595 4807 et
1642 4749 1807 4806 Pater

216 4861 362 4903 neue
383 4845 569 4917 diliget
598 4863 739 4910 eum,
765 4857 813 4900 et
839 4846 908 4901 ad
934 4863 1050 4901 eum
1086 4847 1368 4911 veniemus,
1399 4856 1446 4901 et
1478 4845 1803 4901 mansionem

212 4939 356 5007 apud
375 4955 499 4993 eum
520 4938 798 5007 faciemus.
831 4937 957 4994 Sive
982 4938 1059 4994 illi
1088 4946 1315 5010 possunt
1337 4937 1554 4995 scabelli
1583 4937 1803 4993 nomine

210 5033 419 5096 tutari,
444 5031 543 5101 qui
570 5030 773 5091 inﬁrmi
802 5038 933 5089 sunt
957 5030 1013 5086 in
1038 5046 1269 5100 corpore
1300 5029 1538 5094 Christi,
1564 5030 1671 5087 hoc
1697 5036 1801 5093 est,

208 5123 544 5193 pmuiientes
569 5140 582 5176 ε
607 5121 702 5192 qui
721 5121 790 5178 de
811 5122 1051 5193 peccatis
1073 5122 1185 5177 suis
1207 5122 1475 5177 veraciter
1494 5121 1806 5190 paenitendo

207 5215 433 5275 student
451 5213 688 5282 entiam
713 5228 879 5284 quam
929 5211 1209 5285 peccando
1252 5212 1569 5276 amiserant,
1595 5213 1683 5282 pie
1724 5212 1803 5266 la-

207 5302 459 5367 borando
504 5318 851 5373 recuperare.
899 5302 1010 5360 Seu
1050 5302 1129 5359 illi
1177 5302 1472 5364 scabellum
1516 5310 1803 5367 vocantur,

202 5394 299 5463 qui
327 5393 615 5459 novissimi
639 5390 796 5462 juxta
825 5392 988 5451 linem
1018 5392 1207 5450 mundi
1259 5391 1325 5448 ad
1379 5391 1540 5447 ﬁnem
1597 5390 1801 5449 Christi

200 5491 629 5547 convertuntur.
655 5484 758 5554 Qui
787 5492 967 5540 tamen
990 5485 1145 5541 aurei
1172 5491 1322 5550 sunt,
1359 5483 1489 5554 quia
1529 5483 1651 5554 igne
1684 5498 1803 5553 per-

197 5575 557 5635 secutionum
628 5591 694 5631 ac
774 5574 1222 5639 tribulationum,
1286 5591 1422 5644 quas
1478 5573 1801 5629 Antichristi

200 5664 417 5721 militia
445 5664 541 5720 illo
571 5665 625 5719 in
655 5672 895 5734 tempore
945 5674 1171 5721 auctura
1218 5674 1322 5727 est,
1364 5662 1679 5725 examinati,
1705 5677 1803 5733 per

204 5755 531 5823 patientiam
574 5754 944 5824 probatissimi
993 5754 1361 5810 inveniuntur.
1419 5751 1485 5806 Et
1536 5748 1803 5805 brachiola

1919 527 1989 582 Et
2020 526 2143 583 duc
2171 545 2360 584 manus
2388 531 2511 584 hinc
2539 541 2693 602 atque
2722 533 2847 587 inde
2865 544 3093 589 tenentes
3129 535 3308 590 sedile.
3361 536 3504 605 Quid

1916 635 2048 691 ergo
2075 620 2182 675 duo
2210 622 2487 678 brachiola
2518 624 2630 679 sive
2669 624 2787 679 dua:
2812 641 3005 680 manus
3042 634 3287 683 tenentes
3328 629 3505 685 sedile

1918 714 2223 769 Salomonis
2244 715 2574 786 signiﬁcant,
2600 717 2705 771 nisi
2731 716 2923 774 solatia
2938 719 3131 774 divinae
3153 720 3359 791 gratiae,
3379 736 3503 790 qua:

1917 812 2157 859 sanctam
2184 805 2481 861 Eeclesiam
2512 808 2580 862 ad
2609 808 2830 863 cteleste
2879 823 3104 879 regnum
3153 810 3499 879 provehunt?

1915 903 1970 949 et
1989 895 2106 949 haec
2132 906 2255 965 apte
2283 912 2382 967 per
2408 897 2678 952 binarium
2709 915 2995 954 numerum
3036 902 3306 972 (inscripta
3346 913 3494 970 sunt,

1915 983 2041 1053 quia
2080 983 2134 1037 in
2186 993 2418 1054 utroque
2480 987 2829 1043 Testamento
2884 989 2974 1043 hic
3030 991 3379 1060 praedicatur,
3408 993 3503 1048 hic

1915 1075 2150 1129 maxime
2177 1076 2589 1130 commendatur
2619 1077 2792 1146 :‘quia
2825 1093 2931 1132 non
2961 1080 3065 1134 nisi
3114 1096 3213 1151 per
3256 1082 3500 1136 divinum

1915 1165 2241 1236 adiutorium
2268 1166 2470 1236 aliquid
2497 1167 2622 1223 boni
2674 1167 2864 1238 perﬁci
2918 1172 3108 1239 possit.
3168 1172 3322 1227 Unde
3378 1173 3498 1243 ipsa

1915 1260 2130 1314 Veritas
2158 1258 2290 1313 dicit
2316 1277 2330 1313 :
2362 1257 2487 1312 Sine
2518 1275 2600 1313 me
2628 1259 2758 1314 nihil
2783 1262 2996 1330 potestis
3026 1262 3217 1331 facere.
3266 1262 3337 1317 Et
3394 1265 3502 1318 duo

1914 1346 2087 1402 leones
2122 1348 2331 1402 stabant
2350 1349 2509 1419 juxta
2536 1348 2824 1404 brachiola.
2858 1349 2995 1417 Quid
3020 1365 3118 1421 per
3166 1352 3350 1408 leones
3395 1354 3501 1409 nisi

1912 1450 2100 1511 patres
2128 1442 2410 1519 utriusque
2432 1441 2765 1496 Testamenti
2797 1442 3133 1511 ﬁgurantur,
3162 1446 3253 1515 qui
3278 1461 3377 1515 per
3391 1446 3477 1501 for

1915 1533 2201 1589 titudinem
2230 1533 2396 1587 animi
2423 1541 2479 1587 et
2503 1533 2605 1587 sibi
2622 1541 2678 1588 et
2698 1532 2819 1588 aliis
2844 1533 3114 1589 dominari
3136 1534 3274 1590 bene
3299 1536 3501 1591 didice-

1916 1624 2077 1678 runt?
2108 1623 2225 1678 Duo
2253 1638 2383 1694 ergo
2410 1624 2592 1679 leones
2615 1621 2773 1693 juxta
2802 1639 2996 1679 manus
3025 1626 3265 1692 stabant,
3294 1627 3417 1695 quia
3443 1626 3499 1680 in

1914 1714 2032 1785 lege
2060 1716 2195 1771 etin
2250 1715 2545 1787 Evangello
2594 1716 2768 1771 sancti
2809 1716 3001 1772 Patres
3049 1718 3314 1788 quidquid
3370 1716 3502 1772 boni

1842 1800 1888 1858 B
1916 1805 2182 1872 fecerunt,
2209 1822 2319 1862 non
2344 1807 2469 1872 sibi,
2499 1807 2595 1862 sed
2623 1809 2737 1863 Deo
2781 1806 3199 1879 deputaverunt.
3249 1809 3404 1864 Unde
3449 1817 3506 1864 et

1913 1896 2195 1967 psalmista
2223 1896 2355 1951 dicit
2383 1913 2397 1950 :
2423 1897 2548 1951 Non
2572 1897 2744 1964 nobis,
2776 1897 3018 1965 Domine,
3057 1916 3159 1953 non
3208 1900 3377 1965 nobis,
3406 1899 3499 1954 sed

1915 1987 2114 2042 nomini
2175 1996 2266 2041 tuo
2309 1987 2380 2041 da
2443 1985 2687 2058 gloriam,
2728 2005 2884 2059 super
2902 1989 3319 2044 misericordiam
3356 1999 3503 2044 tuam

1912 2091 1962 2137 et
2030 2082 2297 2136 veritatem
2341 2089 2507 2134 tuam.
2560 2081 2628 2135 Et
2697 2080 2990 2151 Apostolus
3039 2097 3053 2134 :
3112 2081 3302 2136 Gratia
3352 2082 3500 2148 Dei,

1915 2173 2130 2243 inquit,
2177 2189 2295 2227 sum
2348 2172 2403 2226 id
2441 2173 2583 2243 quod
2633 2189 2771 2227 sum.
2798 2173 2867 2227 Et
2926 2174 3058 2228 item
3094 2192 3108 2226 :
3141 2172 3247 2239 Qui
3295 2173 3499 2244 gloria-

1826 2268 1833 2273 ’
1915 2274 2036 2330 tur,
2075 2265 2131 2319 in
2191 2264 2418 2317 Domino
2462 2263 2736 2334 glorietur.
2805 2263 2875 2318 Et
2930 2264 3205 2320 duodecim
3264 2264 3497 2319 leunculi

1912 2365 2105 2411 stantes
2155 2372 2312 2426 super
2352 2372 2447 2409 sea:
2490 2353 2710 2426 gradus,
2760 2354 2882 2409 hinc
2933 2365 3090 2427 atque
3150 2356 3293 2409 inde.
3357 2355 3499 2423 Quid

1911 2460 2013 2516 per
2059 2445 2345 2501 duodecim
2387 2444 2668 2501 leunculos
2719 2445 2829 2500 nisi
2875 2446 3298 2515 praedicatorum
3336 2446 3497 2513 ostio,

1913 2536 2007 2607 qui
2074 2535 2428 2608 apostolicam
2490 2534 2822 2591 doctrinam.
2874 2536 3123 2607 sequitur
3149 2576 3169 2601 ,
3223 2536 3505 2608 signiﬁca-

1913 2639 2022 2686 tur.
2054 2630 2120 2684 lii
2147 2645 2278 2702 ergo
2306 2645 2471 2699 supra
2493 2645 2591 2685 sex
2616 2630 2817 2702 gradus
2841 2630 2977 2685 hinc
2998 2638 3162 2700 atque
3186 2629 3317 2686 inde
3332 2635 3511 2697 stant,

1912 2721 2040 2791 quia
2068 2721 2334 2776 bonorum
2364 2735 2588 2790 operum
2620 2735 2843 2792 gressus
2869 2721 3000 2775 hinc
3029 2729 3191 2791 atque
3219 2720 3349 2776 inde
3388 2719 3521 2776 suis:

1912 2813 2177 2869 doctrinis
2202 2820 2366 2882 atque
2410 2812 2676 2883 exemplis
2730 2813 2945 2867 munire
2998 2820 3237 2877 certant,
3262 2828 3331 2867 ne
3378 2812 3522 2882 pius.

1912 2904 2067 2961 labor
2099 2907 2240 2961 bene
2283 2904 2658 2975 incipientiam
2700 2904 2755 2960 in
2799 2904 3097 2975 operando.
3118 2904 3335 2960 vacillet
3356 2943 3373 2970 ,
3405 2903 3523 2960 sed.

1912 2997 2295 3054 rectitudinem
2319 2998 2375 3051 in
2408 3012 2698 3069 progressu
2727 2997 2990 3053 virtutum
3024 2996 3241 3053 imtiter
3274 3002 3503 3053 conser-

1912 3098 2021 3145 vet.
2054 3089 2209 3157 Quod
2244 3097 2427 3145 autem
2452 3089 2719 3154 subditur,
2753 3106 2858 3144 non
2903 3099 2980 3145 est
3022 3090 3223 3160 factata
3258 3089 3364 3144 tale
3411 3105 3524 3144 so--

1912 3180 2043 3235 lium
2062 3180 2119 3235 in
2141 3181 2398 3235 universis
2419 3180 2609 3252 regnis,
2635 3189 2759 3251 apte
2790 3189 2991 3235 sancta:
3013 3180 3275 3236 Ecclesiae
3295 3193 3521 3236 come--~

1910 3273 2014 3340 nit,
2044 3272 2112 3329 de
2134 3287 2240 3342 qua
2282 3273 2547 3342 scriptum
2585 3280 2671 3328 est
2698 3286 2714 3325 :
2744 3270 3031 3327 Fortitudo
3060 3280 3112 3326 et
3152 3272 3311 3326 decor
3352 3271 3527 3326 indu»

1911 3373 2143 3418 ruentum
2172 3363 2311 3434 ejus,
2334 3374 2382 3418 et
2405 3364 2595 3418 videbit
2612 3365 2668 3418 in
2692 3364 2778 3418 die
2800 3364 3103 3420 noeissiaea.
3146 3360 3519 3419 Surrentum-

1909 3454 2010 3525 ﬁlii
2040 3455 2180 3526 ejus,
2201 3465 2249 3509 et
2281 3456 2407 3510 bene
2433 3456 2851 3525 prcedicaoerunt
2880 3469 2898 3507 :
2928 3456 3008 3510 uir
3032 3455 3155 3526 ejus
3177 3495 3195 3521 ,
3220 3463 3270 3509 et
3312 3453 3506 3511 ludu-

1912 3548 2038 3602 bunt
2059 3562 2195 3601 eam.
2224 3545 2411 3601 Multa
2428 3546 2559 3615 ﬁlia:
2598 3556 2913 3617 congregant
2937 3546 3147 3602 diuitias
3173 3560 3192 3598 :
3221 3556 3279 3600 tu
3323 3562 3508 3617 super-

1910 3654 2087 3708 gressa
2107 3654 2162 3691 es
2182 3637 2473 3691 universas.
2503 3636 2767 3707 Sequitur
2807 3655 2822 3690 :

1984 3728 2176 3784 Omnia
2204 3745 2406 3800 quoque
2443 3746 2569 3783 vasa
2607 3729 2829 3784 convivii
2856 3729 2997 3799 regis
3036 3737 3189 3783 erant
3238 3742 3426 3792 aurea,
3453 3736 3504 3780 et

1909 3836 2034 3876 vasa
2053 3821 2242 3874 domus
2274 3819 2443 3874 saltus
2470 3819 2663 3874 Libani
2689 3837 2756 3874 ea:
2781 3836 2911 3874 auro
2954 3819 3259 3890 purissimo.
3304 3818 3506 3887 Argen-

1911 3920 2022 3966 tum
2043 3913 2181 3965 enim
2206 3912 2263 3964 in
2282 3910 2463 3965 diebus
2486 3910 2592 3966 illis
2613 3928 2708 3981 pro
2755 3910 2919 3965 nihilo
2960 3910 3319 3981 reputabatur.
3366 3908 3508 3965 Hinc

1912 4003 1965 4058 in
1992 4003 2196 4074 Regum
2224 4004 2300 4058 ita
2325 4004 2590 4074 scripturn
2632 4009 2758 4059 est:
2802 4000 2910 4057 Sed
2954 4011 3003 4055 et
3047 4001 3225 4055 omnia
3269 4018 3399 4055 vasa
3438 4001 3505 4055 de

1909 4097 2097 4171 quibus
2122 4099 2335 4169 potabat
2363 4114 2457 4153 rea:
2484 4096 2741 4154 Salomon
2772 4104 2921 4152 eram
2948 4112 3115 4150 aurea
3161 4104 3212 4149 et
3259 4095 3509 4150 universa

1908 4187 2176 4260 suppelleax
2223 4188 2410 4243 domus
2459 4186 2627 4243 saltus
2678 4186 2866 4241 Libani
2910 4186 2975 4240 de
3016 4201 3147 4240 auro
3193 4182 3502 4254 purissimo.

1913 4277 2035 4332 Non
2065 4287 2178 4332 erat
2207 4287 2478 4349 argentum
2504 4293 2595 4332 nec
2640 4276 2871 4347 alicujus
2908 4276 3063 4347 pretii
3108 4273 3396 4345 putabatur
3438 4273 3498 4329 in

1910 4371 2089 4426 diebus
2127 4370 2449 4427 Salomonis.
2483 4368 2680 4427 Omnia
2724 4384 2853 4425 vasa
2897 4383 3017 4438 qua:
3058 4366 3271 4438 paciﬁci
3320 4367 3497 4421 nostri

1912 4463 2217 4519 ministerio
2239 4462 2539 4534 {tanguntur
2565 4476 2732 4518 aurea
2763 4460 2916 4527 ﬁunt,
2946 4461 3075 4530 quia
3092 4474 3284 4514 omnes
3303 4458 3503 4515 anima

1912 4562 2224 4610 sanctorum
2255 4566 2376 4625 quae
2404 4560 2533 4609 sunt
2552 4567 2681 4607 vasa
2704 4552 2818 4617 Dei,
2850 4559 2912 4607 ut
2955 4550 3218 4606 voluntati
3250 4549 3504 4605 serviant

1910 4646 2142 4713 divinat,
2171 4645 2457 4718 splendore
2501 4647 2782 4717 sapientiae
2835 4653 2892 4702 et
2935 4642 3240 4701 dilectionis
3290 4641 3505 4715 fulgore

1911 4740 2148 4796 nitentes
2177 4741 2459 4796 continent
2484 4748 2670 4810 potum
2700 4753 2854 4808 aqua
2880 4739 3036 4804 vivae,
3066 4744 3123 4792 ct
3173 4735 3267 4791 ﬁet
3315 4735 3369 4789 in
3416 4736 3503 4791 eis

1910 4835 2031 4892 lbns
2057 4852 2212 4907 aqua:
2238 4836 2482 4891 salientis
2510 4836 2564 4890 in
2586 4836 2755 4890 vitam
2778 4845 3062 4890 aeternum.
3111 4832 3224 4889 Nec
3266 4830 3501 4902 alicujus

1908 4927 2069 4996 pretii
2101 4934 2383 4997 argentum
2405 4924 2698 4997 putabatur
2719 4925 2775 4980 in
2800 4925 2990 4980 diebus
3013 4924 3341 4991 Salomonis,
3367 4926 3500 4995 quia

1903 5018 2199 5074 secundum
2228 5017 2547 5088 Apostolum
2582 5033 2690 5073 non
2739 5026 2827 5074 est
2868 5019 2922 5073 in
2972 5034 3231 5074 sermone
3267 5033 3506 5088 regnum.

1903 5109 1999 5165 Dei
2025 5109 2121 5165 sed
2152 5109 2207 5164 in
2233 5108 2454 5174 virtute,
2480 5117 2536 5165 et
2588 5109 2903 5180 praedicatio
2952 5109 3232 5182 Evangelii
3282 5125 3394 5165 non
3437 5109 3497 5164 in

1901 5200 2350 5269 persuasibilibus
2396 5200 2650 5256 humanae
2679 5200 2960 5270 sapientia:
3000 5202 3183 5257 verbis
3221 5200 3495 5264 consistit,

1904 5288 1999 5344 sed
2026 5289 2079 5345 in
2104 5290 2414 5344 ostensione
2443 5288 2682 5360 Spiritus
2704 5298 2762 5346 et
2787 5291 3027 5347 virtutis.
3078 5291 3149 5347 Ut
3217 5292 3357 5346 ﬁdes
3397 5305 3497 5345 no-

1908 5388 2019 5434 stra
2057 5394 2164 5433 non
2196 5378 2268 5433 sit
2292 5378 2348 5433 in
2375 5379 2645 5449 sapientia
2689 5380 2968 5434 hominum
2996 5421 3011 5445 ,
3042 5380 3137 5438 sed
3183 5380 3245 5434 is
3285 5377 3492 5447 virtute

1909 5471 2025 5527 Dei.
2058 5470 2209 5527 Unde
2238 5471 2352 5542 ipsa
2406 5471 2617 5527 Veritas
2667 5472 2744 5526 ait
2780 5486 2797 5526 :
2836 5472 2962 5527 Non
3008 5471 3178 5525 omnis
3231 5469 3323 5539 qui
3366 5466 3503 5521 dicit

1910 5562 2057 5627 milli,
2086 5561 2327 5627 Domine,
2364 5560 2605 5625 Domine,
2634 5562 2848 5616 intrabit
2873 5563 2930 5615 in
2975 5575 3191 5622 regnum
3215 5556 3493 5619 oculorum,

1908 5657 1998 5710 sed
2024 5657 2113 5726 qui
2135 5656 2261 5725 facit
2290 5653 2607 5709 voluntatem
2637 5651 2814 5708 Patris
2840 5653 2961 5718 mei,
2990 5651 3085 5720 qui
3105 5651 3160 5703 in
3200 5645 3345 5704 etalio
3384 5654 3497 5713 est,

1913 5748 2019 5818 ipse
2079 5745 2295 5800 intrabit
2326 5745 2377 5800 in
2406 5760 2621 5815 regnum
2646 5743 2911 5799 celarunt.
2942 5741 3011 5797 Et
3055 5740 3185 5796 item
3211 5755 3226 5795 :
3259 5737 3371 5809 Qui
3394 5735 3501 5798 sol-
