3870 6146
350 323 457 382 Πθ

1001 317 1062 372 Β.
1100 311 1354 369 RABANI
1389 308 1609 368 MAURI
1646 303 1962 364 ARCHIEP.
2006 301 2319 360 MOGUNT.
2358 299 2643 359 OPERUM
2679 300 2860 358 PARS
2895 300 2936 355 Ι.

3509 305 3620 361 499

352 445 480 500 verit
503 457 665 497 unum
696 439 760 495 de
786 435 1048 493 mandatis
1067 434 1204 499 istis,
1230 441 1278 487 et
1298 430 1529 486 docuerit
1553 430 1628 484 sic
1675 428 1928 491 homines,
1957 430 2009 487 Λ
2037 418 2156 472 tur?
2181 417 2308 488 quia
2338 424 2395 472 et
2438 415 2647 488 Moyses
2694 416 2839 471 illam
2894 423 3216 486 accepturus
3257 415 3615 488 quadraginta

354 534 600 589 minimus
627 529 893 587 vocabitur
916 528 971 582 in
997 539 1156 596 regno
1182 523 1464 587 caelorum;
1488 521 1578 593 qui
1599 528 1773 575 autem
1795 518 1931 589 fece-

355 624 422 678 rit
450 633 497 677 et
519 620 774 684 docuerit,
792 618 874 671 hic
888 632 1107 687 magnus
1121 613 1389 670 vocabitur
1413 613 1468 665 in
1484 627 1641 681 regno
1662 608 1926 665 caelorum.

428 712 697 783 Siquidem
711 725 865 763 naves
891 707 1024 777 regis
1036 705 1179 759 ibant
1200 704 1256 758 in
1272 702 1485 758 Tharsis
1514 717 1632 756 cum
1656 701 1811 755 servis
1832 698 1933 753 Hi-

354 819 470 859 ram
495 801 650 856 semel
679 801 734 855 in
755 796 1104 853 annis‘tribus
1131 834 1146 860 ,
1176 804 1225 849 et
1270 791 1569 862 deferebant
1591 790 1711 845 inde
1739 804 1930 844 aurum

354 903 402 949 et
423 901 693 962 argentum
724 898 773 944 et
795 888 923 943 ebur
941 895 989 942 et
1015 885 1196 940 simias
1224 892 1274 939 et
1301 900 1481 954 pavos.
1513 881 1652 949 Quid
1677 890 1762 936 est
1787 880 1931 952 quod

353 986 495 1042 servi
524 981 831 1038 Salomonis
856 994 982 1035 cum
1011 977 1182 1033 servis
1219 974 1409 1030 Hiram
1432 973 1584 1029 ibant
1623 973 1677 1028 iu
1707 971 1933 1027 Tharsis

352 1075 520 1132 semel
549 1075 603 1129 in
632 1073 788 1127 annis
817 1070 1012 1136 tribus,
1041 1076 1097 1122 et
1126 1065 1441 1123 deferebant
1471 1065 1596 1121 inde
1639 1078 1830 1118 aurum
1877 1069 1935 1118 et

353 1175 637 1238 argentum
667 1205 683 1229 ,
716 1172 772 1220 et
817 1163 972 1225 ebur,
1025 1158 1130 1215 nisi
1172 1158 1317 1227 quod
1371 1157 1701 1225 Redemptor
1749 1163 1935 1210 noster

353 1256 626 1326 apostolos
658 1262 713 1310 et
756 1254 1007 1308 doctores
1047 1247 1323 1319 Evangelii
1367 1245 1435 1301 de
1460 1244 1656 1317 populo
1709 1242 1933 1299 Judaico

353 1362 476 1403 cum
526 1346 630 1401 illis
688 1338 1134 1415 praedicatoribus
1178 1356 1315 1412 quos
1376 1340 1444 1395 de
1489 1338 1644 1411 plebe
1689 1338 1932 1409 gentium

352 1438 537 1510 elegit,
571 1437 708 1491 trina
736 1435 1100 1500 confessione,
1131 1434 1226 1489 sed
1252 1449 1360 1488 una
1386 1431 1491 1487 ﬁde
1511 1430 1676 1486 mittit
1700 1429 1754 1485 in
1778 1445 1935 1484 mun-

352 1530 516 1585 dum?
563 1536 621 1582 ut
652 1529 780 1583 inde
822 1529 873 1582 ei
916 1526 1164 1583 deferant
1200 1526 1254 1581 in
1308 1525 1641 1580 credentium
1686 1523 1935 1593 personis

352 1636 543 1676 aurum
593 1620 892 1691 sapientiae,
947 1626 1229 1690 argentum
1291 1616 1648 1686 eloquentiae,
1693 1623 1752 1670 et
1798 1616 1934 1671 ebur

351 1712 659 1767 castitatis?
683 1709 912 1767 aﬁ‘erant
937 1709 1096 1765 simul
1116 1717 1172 1764 et
1192 1707 1378 1764 simias
1420 1716 1475 1763 et
1508 1721 1696 1776 pavos.
1749 1704 1921 1761 Simia

2032 509 2222 564 diebus
2238 506 2523 580 jejunavit,
2537 515 2591 564 et
2607 505 2836 577 populus
2859 506 3190 561 lsraeliticus
3226 506 3319 577 qui
3365 521 3466 577 per
3492 522 3620 562 eam

2033 601 2422 666 instruebatur,
2452 599 2809 670 quadraginta
2855 597 3013 653 annis
3055 597 3110 651 in
3160 612 3351 682 eremQ
3389 599 3615 653 mansit.

2030 690 2175 746 Bene
2206 704 2336 762 ergo
2365 704 2463 760 per
2486 687 2972 760 quadragenarium
2997 701 3281 741 numerum
3302 687 3426 757 equi
3456 686 3619 742 Salo-

2031 781 2209 835 monis
2233 788 2584 836 numerantur
2612 780 2665 834 in
2701 778 2929 834 stabulis
2956 776 3221 842 collocati,
3246 777 3372 847 quia
3412 778 3620 833 duritia

2030 867 2165 940 legis
2188 868 2388 925 veteris
2412 870 2707 924 constricta
2732 877 2893 938 atque
2919 868 3155 923 coercita
3177 867 3355 923 fuerat
3374 869 3621 923 insolen-

2032 960 2111 1015 tia
2132 959 2331 1030 prioris
2369 960 2570 1030 populi.
2598 959 2973 1014 Duodenarius
3008 974 3138 1013 vero
3176 973 3433 1013 numerus
3474 974 3622 1029 prte-

2032 1064 2159 1106 sens
2186 1058 2399 1121 tempus
2426 1049 2717 1122 signiﬁcat,
2750 1050 2806 1105 in
2836 1064 2945 1120 quo
2970 1050 3266 1119 apostolica
3314 1050 3618 1105 auctoritas

2031 1142 2369 1211 praesidendo
2408 1141 2619 1212 populis
2663 1141 2904 1213 gentium
2954 1141 3200 1196 doctrina
3242 1138 3376 1195 Novi
3423 1141 3619 1195 Testas

2032 1233 2202 1288 menti
2246 1232 2367 1288 illos
2406 1233 2599 1288 nutrit.
2656 1231 2760 1298 Qui
2806 1231 3071 1286 constituti
3111 1240 3260 1285 erant
3304 1231 3361 1283 in
3394 1230 3616 1284 urbibus

2031 1323 2412 1394 quadrigarum
2437 1364 2453 1388 ,
2490 1323 2593 1378 hoc
2634 1330 2719 1379 est
2741 1363 2758 1389 ,
2805 1322 2859 1376 in
2886 1321 3131 1377 custodia
3158 1319 3566 1390 disciplinarum
3597 1336 3613 1384 ;

2031 1423 2081 1468 et
2116 1413 2207 1467 ubi
2247 1421 2361 1467 erat
2404 1430 2496 1468 rex
2523 1414 2580 1467 in
2633 1410 2989 1476 Hierusalem,
3035 1410 3091 1464 in
3119 1409 3328 1465 visione
3359 1409 3617 1463 videlicet

2031 1504 2201 1574 pacis.
2257 1503 2537 1559 Distantize
2584 1503 2828 1559 locorum
2875 1500 3258 1557 discretionem
3316 1500 3620 1554 ostendunt

2031 1592 2392 1665 profectuum.
2434 1593 2528 1649 Sic
2568 1593 2713 1648 enim
2755 1592 2849 1663 qui
2877 1592 2933 1646 in
2973 1591 3201 1647 urbibus
3221 1590 3615 1661 quadrigarum

2031 1684 2314 1741 constituti
2357 1691 2533 1751 erant,
2580 1683 2701 1739 illos
2733 1683 3038 1756 signiﬁcant
3060 1682 3154 1753 qui
3190 1678 3423 1737 diversis
3448 1679 3618 1737 disci-

351 1805 494 1861 cnitn
516 1805 852 1876 ingeniosum
877 1812 961 1860 est
982 1802 1183 1859 animal
1205 1809 1261 1857 et
1280 1800 1515 1858 hominis
1530 1801 1583 1855 in
1605 1799 1926 1870 quibusdam

2037 1779 2191 1851 plinis
2219 1778 2476 1833 Ecclesiae
2502 1775 2703 1833 subditi
2728 1791 2827 1848 per
2850 1776 3139 1846 magistros
3184 1772 3500 1845 spirituales
3545 1773 3617 1828 ad

351 1896 596 1951 imitatur
620 1905 789 1951 actus.
842 1894 996 1963 Quod
1049 1910 1157 1951 non
1201 1893 1643 1949 inconvenienter
1687 1892 1927 1963 philoso-

350 1990 584 2059 phorum
613 2004 860 2061 persona:
884 2005 982 2061 per
1012 1988 1237 2060 ﬁguram
1264 1995 1502 2057 aptatur,
1518 1986 1613 2057 qui
1636 1986 1929 2043 rationabi-

349 2080 433 2135 les
460 2095 601 2135 verae
631 2080 909 2151 sapientia:
949 2079 1242 2152 aliquando
1287 2080 1571 2136 imitantur
1621 2095 1833 2147 sensus,
1873 2089 1931 2137 et

351 2174 408 2229 in
437 2172 736 2245 disciplinis
761 2173 874 2228 suis
911 2173 1135 2230 moralis
1169 2174 1295 2229 vitae
1343 2173 1601 2229 diﬁ'erunt
1650 2180 1824 2228 actus.
1862 2171 1928 2227 lii

350 2283 475 2326 cum
506 2285 605 2340 per
625 2270 1041 2340 praedicatorum
1074 2268 1352 2325 solertiam
1399 2269 1467 2323 ad
1517 2266 1680 2322 ﬁdem
1728 2266 1928 2323 Christi

349 2368 763 2426 convertuntur,
789 2369 1003 2431 gratum
1056 2374 1253 2415 munus
1302 2373 1434 2414 vero
1476 2367 1637 2413 erunt
1678 2355 1926 2427 paciﬁca.

349 2450 616 2509 Similiter
640 2461 696 2508 et
718 2468 960 2523 pavones
981 2492 997 2519 ,
1027 2453 1117 2522 qui
1162 2453 1428 2507 varietate
1471 2452 1718 2507 colorum
1764 2465 1929 2522 quam

349 2540 408 2598 in
435 2544 628 2612 pennis
650 2543 961 2608 ostendunt,
985 2542 1106 2598 illos
1139 2550 1366 2611 possunt
1391 2541 1719 2612 signiﬁcare,
1747 2539 1837 2610 qui
1861 2541 1931 2596 ob

348 2630 565 2688 laudem
579 2633 869 2688 humanam
890 2632 1099 2702 species
1118 2631 1392 2687 variarum
1405 2631 1663 2685 virtutum
1681 2628 1735 2684 in
1753 2643 1932 2699 super-

349 2720 505 2778 ﬁcies
523 2723 838 2789 ostendunt,
855 2724 950 2779 sed
961 2722 1017 2778 hi
1033 2738 1157 2779 cum
1178 2723 1458 2778 doctorum
1479 2721 1815 2776 studiointus
1835 2735 1934 2790 per

350 2813 513 2872 ﬁdem
540 2814 820 2873 reformati
842 2832 936 2873 eas
956 2816 1123 2874 solius
1144 2817 1238 2873 Dei
1263 2830 1448 2872 amore
1471 2830 1661 2887 gerere
1697 2815 1932 2880 discunt,

352 2919 482 2966 tunc
496 2908 609 2979 jam
640 2910 829 2965 aeterni
857 2910 999 2982 regis
1031 2909 1244 2966 deliciis
1279 2925 1377 2981 per
1402 2909 1584 2965 omnia
1628 2906 1740 2978 apti
1785 2915 1930 2963 sunt.

423 3002 801 3075 Magniﬁcatus
824 3012 899 3059 est
929 3018 1052 3074 ergo
1078 3001 1329 3058 Salomon
1364 3019 1523 3073 super
1565 3017 1741 3056 omnes
1790 3017 1934 3072 reges

351 3102 508 3149 terrce
526 3110 637 3165 prie
660 3092 858 3150 divitiis
883 3103 933 3148 et
958 3093 1150 3165 gloria,
1178 3108 1457 3165 omnesque
1486 3109 1629 3164 reges
1659 3102 1927 3146 terrarum

351 3184 719 3240 desiderabant
770 3185 958 3255 faciem
990 3180 1289 3238 Salomonis
1333 3183 1536 3247 uidere,
1579 3190 1636 3235 ut
1668 3180 1929 3235 'audirent

351 3275 665 3345 sapientiam
693 3290 852 3345 quam
872 3273 1086 3328 dederat
1111 3272 1254 3327 Deus
1280 3272 1336 3327 in
1363 3272 1520 3326 corde
1541 3271 1678 3341 ejus,
1704 3278 1754 3325 et
1784 3270 1930 3340 defe-

354 3366 535 3421 rebant
564 3382 611 3420 ei
636 3380 880 3432 munera,
909 3373 1014 3420 etc.
1056 3365 1201 3420 Bene
1248 3378 1379 3435 ergo
1415 3363 1617 3418 dictum
1664 3370 1751 3418 est
1790 3362 1935 3432 quod

354 3453 734 3527 magniﬁcatus
767 3453 840 3510 sit
859 3470 957 3510 rex
986 3469 1150 3525 super
1173 3469 1364 3509 omnes
1391 3468 1547 3523 rcges
1569 3459 1729 3507 terrae
1755 3492 1771 3517 ,
1806 3450 1933 3521 quia

353 3545 616 3618 paciﬁcus
641 3552 827 3601 noster
855 3558 1019 3616 super
1040 3560 1254 3600 onmem
1290 3542 1668 3600 celsitudinem
1725 3552 1941 3597 sancto-

355 3655 498 3705 rum,
530 3637 622 3709 qui
644 3654 773 3695 vere
797 3652 953 3708 reges
990 3638 1244 3693 dicuntur
1275 3635 1563 3698 exaltatur,
1597 3642 1653 3688 et
1684 3633 1863 3687 nullus
1883 3633 1934 3689 ei

355 3727 621 3800 comquari
644 3735 842 3798 potest,
875 3726 1129 3799 quoniam
1156 3727 1278 3796 quis
1319 3726 1374 3780 in
1423 3724 1656 3779 nubibus
1685 3722 1933 3787 Domino,

354 3828 451 3875 aut
478 3820 602 3891 quis
630 3819 824 3875 similis
848 3819 955 3875 erit
980 3819 1125 3874 inter
1145 3818 1285 3872 ﬁlios
1312 3816 1447 3872 Dei?
1474 3815 1642 3880 Deus,
1668 3813 1758 3884 qui
1774 3814 1937 3887 glori-

356 3912 552 3967 ticatur
578 3911 634 3965 in
662 3909 904 3965 consiliis
925 3923 1037 3965 sua:
1061 3906 1381 3976 maiestatis,
1410 3915 1466 3962 et
1491 3904 1813 3961 metuendus
1837 3920 1933 3960 su-

354 4018 454 4074 per
468 4002 648 4058 omnia
676 4017 796 4074 quae
819 4002 875 4057 in
903 4000 1133 4057 circuitu
1154 3998 1272 4070 ejus
1292 4006 1439 4055 sunt.
1465 3998 1534 4053 Et
1559 3997 1688 4052 item
1712 4010 1938 4065 magnus

358 4092 622 4149 Dominus
643 4099 830 4148 noster
854 4100 909 4148 et
936 4106 1129 4163 magna
1157 4090 1331 4146 virtus
1374 4089 1491 4159 ejus
1514 4127 1531 4153 ,
1558 4094 1613 4143 et
1659 4086 1938 4156 sapientiae

356 4181 475 4252 ejus
497 4196 604 4236 non
629 4187 715 4237 est
748 4195 1028 4235 numerus.
1077 4179 1231 4236 Unde
1278 4185 1334 4234 et
1377 4175 1615 4232 Joannes
1655 4174 1791 4230 dicit
1822 4192 1836 4225 :
1867 4173 1939 4228 Et

357 4272 580 4329 uidimus
606 4269 829 4341 gloriam
850 4270 965 4341 ejus
992 4268 1213 4340 gloriam
1241 4267 1391 4340 quasi
1418 4264 1673 4336 unigeniti
1695 4282 1728 4318 a
1750 4262 1936 4330 Patre,

356 4364 567 4436 plenum
596 4365 772 4436 gratia
799 4372 847 4419 et
875 4361 1108 4417 veritate.
1136 4358 1205 4415 Et
1230 4360 1483 4415 universa
1532 4365 1679 4413 terra
1725 4355 1939 4411 deside-

357 4466 447 4512 rat
464 4457 651 4513 videre
679 4456 886 4511 vultum
918 4454 1062 4526 regis
1083 4452 1276 4517 nostri,
1303 4450 1430 4520 quia
1461 4448 1714 4505 universa
1742 4445 1935 4503 Eccle-
1961 4472 2017 4533 Β

359 4549 440 4605 sia
460 4555 775 4604 sanctorum
826 4545 932 4601 hoc
961 4541 1302 4600 solummodo
1340 4539 1562 4610 appetit,
1590 4544 1651 4593 ut
1697 4536 1764 4591 ad
1809 4551 1940 4591 con-

356 4650 603 4713 spectum
633 4638 817 4710 gloriae
846 4637 964 4706 ejus
986 4632 1305 4705 perveniat,
1346 4630 1433 4686 cui
1474 4643 1574 4699 per
1620 4627 1939 4697 prophetam

357 4735 559 4790 dicitur
583 4751 595 4787 :
620 4731 735 4786 Tibi
760 4729 895 4784 dixit
920 4744 1011 4783 cor
1031 4741 1225 4790 meum,
1245 4721 1516 4794 exquisivit
1537 4730 1586 4775 te
1609 4720 1771 4791 facies
1787 4736 1939 4786 mea;

360 4828 551 4900 faciem
590 4835 760 4892 tuam,
789 4821 1030 4887 Domine,
1056 4817 1336 4889 requiram.
1368 4814 1437 4869 Et
1465 4812 1591 4869 alibi
1619 4830 1632 4867 :
1661 4810 1812 4868 Sicut
1831 4828 1941 4866 cer-

360 4934 481 4984 uus,
507 4917 700 4987 inquit,
738 4912 1000 4969 desiderat
1023 4909 1092 4964 ad
1128 4908 1295 4979 fontes
1324 4920 1605 4976 aquarum,
1633 4903 1709 4956 ita
1737 4901 1942 4956 deside-

363 5022 447 5066 rat
475 5010 653 5062 anima
677 5023 792 5060 mea
813 5004 883 5059 ad
905 5013 975 5069 te,
1003 5002 1164 5057 Deus.
1188 4998 1256 5054 Et
1268 4995 1465 5068 singuli
1486 4993 1733 5050 deferent
1753 4992 1803 5047 ei
1823 5007 1942 5047 mu—

364 5118 519 5168 nera,
550 5101 677 5157 dum
702 5095 1074 5166 unusquisque
1097 5090 1394 5149 secundum
1425 5087 1479 5143 id
1504 5085 1647 5157 quod
1667 5084 1810 5139 vires
1838 5082 1941 5138 sibi

364 5199 674 5266 suppetunt,
716 5190 773 5244 in
818 5187 988 5244 verbo
1037 5199 1135 5242 seu
1179 5181 1341 5239 lactis
1382 5177 1704 5250 obsequium
1760 5174 1944 5230 studet

363 5294 624 5363 praestare
651 5283 783 5338 Deo.

440 5379 642 5436 Habuit
665 5390 869 5449 quoque
891 5371 1144 5430 Salomon
1184 5367 1539 5441 quadraginta
1577 5357 1747 5449 millia
1788 5372 1947 5449 equo-

368 5489 485 5531 rum
513 5472 570 5527 in
612 5446 832 5526 stabulis
856 5508 871 5533 ,
914 5475 962 5522 et
1002 5476 1255 5519 curruum
1298 5456 1630 5527 equitumque
1670 5446 1947 5502 duodecim

366 5563 556 5629 millia,
591 5560 959 5630 constituitque
1006 5570 1094 5609 eos
1123 5553 1180 5606 in
1205 5547 1418 5605 urbibus
1458 5539 1836 5630 quadrigarum
1862 5574 1877 5600 ,
1897 5542 1947 5588 et

371 5653 461 5708 ubi
490 5625 605 5708 erat
639 5667 731 5705 rex
781 5649 838 5703 in
868 5625 1222 5702 Hierusalem.
1272 5633 1410 5704 Quid
1437 5647 1534 5705 per
1574 5625 1947 5699 quadragena-

375 5745 518 5800 riqu
541 5757 824 5799 numerum
852 5739 955 5797 nisi
981 5728 1382 5805 temporalcgis
1426 5724 1619 5796 priscae
1663 5718 1945 5791 designan-

2032 1885 2178 1927 verae
2204 1869 2484 1940 religionis
2506 1866 2905 1923 observantiam
2929 1863 3250 1920 erudiuntur
3277 1881 3291 1916 :
3322 1862 3399 1917 ita
3422 1861 3500 1917 illi
3521 1862 3619 1932 qui

2028 1961 2141 2033 jam
2191 1960 2390 2015 eruditi
2438 1958 2586 2014 omni
2624 1957 2868 2014 doctrina
2892 1955 3150 2010 virtutum
3175 1994 3191 2021 ,
3227 1953 3443 2009 habiles
3484 1959 3618 2008 sunt

2032 2053 2155 2109 usui
2184 2054 2328 2124 regis
2356 2050 2622 2116 caelestis,
2651 2050 3000 2120 praesentiam
3029 2045 3144 2100 veri
3183 2043 3397 2115 paciﬁci
3431 2051 3489 2098 et
3535 2042 3617 2098 vi-

2033 2148 2311 2204 cinitatem
2362 2147 2566 2202 habere
2616 2153 2899 2200 merentur
2922 2184 2939 2209 ,
2984 2142 3051 2198 de
3101 2141 3297 2212 quibus
3348 2140 3615 2210 scriptum

2031 2244 2156 2293 est:
2190 2234 2391 2291 Currus
2427 2235 2523 2290 Dei
2559 2236 2736 2289 decem
2783 2232 3013 2287 millibus
3066 2229 3340 2301 multiplex
3362 2271 3378 2295 ,
3447 2230 3618 2284 millia

2033 2328 2344 2393 innantium,
2386 2327 2645 2383 Dominus
2705 2327 2761 2380 in
2813 2325 2936 2380 illis.
3009 2325 3078 2379 Et
3125 2323 3249 2378 alibi
3288 2340 3301 2376 ;
3348 2322 3615 2388 Quoniam

2034 2419 2317 2477 ascendam
2341 2418 2588 2473 ascendes
2613 2434 2769 2488 super
2790 2432 2947 2487 equos
2976 2425 3091 2469 tuos
3122 2424 3168 2469 et
3200 2414 3465 2484 equitatus
3494 2422 3618 2466 tuus

2033 2506 2253 2560 sanitas.
2305 2501 2470 2571 Cujus
2492 2503 2764 2572 equitatus
2793 2501 2964 2572 ﬁgura
2998 2501 3165 2555 etiam
3189 2499 3347 2570 juxta
3374 2498 3617 2554 litteram

2034 2597 2090 2651 in
2112 2579 2340 2651 Domino
2355 2602 2655 2651 monstrata
2675 2601 2779 2657 est,
2797 2608 2919 2648 cum
2935 2590 3363 2662 Hierosolymam
3387 2590 3618 2646 tendens

2035 2688 2260 2746 sedebat
2285 2688 2340 2742 in
2368 2686 2542 2752 asino,
2578 2684 2989 2741 concinentibus
3038 2681 3207 2737 turbis
3246 2697 3367 2752 quae
3396 2690 3619 2737 suum

2035 2781 2235 2837 debant
2255 2787 2310 2835 et
2344 2794 2464 2849 quae
2506 2777 2891 2849 sequebantur,
2926 2785 2982 2830 et
3020 2789 3142 2846 quae
3185 2775 3399 2831 obviam
3428 2775 3617 2831 venie—

2035 2873 2168 2929 bant
2199 2887 2215 2927 :
2243 2870 2521 2938 Hosanna,
2553 2870 2850 2924 benedictus
2881 2868 2974 2939 qui
3011 2868 3151 2921 venit
3172 2866 3230 2921 in
3270 2866 3482 2921 nomine
3510 2865 3623 2921 Do-

2036 2965 2187 3018 mini.
2230 2964 2288 3018 ln
2341 2977 2448 3032 qua
2486 2960 2817 3030 equitatione
2872 2958 3078 3025 sanitas
3120 2955 3454 3011 resonabat:
3490 2955 3619 3027 quia

2037 3056 2296 3111 nimirum
2322 3054 2536 3109 illorum
2568 3052 2674 3107 iter
2702 3049 2983 3122 spirituale
3015 3048 3354 3119 signabatur,
3384 3047 3479 3117 qui
3516 3045 3621 3102 Do-

1956 3131 2002 3195 Ο
2033 3149 2181 3204 mino
2206 3149 2342 3204 duce
2368 3161 2467 3217 per
2490 3144 2763 3215 apostolos
2785 3142 2852 3197 ad
2885 3139 3002 3209 ejus
3027 3155 3148 3211 quas
3177 3154 3395 3194 sursum
3423 3146 3511 3193 est
3533 3135 3622 3192 Je-

2034 3238 2291 3305 rusalem,
2319 3251 2440 3310 quae
2467 3244 2550 3292 est
2582 3244 2757 3289 mater
2776 3232 3017 3288 omnium
3041 3237 3310 3295 nostrum,
3332 3242 3501 3298 regna
3524 3228 3623 3283 du-

2034 3342 2253 3390 cuntur.

2105 3422 2358 3478 Exercuit
2399 3422 2556 3477 etiam
2596 3425 2897 3490 potestatem
2941 3431 3099 3486 super
3149 3421 3362 3467 cunctos
3410 3425 3558 3481 reges
3587 3426 3621 3463 a

2034 3516 2197 3588 ﬂuvio
2228 3514 2497 3584 Euphrate
2521 3527 2686 3583 usque
2723 3509 2792 3562 ad
2836 3519 3031 3562 terram
3072 3503 3541 3567 Philistlzinorum,
3569 3510 3619 3555 et

2035 3625 2197 3681 usque
2219 3607 2287 3662 ad
2322 3606 2567 3661 terminos
2593 3602 2832 3673 Egypti.
2865 3599 3141 3668 Scriptum
3168 3603 3255 3651 est
3277 3595 3345 3650 de
3369 3593 3484 3648 veri
3515 3591 3619 3648 Sa-

2036 3700 2289 3766 lomonis,
2316 3700 2422 3754 hoc
2448 3705 2554 3762 est,
2586 3694 2795 3767 paciﬁci
2825 3690 3017 3747 'nostri
3056 3702 3224 3760 regno
3272 3693 3330 3743 et
3376 3684 3625 3741 domina-

2036 3792 2183 3848 tione
2231 3791 2286 3845 in
2340 3787 2581 3858 psalmis.
2637 3785 2739 3841 Ubi
2766 3783 2963 3839 dicitur
2990 3798 3001 3835 :
3028 3778 3351 3833 Dominatur
3405 3792 3441 3828 a
3484 3774 3627 3828 mari

2036 3898 2198 3952 usque
2226 3879 2295 3934 ad
2342 3893 2509 3943 mare,
2540 3885 2589 3929 et
2617 3891 2650 3928 a
2677 3872 2891 3943 ﬂumine
2917 3884 3080 3939 usque
3109 3866 3177 3921 ad
3205 3863 3453 3919 terminos
3482 3860 3626 3916 orbis

2036 3968 2483 4041 terrarum(Psal.
2518 3964 2687 4037 uxr).
2713 3962 2859 4018 Istud
2889 3967 3071 4015 autem
3102 3956 3171 4013 ad
3193 3955 3545 4011 Salomoncm
3564 3952 3628 4007 ﬁ-

2036 4064 2167 4119 lium
2200 4061 2367 4118 David
2403 4058 2653 4115 omnibus
2675 4052 2849 4112 modis
2875 4067 2982 4107 non
3004 4055 3184 4121 potest
3211 4045 3509 4117 pertinere,
3531 4042 3624 4113 qui

2036 4160 2246 4207 tantum
2298 4150 2351 4203 in
2382 4154 2538 4219 gente
2556 4144 2740 4200 Iudaea
2759 4156 2852 4198 rex
2880 4140 3048 4195 fuisse
3073 4134 3439 4207 cognoscitur.
3471 4132 3622 4188 Mare

2035 4243 2178 4299 enim
2205 4240 2479 4298 Oceanum
2500 4236 2761 4292 debemus
2782 4235 3065 4289 advertere
3110 4228 3203 4299 qui
3232 4241 3417 4281 aream
3456 4225 3623 4280 totius

2037 4342 2218 4398 terra},
2248 4330 2389 4385 sicut
2431 4325 2648 4398 quidam
2690 4324 2897 4387 dicunt,
2924 4320 3090 4375 limbo
3132 4332 3232 4373 suo
3264 4317 3470 4371 circum
3502 4329 3625 4368 am.

2038 4424 2194 4481 biens
2231 4420 2476 4478 includit.
2514 4418 2652 4473 Nam
2695 4417 2741 4471 si
2785 4414 2955 4470 maria
3008 4412 3113 4467 ista
3141 4416 3327 4464 nostra
3357 4405 3494 4460 velis
3542 4405 3624 4459 in-

2042 4514 2319 4585 telligere,
2370 4510 2536 4565 totius
2584 4506 2770 4562 mundi
2799 4503 3061 4559 ambitum
3115 4512 3276 4567 quem
3324 4509 3491 4549 verus
3522 4493 3625 4548 iste

2038 4583 2308 4678 signiﬁcat
2336 4618 2443 4658 non
2473 4597 2789 4671 prmvalebis
2815 4594 3119 4649 advertere.
3151 4587 3409 4658 Sequitur
3442 4601 3458 4638 :
3495 4583 3565 4637 Et
3590 4600 3623 4636 a

2039 4675 2254 4774 ﬂumine
2280 4713 2444 4769 usque
2487 4693 2555 4747 ad
2583 4691 2831 4746 terminos
2875 4685 3016 4740 orbis
3055 4691 3335 4737 terrarum.
3387 4675 3624 4731 Pulchra

2039 4773 2256 4862 quidem
2286 4786 2545 4850 brevitas,
2562 4781 2658 4838 sed
2676 4776 2915 4848 ingentia
2939 4773 3097 4829 nobis
3120 4773 3464 4825 sacramenta
3492 4778 3621 4834 pro—

2041 4861 2202 4941 ludit.
2233 4882 2278 4936 A
2319 4880 2565 4953 ﬂumine,
2604 4890 2635 4928 a
2684 4871 2920 4927 Jordane
2946 4866 3115 4930 dicit,
3145 4861 3291 4953 unde
3319 4872 3426 4953 per
3446 4865 3623 4953 totum

2041 4980 2231 5036 orbem
2251 4947 2519 5030 terrarum
2541 4964 2893 5024 saluberrime
2918 4957 3101 5029 regula
3120 4952 3262 5009 sacri
3282 4947 3624 5019 baptismatis

2045 5074 2279 5127 emanat.
2317 5062 2636 5119 Dominatur
2675 5069 2804 5126 ergo
2857 5066 2955 5107 rex
2994 5054 3175 5103 noster
3205 5056 3372 5114 super
3396 5047 3623 5095 cunctos

2045 5174 2220 5232 reges,
2265 5155 2371 5212 hoc
2402 5160 2488 5208 est
2512 5163 2676 5221 super
2703 5144 2985 5200 universos
3009 5137 3100 5208 qui
3150 5141 3300 5191 recte
3338 5127 3623 5232 regiminis

2045 5219 2307 5310 exbrc'ent
2356 5219 2681 5317 potestatem
2704 5278 2720 5304 ,
2750 5253 2783 5291 a
2821 5233 2980 5305 ﬂuvio
3018 5228 3290 5299 Euphrate
3325 5222 3420 5292 qui
3455 5219 3624 5317 inter-
3690 5272 3710 5293 χ

2044 5352 2291 5417 pretatur
2323 5309 2544 5412 frugifer
2570 5334 2685 5390 sive
2703 5342 2957 5390 crescens,
3169 5318 3239 5373 ad

2044 5402 2398 5495 listhinorum,
2412 5402 2480 5483 vid
2499 5431 2604 5491 est,
2623 5419 2910 5492 dupliciter
2927 5412 3233 5471 cadentium
3256 5424 3272 5463 :
3292 5402 3620 5495 Philistbiim

2046 5528 2190 5586 enim
2220 5492 2604 5591 interpretatur
2634 5515 2790 5569 ruina
2817 5507 3010 5579 duplex
3040 5520 3059 5558 :
3087 5515 3211 5558 cum
3254 5513 3357 5591 per
3378 5492 3622 5591 _oblivio-

2048 5584 2172 5676 nem
2210 5584 2554 5688 peccatorum
2587 5606 2656 5662 ab
2689 5599 3032 5659 inchoatione
3062 5593 3146 5649 sui
3175 5593 3230 5647 in
3263 5584 3622 5687 Jordaneba—

2048 5676 2319 5787 ptismatis
2351 5718 2521 5776 usque
2567 5699 2635 5756 ad
2679 5691 3085 5754 conversionem
3113 5683 3356 5743 omnium
3387 5676 3618 5752 gentium
