3870 6146
233 241 321 296 481

1144 236 1497 295 COMMENT.
1539 236 1607 293 IN
1645 234 2200 293 PARALIPOMENA.
2239 267 2311 278 -—
2348 235 2475 292 LIB.
2516 237 2604 293 Ill.

3391 244 3501 301 88⁸3

232 355 291 415 ad
338 350 498 406 ﬁdem
524 391 544 413 .
569 349 711 421 .ejus
749 347 1017 404 redundat
1056 350 1229 420 gratia
1271 349 1553 420 potestatis
1587 367 1599 400 :
1635 357 1692 404 ut
1718 349 1809 406 ubi
1834 356 1883 416 Α
1912 349 2064 416 lium,
2107 348 2235 420 quia
2270 365 2364 406 eos
2395 349 2488 420 qui
2539 361 2753 405 terrena
2796 359 3112 422 appetentes
3138 354 3196 409 ln
3226 361 3397 411 altum
3437 373 3501 413 se

233 445 471 503 deﬂuxus
497 442 602 497 fuit
629 441 933 497 carnalium
961 440 1370 507 desideriorum,
1400 442 1472 496 ibi
1508 440 1817 497 stabiliatur

234 538 495 593 bonorum
524 549 749 605 germen
778 533 1058 596 virtutum,
1108 540 1168 585 ut
1212 532 1302 586 ubi
1354 540 1464 586 tam
1513 531 1816 587 idololatria

234 644 390 699 quam
420 626 587 681 etiam
616 624 847 680 scelesta
891 624 1308 680 conversatione
1351 623 1581 694 duplex‘
1595 623 1817 696 populo-

236 735 347 773 rum
382 716 485 771 fuit
525 717 727 789 ruina;
769 715 842 769 ibi
886 729 986 784 per
1033 714 1431 770 confessionem
1481 724 1644 769 rectae
1690 713 1816 769 ﬁdei

236 824 290 863 ac
325 807 534 863 cultum
562 822 708 861 verte
733 805 974 876 pietatis,
1026 807 1094 860 ad
1125 805 1348 861 caeleste
1411 821 1635 876 regnum
1685 804 1816 862 ﬁde-

237 899 355 953 lium
402 905 662 970 exsurgat
703 897 832 950 vita.
876 896 1146 968 Pertingit
1191 896 1355 952 etiam
1403 904 1645 965 potestas
1698 894 1816 964 ejus

236 1004 385 1059 usque
414 988 486 1040 ad
512 988 763 1041 terminos
798 984 1043 1057 Egypti,
1071 987 1176 1041 hoc
1196 995 1279 1041 est
1303 1027 1319 1051 ,
1350 1001 1523 1055 usque
1557 987 1623 1041 ad
1662 994 1814 1042 tene-

234 1079 416 1133 brosas
452 1085 665 1131 mentes
707 1075 1002 1130 inﬁdelium
1029 1116 1043 1140 ,
1073 1090 1211 1146 quas
1248 1076 1318 1131 ab
1362 1091 1549 1153 errore
1592 1091 1816 1132 conver-
1860 1102 1869 1125 ι

236 1178 345 1224 tens
375 1169 581 1222 lumine
618 1183 730 1223 sum
779 1167 948 1237 replet
986 1166 1132 1221 ﬁdei.
1179 1167 1308 1221 lude
1338 1176 1422 1221 est
1451 1168 1595 1238 quod
1624 1181 1817 1223 conse-

238 1269 458 1332 quenter
484 1276 650 1330 supra
700 1268 1002 1314 memorato
1049 1260 1229 1314 versui
1265 1261 1529 1331 propheta
1572 1261 1816 1315 annectit

237 1351 410 1407 dicens
450 1372 465 1404 z
509 1348 701 1405 Coram
748 1349 828 1403 illi
879 1348 1151 1420 procidant
1187 1349 1486 1421 zEthiopes,
1528 1360 1578 1405 et
1614 1351 1814 1405 inimici

236 1444 337 1514 ejus
376 1440 577 1497 terram
626 1441 844 1513 lingenl.
898 1441 1186 1512 Aithiopes
1223 1451 1539 1512 peccatores
1588 1444 1815 1515 populos

236 1537 487 1591 debemus
525 1535 827 1590 advertere.
865 1535 1002 1589 Nam
1033 1536 1175 1589 sicut
1202 1535 1278 1589 illi
1332 1536 1613 1592 teterrimo
1666 1538 1810 1593 corio

233 1626 550 1689 vestiuntur,
600 1624 673 1678 ita
713 1625 909 1679 animae
948 1625 1376 1695 delinquentium
1405 1625 1673 1681 scelerum
1719 1628 1815 1682 ob-

1915 441 2122 513 erigcre
2144 455 2252 496 non
2276 441 2550 506 valebant,
2576 442 2642 496 ad
2671 441 3055 498 fecunditatem
3078 445 3346 500 bonorum
3370 461 3500 515 ope-

1915 547 2036 586 rum
2092 539 2147 587 et
2197 531 2575 588 celsitudinem
2612 533 2856 602 pervexit
2907 534 3189 590 virtutum.
3252 536 3501 592 Diximus

1915 626 2185 695 superius,
2216 634 2272 681 et
2297 640 2441 698 nunc
2468 626 2658 681 eadem
2680 627 3151 681 commemorando
3177 628 3494 698 repetimus,

1916 719 2059 785 quod
2080 716 2275 771 cedrus
2298 696 2462 771 a'rbor
2480 725 2564 771 est
2581 717 3033 787 incomputribilis
3059 696 3288 783 naturae,
3312 718 3497 775 odoris

1908 807 2149 877 jucundi,
2189 814 2439 876 aspectus
2488 806 2667 872 nitidi,
2711 816 2993 877 serpentes
3030 822 3260 863 accensa
3306 808 3496 864 nidore

1916 896 2107 970 fugans
2130 913 2193 953 ac
2222 898 2496 968 perimens
2530 914 2542 951 :
2570 913 2690 967 qum
2718 898 2971 952 universa
3003 897 3256 968 perlectis
3277 900 3498 968 quibus-

1916 1005 2020 1059 que
2044 991 2389 1054 conveniunt,
2424 1004 2654 1059 quorum
2692 988 3070 1059 insuperabilis
3096 998 3182 1044 est
3212 991 3493 1060 patientia,

1916 1079 2062 1134 fama
2088 1079 2345 1134 virtutum
2372 1080 2589 1141 eximia,
2622 1079 2908 1148 praesentia
2951 1081 3160 1134 cunctis
3190 1080 3496 1151 gratissima

1914 1173 2094 1239 bonis,
2119 1172 2419 1227 auctoritas
2445 1173 2513 1226 ad
2537 1172 2890 1227 revincendos
2917 1170 3381 1244 confutandosque
3400 1190 3495 1229 eos

1915 1263 2008 1332 qui
2033 1263 2246 1317 veritati
2276 1263 2539 1317 resistunt
2581 1261 3044 1325 constantissime,
3071 1262 3165 1331 qui
3199 1271 3253 1317 et
3299 1264 3355 1316 in
3390 1263 3494 1319 hac

1915 1353 2045 1418 vita,
2074 1361 2129 1407 et
2159 1352 2213 1406 in
2243 1351 2424 1406 futura
2465 1351 2725 1423 singulari
2754 1367 2866 1422 pra:
2891 1352 3104 1407 eaateris
3132 1353 3337 1409 sanctis
3362 1353 3498 1409 emi-

1915 1442 2100 1497 nentia
2126 1440 2332 1511 fulgent

1993 1533 2214 1604 Reliqua
2243 1543 2417 1587 autem
2436 1550 2647 1603 operum
2671 1531 2969 1588 Salomonis
2989 1534 3225 1604 priorum
3251 1542 3298 1588 et
3328 1536 3499 1591 novis-

1915 1627 2187 1693 simorum,
2212 1627 2407 1697 scripta
2455 1637 2575 1681 sunt
2614 1630 2668 1681 in
2702 1629 2866 1683 verbis
2896 1628 3113 1683 Natlmn
3136 1630 3419 1700 prophetaz,
3449 1638 3497 1683 et

235 1719 489 1774 scuritate
533 1718 907 1773 tenebrantur.
940 1720 1077 1791 Ergo
1112 1719 1200 1773 isti
1230 1717 1538 1787 Ethiopes,
1569 1719 1661 1789 qui
1684 1727 1812 1774 sunt
1840 1734 1888 1793 Β
1916 1717 1971 1769 in
2000 1716 2148 1770 libris
2196 1715 2346 1769 Ahlaz
2378 1716 2638 1783 Silonitis,
2666 1718 2722 1771 in
2751 1719 2949 1773 visione
2992 1734 3195 1790 quoque
3240 1718 3392 1772 Addo
3424 1719 3501 1772 vi-

233 1818 565 1879 peecatores,
596 1816 723 1864 ante
752 1808 900 1864 illum
941 1809 1250 1879 procidunt,
1282 1809 1498 1878 quando
1532 1825 1589 1865 se
1632 1810 1810 1880 paeni—

237 1901 408 1955 tentia:
460 1900 739 1954 humiliter
776 1908 1149 1969 prosternunt.
1206 1898 1416 1969 Adjecit
1448 1918 1460 1953 :
1498 1899 1562 1953 Et
1610 1900 1812 1954 inimici

234 1990 336 2060 ejus
380 2001 578 2045 terram
621 1990 836 2062 lingent.
874 1990 1000 2047 Illos
1038 1992 1236 2062 quibus
1285 2000 1369 2069 est
1404 1992 1617 2046 Domini
1652 1992 1815 2048 mise-

236 2079 437 2134 ratione
461 2080 795 2150 parcendum
823 2095 1010 2135 coram
1052 2082 1172 2151 ipso
1217 2080 1501 2152 procidere
1531 2082 1692 2147 dixit,
1722 2082 1813 2137 isti

233 2179 407 2226 autem
446 2169 617 2227 Judzei
662 2173 969 2243 pertinaces
999 2173 1203 2229 inimici
1233 2174 1598 2239 nominantur,
1632 2174 1725 2244 qui
1757 2175 1812 2229 in

233 2274 320 2315 sua
365 2261 736 2317 obstinatione
788 2263 1034 2319 mansuri
1089 2271 1236 2319 sunt.
1285 2263 1417 2331 Quae
1444 2280 1575 2335 ergo
1601 2264 1707 2320 illis
1729 2274 1814 2322 est

232 2352 431 2420 plena?
477 2350 693 2406 Terram
736 2351 931 2424 lingent
959 2394 974 2419 ,
1005 2353 1056 2408 id
1086 2361 1190 2420 est,
1224 2362 1423 2409 terram
1457 2355 1687 2424 sapient,
1709 2355 1813 2411 hoc

232 2442 368 2497 enim
400 2443 547 2513 sapit
575 2444 868 2514 unicuique
897 2445 1041 2515 quod
1068 2445 1225 2516 lingit
1250 2486 1265 2511 ,
1290 2445 1565 2515 quibusin
1590 2447 1811 2501 modum

231 2536 496 2607 serpentis
538 2536 738 2592 humus
786 2548 870 2592 est
911 2552 1037 2592 esca
1088 2538 1337 2608 poenalis.
1392 2539 1507 2594 lloc
1541 2540 1610 2594 ad
1636 2540 1811 2596 humi-

231 2622 431 2683 litatem
470 2626 640 2698 ipsius
667 2628 814 2699 juste
852 2628 1082 2684 dicimus
1126 2628 1469 2685 referendum
1498 2671 1513 2697 ,
1553 2631 1810 2700 quoniam

232 2716 317 2786 qui
354 2716 632 2773 Christum
685 2719 974 2774 Dominum
1023 2720 1246 2777 credere
1289 2720 1578 2777 noluerunt
1609 2722 1703 2777 tali
1730 2722 1811 2777 ul-

231 2807 373 2863 tione
402 2808 644 2863 damnati
670 2820 818 2865 sunt.

295 2897 623 2969 Tantamque
671 2902 877 2972 copiam
906 2904 1128 2973 pra’buit
1166 2905 1368 2975 argenti
1418 2902 1474 2959 in
1515 2903 1810 2960 Jerusalem

227 2991 675 3062 quasilapidum;
726 3003 775 3048 et
817 2995 1091 3050 cedrorum
1141 3007 1343 3052 tantam
1398 2997 1804 3066 multitudinem,

1912 1807 2121 1872 dentis,
2177 1814 2361 1861 contra
2418 1807 2699 1862 Jeroboam
2764 1807 2934 1878 ﬁlium
2980 1807 3179 1865 Nabal.
3248 1809 3499 1879 Regnavit

1912 1908 2088 1954 autem
2143 1897 2396 1953 Salomon
2437 1900 2493 1953 in
2522 1897 2818 1954 Jerusalem
2864 1917 3021 1971 super
3073 1914 3278 1954 omnem
3327 1900 3499 1955 Israel

1910 1991 2264 2063 quadraginta
2308 1991 2482 2055 annis,
2512 1990 2854 2062 dormivitque
2896 2007 3015 2044 cum
3042 1990 3281 2061 patribus
3303 1990 3416 2044 suis
3450 1999 3500 2045 et

1911 2080 2224 2152 sepelierunt
2249 2095 2367 2133 eum
2405 2081 2459 2133 in
2491 2080 2700 2134 civitate
2745 2079 2933 2134 David.
2990 2080 3142 2147 Quod
3189 2094 3319 2133 vero
3369 2078 3502 2135 dicit

1914 2168 2195 2241 Scriptura
2225 2183 2391 2240 opera
2435 2170 2617 2239 priora
2664 2166 3003 2234 Salomonis,
3053 2183 3119 2223 ea
3164 2168 3504 2226 demonstrat

1912 2274 2078 2331 Opera
2113 2276 2234 2331 qua:
2272 2261 2442 2332 gessit
2465 2266 2755 2329 antequam
2786 2256 3257 2326 prmvaricaretur,
3287 2266 3347 2312 ut
3390 2256 3505 2314 fue-

1870 2380 1877 2387 ι
1914 2361 2041 2407 runt
2065 2351 2348 2407 aediﬁcatio
2386 2351 2594 2422 templi,
2624 2358 2679 2405 et
2722 2348 3052 2404 oblationum
3078 2350 3336 2415 varietas,
3363 2357 3499 2417 etc.,

1912 2443 2054 2501 facta
2084 2443 2201 2513 ejus
2244 2459 2364 2515 quae
2387 2445 2673 2516 mysticam
2719 2441 3169 2513 signiﬁcationem
3196 2442 3416 2508 habent,
3441 2451 3507 2498 ut

1912 2555 2078 2611 supra
2110 2540 2463 2595 ostendimus.
2505 2536 2810 2593 Novissima
2860 2542 3043 2590 autem
3086 2549 3152 2590 ea
3202 2549 3323 2604 quae
3371 2534 3503 2590 dicit

1911 2647 2099 2704 opera,
2130 2639 2259 2687 sunt
2278 2646 2341 2686 ea
2376 2645 2497 2701 quae
2521 2628 2994 2700 gessitpostquam
3025 2633 3397 2697 transgressus
3417 2634 3504 2681 est

1912 2723 2086 2795 legem
2128 2722 2245 2789 Dei,
2285 2722 2488 2777 ducens
2515 2719 2848 2789 alienigenas
2875 2730 3090 2781 uxores,
3133 2730 3253 2785 quae
3282 2729 3406 2770 eum
3433 2714 3502 2770 ad

1911 2811 2267 2867 idololatrian)
2296 2825 2470 2878 usque
2486 2809 2869 2879 perduxerunt.
2892 2804 2969 2860 De
2998 2805 3084 2859 his
3102 2817 3232 2875 ergo
3248 2803 3505 2873 operibus

1914 2902 2220 2959 Salomonis
2268 2900 2396 2972 quid
2428 2899 2641 2956 dicam?
2665 2912 2786 2968 quae
2827 2896 3181 2953 vehementer
3209 2894 3387 2965 arguit
3416 2908 3504 2948 sa-

1891 2985 2005 3051 ἐι-³
2034 2995 2336 3067 Scriptura,
2366 3004 2529 3066 atque
2554 2992 2899 3056 condemnat,
2937 2988 3183 3060 nihilque
3216 2989 3282 3043 de
3327 2987 3504 3058 paeni-

231 3079 357 3136 selat
401 3098 735 3152 sycomorum
780 3101 898 3156 qua:
958 3087 1244 3157 gignuntur
1302 3089 1358 3141 in
1409 3088 1803 3158 campestribus.
1835 3083 1879 3144 C
1912 3085 2078 3140 tentia
2100 3085 2236 3152 ejus,
2266 3083 2351 3139 vel
2374 3084 2427 3138 in
2451 3098 2575 3138 eum
2599 3080 2929 3151 indulgentia
2962 3079 3057 3134 Dei
3099 3078 3319 3134 omnino
3349 3090 3501 3131 com-

228 3170 363 3239 Quid
403 3186 505 3245 per
549 3172 754 3243 lapides
782 3175 887 3231 nisi
915 3176 1117 3233 duritia
1163 3189 1218 3234 et
1265 3179 1653 3237 insensibilitas
1681 3198 1813 3253 gen-

229 3262 358 3318 tium
386 3265 746 3335 exprimitur?
778 3266 848 3322 Et
894 3269 1024 3338 quid
1062 3285 1160 3340 per
1187 3281 1471 3341 argentum
1515 3273 1621 3328 nisi
1667 3273 1813 3330 nitor

230 3353 550 3433 eloquentiae
569 3365 626 3411 et
645 3355 963 3426 jucunditas
996 3360 1258 3416 doctrinae
1295 3362 1680 3420 ecclesiastica:
1713 3364 1811 3420 dc-

231 3446 506 3520 signatur?
539 3448 678 3517 Quid
732 3466 830 3521 per
875 3452 1069 3508 cedros
1106 3453 1211 3507 nisi
1236 3453 1541 3511 sublimitas
1581 3467 1639 3510 et
1678 3455 1814 3511 odor

231 3539 524 3596 virtutum?
552 3540 793 3597 Praebuit
842 3556 971 3617 ergo
1003 3560 1165 3602 verus
1201 3545 1458 3603 Salomon
1503 3547 1557 3602 in
1586 3548 1812 3619 mystica

230 3626 526 3688 Jerusalem
578 3641 786 3688 tantam
824 3634 1034 3705 copiam
1084 3636 1296 3707 argenti
1351 3637 1504 3707 quasi
1550 3636 1812 3708 lapidum,

230 3737 349 3777 cum
402 3725 572 3779 corda
616 3725 918 3796 gentilium,
944 3742 1063 3797 qua:
1097 3728 1166 3783 ad
1205 3729 1539 3786 intellectum
1568 3732 1816 3802 omnipo-

233 3813 393 3867 tentis
417 3814 511 3868 Dei
545 3815 878 3871 insensibilia
905 3815 1078 3883 fuere,
1122 3826 1178 3874 et
1219 3818 1428 3888 lapides
1454 3836 1553 3892 pro
1581 3821 1818 3879 numini-

229 3897 329 3954 bus
358 3901 600 3969 coluere,
631 3904 699 3959 ad
726 3906 1134 3964 meditationem
1160 3907 1296 3979 legis
1322 3908 1420 3964 Dei
1448 3918 1504 3965 et
1525 3911 1593 3964 ad
1621 3911 1817 3980 praedi-

231 3992 501 4047 cntionem
533 3992 810 4065 Evangelii
835 3998 1120 4061 convertit.
1141 3998 1251 4054 Nec
1274 3999 1548 4056 immerito
1577 4000 1815 4073 lapidum

226 4085 450 4141 nomine
471 4095 665 4157 gentes
700 4088 1020 4159 signiﬁcata
1064 4101 1210 4157 sunt,
1239 4106 1359 4162 quae
1400 4091 1607 4163 lapides
1635 4092 1818 4150 colue-

230 4183 377 4240 runt,
408 4175 540 4245 quia
569 4176 832 4246 scriptum
870 4186 993 4234 est:
1024 4179 1235 4235 Similes
1281 4181 1387 4236 illis
1429 4182 1561 4252 fiant
1605 4184 1697 4255 qui
1728 4184 1818 4255 fa—

230 4267 374 4320 ciunt
432 4284 528 4331 ea,
563 4278 612 4322 et
660 4285 834 4324 omnes
862 4271 953 4341 qui
994 4272 1262 4341 conﬁdunt
1293 4274 1349 4328 in
1374 4275 1469 4329 eis.
1502 4273 1819 4347 De'quibus

230 4355 488 4410 nimirum
515 4356 782 4427 lapidibus
800 4357 1037 4414 Joannes
1058 4360 1298 4432 Baptista
1324 4361 1378 4416 in
1398 4362 1688 4434 Evangelia
1709 4364 1815 4418 ait:

1910 3184 2198 3231 memorat.
2240 3172 2393 3229 Licet
2419 3171 2632 3227 Hebrrei
2678 3176 2961 3225 autument
2997 3167 3195 3222 librum
3234 3165 3505 3222 Ecclesia-

1912 3275 2034 3322 sten
2083 3266 2138 3320 in
2192 3264 2517 3336 paenitentia
2566 3277 2663 3318 sua
2729 3260 2880 3315 illum
2929 3258 3339 3329 conscripsisse.
3391 3254 3506 3312 Nec

1910 3373 2136 3430 prorsus
2172 3357 2410 3414 occurrit
2435 3357 2566 3426 quid
2616 3355 2809 3409 saltem
2856 3352 2911 3409 in
2950 3351 3205 3425 allegoria
3249 3348 3378 3405 boni
3418 3346 3499 3410 si-

1913 3450 2135 3522 gniﬁcet
2179 3450 2297 3504 haec
2351 3445 2594 3503 deﬂenda
2634 3443 2958 3510 submersio,
3015 3441 3120 3497 nisi
3167 3439 3306 3496 forte
3357 3439 3508 3494 dicat

1913 3542 2036 3614 quis
2072 3540 2328 3596 mulieres
2364 3538 2691 3610 alienigenas
2713 3550 2943 3607 quarum
2983 3549 3169 3590 amore
3195 3537 3503 3595 exarserat,

1914 3630 2221 3702 signiﬁcare
2241 3628 2514 3684 Ecelesias
2541 3626 2747 3682 electas
2772 3639 2840 3679 ex
2886 3623 3159 3695 gentibus.
3186 3620 3382 3675 Posset
3410 3619 3503 3676 hic

1913 3722 2149 3777 fortasse
2192 3736 2299 3776 non
2341 3719 2575 3775 absurde
2618 3715 2861 3786 intelligi,
2894 3714 2940 3769 si
2973 3711 3078 3768 illa:
3106 3718 3326 3783 propter
3354 3708 3505 3764 Salo-

1914 3828 2129 3869 monem
2176 3812 2494 3867 desererent
2534 3810 2664 3863 deos
2715 3821 2842 3862 suos
2864 3845 2880 3871 ,
2935 3811 2992 3859 et
3037 3801 3279 3857 colerent
3323 3799 3498 3855 Deum

1914 3905 2064 3980 ejus;
2117 3919 2242 3960 cum
2290 3918 2421 3958 vero
2485 3908 2708 3972 propter
2763 3898 2885 3953 illas
2935 3894 3160 3952 oﬁendit
3209 3893 3498 3949 Dominum

1915 4012 2073 4055 suum
2098 4004 2154 4052 et
2173 3995 2343 4053 coluit
2367 3994 2499 4050 deos
2532 4007 2743 4057 earum,
2769 4004 2877 4045 non
2911 3996 2994 4044 est
3023 3987 3153 4059 quid
3201 3986 3326 4042 inde
3371 3986 3500 4041 boni

1916 4090 2211 4162 conjectari
2246 4062 2583 4159 possit,.nec
2627 4094 2806 4140 tamen
2857 4081 2990 4136 nihil
3020 4080 3254 4135 arbitror
3296 4062 3507 4151 signiﬁ-

1917 4197 2063 4247 care,
2095 4180 2191 4236 sed
2236 4179 2459 4244 malum,
2510 4178 2651 4234 sicut
2690 4175 2757 4232 de
2806 4187 2977 4229 uxore
3031 4170 3350 4241 ﬁliabusque
3397 4169 3499 4224 Lot

1917 4273 2175 4328 diximus.
2224 4269 2464 4340 Apparet
2502 4268 2645 4323 enim
2676 4267 2730 4320 in
2756 4278 2989 4337 persona
3032 4260 3340 4317 Salomonis
3367 4260 3505 4315 mira

1921 4365 2242 4422 excellentia
2280 4372 2336 4418 et
2381 4363 2519 4417 mira
2556 4357 2879 4415 submersio.
2927 4355 3083 4426 Quod
3132 4366 3263 4425 ergo
3305 4353 3359 4409 in
3413 4352 3506 4408 illo

230 4442 435 4501 Potens
473 4454 561 4502 est
610 4445 754 4505 Deus
782 4449 849 4503 de
890 4449 1158 4522 lapidibus
1200 4451 1318 4508 istis
1357 4432 1623 4509 suscitare
1680 4453 1819 4509 ﬁlios
1843 4432 1897 4491 D
1922 4457 2152 4517 diversis
2204 4454 2537 4528 temporibus
2575 4460 2631 4507 et
2677 4450 2828 4522 prius
2868 4447 3094 4512 bonum,
3142 4452 3197 4501 et
3237 4444 3509 4515 posterius

224 4536 499 4594 Abrahse:
520 4537 615 4595 ﬁlii
637 4539 871 4597 Abrahae
889 4542 955 4598 de
970 4542 1237 4615 lapidibus
1258 4545 1503 4600 suscitati
1532 4554 1676 4609 sunt,
1693 4547 1819 4617 quia

226 4640 355 4683 cum
381 4627 519 4683 dura
539 4630 703 4684 corda
732 4631 1013 4701 gentilium
1030 4633 1083 4688 in
1098 4634 1327 4690 Abrahae
1352 4635 1557 4690 semine
1575 4636 1823 4692 credide-

224 4727 381 4784 runt,
398 4717 514 4787 ejus
526 4720 631 4775 .ﬁlii
654 4720 782 4778 facti
805 4731 950 4789 sunt,
967 4723 1120 4795 cujus
1135 4725 1328 4781 semini
1353 4725 1649 4780 suntuniti.
1668 4725 1822 4782 Unde

223 4818 281 4862 et
309 4808 523 4866 eisdem
550 4811 802 4885 gentibus
818 4828 918 4886 per
941 4816 1216 4886 egregium
1243 4815 1655 4886 praadicatorem
1684 4816 1821 4873 dici-

224 4909 349 4953 tur:
369 4898 434 4955 Si
456 4910 637 4956 autem
660 4917 759 4958 vos
784 4902 1007 4970 Christi,
1037 4921 1167 4978 ergo
1197 4921 1380 4963 semen
1407 4907 1640 4963 Abrahae
1667 4908 1820 4975 estis,

223 4997 283 5043 et
308 4990 614 5047 secundum
644 4994 1059 5064 promissionem
1092 4996 1358 5053 haeredes.
1389 4996 1655 5054 Similiter
1678 4998 1827 5069 paci-

222 5078 373 5136 ﬁcus
406 5091 588 5139 noster
614 5081 670 5138 in
702 5079 1002 5142 Jerusalem
1023 5087 1255 5159 praebuit
1287 5087 1574 5143 cedrorum
1614 5096 1824 5144 tantam

221 5173 638 5236 multitudinem
671 5180 823 5236 velut
850 5196 1218 5255 sycomorum,
1262 5182 1608 5240 sterilitatem
1650 5183 1826 5259 genti-

1923 4551 2149 4619 malum,
2176 4551 2294 4608 haec
2319 4549 2375 4603 in
2398 4545 2649 4604 Ecclesia
2679 4546 2734 4599 in
2764 4545 2869 4599 isto
2899 4542 3075 4597 adhuc
3119 4539 3317 4595 saeculo
3345 4535 3505 4592 simul

1924 4644 1978 4698 in
2005 4659 2112 4699 uno
2156 4650 2399 4712 tempore
2443 4638 2776 4704 ostenditur;
2822 4649 2954 4690 nam
2994 4635 3136 4688 bona
3161 4631 3305 4686 illius
3330 4630 3508 4684 bonos

1924 4734 2202 4801 Ecclesiae,
2216 4733 2357 4788 mala
2376 4739 2557 4787 autem
2574 4730 2714 4784 illius
2730 4726 2899 4781 malos
2912 4724 3171 4781 Ecclesiae
3195 4720 3509 4795 signiﬁcare

1922 4834 2086 4899 puto:
2118 4834 2374 4893 tauquam
2400 4823 2456 4877 in
2502 4821 2710 4875 unitate
2755 4818 2900 4872 illius
2928 4829 3088 4880 arcae,
3129 4815 3208 4870 sic
3246 4811 3383 4867 etin
3418 4811 3511 4867 illo

1924 4932 2032 4973 uno
2053 4916 2272 4972 homine
2297 4913 2466 4969 bonos
2491 4911 2548 4966 in
2571 4910 2778 4983 granis,
2806 4906 2978 4963 malos
3006 4907 3060 4961 in
3088 4904 3299 4977 paleis;
3330 4906 3425 4963 aut
3454 4900 3510 4957 in

1926 5010 2135 5063 unitate
2160 5007 2318 5061 unius
2337 5004 2556 5076 segetis,
2577 5003 2748 5060 bonos
2775 5001 2830 5057 in
2853 4999 3034 5056 tritico
3087 4996 3263 5054 malos
3287 4994 3344 5052 in
3367 4993 3509 5050 ziza-

1927 5099 2036 5156 niis
2060 5096 2389 5171 accepimus.

1428 5447 2331 5489 ψ
