  <div class='ocr_page' id='page_1' title='image "/cluster/home/n/w/nwhite01/storage/ocr_20150623/109/hvd.32044054759741/247.png"; bbox 0 0 3870 6146; ppageno 0'>
   <div class='ocr_carea' id='block_1_1' title="bbox 376 280 486 365">
    <p class='ocr_par' dir='ltr' id='par_1_1' title="bbox 376 280 486 365">
     <span class='ocr_line' id='line_1_1' title="bbox 376 280 486 365; baseline 0.018 -2"><span class='ocrx_word' id='word_1_1' title='bbox 376 280 486 365; x_wconf 66' lang='lat' dir='ltr'><strong><em>iss</em></strong></span> 
     </span>
    </p>
   </div>
   <div class='ocr_carea' id='block_1_2' title="bbox 1026 289 1980 362">
    <p class='ocr_par' dir='ltr' id='par_1_2' title="bbox 1026 295 1976 362">
     <span class='ocr_line' id='line_1_2' title="bbox 1026 295 1976 362; baseline -0.011 0"><span class='ocrx_word' id='word_1_2' title='bbox 1026 306 1090 362; x_wconf 91' lang='grc' dir='ltr'><strong>Β.</strong></span> <span class='ocrx_word' id='word_1_3' title='bbox 1129 302 1382 360; x_wconf 77' lang='lat' dir='ltr'><strong>RABANI</strong></span> <span class='ocrx_word' id='word_1_4' title='bbox 1420 295 1640 358; x_wconf 66' lang='grc' dir='ltr'><strong><em>Μ.ᾹοΒῖ</em></strong></span> <span class='ocrx_word' id='word_1_5' title='bbox 1676 298 1976 356; x_wconf 79' lang='lat' dir='ltr'><strong><em>ARCHIEP</em></strong></span> 
     </span>
    </p>
   </div>
   <div class='ocr_carea' id='block_1_3' title="bbox 2086 289 2947 362">
    <p class='ocr_par' dir='ltr' id='par_1_3' title="bbox 2086 289 2947 351">
     <span class='ocr_line' id='line_1_3' title="bbox 2086 289 2947 351; baseline -0.008 0"><span class='ocrx_word' id='word_1_6' title='bbox 2086 293 2347 351; x_wconf 42' lang='lat' dir='ltr'><strong><em>‘OGUNT.</em></strong></span> <span class='ocrx_word' id='word_1_7' title='bbox 2389 292 2675 350; x_wconf 76' lang='lat' dir='ltr'><strong><em>OPERUM</em></strong></span> <span class='ocrx_word' id='word_1_8' title='bbox 2714 289 2947 348; x_wconf 75' lang='lat' dir='ltr'><strong>PARS]</strong></span> 
     </span>
    </p>
   </div>
   <div class='ocr_carea' id='block_1_4' title="bbox 3545 287 3650 344">
    <p class='ocr_par' dir='ltr' id='par_1_4' title="bbox 3545 287 3650 344">
     <span class='ocr_line' id='line_1_4' title="bbox 3545 287 3650 344; baseline 0 -3"><span class='ocrx_word' id='word_1_9' title='bbox 3545 287 3650 344; x_wconf 62' lang='lat' dir='ltr'><strong><em>t8!</em></strong></span> 
     </span>
    </p>
   </div>
   <div class='ocr_carea' id='block_1_5' title="bbox 1559 500 2441 599">
    <p class='ocr_par' dir='ltr' id='par_1_5' title="bbox 1559 500 2441 599">
     <span class='ocr_line' id='line_1_5' title="bbox 1559 500 2441 599; baseline -0.007 -14"><span class='ocrx_word' id='word_1_10' title='bbox 1559 504 1859 588; x_wconf 82' lang='lat' dir='ltr'><strong>LIBER</strong></span> <span class='ocrx_word' id='word_1_11' title='bbox 1931 500 2441 599; x_wconf 81' lang='lat' dir='ltr'><strong><em>QUARTUS.</em></strong></span> 
     </span>
    </p>
   </div>
   <div class='ocr_carea' id='block_1_6' title="bbox 967 717 1357 774">
    <p class='ocr_par' dir='ltr' id='par_1_6' title="bbox 967 717 1357 774">
     <span class='ocr_line' id='line_1_6' title="bbox 967 717 1357 774; baseline -0.005 0"><span class='ocrx_word' id='word_1_12' title='bbox 967 717 1198 774; x_wconf 83' lang='lat' dir='ltr'><strong>CAPUT</strong></span> <span class='ocrx_word' id='word_1_13' title='bbox 1235 717 1284 773; x_wconf 83' lang='lat' dir='ltr'><strong>X</strong></span> <span class='ocrx_word' id='word_1_14' title='bbox 1308 730 1357 772; x_wconf 75' lang='grc' dir='ltr'><strong><em>ι.</em></strong></span> 
     </span>
    </p>
   </div>
   <div class='ocr_carea' id='block_1_7' title="bbox 699 806 1639 881">
    <p class='ocr_par' dir='ltr' id='par_1_7' title="bbox 699 806 1639 881">
     <span class='ocr_line' id='line_1_7' title="bbox 699 806 1639 881; baseline -0.005 -14"><span class='ocrx_word' id='word_1_15' title='bbox 699 813 778 867; x_wconf 88' lang='lat' dir='ltr'><strong><em>De</em></strong></span> <span class='ocrx_word' id='word_1_16' title='bbox 806 825 961 881; x_wconf 86' lang='lat' dir='ltr'><strong><em>regno</em></strong></span> <span class='ocrx_word' id='word_1_17' title='bbox 992 807 1226 863; x_wconf 87' lang='lat' dir='ltr'><strong><em>Roboam</em></strong></span> <span class='ocrx_word' id='word_1_18' title='bbox 1253 819 1302 863; x_wconf 90' lang='lat' dir='ltr'><strong><em>et</em></strong></span> <span class='ocrx_word' id='word_1_19' title='bbox 1336 806 1639 862; x_wconf 77' lang='lat' dir='ltr'><strong><em>Ieroboam.</em></strong></span> 
     </span>
    </p>
   </div>
   <div class='ocr_carea' id='block_1_8' title="bbox 450 893 1960 979">
    <p class='ocr_par' dir='ltr' id='par_1_8' title="bbox 450 893 1960 979">
     <span class='ocr_line' id='line_1_8' title="bbox 450 893 1960 979; baseline -0.007 -17"><span class='ocrx_word' id='word_1_20' title='bbox 450 905 515 979; x_wconf 87' lang='lat' dir='ltr'><strong><em>(ll</em></strong></span> <span class='ocrx_word' id='word_1_21' title='bbox 532 904 667 961; x_wconf 64' lang='lat' dir='ltr'><strong><em>Pan.</em></strong></span> <span class='ocrx_word' id='word_1_22' title='bbox 685 901 763 973; x_wconf 71' lang='grc' dir='ltr'><strong><em>χ.)</em></strong></span> <span class='ocrx_word' id='word_1_23' title='bbox 788 898 1066 970; x_wconf 76' lang='lat' dir='ltr'><strong><em>Profectus</em></strong></span> <span class='ocrx_word' id='word_1_24' title='bbox 1086 907 1161 953; x_wconf 88' lang='lat' dir='ltr'><strong><em>est</em></strong></span> <span class='ocrx_word' id='word_1_25' title='bbox 1189 908 1364 954; x_wconf 87' lang='lat' dir='ltr'><strong><em>autem</em></strong></span> <span class='ocrx_word' id='word_1_26' title='bbox 1380 893 1626 951; x_wconf 68' lang='lat' dir='ltr'><strong><em>&#39;Roboam</em></strong></span> <span class='ocrx_word' id='word_1_27' title='bbox 1651 896 1706 950; x_wconf 92' lang='lat' dir='ltr'><strong><em>in</em></strong></span> <span class='ocrx_word' id='word_1_28' title='bbox 1730 894 1960 963; x_wconf 85' lang='lat' dir='ltr'><strong><em>Sichem,</em></strong></span> 
     </span>
    </p>
   </div>
   <div class='ocr_carea' id='block_1_9' title="bbox 378 987 1963 1053">
    <p class='ocr_par' dir='ltr' id='par_1_9' title="bbox 378 987 1963 1053">
     <span class='ocr_line' id='line_1_9' title="bbox 378 987 1963 1053; baseline -0.006 -2"><span class='ocrx_word' id='word_1_29' title='bbox 378 996 509 1051; x_wconf 85' lang='lat' dir='ltr'><strong><em>illuc</em></strong></span> <span class='ocrx_word' id='word_1_30' title='bbox 533 994 667 1049; x_wconf 88' lang='lat' dir='ltr'><strong><em>enim</em></strong></span> <span class='ocrx_word' id='word_1_31' title='bbox 698 999 914 1045; x_wconf 90' lang='lat' dir='ltr'><strong><em>cunctus</em></strong></span> <span class='ocrx_word' id='word_1_32' title='bbox 940 987 1113 1044; x_wconf 78' lang='lat' dir='ltr'><strong><em>Israel</em></strong></span> <span class='ocrx_word' id='word_1_33' title='bbox 1155 997 1483 1053; x_wconf 90' lang='lat' dir='ltr'><strong><em>convenerat,</em></strong></span> <span class='ocrx_word' id='word_1_34' title='bbox 1508 998 1565 1042; x_wconf 90' lang='lat' dir='ltr'><strong><em>ut</em></strong></span> <span class='ocrx_word' id='word_1_35' title='bbox 1595 988 1963 1043; x_wconf 77' lang='lat' dir='ltr'><strong><em>constituerent</em></strong></span> 
     </span>
    </p>
   </div>
   <div class='ocr_carea' id='block_1_10' title="bbox 379 1076 1966 1156">
    <p class='ocr_par' dir='ltr' id='par_1_10' title="bbox 379 1076 1966 1156">
     <span class='ocr_line' id='line_1_10' title="bbox 379 1076 1966 1156; baseline -0.007 -14"><span class='ocrx_word' id='word_1_36' title='bbox 379 1103 496 1142; x_wconf 88' lang='lat' dir='ltr'><strong><em>eum</em></strong></span> <span class='ocrx_word' id='word_1_37' title='bbox 527 1100 717 1156; x_wconf 84' lang='lat' dir='ltr'><strong><em>regem.</em></strong></span> <span class='ocrx_word' id='word_1_38' title='bbox 766 1080 919 1149; x_wconf 83' lang='lat' dir='ltr'><strong><em>Quod</em></strong></span> <span class='ocrx_word' id='word_1_39' title='bbox 943 1096 1061 1134; x_wconf 90' lang='lat' dir='ltr'><strong><em>cum</em></strong></span> <span class='ocrx_word' id='word_1_40' title='bbox 1103 1079 1331 1133; x_wconf 77' lang='lat' dir='ltr'><strong><em>audisset</em></strong></span> <span class='ocrx_word' id='word_1_41' title='bbox 1359 1079 1642 1134; x_wconf 79' lang='lat' dir='ltr'><strong><em>Jeroboam</em></strong></span> <span class='ocrx_word' id='word_1_42' title='bbox 1670 1079 1811 1145; x_wconf 73' lang='lat' dir='ltr'><strong><em>ﬁlius</em></strong></span> <span class='ocrx_word' id='word_1_43' title='bbox 1849 1076 1966 1132; x_wconf 89' lang='lat' dir='ltr'><strong><em>Na-</em></strong></span> 
     </span>
    </p>
   </div>
   <div class='ocr_carea' id='block_1_11' title="bbox 379 1171 1964 1251">
    <p class='ocr_par' dir='ltr' id='par_1_11' title="bbox 379 1171 1964 1251">
     <span class='ocr_line' id='line_1_11' title="bbox 379 1171 1964 1251; baseline -0.005 -17"><span class='ocrx_word' id='word_1_44' title='bbox 379 1180 464 1234; x_wconf 88' lang='lat' dir='ltr'><strong><em>bat</em></strong></span> <span class='ocrx_word' id='word_1_45' title='bbox 485 1179 575 1251; x_wconf 92' lang='lat' dir='ltr'><strong><em>qui</em></strong></span> <span class='ocrx_word' id='word_1_46' title='bbox 601 1184 711 1231; x_wconf 88' lang='lat' dir='ltr'><strong><em>erat</em></strong></span> <span class='ocrx_word' id='word_1_47' title='bbox 736 1174 792 1228; x_wconf 90' lang='lat' dir='ltr'><strong><em>in</em></strong></span> <span class='ocrx_word' id='word_1_48' title='bbox 815 1172 1045 1245; x_wconf 67' lang='lat' dir='ltr'><strong><em>.Egypto‘</em></strong></span> <span class='ocrx_word' id='word_1_49' title='bbox 1072 1171 1301 1243; x_wconf 82' lang='lat' dir='ltr'><strong><em>(fugerat</em></strong></span> <span class='ocrx_word' id='word_1_50' title='bbox 1325 1173 1510 1243; x_wconf 78' lang='lat' dir='ltr'><strong><em>quippe</em></strong></span> <span class='ocrx_word' id='word_1_51' title='bbox 1536 1171 1662 1226; x_wconf 89' lang='lat' dir='ltr'><strong><em>illuc</em></strong></span> <span class='ocrx_word' id='word_1_52' title='bbox 1698 1182 1819 1226; x_wconf 86' lang='lat' dir='ltr'><strong><em>ante</em></strong></span> <span class='ocrx_word' id='word_1_53' title='bbox 1860 1172 1964 1227; x_wconf 91' lang='lat' dir='ltr'><strong><em>Sa-</em></strong></span> 
     </span>
    </p>
   </div>
   <div class='ocr_carea' id='block_1_12' title="bbox 379 1262 1962 1341">
    <p class='ocr_par' dir='ltr' id='par_1_12' title="bbox 379 1262 1962 1341">
     <span class='ocr_line' id='line_1_12' title="bbox 379 1262 1962 1341; baseline -0.006 -14"><span class='ocrx_word' id='word_1_54' title='bbox 379 1270 692 1341; x_wconf 85' lang='lat' dir='ltr'><strong><em>lomonem),</em></strong></span> <span class='ocrx_word' id='word_1_55' title='bbox 722 1268 901 1322; x_wconf 78' lang='lat' dir='ltr'><strong><em>statim</em></strong></span> <span class='ocrx_word' id='word_1_56' title='bbox 931 1282 1166 1320; x_wconf 80' lang='lat' dir='ltr'><strong><em>reversus</em></strong></span> <span class='ocrx_word' id='word_1_57' title='bbox 1205 1274 1301 1319; x_wconf 92' lang='lat' dir='ltr'><strong><em>est.</em></strong></span> <span class='ocrx_word' id='word_1_58' title='bbox 1362 1262 1786 1336; x_wconf 85' lang='lat' dir='ltr'><strong><em>Vocaveruntque</em></strong></span> <span class='ocrx_word' id='word_1_59' title='bbox 1824 1279 1962 1328; x_wconf 88' lang='lat' dir='ltr'><strong><em>cum,</em></strong></span> 
     </span>
    </p>
   </div>
   <div class='ocr_carea' id='block_1_13' title="bbox 368 1351 1965 1433">
    <p class='ocr_par' dir='ltr' id='par_1_13' title="bbox 368 1351 1965 1433">
     <span class='ocr_line' id='line_1_13' title="bbox 368 1351 1965 1433; baseline -0.006 -16"><span class='ocrx_word' id='word_1_60' title='bbox 368 1372 428 1417; x_wconf 65' lang='grc' dir='ltr'><strong><em>εει</em></strong></span> <span class='ocrx_word' id='word_1_61' title='bbox 458 1361 589 1417; x_wconf 80' lang='lat' dir='ltr'><strong><em>venit</em></strong></span> <span class='ocrx_word' id='word_1_62' title='bbox 622 1376 739 1414; x_wconf 89' lang='lat' dir='ltr'><strong><em>cum</em></strong></span> <span class='ocrx_word' id='word_1_63' title='bbox 788 1357 1028 1411; x_wconf 86' lang='lat' dir='ltr'><strong><em>universo</em></strong></span> <span class='ocrx_word' id='word_1_64' title='bbox 1053 1353 1244 1408; x_wconf 89' lang='lat' dir='ltr'><strong><em>Israel.</em></strong></span> <span class='ocrx_word' id='word_1_65' title='bbox 1278 1352 1346 1407; x_wconf 86' lang='lat' dir='ltr'><strong><em>Et</em></strong></span> <span class='ocrx_word' id='word_1_66' title='bbox 1375 1352 1535 1433; x_wconf 40' lang='grc' dir='ltr'><strong><em>ἴοιςαεὶ</em></strong></span> <span class='ocrx_word' id='word_1_67' title='bbox 1581 1363 1702 1408; x_wconf 88' lang='lat' dir='ltr'><strong><em>sunt</em></strong></span> <span class='ocrx_word' id='word_1_68' title='bbox 1758 1352 1827 1408; x_wconf 90' lang='lat' dir='ltr'><strong><em>ad</em></strong></span> <span class='ocrx_word' id='word_1_69' title='bbox 1858 1351 1965 1407; x_wconf 87' lang='lat' dir='ltr'><strong><em>Ro-</em></strong></span> 
     </span>
    </p>
   </div>
   <div class='ocr_carea' id='block_1_14' title="bbox 382 1442 1963 1514">
    <p class='ocr_par' dir='ltr' id='par_1_14' title="bbox 382 1442 1963 1514">
     <span class='ocr_line' id='line_1_14' title="bbox 382 1442 1963 1514; baseline -0.006 -8"><span class='ocrx_word' id='word_1_70' title='bbox 382 1453 534 1506; x_wconf 87' lang='lat' dir='ltr'><strong><em>boam</em></strong></span> <span class='ocrx_word' id='word_1_71' title='bbox 557 1445 1001 1505; x_wconf 88' lang='lat' dir='ltr'><strong><em>dicentes:Pater</em></strong></span> <span class='ocrx_word' id='word_1_72' title='bbox 1025 1455 1145 1500; x_wconf 89' lang='lat' dir='ltr'><strong><em>tuus</em></strong></span> <span class='ocrx_word' id='word_1_73' title='bbox 1181 1443 1462 1498; x_wconf 84' lang='lat' dir='ltr'><strong><em>durissimo</em></strong></span> <span class='ocrx_word' id='word_1_74' title='bbox 1490 1460 1582 1497; x_wconf 89' lang='lat' dir='ltr'><strong><em>nos</em></strong></span> <span class='ocrx_word' id='word_1_75' title='bbox 1600 1442 1963 1514; x_wconf 88' lang='lat' dir='ltr'><strong><em>jugo&#39;pressit,</em></strong></span> 
     </span>
    </p>
   </div>
   <div class='ocr_carea' id='block_1_15' title="bbox 384 1534 1968 1610">
    <p class='ocr_par' dir='ltr' id='par_1_15' title="bbox 384 1534 1968 1610">
     <span class='ocr_line' id='line_1_15' title="bbox 384 1534 1968 1610; baseline -0.007 -12"><span class='ocrx_word' id='word_1_76' title='bbox 384 1553 440 1598; x_wconf 90' lang='lat' dir='ltr'><strong><em>tu</em></strong></span> <span class='ocrx_word' id='word_1_77' title='bbox 484 1542 682 1598; x_wconf 82' lang='lat' dir='ltr'><strong><em>leviora</em></strong></span> <span class='ocrx_word' id='word_1_78' title='bbox 715 1542 913 1610; x_wconf 88' lang='lat' dir='ltr'><strong><em>impera</em></strong></span> <span class='ocrx_word' id='word_1_79' title='bbox 946 1547 1093 1609; x_wconf 85' lang='lat' dir='ltr'><strong><em>patre</em></strong></span> <span class='ocrx_word' id='word_1_80' title='bbox 1138 1546 1249 1601; x_wconf 87' lang='lat' dir='ltr'><strong><em>tuo,</em></strong></span> <span class='ocrx_word' id='word_1_81' title='bbox 1294 1536 1383 1603; x_wconf 87' lang='lat' dir='ltr'><strong><em>qui</em></strong></span> <span class='ocrx_word' id='word_1_82' title='bbox 1430 1534 1577 1589; x_wconf 89' lang='lat' dir='ltr'><strong><em>nobis</em></strong></span> <span class='ocrx_word' id='word_1_83' title='bbox 1613 1550 1824 1607; x_wconf 85' lang='lat' dir='ltr'><strong><em>gravem</em></strong></span> <span class='ocrx_word' id='word_1_84' title='bbox 1870 1534 1968 1589; x_wconf 90' lang='lat' dir='ltr'><strong><em>im-</em></strong></span> 
     </span>
    </p>
   </div>
   <div class='ocr_carea' id='block_1_16' title="bbox 381 1624 1967 1706">
    <p class='ocr_par' dir='ltr' id='par_1_16' title="bbox 381 1624 1967 1706">
     <span class='ocr_line' id='line_1_16' title="bbox 381 1624 1967 1706; baseline -0.006 -18"><span class='ocrx_word' id='word_1_85' title='bbox 381 1634 555 1706; x_wconf 81' lang='lat' dir='ltr'><strong><em>posuit</em></strong></span> <span class='ocrx_word' id='word_1_86' title='bbox 602 1633 920 1695; x_wconf 88' lang='lat' dir='ltr'><strong><em>servitutem,</em></strong></span> <span class='ocrx_word' id='word_1_87' title='bbox 951 1638 999 1682; x_wconf 91' lang='lat' dir='ltr'><strong><em>et</em></strong></span> <span class='ocrx_word' id='word_1_88' title='bbox 1029 1625 1304 1699; x_wconf 84' lang='lat' dir='ltr'><strong><em>paululum</em></strong></span> <span class='ocrx_word' id='word_1_89' title='bbox 1329 1631 1393 1679; x_wconf 88' lang='lat' dir='ltr'><strong><em>de</em></strong></span> <span class='ocrx_word' id='word_1_90' title='bbox 1427 1642 1582 1680; x_wconf 87' lang='lat' dir='ltr'><strong><em>onere</em></strong></span> <span class='ocrx_word' id='word_1_91' title='bbox 1633 1624 1868 1693; x_wconf 89' lang='lat' dir='ltr'><strong><em>subleva,</em></strong></span> <span class='ocrx_word' id='word_1_92' title='bbox 1911 1634 1967 1679; x_wconf 90' lang='lat' dir='ltr'><strong><em>ut</em></strong></span> 
     </span>
    </p>
   </div>
   <div class='ocr_carea' id='block_1_17' title="bbox 368 1713 1968 1791">
    <p class='ocr_par' dir='ltr' id='par_1_17' title="bbox 368 1713 1968 1791">
     <span class='ocr_line' id='line_1_17' title="bbox 368 1713 1968 1791; baseline -0.009 -10"><span class='ocrx_word' id='word_1_93' title='bbox 368 1725 674 1791; x_wconf 85' lang='lat' dir='ltr'><strong><em>serviamus</em></strong></span> <span class='ocrx_word' id='word_1_94' title='bbox 704 1720 817 1776; x_wconf 85' lang='lat' dir='ltr'><strong><em>tibi.</em></strong></span> <span class='ocrx_word' id='word_1_95' title='bbox 859 1718 963 1784; x_wconf 89' lang='lat' dir='ltr'><strong><em>Qui</em></strong></span> <span class='ocrx_word' id='word_1_96' title='bbox 994 1718 1113 1771; x_wconf 91' lang='lat' dir='ltr'><strong><em>ait:</em></strong></span> <span class='ocrx_word' id='word_1_97' title='bbox 1151 1713 1285 1769; x_wconf 81' lang='lat' dir='ltr'><strong><em>Post</em></strong></span> <span class='ocrx_word' id='word_1_98' title='bbox 1329 1724 1432 1769; x_wconf 89' lang='lat' dir='ltr'><strong><em>tres</em></strong></span> <span class='ocrx_word' id='word_1_99' title='bbox 1482 1714 1593 1768; x_wconf 91' lang='lat' dir='ltr'><strong><em>dies</em></strong></span> <span class='ocrx_word' id='word_1_100' title='bbox 1647 1713 1968 1769; x_wconf 78' lang='lat' dir='ltr'><strong><em>revertimini</em></strong></span> 
     </span>
    </p>
   </div>
   <div class='ocr_carea' id='block_1_18' title="bbox 386 1802 1970 1881">
    <p class='ocr_par' dir='ltr' id='par_1_18' title="bbox 386 1802 1970 1881">
     <span class='ocr_line' id='line_1_18' title="bbox 386 1802 1970 1881; baseline -0.006 -13"><span class='ocrx_word' id='word_1_101' title='bbox 386 1813 457 1867; x_wconf 91' lang='lat' dir='ltr'><strong><em>ad</em></strong></span> <span class='ocrx_word' id='word_1_102' title='bbox 492 1828 591 1866; x_wconf 89' lang='lat' dir='ltr'><strong><em>me.</em></strong></span> <span class='ocrx_word' id='word_1_103' title='bbox 621 1809 855 1881; x_wconf 82' lang='lat' dir='ltr'><strong><em>Cumque</em></strong></span> <span class='ocrx_word' id='word_1_104' title='bbox 882 1807 1092 1861; x_wconf 88' lang='lat' dir='ltr'><strong><em>abiisset</em></strong></span> <span class='ocrx_word' id='word_1_105' title='bbox 1134 1804 1359 1875; x_wconf 88' lang='lat' dir='ltr'><strong><em>populus</em></strong></span> <span class='ocrx_word' id='word_1_106' title='bbox 1407 1803 1522 1858; x_wconf 88' lang='lat' dir='ltr'><strong><em>iniit</em></strong></span> <span class='ocrx_word' id='word_1_107' title='bbox 1551 1802 1826 1858; x_wconf 82' lang='lat' dir='ltr'><strong><em>consilium</em></strong></span> <span class='ocrx_word' id='word_1_108' title='bbox 1851 1819 1970 1858; x_wconf 87' lang='lat' dir='ltr'><strong><em>cum</em></strong></span> 
     </span>
    </p>
   </div>
   <div class='ocr_carea' id='block_1_19' title="bbox 385 1892 1969 1972">
    <p class='ocr_par' dir='ltr' id='par_1_19' title="bbox 385 1892 1969 1972">
     <span class='ocr_line' id='line_1_19' title="bbox 385 1892 1969 1972; baseline -0.007 -15"><span class='ocrx_word' id='word_1_109' title='bbox 385 1902 594 1957; x_wconf 83' lang='lat' dir='ltr'><strong><em>senibus</em></strong></span> <span class='ocrx_word' id='word_1_110' title='bbox 640 1902 729 1972; x_wconf 89' lang='lat' dir='ltr'><strong><em>qui</em></strong></span> <span class='ocrx_word' id='word_1_111' title='bbox 776 1906 1020 1955; x_wconf 85' lang='lat' dir='ltr'><strong><em>steterant</em></strong></span> <span class='ocrx_word' id='word_1_112' title='bbox 1066 1904 1243 1950; x_wconf 86' lang='lat' dir='ltr'><strong><em>coram</em></strong></span> <span class='ocrx_word' id='word_1_113' title='bbox 1302 1904 1449 1966; x_wconf 82' lang='lat' dir='ltr'><strong><em>patre</em></strong></span> <span class='ocrx_word' id='word_1_114' title='bbox 1500 1894 1614 1964; x_wconf 85' lang='lat' dir='ltr'><strong><em>ejus</em></strong></span> <span class='ocrx_word' id='word_1_115' title='bbox 1665 1892 1969 1959; x_wconf 86' lang='lat' dir='ltr'><strong><em>Salomone,</em></strong></span> 
     </span>
    </p>
   </div>
   <div class='ocr_carea' id='block_1_20' title="bbox 387 1984 1973 2052">
    <p class='ocr_par' dir='ltr' id='par_1_20' title="bbox 387 1984 1973 2052">
     <span class='ocr_line' id='line_1_20' title="bbox 387 1984 1973 2052; baseline -0.006 -3"><span class='ocrx_word' id='word_1_116' title='bbox 387 1994 516 2049; x_wconf 85' lang='lat' dir='ltr'><strong><em>dum</em></strong></span> <span class='ocrx_word' id='word_1_117' title='bbox 545 1993 719 2047; x_wconf 88' lang='lat' dir='ltr'><strong><em>adhuc</em></strong></span> <span class='ocrx_word' id='word_1_118' title='bbox 752 1992 938 2047; x_wconf 78' lang='lat' dir='ltr'><strong><em>viveret</em></strong></span> <span class='ocrx_word' id='word_1_119' title='bbox 981 1990 1157 2042; x_wconf 86' lang='lat' dir='ltr'><strong><em>dicens</em></strong></span> <span class='ocrx_word' id='word_1_120' title='bbox 1183 2001 1200 2038; x_wconf 91' lang='lat'><strong><em>:</em></strong></span> <span class='ocrx_word' id='word_1_121' title='bbox 1226 1984 1366 2052; x_wconf 81' lang='lat' dir='ltr'><strong><em>Quid</em></strong></span> <span class='ocrx_word' id='word_1_122' title='bbox 1392 1984 1529 2039; x_wconf 87' lang='lat' dir='ltr'><strong><em>datis</em></strong></span> <span class='ocrx_word' id='word_1_123' title='bbox 1573 1984 1781 2038; x_wconf 85' lang='lat' dir='ltr'><strong><em>consilii</em></strong></span> <span class='ocrx_word' id='word_1_124' title='bbox 1807 1993 1861 2037; x_wconf 89' lang='lat' dir='ltr'><strong><em>ut</em></strong></span> <span class='ocrx_word' id='word_1_125' title='bbox 1892 1999 1973 2039; x_wconf 90' lang='lat' dir='ltr'><strong><em>re-</em></strong></span> 
     </span>
    </p>
   </div>
   <div class='ocr_carea' id='block_1_21' title="bbox 1991 682 3660 778">
    <p class='ocr_par' dir='ltr' id='par_1_21' title="bbox 1991 682 3660 778">
     <span class='ocr_line' id='line_1_21' title="bbox 1991 682 3660 778; baseline -0.003 -9"><span class='ocrx_word' id='word_1_126' title='bbox 1991 716 2042 778; x_wconf 78' lang='grc' dir='ltr'><strong>Α</strong></span> <span class='ocrx_word' id='word_1_127' title='bbox 2066 727 2187 769; x_wconf 89' lang='lat' dir='ltr'><strong><em>rum</em></strong></span> <span class='ocrx_word' id='word_1_128' title='bbox 2224 708 2450 767; x_wconf 83' lang='lat' dir='ltr'><strong><em>Patrum</em></strong></span> <span class='ocrx_word' id='word_1_129' title='bbox 2479 705 2725 774; x_wconf 87' lang='lat' dir='ltr'><strong><em>consilio,</em></strong></span> <span class='ocrx_word' id='word_1_130' title='bbox 2769 718 3000 776; x_wconf 88' lang='lat' dir='ltr'><strong><em>quorum</em></strong></span> <span class='ocrx_word' id='word_1_131' title='bbox 3031 703 3174 760; x_wconf 88' lang='lat' dir='ltr'><strong><em>dicta</em></strong></span> <span class='ocrx_word' id='word_1_132' title='bbox 3207 711 3263 760; x_wconf 88' lang='lat' dir='ltr'><strong><em>et</em></strong></span> <span class='ocrx_word' id='word_1_133' title='bbox 3290 682 3567 777; x_wconf 27' lang='lat' dir='ltr'><strong><em>exempla.</em></strong></span> <span class='ocrx_word' id='word_1_134' title='bbox 3588 708 3660 764; x_wconf 75' lang='lat' dir='ltr'><strong><em>ad</em></strong></span> 
     </span>
    </p>
   </div>
   <div class='ocr_carea' id='block_1_22' title="bbox 2062 792 3659 866">
    <p class='ocr_par' dir='ltr' id='par_1_22' title="bbox 2062 792 3659 866">
     <span class='ocr_line' id='line_1_22' title="bbox 2062 792 3659 866; baseline -0.006 -5"><span class='ocrx_word' id='word_1_135' title='bbox 2062 801 2437 862; x_wconf 76' lang='lat' dir='ltr'><strong><em>celsitudinem</em></strong></span> <span class='ocrx_word' id='word_1_136' title='bbox 2465 797 2693 855; x_wconf 88' lang='lat' dir='ltr'><strong><em>tendunt</em></strong></span> <span class='ocrx_word' id='word_1_137' title='bbox 2733 792 3104 866; x_wconf 82' lang='lat' dir='ltr'><strong><em>perfectionis,</em></strong></span> <span class='ocrx_word' id='word_1_138' title='bbox 3146 793 3355 865; x_wconf 76' lang='lat' dir='ltr'><strong><em>eligunt</em></strong></span> <span class='ocrx_word' id='word_1_139' title='bbox 3392 793 3659 865; x_wconf 78' lang='lat' dir='ltr'><strong><em>iuvenum</em></strong></span> 
     </span>
    </p>
   </div>
   <div class='ocr_carea' id='block_1_23' title="bbox 2063 885 3664 965">
    <p class='ocr_par' dir='ltr' id='par_1_23' title="bbox 2063 885 3664 965">
     <span class='ocr_line' id='line_1_23' title="bbox 2063 885 3664 965; baseline -0.015 -14"><span class='ocrx_word' id='word_1_140' title='bbox 2063 896 2443 965; x_wconf 84' lang='lat' dir='ltr'><strong><em>obtemperare</em></strong></span> <span class='ocrx_word' id='word_1_141' title='bbox 2482 888 2787 960; x_wconf 65' lang='lat' dir='ltr'><strong><em>prmeeptis,</em></strong></span> <span class='ocrx_word' id='word_1_142' title='bbox 2827 887 2931 941; x_wconf 88' lang='lat' dir='ltr'><strong><em>hoc</em></strong></span> <span class='ocrx_word' id='word_1_143' title='bbox 2958 892 3042 940; x_wconf 87' lang='lat' dir='ltr'><strong><em>est</em></strong></span> <span class='ocrx_word' id='word_1_144' title='bbox 3080 899 3272 940; x_wconf 87' lang='lat' dir='ltr'><strong><em>eorum</em></strong></span> <span class='ocrx_word' id='word_1_145' title='bbox 3293 885 3411 955; x_wconf 90' lang='lat' dir='ltr'><strong><em>qui,</em></strong></span> <span class='ocrx_word' id='word_1_146' title='bbox 3441 885 3664 954; x_wconf 63' lang='lat' dir='ltr'><strong><em>juveni-</em></strong></span> 
     </span>
    </p>
   </div>
   <div class='ocr_carea' id='block_1_24' title="bbox 2065 975 3663 1050">
    <p class='ocr_par' dir='ltr' id='par_1_24' title="bbox 2065 975 3663 1050">
     <span class='ocr_line' id='line_1_24' title="bbox 2065 975 3663 1050; baseline -0.006 -8"><span class='ocrx_word' id='word_1_147' title='bbox 2065 986 2207 1042; x_wconf 84' lang='lat' dir='ltr'><strong><em>libus</em></strong></span> <span class='ocrx_word' id='word_1_148' title='bbox 2230 981 2516 1041; x_wconf 81' lang='lat' dir='ltr'><strong><em>desideriis</em></strong></span> <span class='ocrx_word' id='word_1_149' title='bbox 2559 977 2873 1049; x_wconf 79' lang='lat' dir='ltr'><strong><em>mancipati,</em></strong></span> <span class='ocrx_word' id='word_1_150' title='bbox 2906 975 3154 1032; x_wconf 86' lang='lat' dir='ltr'><strong><em>laudibus</em></strong></span> <span class='ocrx_word' id='word_1_151' title='bbox 3196 975 3400 1047; x_wconf 83' lang='lat' dir='ltr'><strong><em>iniquis</em></strong></span> <span class='ocrx_word' id='word_1_152' title='bbox 3437 985 3493 1032; x_wconf 87' lang='lat' dir='ltr'><strong><em>et</em></strong></span> <span class='ocrx_word' id='word_1_153' title='bbox 3526 976 3663 1050; x_wconf 73' lang='lat' dir='ltr'><strong><em>adu-</em></strong></span> 
     </span>
    </p>
   </div>
   <div class='ocr_carea' id='block_1_25' title="bbox 2066 1063 3662 1141">
    <p class='ocr_par' dir='ltr' id='par_1_25' title="bbox 2066 1063 3662 1141">
     <span class='ocr_line' id='line_1_25' title="bbox 2066 1063 3662 1141; baseline -0.006 -9"><span class='ocrx_word' id='word_1_154' title='bbox 2066 1075 2361 1132; x_wconf 84' lang='lat' dir='ltr'><strong><em>lationibus</em></strong></span> <span class='ocrx_word' id='word_1_155' title='bbox 2385 1088 2480 1128; x_wconf 89' lang='lat' dir='ltr'><strong><em>eos</em></strong></span> <span class='ocrx_word' id='word_1_156' title='bbox 2521 1075 2766 1141; x_wconf 75' lang='lat' dir='ltr'><strong><em>gravant,</em></strong></span> <span class='ocrx_word' id='word_1_157' title='bbox 2804 1075 2861 1122; x_wconf 92' lang='lat' dir='ltr'><strong><em>et</em></strong></span> <span class='ocrx_word' id='word_1_158' title='bbox 2905 1065 2969 1120; x_wconf 87' lang='lat' dir='ltr'><strong><em>lit</em></strong></span> <span class='ocrx_word' id='word_1_159' title='bbox 3013 1065 3069 1120; x_wconf 92' lang='lat' dir='ltr'><strong><em>in</em></strong></span> <span class='ocrx_word' id='word_1_160' title='bbox 3102 1065 3182 1121; x_wconf 89' lang='lat' dir='ltr'><strong><em>eis</em></strong></span> <span class='ocrx_word' id='word_1_161' title='bbox 3207 1066 3355 1136; x_wconf 83' lang='lat' dir='ltr'><strong><em>quod</em></strong></span> <span class='ocrx_word' id='word_1_162' title='bbox 3398 1081 3498 1136; x_wconf 81' lang='lat' dir='ltr'><strong><em>per</em></strong></span> <span class='ocrx_word' id='word_1_163' title='bbox 3525 1063 3662 1122; x_wconf 77' lang='lat' dir='ltr'><strong><em>Pro—</em></strong></span> 
     </span>
    </p>
   </div>
   <div class='ocr_carea' id='block_1_26' title="bbox 2065 1152 3658 1238">
    <p class='ocr_par' dir='ltr' id='par_1_26' title="bbox 2065 1152 3658 1238">
     <span class='ocr_line' id='line_1_26' title="bbox 2065 1152 3658 1238; baseline -0.009 -14"><span class='ocrx_word' id='word_1_164' title='bbox 2065 1168 2288 1238; x_wconf 83' lang='lat' dir='ltr'><strong><em>pbetaru</em></strong></span> <span class='ocrx_word' id='word_1_165' title='bbox 2309 1163 2508 1220; x_wconf 89' lang='lat' dir='ltr'><strong><em>dicitur</em></strong></span> <span class='ocrx_word' id='word_1_166' title='bbox 2535 1152 2561 1216; x_wconf 75' lang='grc' dir='ltr'><strong><em>ε’</em></strong></span> <span class='ocrx_word' id='word_1_167' title='bbox 2581 1158 2769 1227; x_wconf 83' lang='lat' dir='ltr'><strong><em>Qualis</em></strong></span> <span class='ocrx_word' id='word_1_168' title='bbox 2788 1155 3018 1229; x_wconf 88' lang='lat' dir='ltr'><strong><em>populus</em></strong></span> <span class='ocrx_word' id='word_1_169' title='bbox 3039 1155 3163 1210; x_wconf 89' lang='lat' dir='ltr'><strong><em>talis</em></strong></span> <span class='ocrx_word' id='word_1_170' title='bbox 3188 1163 3275 1210; x_wconf 88' lang='lat' dir='ltr'><strong><em>est</em></strong></span> <span class='ocrx_word' id='word_1_171' title='bbox 3299 1163 3357 1210; x_wconf 89' lang='lat' dir='ltr'><strong><em>et</em></strong></span> <span class='ocrx_word' id='word_1_172' title='bbox 3377 1155 3658 1211; x_wconf 84' lang='lat' dir='ltr'><strong><em>sacerdos.</em></strong></span> 
     </span>
    </p>
   </div>
   <div class='ocr_carea' id='block_1_27' title="bbox 2066 1242 3667 1315">
    <p class='ocr_par' dir='ltr' id='par_1_27' title="bbox 2066 1242 3667 1315">
     <span class='ocr_line' id='line_1_27' title="bbox 2066 1242 3667 1315; baseline -0.009 -4"><span class='ocrx_word' id='word_1_173' title='bbox 2066 1254 2267 1312; x_wconf 87' lang='lat' dir='ltr'><strong><em>Omnes</em></strong></span> <span class='ocrx_word' id='word_1_174' title='bbox 2299 1253 2445 1308; x_wconf 87' lang='lat' dir='ltr'><strong><em>enim</em></strong></span> <span class='ocrx_word' id='word_1_175' title='bbox 2468 1265 2500 1304; x_wconf 86' lang='lat' dir='ltr'><strong><em>a</em></strong></span> <span class='ocrx_word' id='word_1_176' title='bbox 2540 1247 2765 1303; x_wconf 87' lang='lat' dir='ltr'><strong><em>minimo</em></strong></span> <span class='ocrx_word' id='word_1_177' title='bbox 2787 1260 2961 1315; x_wconf 88' lang='lat' dir='ltr'><strong><em>usque</em></strong></span> <span class='ocrx_word' id='word_1_178' title='bbox 2989 1243 3054 1298; x_wconf 91' lang='lat' dir='ltr'><strong><em>ad</em></strong></span> <span class='ocrx_word' id='word_1_179' title='bbox 3087 1243 3385 1298; x_wconf 78' lang='lat' dir='ltr'><strong><em>maximum</em></strong></span> <span class='ocrx_word' id='word_1_180' title='bbox 3415 1242 3667 1299; x_wconf 72' lang='lat' dir='ltr'><strong><em>avaritia:</em></strong></span> 
     </span>
    </p>
   </div>
   <div class='ocr_carea' id='block_1_28' title="bbox 2069 1326 3667 1411">
    <p class='ocr_par' dir='ltr' id='par_1_28' title="bbox 2069 1326 3667 1411">
     <span class='ocr_line' id='line_1_28' title="bbox 2069 1326 3667 1411; baseline -0.006 -9"><span class='ocrx_word' id='word_1_181' title='bbox 2069 1326 2309 1411; x_wconf 53' lang='lat' dir='ltr'><strong><em>student,</em></strong></span> <span class='ocrx_word' id='word_1_182' title='bbox 2344 1350 2400 1399; x_wconf 89' lang='lat' dir='ltr'><strong><em>et</em></strong></span> <span class='ocrx_word' id='word_1_183' title='bbox 2427 1340 2557 1398; x_wconf 61' lang='lat' dir='ltr'><strong><em>eieci</em></strong></span> <span class='ocrx_word' id='word_1_184' title='bbox 2589 1339 2748 1396; x_wconf 81' lang='lat' dir='ltr'><strong><em>caecis</em></strong></span> <span class='ocrx_word' id='word_1_185' title='bbox 2770 1328 3033 1393; x_wconf 81' lang='lat' dir='ltr'><strong><em>ducatum</em></strong></span> <span class='ocrx_word' id='word_1_186' title='bbox 3080 1336 3421 1406; x_wconf 64' lang='lat' dir='ltr'><strong><em>praebentes,</em></strong></span> <span class='ocrx_word' id='word_1_187' title='bbox 3468 1337 3528 1391; x_wconf 89' lang='lat' dir='ltr'><strong><em>in</em></strong></span> <span class='ocrx_word' id='word_1_188' title='bbox 3585 1335 3667 1392; x_wconf 85' lang='lat' dir='ltr'><strong><em>l&#39;o-</em></strong></span> 
     </span>
    </p>
   </div>
   <div class='ocr_carea' id='block_1_29' title="bbox 2068 1420 3667 1507">
    <p class='ocr_par' dir='ltr' id='par_1_29' title="bbox 2068 1420 3667 1507">
     <span class='ocr_line' id='line_1_29' title="bbox 2068 1420 3667 1507; baseline -0.004 -15"><span class='ocrx_word' id='word_1_189' title='bbox 2068 1452 2225 1495; x_wconf 90' lang='lat' dir='ltr'><strong><em>veam</em></strong></span> <span class='ocrx_word' id='word_1_190' title='bbox 2255 1433 2576 1507; x_wconf 85' lang='lat' dir='ltr'><strong><em>perditionis</em></strong></span> <span class='ocrx_word' id='word_1_191' title='bbox 2602 1431 2811 1504; x_wconf 89' lang='lat' dir='ltr'><strong><em>pariter</em></strong></span> <span class='ocrx_word' id='word_1_192' title='bbox 2849 1420 3072 1485; x_wconf 87' lang='lat' dir='ltr'><strong><em>cadunt.</em></strong></span> <span class='ocrx_word' id='word_1_193' title='bbox 3122 1428 3331 1496; x_wconf 85' lang='lat' dir='ltr'><strong><em>Quibus</em></strong></span> <span class='ocrx_word' id='word_1_194' title='bbox 3360 1430 3667 1485; x_wconf 87' lang='lat' dir='ltr'><strong><em>commina-</em></strong></span> 
     </span>
    </p>
   </div>
   <div class='ocr_carea' id='block_1_30' title="bbox 2055 1519 3667 1599">
    <p class='ocr_par' dir='ltr' id='par_1_30' title="bbox 2055 1519 3667 1599">
     <span class='ocr_line' id='line_1_30' title="bbox 2055 1519 3667 1599; baseline -0.006 -14"><span class='ocrx_word' id='word_1_195' title='bbox 2055 1539 2178 1585; x_wconf 62' lang='grc' dir='ltr'><strong><em>ων·</em></strong></span> <span class='ocrx_word' id='word_1_196' title='bbox 2208 1526 2471 1599; x_wconf 86' lang='lat' dir='ltr'><strong><em>sapientia</em></strong></span> <span class='ocrx_word' id='word_1_197' title='bbox 2502 1524 2598 1581; x_wconf 86' lang='lat' dir='ltr'><strong><em>Dei</em></strong></span> <span class='ocrx_word' id='word_1_198' title='bbox 2628 1524 2814 1579; x_wconf 88' lang='lat' dir='ltr'><strong><em>dicens</em></strong></span> <span class='ocrx_word' id='word_1_199' title='bbox 2846 1540 2859 1576; x_wconf 90' lang='lat'><strong>:</strong></span> <span class='ocrx_word' id='word_1_200' title='bbox 2922 1519 3009 1577; x_wconf 76' lang='lat' dir='ltr'><strong><em>Va:</em></strong></span> <span class='ocrx_word' id='word_1_201' title='bbox 3037 1521 3156 1587; x_wconf 87' lang='lat' dir='ltr'><strong><em>tibi,</em></strong></span> <span class='ocrx_word' id='word_1_202' title='bbox 3190 1532 3333 1576; x_wconf 89' lang='lat' dir='ltr'><strong><em>terra</em></strong></span> <span class='ocrx_word' id='word_1_203' title='bbox 3374 1521 3535 1592; x_wconf 84' lang='lat' dir='ltr'><strong><em>cujus</em></strong></span> <span class='ocrx_word' id='word_1_204' title='bbox 3578 1539 3667 1577; x_wconf 69' lang='lat' dir='ltr'><strong><em>rex</em></strong></span> 
     </span>
    </p>
   </div>
   <div class='ocr_carea' id='block_1_31' title="bbox 2067 1609 3664 1692">
    <p class='ocr_par' dir='ltr' id='par_1_31' title="bbox 2067 1609 3664 1692">
     <span class='ocr_line' id='line_1_31' title="bbox 2067 1609 3664 1692; baseline -0.007 -17"><span class='ocrx_word' id='word_1_205' title='bbox 2067 1635 2198 1692; x_wconf 85' lang='lat' dir='ltr'><strong><em>puer</em></strong></span> <span class='ocrx_word' id='word_1_206' title='bbox 2212 1625 2376 1685; x_wconf 89' lang='lat' dir='ltr'><strong><em>est,et</em></strong></span> <span class='ocrx_word' id='word_1_207' title='bbox 2400 1616 2552 1687; x_wconf 87' lang='lat' dir='ltr'><strong><em>cujus</em></strong></span> <span class='ocrx_word' id='word_1_208' title='bbox 2580 1612 2841 1686; x_wconf 79' lang='lat' dir='ltr'><strong><em>principes</em></strong></span> <span class='ocrx_word' id='word_1_209' title='bbox 2863 1627 3017 1666; x_wconf 83' lang='lat' dir='ltr'><strong><em>mane</em></strong></span> <span class='ocrx_word' id='word_1_210' title='bbox 3046 1609 3322 1666; x_wconf 88' lang='lat' dir='ltr'><strong><em>comedunt</em></strong></span> <span class='ocrx_word' id='word_1_211' title='bbox 3340 1610 3550 1681; x_wconf 87' lang='lat' dir='ltr'><strong><em>(Eccle.</em></strong></span> <span class='ocrx_word' id='word_1_212' title='bbox 3578 1614 3664 1683; x_wconf 75' lang='lat' dir='ltr'><strong><em>x);</em></strong></span> 
     </span>
    </p>
   </div>
   <div class='ocr_carea' id='block_1_32' title="bbox 2070 1701 3667 1774">
    <p class='ocr_par' dir='ltr' id='par_1_32' title="bbox 2070 1701 3667 1774">
     <span class='ocr_line' id='line_1_32' title="bbox 2070 1701 3667 1774; baseline -0.006 -6"><span class='ocrx_word' id='word_1_213' title='bbox 2070 1720 2127 1767; x_wconf 90' lang='lat' dir='ltr'><strong><em>et</em></strong></span> <span class='ocrx_word' id='word_1_214' title='bbox 2145 1725 2176 1767; x_wconf 90' lang='lat' dir='ltr'><strong><em>e</em></strong></span> <span class='ocrx_word' id='word_1_215' title='bbox 2204 1709 2479 1765; x_wconf 87' lang='lat' dir='ltr'><strong><em>contrario</em></strong></span> <span class='ocrx_word' id='word_1_216' title='bbox 2502 1706 2571 1762; x_wconf 88' lang='lat' dir='ltr'><strong><em>de</em></strong></span> <span class='ocrx_word' id='word_1_217' title='bbox 2592 1713 2909 1761; x_wconf 87' lang='lat' dir='ltr'><strong><em>sanctorum</em></strong></span> <span class='ocrx_word' id='word_1_218' title='bbox 2933 1702 3133 1774; x_wconf 89' lang='lat' dir='ltr'><strong><em>populo</em></strong></span> <span class='ocrx_word' id='word_1_219' title='bbox 3177 1711 3234 1758; x_wconf 88' lang='lat' dir='ltr'><strong><em>et</em></strong></span> <span class='ocrx_word' id='word_1_220' title='bbox 3256 1701 3409 1774; x_wconf 76' lang='lat' dir='ltr'><strong><em>Rege</em></strong></span> <span class='ocrx_word' id='word_1_221' title='bbox 3447 1701 3667 1760; x_wconf 84' lang='lat' dir='ltr'><strong><em>Christo</em></strong></span> 
     </span>
    </p>
   </div>
   <div class='ocr_carea' id='block_1_33' title="bbox 2071 1792 3668 1869">
    <p class='ocr_par' dir='ltr' id='par_1_33' title="bbox 2071 1792 3668 1869">
     <span class='ocr_line' id='line_1_33' title="bbox 2071 1792 3668 1869; baseline -0.004 -12"><span class='ocrx_word' id='word_1_222' title='bbox 2071 1801 2340 1858; x_wconf 87' lang='lat' dir='ltr'><strong><em>laudando</em></strong></span> <span class='ocrx_word' id='word_1_223' title='bbox 2389 1797 2741 1869; x_wconf 87' lang='lat' dir='ltr'><strong><em>subsequitur</em></strong></span> <span class='ocrx_word' id='word_1_224' title='bbox 2787 1796 2976 1851; x_wconf 89' lang='lat' dir='ltr'><strong><em>dicens</em></strong></span> <span class='ocrx_word' id='word_1_225' title='bbox 3001 1812 3014 1849; x_wconf 88' lang='lat'>:</span> <span class='ocrx_word' id='word_1_226' title='bbox 3039 1792 3210 1848; x_wconf 88' lang='lat' dir='ltr'><strong><em>Beata</em></strong></span> <span class='ocrx_word' id='word_1_227' title='bbox 3240 1803 3383 1848; x_wconf 90' lang='lat' dir='ltr'><strong><em>terra</em></strong></span> <span class='ocrx_word' id='word_1_228' title='bbox 3412 1795 3574 1865; x_wconf 86' lang='lat' dir='ltr'><strong><em>cujus</em></strong></span> <span class='ocrx_word' id='word_1_229' title='bbox 3596 1804 3668 1850; x_wconf 88' lang='lat' dir='ltr'><strong><em>est</em></strong></span> 
     </span>
    </p>
   </div>
   <div class='ocr_carea' id='block_1_34' title="bbox 2074 1887 3667 1961">
    <p class='ocr_par' dir='ltr' id='par_1_34' title="bbox 2074 1887 3667 1961">
     <span class='ocr_line' id='line_1_34' title="bbox 2074 1887 3667 1961; baseline -0.004 -12"><span class='ocrx_word' id='word_1_230' title='bbox 2074 1912 2167 1951; x_wconf 77' lang='lat' dir='ltr'><strong><em>rea:</em></strong></span> <span class='ocrx_word' id='word_1_231' title='bbox 2207 1892 2421 1960; x_wconf 88' lang='lat' dir='ltr'><strong><em>nobilis,</em></strong></span> <span class='ocrx_word' id='word_1_232' title='bbox 2453 1900 2501 1947; x_wconf 87' lang='lat' dir='ltr'><strong><em>et</em></strong></span> <span class='ocrx_word' id='word_1_233' title='bbox 2530 1890 2681 1961; x_wconf 86' lang='lat' dir='ltr'><strong><em>cujus</em></strong></span> <span class='ocrx_word' id='word_1_234' title='bbox 2709 1888 2969 1961; x_wconf 85' lang='lat' dir='ltr'><strong><em>principes</em></strong></span> <span class='ocrx_word' id='word_1_235' title='bbox 3015 1896 3294 1942; x_wconf 86' lang='lat' dir='ltr'><strong><em>vescuntur</em></strong></span> <span class='ocrx_word' id='word_1_236' title='bbox 3329 1887 3386 1941; x_wconf 90' lang='lat' dir='ltr'><strong><em>in</em></strong></span> <span class='ocrx_word' id='word_1_237' title='bbox 3438 1896 3667 1959; x_wconf 73' lang='lat' dir='ltr'><strong><em>ternpors</em></strong></span> 
     </span>
    </p>
   </div>
   <div class='ocr_carea' id='block_1_35' title="bbox 2072 1975 3665 2058">
    <p class='ocr_par' dir='ltr' id='par_1_35' title="bbox 2072 1975 3665 2058">
     <span class='ocr_line' id='line_1_35' title="bbox 2072 1975 3665 2058; baseline -0.008 -16"><span class='ocrx_word' id='word_1_238' title='bbox 2072 2003 2169 2043; x_wconf 89' lang='lat' dir='ltr'><strong><em>suo</em></strong></span> <span class='ocrx_word' id='word_1_239' title='bbox 2199 1982 2388 2058; x_wconf 89' lang='lat' dir='ltr'><strong><em>(lbid.)</em></strong></span> <span class='ocrx_word' id='word_1_240' title='bbox 2406 2022 2423 2048; x_wconf 92' lang='lat'><strong><em>,</em></strong></span> <span class='ocrx_word' id='word_1_241' title='bbox 2453 1981 2580 2053; x_wconf 87' lang='lat' dir='ltr'><strong><em>quia</em></strong></span> <span class='ocrx_word' id='word_1_242' title='bbox 2621 1980 2799 2035; x_wconf 87' lang='lat' dir='ltr'><strong><em>omnia</em></strong></span> <span class='ocrx_word' id='word_1_243' title='bbox 2823 1992 3145 2049; x_wconf 66' lang='lat' dir='ltr'><strong><em>quaecunque</em></strong></span> <span class='ocrx_word' id='word_1_244' title='bbox 3172 1975 3405 2033; x_wconf 80' lang='lat' dir='ltr'><strong><em>fecerint</em></strong></span> <span class='ocrx_word' id='word_1_245' title='bbox 3450 1992 3665 2047; x_wconf 55' lang='lat' dir='ltr'><strong><em>prospe</em></strong></span> 
     </span>
    </p>
   </div>
   <div class='ocr_carea' id='block_1_36' title="bbox 387 2069 2625 2155">
    <p class='ocr_par' dir='ltr' id='par_1_36' title="bbox 387 2069 2625 2155">
     <span class='ocr_line' id='line_1_36' title="bbox 387 2069 2625 2155; baseline -0.006 -16"><span class='ocrx_word' id='word_1_246' title='bbox 387 2084 673 2154; x_wconf 80' lang='lat' dir='ltr'><strong><em>spondeam</em></strong></span> <span class='ocrx_word' id='word_1_247' title='bbox 686 2081 918 2155; x_wconf 79' lang='lat' dir='ltr'><strong><em>populo?</em></strong></span> <span class='ocrx_word' id='word_1_248' title='bbox 941 2079 1044 2145; x_wconf 85' lang='lat' dir='ltr'><strong><em>Qui</em></strong></span> <span class='ocrx_word' id='word_1_249' title='bbox 1059 2079 1300 2133; x_wconf 73' lang='lat' dir='ltr'><strong><em>dixerunt</em></strong></span> <span class='ocrx_word' id='word_1_250' title='bbox 1320 2077 1367 2130; x_wconf 89' lang='lat' dir='ltr'><strong><em>ei</em></strong></span> <span class='ocrx_word' id='word_1_251' title='bbox 1384 2092 1403 2130; x_wconf 91' lang='lat'><strong><em>:</em></strong></span> <span class='ocrx_word' id='word_1_252' title='bbox 1422 2074 1483 2131; x_wconf 88' lang='lat' dir='ltr'><strong><em>Si</em></strong></span> <span class='ocrx_word' id='word_1_253' title='bbox 1501 2074 1762 2147; x_wconf 87' lang='lat' dir='ltr'><strong><em>placueris</em></strong></span> <span class='ocrx_word' id='word_1_254' title='bbox 1782 2072 1974 2146; x_wconf 90' lang='lat' dir='ltr'><strong><em>populo</em></strong></span> <span class='ocrx_word' id='word_1_255' title='bbox 2003 2069 2050 2130; x_wconf 89' lang='lat' dir='ltr'><strong>B</strong></span> <span class='ocrx_word' id='word_1_256' title='bbox 2076 2077 2337 2133; x_wconf 81' lang='lat' dir='ltr'><strong><em>rabuntur</em></strong></span> <span class='ocrx_word' id='word_1_257' title='bbox 2357 2072 2532 2148; x_wconf 86' lang='lat' dir='ltr'><strong><em>(Psal.</em></strong></span> <span class='ocrx_word' id='word_1_258' title='bbox 2562 2071 2625 2143; x_wconf 84' lang='lat'><strong><em>1).</em></strong></span> 
     </span>
    </p>
   </div>
   <div class='ocr_carea' id='block_1_37' title="bbox 388 2164 1974 2233">
    <p class='ocr_par' dir='ltr' id='par_1_37' title="bbox 388 2164 1974 2233">
     <span class='ocr_line' id='line_1_37' title="bbox 388 2164 1974 2233; baseline -0.007 -4"><span class='ocrx_word' id='word_1_259' title='bbox 388 2175 511 2230; x_wconf 85' lang='lat' dir='ltr'><strong><em>huic</em></strong></span> <span class='ocrx_word' id='word_1_260' title='bbox 558 2182 605 2228; x_wconf 91' lang='lat' dir='ltr'><strong><em>et</em></strong></span> <span class='ocrx_word' id='word_1_261' title='bbox 651 2171 864 2227; x_wconf 88' lang='lat' dir='ltr'><strong><em>lenieris</em></strong></span> <span class='ocrx_word' id='word_1_262' title='bbox 892 2188 978 2225; x_wconf 88' lang='lat' dir='ltr'><strong><em>eos</em></strong></span> <span class='ocrx_word' id='word_1_263' title='bbox 1026 2168 1190 2224; x_wconf 87' lang='lat' dir='ltr'><strong><em>verbis</em></strong></span> <span class='ocrx_word' id='word_1_264' title='bbox 1222 2166 1582 2233; x_wconf 84' lang='lat' dir='ltr'><strong><em>clementibus,</em></strong></span> <span class='ocrx_word' id='word_1_265' title='bbox 1611 2164 1831 2221; x_wconf 90' lang='lat' dir='ltr'><strong><em>servient</em></strong></span> <span class='ocrx_word' id='word_1_266' title='bbox 1880 2164 1974 2218; x_wconf 89' lang='lat' dir='ltr'><strong><em>tibi</em></strong></span> 
     </span>
    </p>
   </div>
   <div class='ocr_carea' id='block_1_38' title="bbox 388 2256 1974 2333">
    <p class='ocr_par' dir='ltr' id='par_1_38' title="bbox 388 2256 1974 2333">
     <span class='ocr_line' id='line_1_38' title="bbox 388 2256 1974 2333; baseline -0.006 -15"><span class='ocrx_word' id='word_1_267' title='bbox 388 2265 530 2319; x_wconf 85' lang='lat' dir='ltr'><strong><em>omni</em></strong></span> <span class='ocrx_word' id='word_1_268' title='bbox 561 2272 807 2333; x_wconf 89' lang='lat' dir='ltr'><strong><em>tempore.</em></strong></span> <span class='ocrx_word' id='word_1_269' title='bbox 838 2259 904 2314; x_wconf 85' lang='lat' dir='ltr'><strong><em>At</em></strong></span> <span class='ocrx_word' id='word_1_270' title='bbox 927 2260 1016 2316; x_wconf 88' lang='lat' dir='ltr'><strong><em>ille</em></strong></span> <span class='ocrx_word' id='word_1_271' title='bbox 1041 2258 1246 2330; x_wconf 87' lang='lat' dir='ltr'><strong><em>reliquit</em></strong></span> <span class='ocrx_word' id='word_1_272' title='bbox 1273 2256 1550 2312; x_wconf 84' lang='lat' dir='ltr'><strong><em>consilium</em></strong></span> <span class='ocrx_word' id='word_1_273' title='bbox 1576 2272 1756 2311; x_wconf 88' lang='lat' dir='ltr'><strong><em>senum</em></strong></span> <span class='ocrx_word' id='word_1_274' title='bbox 1784 2264 1831 2309; x_wconf 90' lang='lat' dir='ltr'><strong><em>et</em></strong></span> <span class='ocrx_word' id='word_1_275' title='bbox 1850 2270 1974 2310; x_wconf 87' lang='lat' dir='ltr'><strong><em>cum</em></strong></span> 
     </span>
    </p>
   </div>
   <div class='ocr_carea' id='block_1_39' title="bbox 380 2347 1977 2427">
    <p class='ocr_par' dir='ltr' id='par_1_39' title="bbox 380 2347 1977 2427">
     <span class='ocr_line' id='line_1_39' title="bbox 380 2347 1977 2427; baseline -0.006 -18"><span class='ocrx_word' id='word_1_276' title='bbox 380 2354 664 2427; x_wconf 76' lang='lat' dir='ltr'><strong><em>jupenibus</em></strong></span> <span class='ocrx_word' id='word_1_277' title='bbox 690 2360 917 2407; x_wconf 87' lang='lat' dir='ltr'><strong><em>tractare</em></strong></span> <span class='ocrx_word' id='word_1_278' title='bbox 942 2352 1089 2420; x_wconf 61' lang='lat' dir='ltr'><strong><em>carpit</em></strong></span> <span class='ocrx_word' id='word_1_279' title='bbox 1113 2350 1202 2421; x_wconf 89' lang='lat' dir='ltr'><strong><em>qui</em></strong></span> <span class='ocrx_word' id='word_1_280' title='bbox 1229 2365 1347 2402; x_wconf 87' lang='lat' dir='ltr'><strong><em>cum</em></strong></span> <span class='ocrx_word' id='word_1_281' title='bbox 1369 2365 1429 2403; x_wconf 87' lang='lat' dir='ltr'><strong><em>eo</em></strong></span> <span class='ocrx_word' id='word_1_282' title='bbox 1453 2348 1640 2402; x_wconf 86' lang='lat' dir='ltr'><strong><em>nutriti</em></strong></span> <span class='ocrx_word' id='word_1_283' title='bbox 1663 2347 1893 2418; x_wconf 81' lang='lat' dir='ltr'><strong><em>fuerant,</em></strong></span> <span class='ocrx_word' id='word_1_284' title='bbox 1927 2354 1977 2400; x_wconf 90' lang='lat' dir='ltr'><strong><em>et</em></strong></span> 
     </span>
    </p>
   </div>
   <div class='ocr_carea' id='block_1_40' title="bbox 388 2438 1971 2509">
    <p class='ocr_par' dir='ltr' id='par_1_40' title="bbox 388 2438 1971 2509">
     <span class='ocr_line' id='line_1_40' title="bbox 388 2438 1971 2509; baseline -0.006 -9"><span class='ocrx_word' id='word_1_285' title='bbox 388 2445 622 2500; x_wconf 86' lang='lat' dir='ltr'><strong><em>erantin</em></strong></span> <span class='ocrx_word' id='word_1_286' title='bbox 650 2444 901 2498; x_wconf 88' lang='lat' dir='ltr'><strong><em>comitatu</em></strong></span> <span class='ocrx_word' id='word_1_287' title='bbox 928 2441 1094 2505; x_wconf 86' lang='lat' dir='ltr'><strong><em>illius,</em></strong></span> <span class='ocrx_word' id='word_1_288' title='bbox 1125 2448 1233 2496; x_wconf 91' lang='lat' dir='ltr'><strong><em>etc.</em></strong></span> <span class='ocrx_word' id='word_1_289' title='bbox 1285 2439 1456 2494; x_wconf 80' lang='lat' dir='ltr'><strong><em>Senes</em></strong></span> <span class='ocrx_word' id='word_1_290' title='bbox 1504 2438 1625 2493; x_wconf 88' lang='lat' dir='ltr'><strong><em>illos</em></strong></span> <span class='ocrx_word' id='word_1_291' title='bbox 1654 2438 1745 2509; x_wconf 88' lang='lat' dir='ltr'><strong><em>qui</em></strong></span> <span class='ocrx_word' id='word_1_292' title='bbox 1805 2444 1971 2493; x_wconf 84' lang='lat' dir='ltr'><strong><em>stete—</em></strong></span> 
     </span>
    </p>
   </div>
   <div class='ocr_carea' id='block_1_41' title="bbox 392 2522 1977 2599">
    <p class='ocr_par' dir='ltr' id='par_1_41' title="bbox 392 2522 1977 2599">
     <span class='ocr_line' id='line_1_41' title="bbox 392 2522 1977 2599; baseline -0.006 -10"><span class='ocrx_word' id='word_1_293' title='bbox 392 2541 518 2589; x_wconf 91' lang='lat' dir='ltr'><strong><em>runt</em></strong></span> <span class='ocrx_word' id='word_1_294' title='bbox 548 2548 731 2588; x_wconf 87' lang='lat' dir='ltr'><strong><em>coram</em></strong></span> <span class='ocrx_word' id='word_1_295' title='bbox 763 2532 1056 2588; x_wconf 89' lang='lat' dir='ltr'><strong><em>Salomone</em></strong></span> <span class='ocrx_word' id='word_1_296' title='bbox 1097 2538 1250 2599; x_wconf 90' lang='lat' dir='ltr'><strong><em>patre</em></strong></span> <span class='ocrx_word' id='word_1_297' title='bbox 1281 2528 1521 2584; x_wconf 76' lang='lat' dir='ltr'><strong><em>Roboam</em></strong></span> <span class='ocrx_word' id='word_1_298' title='bbox 1572 2528 1844 2582; x_wconf 61' lang='lat' dir='ltr'><strong><em>aestimant</em></strong></span> <span class='ocrx_word' id='word_1_299' title='bbox 1871 2522 1977 2580; x_wconf 80' lang='lat' dir='ltr'><strong><em>lle-</em></strong></span> 
     </span>
    </p>
   </div>
   <div class='ocr_carea' id='block_1_42' title="bbox 392 2616 1976 2687">
    <p class='ocr_par' dir='ltr' id='par_1_42' title="bbox 392 2616 1976 2687">
     <span class='ocr_line' id='line_1_42' title="bbox 392 2616 1976 2687; baseline -0.006 -7"><span class='ocrx_word' id='word_1_300' title='bbox 392 2624 526 2680; x_wconf 68' lang='lat' dir='ltr'><strong><em>brati</em></strong></span> <span class='ocrx_word' id='word_1_301' title='bbox 555 2638 675 2679; x_wconf 89' lang='lat' dir='ltr'><strong><em>esse</em></strong></span> <span class='ocrx_word' id='word_1_302' title='bbox 699 2622 958 2677; x_wconf 88' lang='lat' dir='ltr'><strong><em>Banaiam</em></strong></span> <span class='ocrx_word' id='word_1_303' title='bbox 992 2620 1160 2675; x_wconf 83' lang='lat' dir='ltr'><strong><em>lilium</em></strong></span> <span class='ocrx_word' id='word_1_304' title='bbox 1188 2617 1408 2687; x_wconf 70' lang='lat' dir='ltr'><strong><em>loiadze,</em></strong></span> <span class='ocrx_word' id='word_1_305' title='bbox 1458 2629 1513 2674; x_wconf 91' lang='lat' dir='ltr'><strong><em>et</em></strong></span> <span class='ocrx_word' id='word_1_306' title='bbox 1553 2618 1776 2674; x_wconf 88' lang='lat' dir='ltr'><strong><em>lhachel</em></strong></span> <span class='ocrx_word' id='word_1_307' title='bbox 1807 2616 1976 2673; x_wconf 81' lang='lat' dir='ltr'><strong><em>[illum</em></strong></span> 
     </span>
    </p>
   </div>
   <div class='ocr_carea' id='block_1_43' title="bbox 392 2699 1975 2783">
    <p class='ocr_par' dir='ltr' id='par_1_43' title="bbox 392 2699 1975 2783">
     <span class='ocr_line' id='line_1_43' title="bbox 392 2699 1975 2783; baseline -0.004 -15"><span class='ocrx_word' id='word_1_308' title='bbox 392 2712 675 2778; x_wconf 80' lang='lat' dir='ltr'><strong><em>Acomoni,</em></strong></span> <span class='ocrx_word' id='word_1_309' title='bbox 703 2710 796 2783; x_wconf 90' lang='lat' dir='ltr'><strong><em>qui</em></strong></span> <span class='ocrx_word' id='word_1_310' title='bbox 845 2711 951 2767; x_wconf 91' lang='lat' dir='ltr'><strong><em>alio</em></strong></span> <span class='ocrx_word' id='word_1_311' title='bbox 981 2710 1198 2766; x_wconf 87' lang='lat' dir='ltr'><strong><em>nomine</em></strong></span> <span class='ocrx_word' id='word_1_312' title='bbox 1220 2707 1373 2765; x_wconf 89' lang='lat' dir='ltr'><strong><em>Chila</em></strong></span> <span class='ocrx_word' id='word_1_313' title='bbox 1396 2699 1714 2775; x_wconf 80' lang='lat' dir='ltr'><strong><em>vocabatur,</em></strong></span> <span class='ocrx_word' id='word_1_314' title='bbox 1745 2722 1975 2779; x_wconf 91' lang='lat' dir='ltr'><strong><em>quorum</em></strong></span> 
     </span>
    </p>
   </div>
   <div class='ocr_carea' id='block_1_44' title="bbox 384 2801 1977 2872">
    <p class='ocr_par' dir='ltr' id='par_1_44' title="bbox 384 2801 1977 2872">
     <span class='ocr_line' id='line_1_44' title="bbox 384 2801 1977 2872; baseline -0.004 -11"><span class='ocrx_word' id='word_1_315' title='bbox 384 2805 619 2861; x_wconf 85' lang='lat' dir='ltr'><strong><em>consilio</em></strong></span> <span class='ocrx_word' id='word_1_316' title='bbox 643 2845 659 2872; x_wconf 94' lang='lat'><strong><em>,</em></strong></span> <span class='ocrx_word' id='word_1_317' title='bbox 715 2803 906 2860; x_wconf 89' lang='lat' dir='ltr'><strong><em>relicto</em></strong></span> <span class='ocrx_word' id='word_1_318' title='bbox 952 2803 1195 2860; x_wconf 85' lang='lat' dir='ltr'><strong><em>Rohoam</em></strong></span> <span class='ocrx_word' id='word_1_319' title='bbox 1239 2818 1360 2859; x_wconf 90' lang='lat' dir='ltr'><strong><em>cum</em></strong></span> <span class='ocrx_word' id='word_1_320' title='bbox 1399 2801 1689 2872; x_wconf 85' lang='lat' dir='ltr'><strong><em>juvenibus</em></strong></span> <span class='ocrx_word' id='word_1_321' title='bbox 1741 2809 1977 2857; x_wconf 85' lang='lat' dir='ltr'><strong><em>tractare</em></strong></span> 
     </span>
    </p>
   </div>
   <div class='ocr_carea' id='block_1_45' title="bbox 393 2889 1979 2967">
    <p class='ocr_par' dir='ltr' id='par_1_45' title="bbox 393 2889 1979 2967">
     <span class='ocr_line' id='line_1_45' title="bbox 393 2889 1979 2967; baseline -0.004 -17"><span class='ocrx_word' id='word_1_322' title='bbox 393 2896 578 2967; x_wconf 75' lang='lat' dir='ltr'><strong><em>cmpit,</em></strong></span> <span class='ocrx_word' id='word_1_323' title='bbox 610 2895 714 2951; x_wconf 88' lang='lat' dir='ltr'><strong><em>hoc</em></strong></span> <span class='ocrx_word' id='word_1_324' title='bbox 731 2904 837 2961; x_wconf 89' lang='lat' dir='ltr'><strong><em>est,</em></strong></span> <span class='ocrx_word' id='word_1_325' title='bbox 859 2910 984 2951; x_wconf 90' lang='lat' dir='ltr'><strong><em>cum</em></strong></span> <span class='ocrx_word' id='word_1_326' title='bbox 1022 2894 1259 2950; x_wconf 84' lang='lat' dir='ltr'><strong><em>Aduram</em></strong></span> <span class='ocrx_word' id='word_1_327' title='bbox 1280 2934 1295 2959; x_wconf 91' lang='lat'><strong><em>,</em></strong></span> <span class='ocrx_word' id='word_1_328' title='bbox 1319 2893 1410 2964; x_wconf 91' lang='lat' dir='ltr'><strong><em>qui</em></strong></span> <span class='ocrx_word' id='word_1_329' title='bbox 1441 2892 1496 2947; x_wconf 91' lang='lat' dir='ltr'><strong><em>in</em></strong></span> <span class='ocrx_word' id='word_1_330' title='bbox 1525 2889 1876 2961; x_wconf 83' lang='lat' dir='ltr'><strong><em>sequentibus</em></strong></span> <span class='ocrx_word' id='word_1_331' title='bbox 1900 2889 1979 2944; x_wconf 86' lang='lat' dir='ltr'><strong><em>la-</em></strong></span> 
     </span>
    </p>
   </div>
   <div class='ocr_carea' id='block_1_46' title="bbox 374 2975 1980 3061">
    <p class='ocr_par' dir='ltr' id='par_1_46' title="bbox 374 2975 1980 3061">
     <span class='ocr_line' id='line_1_46' title="bbox 374 2975 1980 3061; baseline -0.005 -21"><span class='ocrx_word' id='word_1_332' title='bbox 374 2986 608 3061; x_wconf 11' lang='lat' dir='ltr'><strong><em>},pidatus</em></strong></span> <span class='ocrx_word' id='word_1_333' title='bbox 636 2985 983 3050; x_wconf 82' lang='lat' dir='ltr'><strong><em>describitur,</em></strong></span> <span class='ocrx_word' id='word_1_334' title='bbox 1019 2993 1075 3038; x_wconf 89' lang='lat' dir='ltr'><strong><em>et</em></strong></span> <span class='ocrx_word' id='word_1_335' title='bbox 1114 2980 1231 3051; x_wconf 88' lang='lat' dir='ltr'><strong><em>ejus</em></strong></span> <span class='ocrx_word' id='word_1_336' title='bbox 1258 2982 1545 3046; x_wconf 88' lang='lat' dir='ltr'><strong><em>similibus,</em></strong></span> <span class='ocrx_word' id='word_1_337' title='bbox 1575 2995 1805 3050; x_wconf 87' lang='lat' dir='ltr'><strong><em>quorum</em></strong></span> <span class='ocrx_word' id='word_1_338' title='bbox 1847 2975 1980 3034; x_wconf 81' lang='lat' dir='ltr'><strong><em>stul—</em></strong></span> 
     </span>
    </p>
   </div>
   <div class='ocr_carea' id='block_1_47' title="bbox 376 3071 1981 3151">
    <p class='ocr_par' dir='ltr' id='par_1_47' title="bbox 376 3071 1981 3151">
     <span class='ocr_line' id='line_1_47' title="bbox 376 3071 1981 3151; baseline -0.002 -21"><span class='ocrx_word' id='word_1_339' title='bbox 376 3076 516 3151; x_wconf 14' lang='lat' dir='ltr'><strong><em>jtitia</em></strong></span> <span class='ocrx_word' id='word_1_340' title='bbox 560 3089 620 3131; x_wconf 90' lang='lat' dir='ltr'><strong><em>se</em></strong></span> <span class='ocrx_word' id='word_1_341' title='bbox 664 3076 846 3146; x_wconf 84' lang='lat' dir='ltr'><strong><em>prodit</em></strong></span> <span class='ocrx_word' id='word_1_342' title='bbox 872 3076 926 3130; x_wconf 91' lang='lat' dir='ltr'><strong><em>in</em></strong></span> <span class='ocrx_word' id='word_1_343' title='bbox 954 3073 1180 3130; x_wconf 89' lang='lat' dir='ltr'><strong><em>consilio</em></strong></span> <span class='ocrx_word' id='word_1_344' title='bbox 1224 3073 1454 3144; x_wconf 87' lang='lat' dir='ltr'><strong><em>prolato.</em></strong></span> <span class='ocrx_word' id='word_1_345' title='bbox 1504 3071 1767 3127; x_wconf 84' lang='lat' dir='ltr'><strong><em>Juvenem</em></strong></span> <span class='ocrx_word' id='word_1_346' title='bbox 1799 3078 1981 3126; x_wconf 87' lang='lat' dir='ltr'><strong><em>autem</em></strong></span> 
     </span>
    </p>
   </div>
   <div class='ocr_carea' id='block_1_48' title="bbox 395 3162 1982 3239">
    <p class='ocr_par' dir='ltr' id='par_1_48' title="bbox 395 3162 1982 3239">
     <span class='ocr_line' id='line_1_48' title="bbox 395 3162 1982 3239; baseline -0.003 -17"><span class='ocrx_word' id='word_1_347' title='bbox 395 3184 504 3223; x_wconf 90' lang='lat' dir='ltr'><strong><em>non</em></strong></span> <span class='ocrx_word' id='word_1_348' title='bbox 555 3184 769 3239; x_wconf 84' lang='lat' dir='ltr'><strong><em>semper</em></strong></span> <span class='ocrx_word' id='word_1_349' title='bbox 797 3168 955 3239; x_wconf 78' lang='lat' dir='ltr'><strong><em>juxta</em></strong></span> <span class='ocrx_word' id='word_1_350' title='bbox 1004 3174 1219 3221; x_wconf 71' lang='lat' dir='ltr'><strong><em>mtatcm</em></strong></span> <span class='ocrx_word' id='word_1_351' title='bbox 1263 3164 1508 3219; x_wconf 86' lang='lat' dir='ltr'><strong><em>nominat</em></strong></span> <span class='ocrx_word' id='word_1_352' title='bbox 1538 3162 1838 3233; x_wconf 87' lang='lat' dir='ltr'><strong><em>Scriptura,</em></strong></span> <span class='ocrx_word' id='word_1_353' title='bbox 1887 3162 1982 3218; x_wconf 86' lang='lat' dir='ltr'><strong><em>sed</em></strong></span> 
     </span>
    </p>
   </div>
   <div class='ocr_carea' id='block_1_49' title="bbox 386 3252 1981 3329">
    <p class='ocr_par' dir='ltr' id='par_1_49' title="bbox 386 3252 1981 3329">
     <span class='ocr_line' id='line_1_49' title="bbox 386 3252 1981 3329; baseline -0.004 -17"><span class='ocrx_word' id='word_1_354' title='bbox 386 3258 550 3329; x_wconf 75' lang='lat' dir='ltr'><strong><em>.juxta</em></strong></span> <span class='ocrx_word' id='word_1_355' title='bbox 580 3258 986 3313; x_wconf 85' lang='lat' dir='ltr'><strong><em>instabilitatem</em></strong></span> <span class='ocrx_word' id='word_1_356' title='bbox 1037 3255 1224 3312; x_wconf 89' lang='lat' dir='ltr'><strong><em>animi.</em></strong></span> <span class='ocrx_word' id='word_1_357' title='bbox 1258 3254 1374 3310; x_wconf 85' lang='lat' dir='ltr'><strong><em>Non</em></strong></span> <span class='ocrx_word' id='word_1_358' title='bbox 1418 3254 1564 3309; x_wconf 90' lang='lat' dir='ltr'><strong><em>enim</em></strong></span> <span class='ocrx_word' id='word_1_359' title='bbox 1598 3252 1704 3309; x_wconf 83' lang='lat' dir='ltr'><strong><em>fuit</em></strong></span> <span class='ocrx_word' id='word_1_360' title='bbox 1737 3252 1981 3308; x_wconf 77' lang='lat' dir='ltr'><strong><em>Boboam</em></strong></span> 
     </span>
    </p>
   </div>
   <div class='ocr_carea' id='block_1_50' title="bbox 399 3343 1982 3418">
    <p class='ocr_par' dir='ltr' id='par_1_50' title="bbox 399 3343 1982 3418">
     <span class='ocr_line' id='line_1_50' title="bbox 399 3343 1982 3418; baseline -0.003 -14"><span class='ocrx_word' id='word_1_361' title='bbox 399 3362 464 3404; x_wconf 83' lang='lat' dir='ltr'><strong><em>eo</em></strong></span> <span class='ocrx_word' id='word_1_362' title='bbox 495 3356 736 3417; x_wconf 88' lang='lat' dir='ltr'><strong><em>tempore</em></strong></span> <span class='ocrx_word' id='word_1_363' title='bbox 764 3347 979 3418; x_wconf 84' lang='lat' dir='ltr'><strong><em>juvenis</em></strong></span> <span class='ocrx_word' id='word_1_364' title='bbox 1007 3354 1189 3412; x_wconf 59' lang='lat' dir='ltr'><strong><em>astate,I</em></strong></span> <span class='ocrx_word' id='word_1_365' title='bbox 1212 3345 1342 3415; x_wconf 87' lang='lat' dir='ltr'><strong><em>quia</em></strong></span> <span class='ocrx_word' id='word_1_366' title='bbox 1368 3343 1781 3415; x_wconf 73' lang='lat' dir='ltr'><strong><em>quadragesimo</em></strong></span> <span class='ocrx_word' id='word_1_367' title='bbox 1805 3344 1982 3415; x_wconf 88' lang='lat' dir='ltr'><strong><em>primo</em></strong></span> 
     </span>
    </p>
   </div>
   <div class='ocr_carea' id='block_1_51' title="bbox 2675 2203 3054 2263">
    <p class='ocr_par' dir='ltr' id='par_1_51' title="bbox 2675 2203 3054 2263">
     <span class='ocr_line' id='line_1_51' title="bbox 2675 2203 3054 2263; baseline -0.018 1"><span class='ocrx_word' id='word_1_368' title='bbox 2675 2205 2905 2263; x_wconf 82' lang='lat' dir='ltr'><strong>CAPUT</strong></span> <span class='ocrx_word' id='word_1_369' title='bbox 2941 2203 3054 2259; x_wconf 71' lang='grc' dir='ltr'><strong><em>ΧΗ.</em></strong></span> 
     </span>
    </p>
   </div>
   <div class='ocr_carea' id='block_1_52' title="bbox 2079 2318 3673 2397">
    <p class='ocr_par' dir='ltr' id='par_1_52' title="bbox 2079 2318 3673 2397">
     <span class='ocr_line' id='line_1_52' title="bbox 2079 2318 3673 2397; baseline -0.006 -13"><span class='ocrx_word' id='word_1_370' title='bbox 2079 2327 2353 2397; x_wconf 83' lang='lat' dir='ltr'><strong><em>Quomodo</em></strong></span> <span class='ocrx_word' id='word_1_371' title='bbox 2403 2325 2638 2380; x_wconf 83' lang='lat' dir='ltr'><strong><em>Roboam</em></strong></span> <span class='ocrx_word' id='word_1_372' title='bbox 2693 2322 2909 2397; x_wconf 86' lang='lat' dir='ltr'><strong><em>Sesach_</em></strong></span> <span class='ocrx_word' id='word_1_373' title='bbox 2938 2337 3030 2375; x_wconf 71' lang='lat' dir='ltr'><strong><em>res:</em></strong></span> <span class='ocrx_word' id='word_1_374' title='bbox 3071 2319 3316 2397; x_wconf 47' lang='lat' dir='ltr'><strong><em>{Egyptg&#39;</em></strong></span> <span class='ocrx_word' id='word_1_375' title='bbox 3370 2318 3673 2397; x_wconf 76' lang='lat' dir='ltr'><strong><em>Hierosoly-</em></strong></span> 
     </span>
    </p>
   </div>
   <div class='ocr_carea' id='block_1_53' title="bbox 2148 2390 3669 2521">
    <p class='ocr_par' dir='ltr' id='par_1_53' title="bbox 2148 2390 3669 2521">
     <span class='ocr_line' id='line_1_53' title="bbox 2148 2390 3669 2464; baseline -0.004 -12"><span class='ocrx_word' id='word_1_376' title='bbox 2148 2415 2290 2452; x_wconf 87' lang='lat' dir='ltr'><strong><em>mam</em></strong></span> <span class='ocrx_word' id='word_1_377' title='bbox 2316 2398 2542 2459; x_wconf 85' lang='lat' dir='ltr'><strong><em>veniens,</em></strong></span> <span class='ocrx_word' id='word_1_378' title='bbox 2570 2392 2929 2464; x_wconf 82' lang='lat' dir='ltr'><strong><em>coangustavit</em></strong></span> <span class='ocrx_word' id='word_1_379' title='bbox 2946 2434 2961 2457; x_wconf 89' lang='lat'><strong><em>,</em></strong></span> <span class='ocrx_word' id='word_1_380' title='bbox 2987 2390 3230 2461; x_wconf 79' lang='lat' dir='ltr'><strong><em>auferens</em></strong></span> <span class='ocrx_word' id='word_1_381' title='bbox 3261 2390 3537 2446; x_wconf 83' lang='lat' dir='ltr'><strong><em>thesauros</em></strong></span> <span class='ocrx_word' id='word_1_382' title='bbox 3574 2390 3669 2446; x_wconf 83' lang='lat' dir='ltr'><strong><em>do-</em></strong></span> 
     </span>
     <span class='ocr_line' id='line_1_54' title="bbox 2148 2464 2991 2521; baseline -0.007 1"><span class='ocrx_word' id='word_1_383' title='bbox 2148 2485 2267 2521; x_wconf 85' lang='lat' dir='ltr'><strong><em>mus</em></strong></span> <span class='ocrx_word' id='word_1_384' title='bbox 2304 2467 2517 2521; x_wconf 87' lang='lat' dir='ltr'><strong><em>Domini</em></strong></span> <span class='ocrx_word' id='word_1_385' title='bbox 2543 2475 2591 2520; x_wconf 86' lang='lat' dir='ltr'><strong><em>et</em></strong></span> <span class='ocrx_word' id='word_1_386' title='bbox 2623 2465 2809 2519; x_wconf 82' lang='lat' dir='ltr'><strong><em>domus</em></strong></span> <span class='ocrx_word' id='word_1_387' title='bbox 2833 2464 2991 2521; x_wconf 67' lang='lat' dir='ltr'><strong><em>renis.</em></strong></span> 
     </span>
    </p>
   </div>
   <div class='ocr_carea' id='block_1_54' title="bbox 2146 2479 2991 2534">
    <p class='ocr_par' dir='ltr' id='par_1_54' title="bbox 2146 2479 2991 2534">
     <span class='ocr_line' id='line_1_55' title="bbox 2146 2479 2991 2534; baseline -0.009 -10"><span class='ocrx_word' id='word_1_388' title='bbox 2146 2485 2267 2523; x_wconf 86' lang='lat' dir='ltr'><strong><em>mus</em></strong></span> <span class='ocrx_word' id='word_1_389' title='bbox 2304 2479 2516 2521; x_wconf 84' lang='lat' dir='ltr'><strong><em>uomtm</em></strong></span> <span class='ocrx_word' id='word_1_390' title='bbox 2543 2479 2591 2520; x_wconf 82' lang='lat' dir='ltr'><strong><em>et</em></strong></span> <span class='ocrx_word' id='word_1_391' title='bbox 2623 2479 2809 2519; x_wconf 79' lang='lat' dir='ltr'><strong><em>domus</em></strong></span> <span class='ocrx_word' id='word_1_392' title='bbox 2833 2479 2991 2534; x_wconf 77' lang='lat' dir='ltr'><strong><em>regis.</em></strong></span> 
     </span>
    </p>
   </div>
   <div class='ocr_carea' id='block_1_55' title="bbox 2151 2590 3673 2676">
    <p class='ocr_par' dir='ltr' id='par_1_55' title="bbox 2151 2590 3673 2676">
     <span class='ocr_line' id='line_1_56' title="bbox 2151 2590 3673 2676; baseline -0.01 -17"><span class='ocrx_word' id='word_1_393' title='bbox 2151 2602 2227 2676; x_wconf 85' lang='lat' dir='ltr'><strong><em>(ll</em></strong></span> <span class='ocrx_word' id='word_1_394' title='bbox 2263 2602 2396 2657; x_wconf 64' lang='lat' dir='ltr'><strong><em>Pan.</em></strong></span> <span class='ocrx_word' id='word_1_395' title='bbox 2455 2599 2579 2667; x_wconf 69' lang='grc' dir='ltr'>ιιι.)</span> <span class='ocrx_word' id='word_1_396' title='bbox 2634 2597 2785 2652; x_wconf 81' lang='lat' dir='ltr'><strong><em>Anno</em></strong></span> <span class='ocrx_word' id='word_1_397' title='bbox 2833 2604 3008 2650; x_wconf 89' lang='lat' dir='ltr'><strong><em>autem</em></strong></span> <span class='ocrx_word' id='word_1_398' title='bbox 3044 2594 3228 2667; x_wconf 90' lang='lat' dir='ltr'><strong><em>quinto</em></strong></span> <span class='ocrx_word' id='word_1_399' title='bbox 3260 2592 3406 2664; x_wconf 82' lang='lat' dir='ltr'><strong><em>regni</em></strong></span> <span class='ocrx_word' id='word_1_400' title='bbox 3433 2590 3673 2646; x_wconf 77' lang='lat' dir='ltr'><strong><em>Roboam</em></strong></span> 
     </span>
    </p>
   </div>
   <div class='ocr_carea' id='block_1_56' title="bbox 2080 2684 3674 2760">
    <p class='ocr_par' dir='ltr' id='par_1_56' title="bbox 2080 2684 3674 2760">
     <span class='ocr_line' id='line_1_57' title="bbox 2080 2684 3674 2760; baseline -0.009 -7"><span class='ocrx_word' id='word_1_401' title='bbox 2080 2693 2313 2753; x_wconf 89' lang='lat' dir='ltr'><strong><em>ascendit</em></strong></span> <span class='ocrx_word' id='word_1_402' title='bbox 2345 2692 2505 2749; x_wconf 89' lang='lat' dir='ltr'><strong><em>Sesac</em></strong></span> <span class='ocrx_word' id='word_1_403' title='bbox 2531 2707 2623 2745; x_wconf 79' lang='lat' dir='ltr'><strong><em>rea:</em></strong></span> <span class='ocrx_word' id='word_1_404' title='bbox 2652 2688 2869 2760; x_wconf 61' lang='lat' dir='ltr'><strong><em>Egypti</em></strong></span> <span class='ocrx_word' id='word_1_405' title='bbox 2912 2685 3210 2742; x_wconf 83' lang='lat' dir='ltr'><strong><em>Jerusalem</em></strong></span> <span class='ocrx_word' id='word_1_406' title='bbox 3236 2684 3395 2758; x_wconf 89' lang='lat' dir='ltr'><strong><em>(quia</em></strong></span> <span class='ocrx_word' id='word_1_407' title='bbox 3423 2699 3674 2757; x_wconf 87' lang='lat' dir='ltr'><strong><em>peccave-</em></strong></span> 
     </span>
    </p>
   </div>
   <div class='ocr_carea' id='block_1_57' title="bbox 2081 2774 3676 2853">
    <p class='ocr_par' dir='ltr' id='par_1_57' title="bbox 2081 2774 3676 2853">
     <span class='ocr_line' id='line_1_58' title="bbox 2081 2774 3676 2853; baseline -0.009 -13"><span class='ocrx_word' id='word_1_408' title='bbox 2081 2792 2200 2840; x_wconf 87' lang='lat' dir='ltr'><strong><em>rant</em></strong></span> <span class='ocrx_word' id='word_1_409' title='bbox 2228 2780 2478 2853; x_wconf 88' lang='lat' dir='ltr'><strong><em>Domino)</em></strong></span> <span class='ocrx_word' id='word_1_410' title='bbox 2505 2796 2626 2834; x_wconf 89' lang='lat' dir='ltr'><strong><em>cum</em></strong></span> <span class='ocrx_word' id='word_1_411' title='bbox 2663 2777 2807 2832; x_wconf 86' lang='lat' dir='ltr'><strong><em>mille</em></strong></span> <span class='ocrx_word' id='word_1_412' title='bbox 2851 2776 3090 2831; x_wconf 88' lang='lat' dir='ltr'><strong><em>ducentis</em></strong></span> <span class='ocrx_word' id='word_1_413' title='bbox 3139 2774 3401 2838; x_wconf 84' lang='lat' dir='ltr'><strong><em>curribus,</em></strong></span> <span class='ocrx_word' id='word_1_414' title='bbox 3433 2783 3481 2828; x_wconf 89' lang='lat' dir='ltr'><strong><em>et</em></strong></span> <span class='ocrx_word' id='word_1_415' title='bbox 3515 2789 3676 2827; x_wconf 71' lang='lat' dir='ltr'><strong><em>sexa-</em></strong></span> 
     </span>
    </p>
   </div>
   <div class='ocr_carea' id='block_1_58' title="bbox 2080 2864 3677 2949">
    <p class='ocr_par' dir='ltr' id='par_1_58' title="bbox 2080 2864 3677 2949">
     <span class='ocr_line' id='line_1_59' title="bbox 2080 2864 3677 2949; baseline -0.008 -18"><span class='ocrx_word' id='word_1_416' title='bbox 2080 2877 2225 2949; x_wconf 81' lang='lat' dir='ltr'><strong><em>ginta</em></strong></span> <span class='ocrx_word' id='word_1_417' title='bbox 2253 2872 2485 2929; x_wconf 88' lang='lat' dir='ltr'><strong><em>millibus</em></strong></span> <span class='ocrx_word' id='word_1_418' title='bbox 2512 2871 2767 2942; x_wconf 83' lang='lat' dir='ltr'><strong><em>equitum,</em></strong></span> <span class='ocrx_word' id='word_1_419' title='bbox 2792 2885 2885 2925; x_wconf 83' lang='lat' dir='ltr'><strong><em>nec</em></strong></span> <span class='ocrx_word' id='word_1_420' title='bbox 2908 2878 3024 2923; x_wconf 88' lang='lat' dir='ltr'><strong><em>erat</em></strong></span> <span class='ocrx_word' id='word_1_421' title='bbox 3059 2884 3308 2924; x_wconf 89' lang='lat' dir='ltr'><strong><em>numerus</em></strong></span> <span class='ocrx_word' id='word_1_422' title='bbox 3354 2864 3497 2937; x_wconf 86' lang='lat' dir='ltr'><strong><em>vulgi</em></strong></span> <span class='ocrx_word' id='word_1_423' title='bbox 3534 2864 3677 2937; x_wconf 84' lang='lat' dir='ltr'><strong><em>quod</em></strong></span> 
     </span>
    </p>
   </div>
   <div class='ocr_carea' id='block_1_59' title="bbox 2082 2953 3678 3030">
    <p class='ocr_par' dir='ltr' id='par_1_59' title="bbox 2082 2953 3678 3030">
     <span class='ocr_line' id='line_1_60' title="bbox 2082 2953 3678 3030; baseline -0.008 -9"><span class='ocrx_word' id='word_1_424' title='bbox 2082 2974 2291 3022; x_wconf 88' lang='lat' dir='ltr'><strong><em>venerat</em></strong></span> <span class='ocrx_word' id='word_1_425' title='bbox 2340 2979 2458 3017; x_wconf 89' lang='lat' dir='ltr'><strong><em>cum</em></strong></span> <span class='ocrx_word' id='word_1_426' title='bbox 2489 2977 2550 3016; x_wconf 90' lang='lat' dir='ltr'><strong><em>eo</em></strong></span> <span class='ocrx_word' id='word_1_427' title='bbox 2578 2977 2644 3016; x_wconf 76' lang='lat' dir='ltr'><strong><em>ex</em></strong></span> <span class='ocrx_word' id='word_1_428' title='bbox 2671 2959 2925 3030; x_wconf 61' lang='lat' dir='ltr'><strong><em>Egypto,</em></strong></span> <span class='ocrx_word' id='word_1_429' title='bbox 2978 2955 3164 3027; x_wconf 83' lang='lat' dir='ltr'><strong><em>Libyes</em></strong></span> <span class='ocrx_word' id='word_1_430' title='bbox 3215 2956 3433 3022; x_wconf 81' lang='lat' dir='ltr'><strong><em>scilicet,</em></strong></span> <span class='ocrx_word' id='word_1_431' title='bbox 3465 2965 3514 3010; x_wconf 87' lang='lat' dir='ltr'><strong><em>et</em></strong></span> <span class='ocrx_word' id='word_1_432' title='bbox 3547 2953 3678 3023; x_wconf 64' lang='grc' dir='ltr'><strong><em>Τηλ-</em></strong></span> 
     </span>
    </p>
   </div>
   <div class='ocr_carea' id='block_1_60' title="bbox 2082 3045 3680 3131">
    <p class='ocr_par' dir='ltr' id='par_1_60' title="bbox 2082 3045 3680 3131">
     <span class='ocr_line' id='line_1_61' title="bbox 2082 3045 3680 3131; baseline -0.007 -19"><span class='ocrx_word' id='word_1_433' title='bbox 2082 3057 2308 3131; x_wconf 76' lang='lat' dir='ltr'><strong><em>glodytce</em></strong></span> <span class='ocrx_word' id='word_1_434' title='bbox 2333 3063 2382 3110; x_wconf 89' lang='lat' dir='ltr'><strong><em>et</em></strong></span> <span class='ocrx_word' id='word_1_435' title='bbox 2408 3052 2709 3123; x_wconf 61' lang='lat' dir='ltr'><strong><em>rEthiopes,</em></strong></span> <span class='ocrx_word' id='word_1_436' title='bbox 2751 3050 2985 3120; x_wconf 89' lang='lat' dir='ltr'><strong><em>cepitque</em></strong></span> <span class='ocrx_word' id='word_1_437' title='bbox 3008 3047 3243 3103; x_wconf 81' lang='lat' dir='ltr'><strong><em>civitates</em></strong></span> <span class='ocrx_word' id='word_1_438' title='bbox 3291 3045 3680 3101; x_wconf 80' lang='lat' dir='ltr'><strong><em>munitissimus</em></strong></span> 
     </span>
    </p>
   </div>
   <div class='ocr_carea' id='block_1_61' title="bbox 2083 3136 3680 3214">
    <p class='ocr_par' dir='ltr' id='par_1_61' title="bbox 2083 3136 3680 3214">
     <span class='ocr_line' id='line_1_62' title="bbox 2083 3136 3680 3214; baseline -0.009 -10"><span class='ocrx_word' id='word_1_439' title='bbox 2083 3151 2140 3204; x_wconf 91' lang='lat' dir='ltr'><strong><em>in</em></strong></span> <span class='ocrx_word' id='word_1_440' title='bbox 2176 3147 2212 3202; x_wconf 82' lang='lat' dir='ltr'><strong><em>J</em></strong></span> <span class='ocrx_word' id='word_1_441' title='bbox 2218 3148 2345 3212; x_wconf 89' lang='lat' dir='ltr'><strong><em>uda,</em></strong></span> <span class='ocrx_word' id='word_1_442' title='bbox 2378 3155 2425 3200; x_wconf 90' lang='lat' dir='ltr'><strong><em>et</em></strong></span> <span class='ocrx_word' id='word_1_443' title='bbox 2451 3144 2589 3198; x_wconf 88' lang='lat' dir='ltr'><strong><em>venit</em></strong></span> <span class='ocrx_word' id='word_1_444' title='bbox 2619 3158 2781 3214; x_wconf 90' lang='lat' dir='ltr'><strong><em>usque</em></strong></span> <span class='ocrx_word' id='word_1_445' title='bbox 2801 3142 2857 3195; x_wconf 90' lang='lat' dir='ltr'><strong><em>in</em></strong></span> <span class='ocrx_word' id='word_1_446' title='bbox 2886 3138 3207 3195; x_wconf 80' lang='lat' dir='ltr'><strong><em>Jerusalem.</em></strong></span> <span class='ocrx_word' id='word_1_447' title='bbox 3234 3136 3473 3194; x_wconf 88' lang='lat' dir='ltr'><strong><em>Semeias</em></strong></span> <span class='ocrx_word' id='word_1_448' title='bbox 3504 3148 3680 3193; x_wconf 83' lang='lat' dir='ltr'><strong><em>autem</em></strong></span> 
     </span>
    </p>
   </div>
   <div class='ocr_carea' id='block_1_62' title="bbox 2085 3228 3680 3309">
    <p class='ocr_par' dir='ltr' id='par_1_62' title="bbox 2085 3228 3680 3309">
     <span class='ocr_line' id='line_1_63' title="bbox 2085 3228 3680 3309; baseline -0.006 -18"><span class='ocrx_word' id='word_1_449' title='bbox 2085 3237 2337 3309; x_wconf 85' lang='lat' dir='ltr'><strong><em>propheta</em></strong></span> <span class='ocrx_word' id='word_1_450' title='bbox 2366 3236 2631 3306; x_wconf 86' lang='lat' dir='ltr'><strong><em>ingressus</em></strong></span> <span class='ocrx_word' id='word_1_451' title='bbox 2660 3242 2733 3287; x_wconf 90' lang='lat' dir='ltr'><strong><em>est</em></strong></span> <span class='ocrx_word' id='word_1_452' title='bbox 2761 3231 2830 3286; x_wconf 91' lang='lat' dir='ltr'><strong><em>ad</em></strong></span> <span class='ocrx_word' id='word_1_453' title='bbox 2858 3229 3097 3285; x_wconf 86' lang='lat' dir='ltr'><strong><em>Roboam</em></strong></span> <span class='ocrx_word' id='word_1_454' title='bbox 3123 3238 3171 3284; x_wconf 90' lang='lat' dir='ltr'><strong><em>et</em></strong></span> <span class='ocrx_word' id='word_1_455' title='bbox 3205 3229 3470 3301; x_wconf 84' lang='lat' dir='ltr'><strong><em>principes</em></strong></span> <span class='ocrx_word' id='word_1_456' title='bbox 3508 3228 3680 3292; x_wconf 86' lang='lat' dir='ltr'><strong><em>Juda,</em></strong></span> 
     </span>
    </p>
   </div>
   <div class='ocr_carea' id='block_1_63' title="bbox 2086 3316 3682 3403">
    <p class='ocr_par' dir='ltr' id='par_1_63' title="bbox 2086 3316 3682 3403">
     <span class='ocr_line' id='line_1_64' title="bbox 2086 3316 3682 3403; baseline -0.008 -18"><span class='ocrx_word' id='word_1_457' title='bbox 2086 3330 2175 3403; x_wconf 87' lang='lat' dir='ltr'><strong><em>qui</em></strong></span> <span class='ocrx_word' id='word_1_458' title='bbox 2200 3326 2498 3399; x_wconf 85' lang='lat' dir='ltr'><strong><em>congregati</em></strong></span> <span class='ocrx_word' id='word_1_459' title='bbox 2528 3324 2742 3395; x_wconf 85' lang='lat' dir='ltr'><strong><em>fuerant</em></strong></span> <span class='ocrx_word' id='word_1_460' title='bbox 2777 3322 2831 3377; x_wconf 89' lang='lat' dir='ltr'><strong><em>in</em></strong></span> <span class='ocrx_word' id='word_1_461' title='bbox 2875 3319 3174 3376; x_wconf 75' lang='lat' dir='ltr'><strong><em>Jerusalem</em></strong></span> <span class='ocrx_word' id='word_1_462' title='bbox 3202 3319 3464 3391; x_wconf 82' lang='lat' dir='ltr'><strong><em>fugientes</em></strong></span> <span class='ocrx_word' id='word_1_463' title='bbox 3492 3316 3682 3384; x_wconf 83' lang='lat' dir='ltr'><strong><em>Sesac,</em></strong></span> 
     </span>
    </p>
   </div>
   <div class='ocr_carea' id='block_1_64' title="bbox 401 3410 3685 3507">
    <p class='ocr_par' dir='ltr' id='par_1_64' title="bbox 401 3410 3685 3507">
     <span class='ocr_line' id='line_1_65' title="bbox 401 3410 3685 3507; baseline -0.008 -15"><span class='ocrx_word' id='word_1_464' title='bbox 401 3453 544 3492; x_wconf 88' lang='lat' dir='ltr'><strong><em>anno</em></strong></span> <span class='ocrx_word' id='word_1_465' title='bbox 572 3410 747 3493; x_wconf 55' lang='lat' dir='ltr'><strong><em>uitatis</em></strong></span> <span class='ocrx_word' id='word_1_466' title='bbox 764 3410 877 3492; x_wconf 68' lang='lat' dir='ltr'><strong><em>suae</em></strong></span> <span class='ocrx_word' id='word_1_467' title='bbox 921 3450 1152 3507; x_wconf 75' lang='lat' dir='ltr'><strong><em>regnare</em></strong></span> <span class='ocrx_word' id='word_1_468' title='bbox 1174 3410 1511 3504; x_wconf 34' lang='lat' dir='ltr'><strong><em>cmpitased</em></strong></span> <span class='ocrx_word' id='word_1_469' title='bbox 1541 3410 1703 3488; x_wconf 73' lang='lat' dir='ltr'><strong><em>sensu</em></strong></span> <span class='ocrx_word' id='word_1_470' title='bbox 1732 3410 1833 3486; x_wconf 79' lang='lat' dir='ltr'><strong><em>fuit</em></strong></span> <span class='ocrx_word' id='word_1_471' title='bbox 1855 3431 1984 3487; x_wconf 89' lang='lat' dir='ltr'><strong><em>bru-</em></strong></span> <span class='ocrx_word' id='word_1_472' title='bbox 2010 3427 2055 3490; x_wconf 89' lang='lat' dir='ltr'>C</span> <span class='ocrx_word' id='word_1_473' title='bbox 2084 3424 2320 3493; x_wconf 73' lang='lat' dir='ltr'><strong><em>dixitque</em></strong></span> <span class='ocrx_word' id='word_1_474' title='bbox 2347 3419 2415 3473; x_wconf 92' lang='lat' dir='ltr'><strong><em>ad</em></strong></span> <span class='ocrx_word' id='word_1_475' title='bbox 2438 3435 2524 3473; x_wconf 87' lang='lat' dir='ltr'><strong><em>eos</em></strong></span> <span class='ocrx_word' id='word_1_476' title='bbox 2555 3432 2573 3470; x_wconf 88' lang='lat'><em>:</em></span> <span class='ocrx_word' id='word_1_477' title='bbox 2609 3416 2737 3472; x_wconf 69' lang='grc' dir='ltr'><strong><em>Ηωσ</em></strong></span> <span class='ocrx_word' id='word_1_478' title='bbox 2763 3414 2889 3469; x_wconf 88' lang='lat' dir='ltr'><strong><em>dicit</em></strong></span> <span class='ocrx_word' id='word_1_479' title='bbox 2915 3414 3173 3468; x_wconf 87' lang='lat' dir='ltr'><strong><em>Dominus</em></strong></span> <span class='ocrx_word' id='word_1_480' title='bbox 3193 3426 3215 3466; x_wconf 93' lang='lat'><strong><em>:</em></strong></span> <span class='ocrx_word' id='word_1_481' title='bbox 3251 3410 3353 3466; x_wconf 83' lang='lat' dir='ltr'><strong><em>Vos</em></strong></span> <span class='ocrx_word' id='word_1_482' title='bbox 3394 3411 3685 3485; x_wconf 77' lang='lat' dir='ltr'><strong><em>reliquist&#39;s</em></strong></span> 
     </span>
    </p>
   </div>
   <div class='ocr_carea' id='block_1_65' title="bbox 403 3520 1984 3599">
    <p class='ocr_par' dir='ltr' id='par_1_65' title="bbox 403 3520 1984 3599">
     <span class='ocr_line' id='line_1_66' title="bbox 403 3520 1984 3599; baseline -0.003 -18"><span class='ocrx_word' id='word_1_483' title='bbox 403 3538 490 3584; x_wconf 83' lang='lat' dir='ltr'><strong><em>tus</em></strong></span> <span class='ocrx_word' id='word_1_484' title='bbox 525 3537 579 3583; x_wconf 90' lang='lat' dir='ltr'><strong><em>et</em></strong></span> <span class='ocrx_word' id='word_1_485' title='bbox 620 3543 775 3598; x_wconf 90' lang='lat' dir='ltr'><strong><em>puer.</em></strong></span> <span class='ocrx_word' id='word_1_486' title='bbox 806 3526 1027 3599; x_wconf 77' lang='lat' dir='ltr'><strong><em>Mystice</em></strong></span> <span class='ocrx_word' id='word_1_487' title='bbox 1068 3533 1247 3581; x_wconf 84' lang='lat' dir='ltr'><strong><em>autem</em></strong></span> <span class='ocrx_word' id='word_1_488' title='bbox 1277 3523 1516 3580; x_wconf 84' lang='lat' dir='ltr'><strong><em>Roboam</em></strong></span> <span class='ocrx_word' id='word_1_489' title='bbox 1554 3522 1697 3579; x_wconf 83' lang='lat' dir='ltr'><strong><em>illius</em></strong></span> <span class='ocrx_word' id='word_1_490' title='bbox 1741 3520 1984 3577; x_wconf 87' lang='lat' dir='ltr'><strong><em>Salomo—</em></strong></span> 
     </span>
    </p>
   </div>
   <div class='ocr_carea' id='block_1_66' title="bbox 390 3612 1987 3689">
    <p class='ocr_par' dir='ltr' id='par_1_66' title="bbox 390 3612 1987 3689">
     <span class='ocr_line' id='line_1_67' title="bbox 390 3612 1987 3689; baseline -0.003 -17"><span class='ocrx_word' id='word_1_491' title='bbox 390 3619 511 3683; x_wconf 70' lang='lat' dir='ltr'><strong><em>nis,</em></strong></span> <span class='ocrx_word' id='word_1_492' title='bbox 548 3619 659 3689; x_wconf 86' lang='lat' dir='ltr'><strong><em>qui,</em></strong></span> <span class='ocrx_word' id='word_1_493' title='bbox 688 3617 807 3673; x_wconf 81' lang='lat' dir='ltr'><strong><em>utili</em></strong></span> <span class='ocrx_word' id='word_1_494' title='bbox 839 3617 1118 3687; x_wconf 80' lang='lat' dir='ltr'><strong><em>seniorum</em></strong></span> <span class='ocrx_word' id='word_1_495' title='bbox 1161 3615 1386 3672; x_wconf 90' lang='lat' dir='ltr'><strong><em>consilio</em></strong></span> <span class='ocrx_word' id='word_1_496' title='bbox 1424 3614 1641 3680; x_wconf 83' lang='lat' dir='ltr'><strong><em>relicto,</em></strong></span> <span class='ocrx_word' id='word_1_497' title='bbox 1675 3612 1987 3669; x_wconf 85' lang='lat' dir='ltr'><strong><em>adolescen-</em></strong></span> 
     </span>
    </p>
   </div>
   <div class='ocr_carea' id='block_1_67' title="bbox 375 3703 1986 3783">
    <p class='ocr_par' dir='ltr' id='par_1_67' title="bbox 375 3703 1986 3783">
     <span class='ocr_line' id='line_1_68' title="bbox 375 3703 1986 3783; baseline -0.004 -18"><span class='ocrx_word' id='word_1_498' title='bbox 375 3712 537 3783; x_wconf 23' lang='lat' dir='ltr'><strong><em>‘tium</em></strong></span> <span class='ocrx_word' id='word_1_499' title='bbox 593 3709 881 3766; x_wconf 87' lang='lat' dir='ltr'><strong><em>consilium</em></strong></span> <span class='ocrx_word' id='word_1_500' title='bbox 926 3717 1146 3765; x_wconf 88' lang='lat' dir='ltr'><strong><em>secutus</em></strong></span> <span class='ocrx_word' id='word_1_501' title='bbox 1199 3717 1301 3774; x_wconf 89' lang='lat' dir='ltr'><strong><em>est,</em></strong></span> <span class='ocrx_word' id='word_1_502' title='bbox 1337 3708 1464 3764; x_wconf 89' lang='lat' dir='ltr'><strong><em>licet</em></strong></span> <span class='ocrx_word' id='word_1_503' title='bbox 1492 3708 1559 3762; x_wconf 88' lang='lat' dir='ltr'><strong><em>de</em></strong></span> <span class='ocrx_word' id='word_1_504' title='bbox 1605 3705 1765 3762; x_wconf 91' lang='lat' dir='ltr'><strong><em>domo</em></strong></span> <span class='ocrx_word' id='word_1_505' title='bbox 1818 3703 1986 3759; x_wconf 86' lang='lat' dir='ltr'><strong><em>David</em></strong></span> 
     </span>
    </p>
   </div>
   <div class='ocr_carea' id='block_1_68' title="bbox 400 3795 1988 3871">
    <p class='ocr_par' dir='ltr' id='par_1_68' title="bbox 400 3795 1988 3871">
     <span class='ocr_line' id='line_1_69' title="bbox 400 3795 1988 3871; baseline -0.004 -14"><span class='ocrx_word' id='word_1_506' title='bbox 400 3802 588 3868; x_wconf 79' lang='lat' dir='ltr'><strong><em>fuerit,</em></strong></span> <span class='ocrx_word' id='word_1_507' title='bbox 624 3812 803 3858; x_wconf 84' lang='lat' dir='ltr'><strong><em>tamen</em></strong></span> <span class='ocrx_word' id='word_1_508' title='bbox 855 3803 910 3858; x_wconf 88' lang='lat' dir='ltr'><strong><em>in</em></strong></span> <span class='ocrx_word' id='word_1_509' title='bbox 964 3804 1051 3857; x_wconf 86' lang='lat' dir='ltr'><strong><em>via</em></strong></span> <span class='ocrx_word' id='word_1_510' title='bbox 1100 3801 1217 3871; x_wconf 85' lang='lat' dir='ltr'><strong><em>ejus</em></strong></span> <span class='ocrx_word' id='word_1_511' title='bbox 1263 3817 1371 3857; x_wconf 85' lang='lat' dir='ltr'><strong><em>non</em></strong></span> <span class='ocrx_word' id='word_1_512' title='bbox 1417 3798 1784 3871; x_wconf 80' lang='lat' dir='ltr'><strong><em>gradiebatur.</em></strong></span> <span class='ocrx_word' id='word_1_513' title='bbox 1836 3795 1988 3852; x_wconf 79' lang='lat' dir='ltr'><strong><em>Fecit</em></strong></span> 
     </span>
    </p>
   </div>
   <div class='ocr_carea' id='block_1_69' title="bbox 403 3892 1989 3969">
    <p class='ocr_par' dir='ltr' id='par_1_69' title="bbox 403 3892 1989 3969">
     <span class='ocr_line' id='line_1_70' title="bbox 403 3892 1989 3969; baseline -0.002 -19"><span class='ocrx_word' id='word_1_514' title='bbox 403 3897 544 3951; x_wconf 88' lang='lat' dir='ltr'><strong><em>enim</em></strong></span> <span class='ocrx_word' id='word_1_515' title='bbox 569 3894 756 3963; x_wconf 74' lang='lat' dir='ltr'><strong><em>ludas,</em></strong></span> <span class='ocrx_word' id='word_1_516' title='bbox 786 3895 1069 3969; x_wconf 85' lang='lat' dir='ltr'><strong><em>Scriptura</em></strong></span> <span class='ocrx_word' id='word_1_517' title='bbox 1105 3910 1291 3967; x_wconf 80' lang='lat' dir='ltr'><strong><em>regum</em></strong></span> <span class='ocrx_word' id='word_1_518' title='bbox 1322 3902 1636 3959; x_wconf 87' lang='lat' dir='ltr'><strong><em>attestante,</em></strong></span> <span class='ocrx_word' id='word_1_519' title='bbox 1664 3893 1717 3948; x_wconf 90' lang='lat' dir='ltr'><strong><em>in</em></strong></span> <span class='ocrx_word' id='word_1_520' title='bbox 1747 3892 1854 3947; x_wconf 90' lang='lat' dir='ltr'><strong><em>illis</em></strong></span> <span class='ocrx_word' id='word_1_521' title='bbox 1874 3892 1989 3947; x_wconf 88' lang='lat' dir='ltr'><strong><em>die-</em></strong></span> 
     </span>
    </p>
   </div>
   <div class='ocr_carea' id='block_1_70' title="bbox 405 3986 1989 4053">
    <p class='ocr_par' dir='ltr' id='par_1_70' title="bbox 405 3986 1989 4053">
     <span class='ocr_line' id='line_1_71' title="bbox 405 3986 1989 4053; baseline -0.002 -11"><span class='ocrx_word' id='word_1_522' title='bbox 405 3988 506 4042; x_wconf 89' lang='lat' dir='ltr'><strong><em>bus</em></strong></span> <span class='ocrx_word' id='word_1_523' title='bbox 535 3988 737 4044; x_wconf 88' lang='lat' dir='ltr'><strong><em>malum</em></strong></span> <span class='ocrx_word' id='word_1_524' title='bbox 766 4002 950 4045; x_wconf 90' lang='lat' dir='ltr'><strong><em>coram</em></strong></span> <span class='ocrx_word' id='word_1_525' title='bbox 981 3988 1208 4043; x_wconf 90' lang='lat' dir='ltr'><strong><em>Domino</em></strong></span> <span class='ocrx_word' id='word_1_526' title='bbox 1227 4028 1242 4053; x_wconf 93' lang='lat'><strong><em>,</em></strong></span> <span class='ocrx_word' id='word_1_527' title='bbox 1264 3995 1319 4041; x_wconf 87' lang='lat' dir='ltr'><strong><em>et</em></strong></span> <span class='ocrx_word' id='word_1_528' title='bbox 1361 3986 1710 4041; x_wconf 74' lang='lat' dir='ltr'><strong><em>irritaverant</em></strong></span> <span class='ocrx_word' id='word_1_529' title='bbox 1733 3999 1857 4040; x_wconf 89' lang='lat' dir='ltr'><strong><em>eum</em></strong></span> <span class='ocrx_word' id='word_1_530' title='bbox 1905 3998 1989 4039; x_wconf 87' lang='lat' dir='ltr'><strong><em>su-</em></strong></span> 
     </span>
    </p>
   </div>
   <div class='ocr_carea' id='block_1_71' title="bbox 399 4072 1989 4149">
    <p class='ocr_par' dir='ltr' id='par_1_71' title="bbox 399 4072 1989 4149">
     <span class='ocr_line' id='line_1_72' title="bbox 399 4072 1989 4149; baseline -0.003 -18"><span class='ocrx_word' id='word_1_531' title='bbox 399 4093 501 4149; x_wconf 86' lang='lat' dir='ltr'><strong><em>per</em></strong></span> <span class='ocrx_word' id='word_1_532' title='bbox 522 4079 773 4134; x_wconf 88' lang='lat' dir='ltr'><strong><em>omnibus</em></strong></span> <span class='ocrx_word' id='word_1_533' title='bbox 796 4094 916 4148; x_wconf 65' lang='lat' dir='ltr'><strong><em>quae</em></strong></span> <span class='ocrx_word' id='word_1_534' title='bbox 938 4076 1185 4134; x_wconf 80' lang='lat' dir='ltr'><strong><em>fecerant</em></strong></span> <span class='ocrx_word' id='word_1_535' title='bbox 1212 4085 1394 4148; x_wconf 88' lang='lat' dir='ltr'><strong><em>patres</em></strong></span> <span class='ocrx_word' id='word_1_536' title='bbox 1409 4091 1615 4131; x_wconf 66' lang='lat' dir='ltr'><strong><em>eorum</em></strong></span> <span class='ocrx_word' id='word_1_537' title='bbox 1647 4074 1701 4128; x_wconf 92' lang='lat' dir='ltr'><strong><em>in</em></strong></span> <span class='ocrx_word' id='word_1_538' title='bbox 1728 4072 1989 4144; x_wconf 86' lang='lat' dir='ltr'><strong><em>peccatis,</em></strong></span> 
     </span>
    </p>
   </div>
   <div class='ocr_carea' id='block_1_72' title="bbox 403 4164 1991 4240">
    <p class='ocr_par' dir='ltr' id='par_1_72' title="bbox 403 4164 1991 4240">
     <span class='ocr_line' id='line_1_73' title="bbox 403 4164 1991 4240; baseline -0.003 -17"><span class='ocrx_word' id='word_1_539' title='bbox 403 4169 534 4240; x_wconf 87' lang='lat' dir='ltr'><strong><em>quia</em></strong></span> <span class='ocrx_word' id='word_1_540' title='bbox 572 4178 954 4240; x_wconf 86' lang='lat' dir='ltr'><strong><em>peccaverunt.</em></strong></span> <span class='ocrx_word' id='word_1_541' title='bbox 976 4168 1411 4224; x_wconf 68' lang='lat' dir='ltr'><strong><em>AEdiﬁcaverunt</em></strong></span> <span class='ocrx_word' id='word_1_542' title='bbox 1434 4175 1614 4223; x_wconf 86' lang='lat' dir='ltr'><strong><em>autem</em></strong></span> <span class='ocrx_word' id='word_1_543' title='bbox 1646 4174 1703 4222; x_wconf 91' lang='lat' dir='ltr'><strong><em>et</em></strong></span> <span class='ocrx_word' id='word_1_544' title='bbox 1741 4165 1844 4237; x_wconf 88' lang='lat' dir='ltr'><strong><em>ipsi</em></strong></span> <span class='ocrx_word' id='word_1_545' title='bbox 1888 4164 1991 4220; x_wconf 89' lang='lat' dir='ltr'><strong><em>sibi</em></strong></span> 
     </span>
    </p>
   </div>
   <div class='ocr_carea' id='block_1_73' title="bbox 402 4258 1992 4331">
    <p class='ocr_par' dir='ltr' id='par_1_73' title="bbox 402 4258 1992 4331">
     <span class='ocr_line' id='line_1_74' title="bbox 402 4258 1992 4331; baseline -0.005 -10"><span class='ocrx_word' id='word_1_546' title='bbox 402 4270 617 4321; x_wconf 78' lang='lat' dir='ltr'><strong><em>statuas</em></strong></span> <span class='ocrx_word' id='word_1_547' title='bbox 662 4271 718 4318; x_wconf 93' lang='lat' dir='ltr'><strong><em>et</em></strong></span> <span class='ocrx_word' id='word_1_548' title='bbox 769 4279 926 4329; x_wconf 81' lang='lat' dir='ltr'><strong><em>aras,</em></strong></span> <span class='ocrx_word' id='word_1_549' title='bbox 983 4270 1037 4319; x_wconf 87' lang='lat' dir='ltr'><strong><em>et</em></strong></span> <span class='ocrx_word' id='word_1_550' title='bbox 1093 4263 1266 4328; x_wconf 87' lang='lat' dir='ltr'><strong><em>lucos,</em></strong></span> <span class='ocrx_word' id='word_1_551' title='bbox 1317 4277 1479 4331; x_wconf 86' lang='lat' dir='ltr'><strong><em>super</em></strong></span> <span class='ocrx_word' id='word_1_552' title='bbox 1527 4275 1744 4316; x_wconf 87' lang='lat' dir='ltr'><strong><em>omnem</em></strong></span> <span class='ocrx_word' id='word_1_553' title='bbox 1797 4258 1992 4314; x_wconf 87' lang='lat' dir='ltr'><strong><em>collem</em></strong></span> 
     </span>
    </p>
   </div>
   <div class='ocr_carea' id='block_1_74' title="bbox 404 4350 1990 4426">
    <p class='ocr_par' dir='ltr' id='par_1_74' title="bbox 404 4350 1990 4426">
     <span class='ocr_line' id='line_1_75' title="bbox 404 4350 1990 4426; baseline -0.005 -15"><span class='ocrx_word' id='word_1_554' title='bbox 404 4354 722 4421; x_wconf 80' lang='lat' dir='ltr'><strong><em>excelsum,</em></strong></span> <span class='ocrx_word' id='word_1_555' title='bbox 779 4364 835 4410; x_wconf 86' lang='lat' dir='ltr'><strong><em>et</em></strong></span> <span class='ocrx_word' id='word_1_556' title='bbox 889 4370 1051 4426; x_wconf 84' lang='lat' dir='ltr'><strong><em>super</em></strong></span> <span class='ocrx_word' id='word_1_557' title='bbox 1102 4369 1320 4411; x_wconf 87' lang='lat' dir='ltr'><strong><em>omnem</em></strong></span> <span class='ocrx_word' id='word_1_558' title='bbox 1359 4353 1611 4409; x_wconf 88' lang='lat' dir='ltr'><strong><em>arborem</em></strong></span> <span class='ocrx_word' id='word_1_559' title='bbox 1658 4350 1990 4407; x_wconf 83' lang='lat' dir='ltr'><strong><em>frondosam.</em></strong></span> 
     </span>
    </p>
   </div>
   <div class='ocr_carea' id='block_1_75' title="bbox 2089 3502 3685 3581">
    <p class='ocr_par' dir='ltr' id='par_1_75' title="bbox 2089 3502 3685 3581">
     <span class='ocr_line' id='line_1_76' title="bbox 2089 3502 3685 3581; baseline -0.007 -13"><span class='ocrx_word' id='word_1_560' title='bbox 2089 3529 2199 3578; x_wconf 87' lang='lat' dir='ltr'><strong><em>me,</em></strong></span> <span class='ocrx_word' id='word_1_561' title='bbox 2225 3521 2273 3566; x_wconf 90' lang='lat' dir='ltr'><strong><em>et</em></strong></span> <span class='ocrx_word' id='word_1_562' title='bbox 2302 3525 2394 3581; x_wconf 88' lang='lat' dir='ltr'><strong><em>ego</em></strong></span> <span class='ocrx_word' id='word_1_563' title='bbox 2419 3508 2601 3580; x_wconf 88' lang='lat' dir='ltr'><strong><em>reliqui</em></strong></span> <span class='ocrx_word' id='word_1_564' title='bbox 2635 3522 2722 3562; x_wconf 93' lang='lat' dir='ltr'><strong><em>vos</em></strong></span> <span class='ocrx_word' id='word_1_565' title='bbox 2763 3507 2819 3559; x_wconf 87' lang='lat' dir='ltr'><strong><em>in</em></strong></span> <span class='ocrx_word' id='word_1_566' title='bbox 2842 3521 3004 3559; x_wconf 91' lang='lat' dir='ltr'><strong><em>manu</em></strong></span> <span class='ocrx_word' id='word_1_567' title='bbox 3032 3502 3211 3560; x_wconf 87' lang='lat' dir='ltr'><strong><em>Sesac.</em></strong></span> <span class='ocrx_word' id='word_1_568' title='bbox 3245 3502 3685 3573; x_wconf 82' lang='lat' dir='ltr'><strong><em>Consternatiqne</em></strong></span> 
     </span>
    </p>
   </div>
   <div class='ocr_carea' id='block_1_76' title="bbox 2086 3591 3684 3673">
    <p class='ocr_par' dir='ltr' id='par_1_76' title="bbox 2086 3591 3684 3673">
     <span class='ocr_line' id='line_1_77' title="bbox 2086 3591 3684 3673; baseline -0.004 -18"><span class='ocrx_word' id='word_1_569' title='bbox 2086 3602 2345 3673; x_wconf 82' lang='lat' dir='ltr'><strong><em>principes</em></strong></span> <span class='ocrx_word' id='word_1_570' title='bbox 2377 3596 2567 3662; x_wconf 83' lang='lat' dir='ltr'><strong><em>Israel,</em></strong></span> <span class='ocrx_word' id='word_1_571' title='bbox 2599 3606 2647 3650; x_wconf 91' lang='lat' dir='ltr'><strong><em>et</em></strong></span> <span class='ocrx_word' id='word_1_572' title='bbox 2696 3611 2806 3658; x_wconf 72' lang='lat' dir='ltr'><strong><em>rex,</em></strong></span> <span class='ocrx_word' id='word_1_573' title='bbox 2839 3594 3087 3649; x_wconf 71' lang='lat' dir='ltr'><strong><em>dixerunt</em></strong></span> <span class='ocrx_word' id='word_1_574' title='bbox 3117 3608 3134 3645; x_wconf 93' lang='lat'><em>:</em></span> <span class='ocrx_word' id='word_1_575' title='bbox 3172 3591 3361 3648; x_wconf 82' lang='lat' dir='ltr'><strong><em>Justus</em></strong></span> <span class='ocrx_word' id='word_1_576' title='bbox 3391 3601 3467 3647; x_wconf 86' lang='lat' dir='ltr'><strong><em>est</em></strong></span> <span class='ocrx_word' id='word_1_577' title='bbox 3495 3592 3684 3648; x_wconf 87' lang='lat' dir='ltr'><strong><em>Domi-</em></strong></span> 
     </span>
    </p>
   </div>
   <div class='ocr_carea' id='block_1_77' title="bbox 2090 3681 3681 3760">
    <p class='ocr_par' dir='ltr' id='par_1_77' title="bbox 2090 3681 3681 3760">
     <span class='ocr_line' id='line_1_78' title="bbox 2090 3681 3681 3760; baseline -0.007 -14"><span class='ocrx_word' id='word_1_578' title='bbox 2090 3708 2208 3747; x_wconf 90' lang='lat' dir='ltr'><strong><em>nus.</em></strong></span> <span class='ocrx_word' id='word_1_579' title='bbox 2244 3689 2476 3760; x_wconf 87' lang='lat' dir='ltr'><strong><em>Cumque</em></strong></span> <span class='ocrx_word' id='word_1_580' title='bbox 2500 3688 2710 3742; x_wconf 78' lang='lat' dir='ltr'><strong><em>vidisset</em></strong></span> <span class='ocrx_word' id='word_1_581' title='bbox 2742 3683 3003 3739; x_wconf 84' lang='lat' dir='ltr'><strong><em>Dominus</em></strong></span> <span class='ocrx_word' id='word_1_582' title='bbox 3032 3683 3171 3754; x_wconf 87' lang='lat' dir='ltr'><strong><em>quod</em></strong></span> <span class='ocrx_word' id='word_1_583' title='bbox 3200 3681 3468 3737; x_wconf 85' lang='lat' dir='ltr'><strong><em>humiliati</em></strong></span> <span class='ocrx_word' id='word_1_584' title='bbox 3491 3692 3681 3747; x_wconf 86' lang='lat' dir='ltr'><strong><em>essent,</em></strong></span> 
     </span>
    </p>
   </div>
   <div class='ocr_carea' id='block_1_78' title="bbox 2090 3773 3686 3854">
    <p class='ocr_par' dir='ltr' id='par_1_78' title="bbox 2090 3773 3686 3854">
     <span class='ocr_line' id='line_1_79' title="bbox 2090 3773 3686 3854; baseline -0.008 -15"><span class='ocrx_word' id='word_1_585' title='bbox 2090 3785 2260 3854; x_wconf 85' lang='lat' dir='ltr'><strong><em>factus</em></strong></span> <span class='ocrx_word' id='word_1_586' title='bbox 2289 3792 2364 3837; x_wconf 88' lang='lat' dir='ltr'><strong><em>est</em></strong></span> <span class='ocrx_word' id='word_1_587' title='bbox 2418 3794 2586 3835; x_wconf 88' lang='lat' dir='ltr'><strong><em>sermo</em></strong></span> <span class='ocrx_word' id='word_1_588' title='bbox 2618 3777 2833 3832; x_wconf 87' lang='lat' dir='ltr'><strong><em>Domini</em></strong></span> <span class='ocrx_word' id='word_1_589' title='bbox 2867 3776 2938 3830; x_wconf 91' lang='lat' dir='ltr'><strong><em>ad</em></strong></span> <span class='ocrx_word' id='word_1_590' title='bbox 2988 3774 3248 3831; x_wconf 87' lang='lat' dir='ltr'><strong><em>Semeiam</em></strong></span> <span class='ocrx_word' id='word_1_591' title='bbox 3287 3774 3466 3829; x_wconf 87' lang='lat' dir='ltr'><strong><em>dicens</em></strong></span> <span class='ocrx_word' id='word_1_592' title='bbox 3494 3788 3514 3827; x_wconf 87' lang='lat'><strong><em>:</em></strong></span> <span class='ocrx_word' id='word_1_593' title='bbox 3543 3773 3686 3841; x_wconf 83' lang='lat' dir='ltr'><strong><em>Quia</em></strong></span> 
     </span>
    </p>
   </div>
   <div class='ocr_carea' id='block_1_79' title="bbox 2088 3864 3688 3939">
    <p class='ocr_par' dir='ltr' id='par_1_79' title="bbox 2088 3864 3688 3939">
     <span class='ocr_line' id='line_1_80' title="bbox 2088 3864 3688 3939; baseline -0.006 -10"><span class='ocrx_word' id='word_1_594' title='bbox 2088 3872 2354 3938; x_wconf 84' lang='lat' dir='ltr'><strong><em>humiliati</em></strong></span> <span class='ocrx_word' id='word_1_595' title='bbox 2414 3879 2555 3936; x_wconf 87' lang='lat' dir='ltr'><strong><em>sunt,</em></strong></span> <span class='ocrx_word' id='word_1_596' title='bbox 2616 3885 2722 3923; x_wconf 90' lang='lat' dir='ltr'><strong><em>non</em></strong></span> <span class='ocrx_word' id='word_1_597' title='bbox 2773 3866 3074 3939; x_wconf 88' lang='lat' dir='ltr'><strong><em>disperdam</em></strong></span> <span class='ocrx_word' id='word_1_598' title='bbox 3139 3882 3261 3931; x_wconf 91' lang='lat' dir='ltr'><strong><em>eos,</em></strong></span> <span class='ocrx_word' id='word_1_599' title='bbox 3318 3864 3559 3936; x_wconf 86' lang='lat' dir='ltr'><strong><em>daboque</em></strong></span> <span class='ocrx_word' id='word_1_600' title='bbox 3612 3865 3688 3920; x_wconf 81' lang='lat' dir='ltr'><strong><em>eis</em></strong></span> 
     </span>
    </p>
   </div>
   <div class='ocr_carea' id='block_1_80' title="bbox 2090 3959 3689 4037">
    <p class='ocr_par' dir='ltr' id='par_1_80' title="bbox 2090 3959 3689 4037">
     <span class='ocr_line' id='line_1_81' title="bbox 2090 3959 3689 4037; baseline -0.007 -16"><span class='ocrx_word' id='word_1_601' title='bbox 2090 3964 2386 4037; x_wconf 75' lang='lat' dir='ltr'><strong><em>pauxillum</em></strong></span> <span class='ocrx_word' id='word_1_602' title='bbox 2427 3962 2639 4029; x_wconf 78' lang='lat' dir='ltr'><strong><em>auxilii,</em></strong></span> <span class='ocrx_word' id='word_1_603' title='bbox 2669 3970 2717 4017; x_wconf 91' lang='lat' dir='ltr'><strong><em>et</em></strong></span> <span class='ocrx_word' id='word_1_604' title='bbox 2746 3978 2855 4015; x_wconf 86' lang='lat' dir='ltr'><strong><em>non</em></strong></span> <span class='ocrx_word' id='word_1_605' title='bbox 2898 3959 3116 4015; x_wconf 88' lang='lat' dir='ltr'><strong><em>stillabit</em></strong></span> <span class='ocrx_word' id='word_1_606' title='bbox 3148 3959 3299 4029; x_wconf 91' lang='lat' dir='ltr'><strong><em>furor</em></strong></span> <span class='ocrx_word' id='word_1_607' title='bbox 3334 3974 3483 4012; x_wconf 87' lang='lat' dir='ltr'><strong><em>meus</em></strong></span> <span class='ocrx_word' id='word_1_608' title='bbox 3530 3975 3689 4029; x_wconf 84' lang='lat' dir='ltr'><strong><em>super</em></strong></span> 
     </span>
    </p>
   </div>
   <div class='ocr_carea' id='block_1_81' title="bbox 2089 4048 3688 4127">
    <p class='ocr_par' dir='ltr' id='par_1_81' title="bbox 2089 4048 3688 4127">
     <span class='ocr_line' id='line_1_82' title="bbox 2089 4048 3688 4127; baseline -0.008 -15"><span class='ocrx_word' id='word_1_609' title='bbox 2089 4056 2384 4112; x_wconf 79' lang='lat' dir='ltr'><strong><em>Jerusalem</em></strong></span> <span class='ocrx_word' id='word_1_610' title='bbox 2414 4072 2508 4127; x_wconf 89' lang='lat' dir='ltr'><strong><em>per</em></strong></span> <span class='ocrx_word' id='word_1_611' title='bbox 2549 4068 2768 4108; x_wconf 86' lang='lat' dir='ltr'><strong><em>manum</em></strong></span> <span class='ocrx_word' id='word_1_612' title='bbox 2822 4050 3003 4107; x_wconf 89' lang='lat' dir='ltr'><strong><em>Sesac.</em></strong></span> <span class='ocrx_word' id='word_1_613' title='bbox 3047 4048 3419 4103; x_wconf 84' lang='lat' dir='ltr'><strong><em>Verumtamen</em></strong></span> <span class='ocrx_word' id='word_1_614' title='bbox 3461 4048 3688 4102; x_wconf 83' lang='lat' dir='ltr'><strong><em>servient</em></strong></span> 
     </span>
    </p>
   </div>
   <div class='ocr_carea' id='block_1_82' title="bbox 2091 4139 3690 4214">
    <p class='ocr_par' dir='ltr' id='par_1_82' title="bbox 2091 4139 3690 4214">
     <span class='ocr_line' id='line_1_83' title="bbox 2091 4139 3690 4214; baseline -0.008 -10"><span class='ocrx_word' id='word_1_615' title='bbox 2091 4151 2160 4214; x_wconf 89' lang='lat' dir='ltr'><strong><em>ei,</em></strong></span> <span class='ocrx_word' id='word_1_616' title='bbox 2205 4158 2260 4202; x_wconf 83' lang='lat' dir='ltr'><strong><em>ut</em></strong></span> <span class='ocrx_word' id='word_1_617' title='bbox 2307 4147 2475 4202; x_wconf 87' lang='lat' dir='ltr'><strong><em>sciant</em></strong></span> <span class='ocrx_word' id='word_1_618' title='bbox 2511 4143 2821 4198; x_wconf 86' lang='lat' dir='ltr'><strong><em>distantiam</em></strong></span> <span class='ocrx_word' id='word_1_619' title='bbox 2851 4140 3114 4196; x_wconf 88' lang='lat' dir='ltr'><strong><em>servitutis</em></strong></span> <span class='ocrx_word' id='word_1_620' title='bbox 3164 4155 3311 4206; x_wconf 77' lang='lat' dir='ltr'><strong><em>mete,</em></strong></span> <span class='ocrx_word' id='word_1_621' title='bbox 3344 4147 3391 4193; x_wconf 87' lang='lat' dir='ltr'><strong><em>et</em></strong></span> <span class='ocrx_word' id='word_1_622' title='bbox 3420 4139 3690 4192; x_wconf 80' lang='lat' dir='ltr'><strong><em>servitutis</em></strong></span> 
     </span>
    </p>
   </div>
   <div class='ocr_carea' id='block_1_83' title="bbox 2094 4230 3689 4314">
    <p class='ocr_par' dir='ltr' id='par_1_83' title="bbox 2094 4230 3689 4314">
     <span class='ocr_line' id='line_1_84' title="bbox 2094 4230 3689 4314; baseline -0.008 -18"><span class='ocrx_word' id='word_1_623' title='bbox 2094 4242 2238 4314; x_wconf 87' lang='lat' dir='ltr'><strong><em>regni</em></strong></span> <span class='ocrx_word' id='word_1_624' title='bbox 2265 4251 2545 4295; x_wconf 84' lang='lat' dir='ltr'><strong><em>terrarum.</em></strong></span> <span class='ocrx_word' id='word_1_625' title='bbox 2576 4237 2808 4292; x_wconf 83' lang='lat' dir='ltr'><strong><em>Recessit</em></strong></span> <span class='ocrx_word' id='word_1_626' title='bbox 2834 4237 3010 4307; x_wconf 89' lang='lat' dir='ltr'><strong><em>itaque</em></strong></span> <span class='ocrx_word' id='word_1_627' title='bbox 3035 4232 3197 4289; x_wconf 89' lang='lat' dir='ltr'><strong><em>Sesac</em></strong></span> <span class='ocrx_word' id='word_1_628' title='bbox 3221 4248 3313 4287; x_wconf 77' lang='lat' dir='ltr'><strong><em>rea:</em></strong></span> <span class='ocrx_word' id='word_1_629' title='bbox 3354 4230 3580 4303; x_wconf 65' lang='lat' dir='ltr'><strong><em>Egypti</em></strong></span> <span class='ocrx_word' id='word_1_630' title='bbox 3624 4232 3689 4286; x_wconf 77' lang='lat' dir='ltr'><strong><em>ab</em></strong></span> 
     </span>
    </p>
   </div>
   <div class='ocr_carea' id='block_1_84' title="bbox 2093 4323 3691 4391">
    <p class='ocr_par' dir='ltr' id='par_1_84' title="bbox 2093 4323 3691 4391">
     <span class='ocr_line' id='line_1_85' title="bbox 2093 4323 3691 4391; baseline -0.008 0"><span class='ocrx_word' id='word_1_631' title='bbox 2093 4334 2393 4391; x_wconf 80' lang='lat' dir='ltr'><strong><em>Jerusalem</em></strong></span> <span class='ocrx_word' id='word_1_632' title='bbox 2427 4331 2648 4390; x_wconf 89' lang='lat' dir='ltr'><strong><em>sublatis</em></strong></span> <span class='ocrx_word' id='word_1_633' title='bbox 2694 4328 2955 4384; x_wconf 86' lang='lat' dir='ltr'><strong><em>thesauris</em></strong></span> <span class='ocrx_word' id='word_1_634' title='bbox 3000 4326 3189 4380; x_wconf 90' lang='lat' dir='ltr'><strong><em>domus</em></strong></span> <span class='ocrx_word' id='word_1_635' title='bbox 3217 4324 3355 4390; x_wconf 90' lang='lat' dir='ltr'><strong><em>Dei,</em></strong></span> <span class='ocrx_word' id='word_1_636' title='bbox 3406 4333 3454 4377; x_wconf 89' lang='lat' dir='ltr'><strong><em>et</em></strong></span> <span class='ocrx_word' id='word_1_637' title='bbox 3498 4323 3691 4378; x_wconf 71' lang='lat' dir='ltr'><strong><em>domus</em></strong></span> 
     </span>
    </p>
   </div>
   <div class='ocr_carea' id='block_1_85' title="bbox 408 4417 3691 4514">
    <p class='ocr_par' dir='ltr' id='par_1_85' title="bbox 408 4417 3691 4514">
     <span class='ocr_line' id='line_1_86' title="bbox 408 4417 3691 4514; baseline -0.006 -9"><span class='ocrx_word' id='word_1_638' title='bbox 408 4445 518 4505; x_wconf 84' lang='lat' dir='ltr'><strong><em>Sed</em></strong></span> <span class='ocrx_word' id='word_1_639' title='bbox 565 4455 620 4503; x_wconf 89' lang='lat' dir='ltr'><strong><em>et</em></strong></span> <span class='ocrx_word' id='word_1_640' title='bbox 665 4417 972 4503; x_wconf 71' lang='lat' dir='ltr'><strong><em>effeminati</em></strong></span> <span class='ocrx_word' id='word_1_641' title='bbox 1027 4446 1243 4503; x_wconf 82' lang='lat' dir='ltr'><strong><em>luerunt</em></strong></span> <span class='ocrx_word' id='word_1_642' title='bbox 1296 4447 1352 4501; x_wconf 94' lang='lat' dir='ltr'><strong><em>in</em></strong></span> <span class='ocrx_word' id='word_1_643' title='bbox 1411 4454 1576 4500; x_wconf 85' lang='lat' dir='ltr'><strong><em>terra.</em></strong></span> <span class='ocrx_word' id='word_1_644' title='bbox 1623 4440 1998 4514; x_wconf 85' lang='lat' dir='ltr'><strong><em>Feceruntque</em></strong></span> <span class='ocrx_word' id='word_1_645' title='bbox 2048 4477 2057 4483; x_wconf 92' lang='lat'><strong>-</strong></span> <span class='ocrx_word' id='word_1_646' title='bbox 2096 4428 2250 4501; x_wconf 61' lang='lat'><strong><em>76958,</em></strong></span> <span class='ocrx_word' id='word_1_647' title='bbox 2282 4425 2559 4496; x_wconf 75' lang='grc' dir='ltr'><strong><em>οηιηίαιιιιε</em></strong></span> <span class='ocrx_word' id='word_1_648' title='bbox 2605 4438 2781 4514; x_wconf 61' lang='grc' dir='ltr'><strong><em>δξσῑινη</em></strong></span> <span class='ocrx_word' id='word_1_649' title='bbox 2817 4419 2939 4514; x_wconf 44' lang='grc' dir='ltr'><strong><em>τῇδε</em></strong></span> <span class='ocrx_word' id='word_1_650' title='bbox 2979 4428 3029 4514; x_wconf 60' lang='grc' dir='ltr'><em>εξ</em></span> <span class='ocrx_word' id='word_1_651' title='bbox 3060 4417 3266 4514; x_wconf 47' lang='lat' dir='ltr'><strong><em>clypeos</em></strong></span> <span class='ocrx_word' id='word_1_652' title='bbox 3316 4432 3505 4471; x_wconf 68' lang='grc' dir='ltr'><strong><em>αυτεοδ</em></strong></span> <span class='ocrx_word' id='word_1_653' title='bbox 3557 4433 3691 4487; x_wconf 63' lang='lat' dir='ltr'><strong><em>qu“</em></strong></span> 
     </span>
    </p>
   </div>
   <div class='ocr_carea' id='block_1_86' title="bbox 407 4535 1999 4609">
    <p class='ocr_par' dir='ltr' id='par_1_86' title="bbox 407 4535 1999 4609">
     <span class='ocr_line' id='line_1_87' title="bbox 407 4535 1999 4609; baseline -0.002 -14"><span class='ocrx_word' id='word_1_654' title='bbox 407 4553 599 4595; x_wconf 90' lang='lat' dir='ltr'><strong><em>omnes</em></strong></span> <span class='ocrx_word' id='word_1_655' title='bbox 657 4538 1089 4594; x_wconf 85' lang='lat' dir='ltr'><strong><em>abominationes</em></strong></span> <span class='ocrx_word' id='word_1_656' title='bbox 1143 4538 1386 4609; x_wconf 78' lang='lat' dir='ltr'><strong><em>gentium</em></strong></span> <span class='ocrx_word' id='word_1_657' title='bbox 1442 4551 1580 4606; x_wconf 91' lang='lat' dir='ltr'><strong><em>quas</em></strong></span> <span class='ocrx_word' id='word_1_658' title='bbox 1628 4536 1839 4591; x_wconf 84' lang='lat' dir='ltr'><strong><em>attrivit</em></strong></span> <span class='ocrx_word' id='word_1_659' title='bbox 1892 4535 1999 4592; x_wconf 88' lang='lat' dir='ltr'><strong><em>Do-</em></strong></span> 
     </span>
    </p>
   </div>
   <div class='ocr_carea' id='block_1_87' title="bbox 2094 4509 3694 4590">
    <p class='ocr_par' dir='ltr' id='par_1_87' title="bbox 2094 4509 3694 4590">
     <span class='ocr_line' id='line_1_88' title="bbox 2094 4509 3694 4590; baseline -0.011 -16"><span class='ocrx_word' id='word_1_660' title='bbox 2094 4520 2289 4590; x_wconf 89' lang='lat' dir='ltr'><strong><em>fecerat</em></strong></span> <span class='ocrx_word' id='word_1_661' title='bbox 2323 4515 2597 4572; x_wconf 87' lang='lat' dir='ltr'><strong><em>Salomon.</em></strong></span> <span class='ocrx_word' id='word_1_662' title='bbox 2624 4511 2734 4565; x_wconf 88' lang='lat' dir='ltr'><strong><em>Pro</em></strong></span> <span class='ocrx_word' id='word_1_663' title='bbox 2760 4510 2947 4583; x_wconf 87' lang='lat' dir='ltr'><strong><em>quibus</em></strong></span> <span class='ocrx_word' id='word_1_664' title='bbox 2989 4509 3112 4578; x_wconf 89' lang='lat' dir='ltr'><strong><em>fecit</em></strong></span> <span class='ocrx_word' id='word_1_665' title='bbox 3158 4523 3251 4562; x_wconf 79' lang='lat' dir='ltr'><strong><em>rea:</em></strong></span> <span class='ocrx_word' id='word_1_666' title='bbox 3280 4522 3473 4572; x_wconf 79' lang='lat' dir='ltr'><strong><em>teneas,</em></strong></span> <span class='ocrx_word' id='word_1_667' title='bbox 3500 4516 3549 4559; x_wconf 86' lang='lat' dir='ltr'><strong><em>et</em></strong></span> <span class='ocrx_word' id='word_1_668' title='bbox 3580 4516 3694 4559; x_wconf 83' lang='lat' dir='ltr'><strong><em>tra-</em></strong></span> 
     </span>
    </p>
   </div>
   <div class='ocr_carea' id='block_1_88' title="bbox 410 4596 1980 4698">
    <p class='ocr_par' dir='ltr' id='par_1_88' title="bbox 410 4596 1980 4698">
     <span class='ocr_line' id='line_1_89' title="bbox 410 4596 1980 4698; baseline -0.003 -13"><span class='ocrx_word' id='word_1_669' title='bbox 410 4630 587 4685; x_wconf 86' lang='lat' dir='ltr'><strong><em>minus</em></strong></span> <span class='ocrx_word' id='word_1_670' title='bbox 641 4641 767 4683; x_wconf 86' lang='lat' dir='ltr'><strong><em>ante</em></strong></span> <span class='ocrx_word' id='word_1_671' title='bbox 814 4627 1005 4683; x_wconf 78' lang='lat' dir='ltr'><strong><em>faciem</em></strong></span> <span class='ocrx_word' id='word_1_672' title='bbox 1052 4596 1286 4682; x_wconf 47' lang='lat' dir='ltr'><strong><em>ﬁliarum</em></strong></span> <span class='ocrx_word' id='word_1_673' title='bbox 1336 4596 1521 4682; x_wconf 73' lang='lat' dir='ltr'><strong><em>Israel.</em></strong></span> <span class='ocrx_word' id='word_1_674' title='bbox 1551 4625 1831 4697; x_wconf 82' lang='lat' dir='ltr'><strong><em>Signiﬁcat</em></strong></span> <span class='ocrx_word' id='word_1_675' title='bbox 1869 4641 1980 4698; x_wconf 74' lang='lat' dir='ltr'><strong><em>ergt</em></strong></span> 
     </span>
    </p>
   </div>
   <div class='ocr_carea' id='block_1_89' title="bbox 2086 4596 3692 4698">
    <p class='ocr_par' dir='ltr' id='par_1_89' title="bbox 2098 4596 3692 4676">
     <span class='ocr_line' id='line_1_90' title="bbox 2098 4596 3692 4676; baseline -0.009 -11"><span class='ocrx_word' id='word_1_676' title='bbox 2098 4610 2230 4665; x_wconf 88' lang='lat' dir='ltr'><strong><em>didit</em></strong></span> <span class='ocrx_word' id='word_1_677' title='bbox 2275 4605 2394 4661; x_wconf 90' lang='lat' dir='ltr'><strong><em>illos</em></strong></span> <span class='ocrx_word' id='word_1_678' title='bbox 2436 4601 2760 4676; x_wconf 84' lang='lat' dir='ltr'><strong><em>principibus</em></strong></span> <span class='ocrx_word' id='word_1_679' title='bbox 2800 4600 3153 4655; x_wconf 88' lang='lat' dir='ltr'><strong><em>scutariorum</em></strong></span> <span class='ocrx_word' id='word_1_680' title='bbox 3192 4599 3282 4670; x_wconf 85' lang='lat' dir='ltr'><strong><em>qui</em></strong></span> <span class='ocrx_word' id='word_1_681' title='bbox 3329 4596 3692 4651; x_wconf 85' lang='lat' dir='ltr'><strong><em>custodiebant</em></strong></span> 
     </span>
    </p>
   </div>
   <div class='ocr_carea' id='block_1_90' title="bbox 408 4717 1999 4789">
    <p class='ocr_par' dir='ltr' id='par_1_90' title="bbox 408 4717 1999 4789">
     <span class='ocr_line' id='line_1_91' title="bbox 408 4717 1999 4789; baseline -0.004 -12"><span class='ocrx_word' id='word_1_682' title='bbox 408 4721 582 4777; x_wconf 85' lang='lat' dir='ltr'><strong><em>malos</em></strong></span> <span class='ocrx_word' id='word_1_683' title='bbox 634 4728 874 4776; x_wconf 87' lang='lat' dir='ltr'><strong><em>rectores</em></strong></span> <span class='ocrx_word' id='word_1_684' title='bbox 941 4720 995 4774; x_wconf 91' lang='lat' dir='ltr'><strong><em>in</em></strong></span> <span class='ocrx_word' id='word_1_685' title='bbox 1057 4718 1296 4775; x_wconf 86' lang='lat' dir='ltr'><strong><em>Ecclesia</em></strong></span> <span class='ocrx_word' id='word_1_686' title='bbox 1322 4759 1337 4785; x_wconf 92' lang='lat'><strong><em>,</em></strong></span> <span class='ocrx_word' id='word_1_687' title='bbox 1403 4718 1494 4789; x_wconf 90' lang='lat' dir='ltr'><strong><em>qui</em></strong></span> <span class='ocrx_word' id='word_1_688' title='bbox 1557 4717 1786 4772; x_wconf 88' lang='lat' dir='ltr'><strong><em>terrenis</em></strong></span> <span class='ocrx_word' id='word_1_689' title='bbox 1849 4717 1999 4787; x_wconf 87' lang='lat' dir='ltr'><strong><em>cupi-</em></strong></span> 
     </span>
    </p>
   </div>
   <div class='ocr_carea' id='block_1_91' title="bbox 2099 4684 3696 4766">
    <p class='ocr_par' dir='ltr' id='par_1_91' title="bbox 2099 4684 3696 4766">
     <span class='ocr_line' id='line_1_92' title="bbox 2099 4684 3696 4766; baseline -0.008 -9"><span class='ocrx_word' id='word_1_690' title='bbox 2099 4697 2411 4757; x_wconf 89' lang='lat' dir='ltr'><strong><em>vestibulum</em></strong></span> <span class='ocrx_word' id='word_1_691' title='bbox 2447 4693 2649 4766; x_wconf 89' lang='lat' dir='ltr'><strong><em>palatii.</em></strong></span> <span class='ocrx_word' id='word_1_692' title='bbox 2681 4691 2820 4761; x_wconf 85' lang='lat' dir='ltr'><strong><em>Quid</em></strong></span> <span class='ocrx_word' id='word_1_693' title='bbox 2861 4707 2991 4762; x_wconf 80' lang='lat' dir='ltr'><strong><em>ergo</em></strong></span> <span class='ocrx_word' id='word_1_694' title='bbox 3019 4706 3118 4761; x_wconf 87' lang='lat' dir='ltr'><strong><em>per</em></strong></span> <span class='ocrx_word' id='word_1_695' title='bbox 3157 4684 3384 4761; x_wconf 74' lang='lat' dir='ltr'><strong><em>ﬁguram</em></strong></span> <span class='ocrx_word' id='word_1_696' title='bbox 3429 4689 3522 4743; x_wconf 84' lang='lat' dir='ltr'><strong><em>hic</em></strong></span> <span class='ocrx_word' id='word_1_697' title='bbox 3563 4689 3696 4745; x_wconf 82' lang='lat' dir='ltr'><strong><em>insi-</em></strong></span> 
     </span>
    </p>
   </div>
   <div class='ocr_carea' id='block_1_92' title="bbox 403 4777 3691 4882">
    <p class='ocr_par' dir='ltr' id='par_1_92' title="bbox 403 4777 3691 4882">
     <span class='ocr_line' id='line_1_93' title="bbox 403 4777 3691 4882; baseline -0.005 -16"><span class='ocrx_word' id='word_1_698' title='bbox 403 4810 672 4867; x_wconf 82' lang='lat' dir='ltr'><strong><em>ditatibus</em></strong></span> <span class='ocrx_word' id='word_1_699' title='bbox 725 4810 890 4867; x_wconf 89' lang='lat' dir='ltr'><strong><em>dediti</em></strong></span> <span class='ocrx_word' id='word_1_700' title='bbox 945 4810 1224 4882; x_wconf 79' lang='lat' dir='ltr'><strong><em>negligunt</em></strong></span> <span class='ocrx_word' id='word_1_701' title='bbox 1267 4777 1453 4866; x_wconf 76' lang='lat' dir='ltr'><strong><em>curam</em></strong></span> <span class='ocrx_word' id='word_1_702' title='bbox 1506 4810 1707 4865; x_wconf 86' lang='lat' dir='ltr'><strong><em>habere</em></strong></span> <span class='ocrx_word' id='word_1_703' title='bbox 1754 4777 2315 4865; x_wconf 64' lang='lat' dir='ltr'><strong><em>subdilo-Dmmml&#39;:</em></strong></span> <span class='ocrx_word' id='word_1_704' title='bbox 2342 4786 2754 4882; x_wconf 51' lang='grc' dir='ltr'><strong><em>(ιιιοιξνρτοιζιθτ</em></strong></span> <span class='ocrx_word' id='word_1_705' title='bbox 2771 4790 3055 4882; x_wconf 40' lang='lat' dir='ltr'><strong><em>resectum</em></strong></span> <span class='ocrx_word' id='word_1_706' title='bbox 3080 4777 3572 4882; x_wconf 53' lang='grc' dir='ltr'><strong><em>Βοδουξπηνξοεπ</em></strong></span> <span class='ocrx_word' id='word_1_707' title='bbox 3599 4794 3691 4882; x_wconf 60' lang='lat' dir='ltr'><strong><em>rex</em></strong></span> 
     </span>
    </p>
   </div>
   <div class='ocr_carea' id='block_1_93' title="bbox 409 4900 1995 4973">
    <p class='ocr_par' dir='ltr' id='par_1_93' title="bbox 409 4900 1995 4973">
     <span class='ocr_line' id='line_1_94' title="bbox 409 4900 1995 4973; baseline 0.001 -18"><span class='ocrx_word' id='word_1_708' title='bbox 409 4918 565 4968; x_wconf 84' lang='lat' dir='ltr'><strong><em>rum,</em></strong></span> <span class='ocrx_word' id='word_1_709' title='bbox 623 4910 679 4958; x_wconf 91' lang='lat' dir='ltr'><strong><em>et</em></strong></span> <span class='ocrx_word' id='word_1_710' title='bbox 723 4902 1051 4958; x_wconf 85' lang='lat' dir='ltr'><strong><em>delectantes</em></strong></span> <span class='ocrx_word' id='word_1_711' title='bbox 1105 4902 1337 4973; x_wconf 81' lang='lat' dir='ltr'><strong><em>gaudent</em></strong></span> <span class='ocrx_word' id='word_1_712' title='bbox 1381 4902 1437 4957; x_wconf 90' lang='lat' dir='ltr'><strong><em>in</em></strong></span> <span class='ocrx_word' id='word_1_713' title='bbox 1500 4900 1843 4957; x_wconf 87' lang='lat' dir='ltr'><strong><em>multitudine</em></strong></span> <span class='ocrx_word' id='word_1_714' title='bbox 1891 4900 1995 4957; x_wconf 87' lang='lat' dir='ltr'><strong><em>sibi</em></strong></span> 
     </span>
    </p>
   </div>
   <div class='ocr_carea' id='block_1_94' title="bbox 404 4991 1996 5064">
    <p class='ocr_par' dir='ltr' id='par_1_94' title="bbox 404 4991 1996 5064">
     <span class='ocr_line' id='line_1_95' title="bbox 404 4991 1996 5064; baseline -0.002 -17"><span class='ocrx_word' id='word_1_715' title='bbox 404 4994 846 5064; x_wconf 82' lang='lat' dir='ltr'><strong><em>obsequentium,</em></strong></span> <span class='ocrx_word' id='word_1_716' title='bbox 906 5008 1006 5049; x_wconf 88' lang='lat' dir='ltr'><strong><em>nec</em></strong></span> <span class='ocrx_word' id='word_1_717' title='bbox 1040 5002 1219 5047; x_wconf 87' lang='lat' dir='ltr'><strong><em>tamen</em></strong></span> <span class='ocrx_word' id='word_1_718' title='bbox 1269 4991 1594 5063; x_wconf 79' lang='lat' dir='ltr'><strong><em>condignam</em></strong></span> <span class='ocrx_word' id='word_1_719' title='bbox 1641 4992 1845 5047; x_wconf 86' lang='lat' dir='ltr'><strong><em>habent</em></strong></span> <span class='ocrx_word' id='word_1_720' title='bbox 1888 4991 1996 5047; x_wconf 86' lang='lat' dir='ltr'><strong><em>sol-</em></strong></span> 
     </span>
    </p>
   </div>
   <div class='ocr_carea' id='block_1_95' title="bbox 408 5083 1996 5153">
    <p class='ocr_par' dir='ltr' id='par_1_95' title="bbox 408 5083 1996 5153">
     <span class='ocr_line' id='line_1_96' title="bbox 408 5083 1996 5153; baseline -0.001 -14"><span class='ocrx_word' id='word_1_721' title='bbox 408 5085 744 5139; x_wconf 86' lang='lat' dir='ltr'><strong><em>licitudinem</em></strong></span> <span class='ocrx_word' id='word_1_722' title='bbox 771 5085 872 5139; x_wconf 87' lang='lat' dir='ltr'><strong><em>sibi</em></strong></span> <span class='ocrx_word' id='word_1_723' title='bbox 902 5086 1334 5140; x_wconf 88' lang='lat' dir='ltr'><strong><em>commissorum.</em></strong></span> <span class='ocrx_word' id='word_1_724' title='bbox 1376 5083 1768 5153; x_wconf 87' lang='lat' dir='ltr'><strong><em>Interpretatur</em></strong></span> <span class='ocrx_word' id='word_1_725' title='bbox 1813 5091 1996 5138; x_wconf 88' lang='lat' dir='ltr'><strong><em>autem</em></strong></span> 
     </span>
    </p>
   </div>
   <div class='ocr_carea' id='block_1_96' title="bbox 412 5172 1997 5247">
    <p class='ocr_par' dir='ltr' id='par_1_96' title="bbox 412 5172 1997 5247">
     <span class='ocr_line' id='line_1_97' title="bbox 412 5172 1997 5247; baseline -0.003 -15"><span class='ocrx_word' id='word_1_726' title='bbox 412 5176 653 5232; x_wconf 75' lang='lat' dir='ltr'><strong><em>ltoboam</em></strong></span> <span class='ocrx_word' id='word_1_727' title='bbox 700 5175 923 5230; x_wconf 87' lang='lat' dir='ltr'><strong><em>latitudo</em></strong></span> <span class='ocrx_word' id='word_1_728' title='bbox 968 5175 1187 5247; x_wconf 87' lang='lat' dir='ltr'><strong><em>populi,</em></strong></span> <span class='ocrx_word' id='word_1_729' title='bbox 1245 5182 1301 5230; x_wconf 90' lang='lat' dir='ltr'><strong><em>et</em></strong></span> <span class='ocrx_word' id='word_1_730' title='bbox 1356 5173 1495 5228; x_wconf 85' lang='lat' dir='ltr'><strong><em>bene</em></strong></span> <span class='ocrx_word' id='word_1_731' title='bbox 1539 5173 1768 5229; x_wconf 87' lang='lat' dir='ltr'><strong><em>latitudo</em></strong></span> <span class='ocrx_word' id='word_1_732' title='bbox 1814 5172 1997 5244; x_wconf 89' lang='lat' dir='ltr'><strong><em>populi</em></strong></span> 
     </span>
    </p>
   </div>
   <div class='ocr_carea' id='block_1_97' title="bbox 411 5264 1999 5339">
    <p class='ocr_par' dir='ltr' id='par_1_97' title="bbox 411 5264 1999 5339">
     <span class='ocr_line' id='line_1_98' title="bbox 411 5264 1999 5339; baseline -0.005 -13"><span class='ocrx_word' id='word_1_733' title='bbox 411 5267 682 5326; x_wconf 87' lang='lat' dir='ltr'><strong><em>nominari</em></strong></span> <span class='ocrx_word' id='word_1_734' title='bbox 716 5276 942 5339; x_wconf 89' lang='lat' dir='ltr'><strong><em>possunt</em></strong></span> <span class='ocrx_word' id='word_1_735' title='bbox 968 5268 1083 5337; x_wconf 87' lang='lat' dir='ltr'><strong><em>qui,</em></strong></span> <span class='ocrx_word' id='word_1_736' title='bbox 1108 5267 1271 5321; x_wconf 86' lang='lat' dir='ltr'><strong><em>latam</em></strong></span> <span class='ocrx_word' id='word_1_737' title='bbox 1297 5273 1352 5322; x_wconf 91' lang='lat' dir='ltr'><strong><em>et</em></strong></span> <span class='ocrx_word' id='word_1_738' title='bbox 1372 5266 1668 5337; x_wconf 89' lang='lat' dir='ltr'><strong><em>spatiosam</em></strong></span> <span class='ocrx_word' id='word_1_739' title='bbox 1698 5264 1841 5320; x_wconf 81' lang='lat' dir='ltr'><strong><em>viam</em></strong></span> <span class='ocrx_word' id='word_1_740' title='bbox 1870 5279 1999 5336; x_wconf 80' lang='lat' dir='ltr'><strong><em>gra-</em></strong></span> 
     </span>
    </p>
   </div>
   <div class='ocr_carea' id='block_1_98' title="bbox 411 5356 1997 5432">
    <p class='ocr_par' dir='ltr' id='par_1_98' title="bbox 411 5356 1997 5432">
     <span class='ocr_line' id='line_1_99' title="bbox 411 5356 1997 5432; baseline -0.005 -13"><span class='ocrx_word' id='word_1_741' title='bbox 411 5361 645 5428; x_wconf 85' lang='lat' dir='ltr'><strong><em>dientes,</em></strong></span> <span class='ocrx_word' id='word_1_742' title='bbox 687 5375 788 5432; x_wconf 88' lang='lat' dir='ltr'><strong><em>per</em></strong></span> <span class='ocrx_word' id='word_1_743' title='bbox 830 5375 991 5430; x_wconf 87' lang='lat' dir='ltr'><strong><em>quam</em></strong></span> <span class='ocrx_word' id='word_1_744' title='bbox 1044 5357 1199 5413; x_wconf 88' lang='lat' dir='ltr'><strong><em>multi</em></strong></span> <span class='ocrx_word' id='word_1_745' title='bbox 1237 5356 1439 5412; x_wconf 79' lang='lat' dir='ltr'><strong><em>vadunt</em></strong></span> <span class='ocrx_word' id='word_1_746' title='bbox 1477 5356 1545 5411; x_wconf 90' lang='lat' dir='ltr'><strong><em>ad</em></strong></span> <span class='ocrx_word' id='word_1_747' title='bbox 1591 5364 1838 5419; x_wconf 90' lang='lat' dir='ltr'><strong><em>mortem,</em></strong></span> <span class='ocrx_word' id='word_1_748' title='bbox 1898 5371 1997 5411; x_wconf 63' lang='lat' dir='ltr'><strong><em>anv</em></strong></span> 
     </span>
    </p>
   </div>
   <div class='ocr_carea' id='block_1_99' title="bbox 408 5446 1997 5527">
    <p class='ocr_par' dir='ltr' id='par_1_99' title="bbox 408 5446 1997 5527">
     <span class='ocr_line' id='line_1_100' title="bbox 408 5446 1997 5527; baseline -0.004 -18"><span class='ocrx_word' id='word_1_749' title='bbox 408 5460 624 5527; x_wconf 82' lang='lat' dir='ltr'><strong><em>gustatu</em></strong></span> <span class='ocrx_word' id='word_1_750' title='bbox 645 5454 810 5518; x_wconf 84' lang='lat' dir='ltr'><strong><em>viam,</em></strong></span> <span class='ocrx_word' id='word_1_751' title='bbox 849 5467 969 5522; x_wconf 74' lang='lat' dir='ltr'><strong><em>qua:</em></strong></span> <span class='ocrx_word' id='word_1_752' title='bbox 1019 5464 1316 5520; x_wconf 88' lang='lat' dir='ltr'><strong><em>paucorum</em></strong></span> <span class='ocrx_word' id='word_1_753' title='bbox 1353 5455 1460 5515; x_wconf 89' lang='lat' dir='ltr'><strong><em>est,</em></strong></span> <span class='ocrx_word' id='word_1_754' title='bbox 1506 5455 1563 5502; x_wconf 92' lang='lat' dir='ltr'><strong><em>et</em></strong></span> <span class='ocrx_word' id='word_1_755' title='bbox 1622 5446 1693 5502; x_wconf 89' lang='lat' dir='ltr'><strong><em>ad</em></strong></span> <span class='ocrx_word' id='word_1_756' title='bbox 1735 5456 1997 5502; x_wconf 57' lang='lat' dir='ltr'><strong><em>attentam</em></strong></span> 
     </span>
    </p>
   </div>
   <div class='ocr_carea' id='block_1_100' title="bbox 409 5535 1992 5612">
    <p class='ocr_par' dir='ltr' id='par_1_100' title="bbox 409 5535 1992 5612">
     <span class='ocr_line' id='line_1_101' title="bbox 409 5535 1992 5612; baseline -0.006 -13"><span class='ocrx_word' id='word_1_757' title='bbox 409 5543 579 5599; x_wconf 84' lang='lat' dir='ltr'><strong><em>vitam</em></strong></span> <span class='ocrx_word' id='word_1_758' title='bbox 607 5541 776 5609; x_wconf 87' lang='lat' dir='ltr'><strong><em>ducit,</em></strong></span> <span class='ocrx_word' id='word_1_759' title='bbox 827 5539 1035 5612; x_wconf 81' lang='lat' dir='ltr'><strong><em>ingredi</em></strong></span> <span class='ocrx_word' id='word_1_760' title='bbox 1068 5541 1407 5603; x_wconf 87' lang='lat' dir='ltr'><strong><em>detrectant,</em></strong></span> <span class='ocrx_word' id='word_1_761' title='bbox 1442 5535 1738 5606; x_wconf 89' lang='lat' dir='ltr'><strong><em>relictoque</em></strong></span> <span class='ocrx_word' id='word_1_762' title='bbox 1781 5541 1992 5589; x_wconf 86' lang='lat' dir='ltr'><strong><em>sancto-</em></strong></span> 
     </span>
    </p>
   </div>
   <div class='ocr_carea' id='block_1_101' title="bbox 2103 4871 3691 4955">
    <p class='ocr_par' dir='ltr' id='par_1_101' title="bbox 2103 4871 3691 4955">
     <span class='ocr_line' id='line_1_102' title="bbox 2103 4871 3691 4955; baseline -0.008 -15"><span class='ocrx_word' id='word_1_763' title='bbox 2103 4882 2323 4955; x_wconf 67' lang='lat' dir='ltr'><strong><em>Aigypti</em></strong></span> <span class='ocrx_word' id='word_1_764' title='bbox 2351 4880 2419 4936; x_wconf 89' lang='lat' dir='ltr'><strong><em>de</em></strong></span> <span class='ocrx_word' id='word_1_765' title='bbox 2459 4879 2619 4935; x_wconf 87' lang='lat' dir='ltr'><strong><em>domo</em></strong></span> <span class='ocrx_word' id='word_1_766' title='bbox 2649 4875 2860 4932; x_wconf 88' lang='lat' dir='ltr'><strong><em>Domini</em></strong></span> <span class='ocrx_word' id='word_1_767' title='bbox 2898 4876 3183 4930; x_wconf 83' lang='lat' dir='ltr'><strong><em>thesauros</em></strong></span> <span class='ocrx_word' id='word_1_768' title='bbox 3221 4871 3463 4936; x_wconf 85' lang='lat' dir='ltr'><strong><em>abstulit,</em></strong></span> <span class='ocrx_word' id='word_1_769' title='bbox 3496 4882 3555 4927; x_wconf 89' lang='lat' dir='ltr'><strong><em>et</em></strong></span> <span class='ocrx_word' id='word_1_770' title='bbox 3584 4873 3691 4927; x_wconf 88' lang='lat' dir='ltr'><strong><em>the-</em></strong></span> 
     </span>
    </p>
   </div>
   <div class='ocr_carea' id='block_1_102' title="bbox 2103 4965 3689 5044">
    <p class='ocr_par' dir='ltr' id='par_1_102' title="bbox 2103 4965 3689 5044">
     <span class='ocr_line' id='line_1_103' title="bbox 2103 4965 3689 5044; baseline -0.009 -14"><span class='ocrx_word' id='word_1_771' title='bbox 2103 4989 2293 5032; x_wconf 87' lang='lat' dir='ltr'><strong><em>sauros</em></strong></span> <span class='ocrx_word' id='word_1_772' title='bbox 2322 4971 2518 5044; x_wconf 79' lang='lat' dir='ltr'><strong><em>regios,</em></strong></span> <span class='ocrx_word' id='word_1_773' title='bbox 2559 4967 2661 5023; x_wconf 89' lang='lat' dir='ltr'><strong><em>nisi</em></strong></span> <span class='ocrx_word' id='word_1_774' title='bbox 2692 4966 2838 5037; x_wconf 84' lang='lat' dir='ltr'><strong><em>quod</em></strong></span> <span class='ocrx_word' id='word_1_775' title='bbox 2881 4965 3010 5020; x_wconf 89' lang='lat' dir='ltr'><strong><em>mali</em></strong></span> <span class='ocrx_word' id='word_1_776' title='bbox 3058 4972 3300 5019; x_wconf 89' lang='lat' dir='ltr'><strong><em>rectores</em></strong></span> <span class='ocrx_word' id='word_1_777' title='bbox 3339 4970 3570 5033; x_wconf 86' lang='lat' dir='ltr'><strong><em>prooter</em></strong></span> <span class='ocrx_word' id='word_1_778' title='bbox 3600 4979 3689 5016; x_wconf 80' lang='lat' dir='ltr'><strong><em>ne-</em></strong></span> 
     </span>
    </p>
   </div>
   <div class='ocr_carea' id='block_1_103' title="bbox 2099 5054 3693 5141">
    <p class='ocr_par' dir='ltr' id='par_1_103' title="bbox 2099 5054 3693 5141">
     <span class='ocr_line' id='line_1_104' title="bbox 2099 5054 3693 5141; baseline -0.01 -19"><span class='ocrx_word' id='word_1_779' title='bbox 2099 5065 2410 5141; x_wconf 75' lang='lat' dir='ltr'><strong><em>gligentiam</em></strong></span> <span class='ocrx_word' id='word_1_780' title='bbox 2437 5078 2615 5127; x_wconf 91' lang='lat' dir='ltr'><strong><em>suam,</em></strong></span> <span class='ocrx_word' id='word_1_781' title='bbox 2641 5075 2823 5130; x_wconf 81' lang='lat' dir='ltr'><strong><em>regem</em></strong></span> <span class='ocrx_word' id='word_1_782' title='bbox 2849 5056 3094 5130; x_wconf 66' lang='lat' dir='ltr'><strong><em>Egypti,</em></strong></span> <span class='ocrx_word' id='word_1_783' title='bbox 3119 5056 3224 5113; x_wconf 88' lang='lat' dir='ltr'><strong><em>hoc</em></strong></span> <span class='ocrx_word' id='word_1_784' title='bbox 3260 5065 3346 5111; x_wconf 89' lang='lat' dir='ltr'><strong><em>est</em></strong></span> <span class='ocrx_word' id='word_1_785' title='bbox 3389 5054 3693 5129; x_wconf 87' lang='lat' dir='ltr'><strong><em>principem</em></strong></span> 
     </span>
    </p>
   </div>
   <div class='ocr_carea' id='block_1_104' title="bbox 2100 5146 3695 5222">
    <p class='ocr_par' dir='ltr' id='par_1_104' title="bbox 2100 5146 3695 5222">
     <span class='ocr_line' id='line_1_105' title="bbox 2100 5146 3695 5222; baseline -0.008 -8"><span class='ocrx_word' id='word_1_786' title='bbox 2100 5157 2445 5221; x_wconf 81' lang='lat' dir='ltr'><strong><em>tenebrarum</em></strong></span> <span class='ocrx_word' id='word_1_787' title='bbox 2470 5156 2526 5213; x_wconf 89' lang='lat' dir='ltr'><strong><em>in</em></strong></span> <span class='ocrx_word' id='word_1_788' title='bbox 2555 5151 2857 5209; x_wconf 85' lang='lat' dir='ltr'><strong><em>Jerusalem</em></strong></span> <span class='ocrx_word' id='word_1_789' title='bbox 2892 5151 3127 5222; x_wconf 87' lang='lat' dir='ltr'><strong><em>typicam</em></strong></span> <span class='ocrx_word' id='word_1_790' title='bbox 3161 5156 3484 5220; x_wconf 85' lang='lat' dir='ltr'><strong><em>provocant,</em></strong></span> <span class='ocrx_word' id='word_1_791' title='bbox 3506 5146 3695 5202; x_wconf 83' lang='lat' dir='ltr'><strong><em>Eccle-</em></strong></span> 
     </span>
    </p>
   </div>
   <div class='ocr_carea' id='block_1_105' title="bbox 2104 5240 3695 5312">
    <p class='ocr_par' dir='ltr' id='par_1_105' title="bbox 2104 5240 3695 5312">
     <span class='ocr_line' id='line_1_106' title="bbox 2104 5240 3695 5312; baseline -0.006 -6"><span class='ocrx_word' id='word_1_792' title='bbox 2104 5251 2241 5307; x_wconf 88' lang='lat' dir='ltr'><strong><em>siam</em></strong></span> <span class='ocrx_word' id='word_1_793' title='bbox 2274 5248 2525 5303; x_wconf 85' lang='lat' dir='ltr'><strong><em>videlicet</em></strong></span> <span class='ocrx_word' id='word_1_794' title='bbox 2574 5245 2676 5300; x_wconf 91' lang='lat' dir='ltr'><strong><em>sibi</em></strong></span> <span class='ocrx_word' id='word_1_795' title='bbox 2724 5243 3095 5309; x_wconf 86' lang='lat' dir='ltr'><strong><em>commissam,</em></strong></span> <span class='ocrx_word' id='word_1_796' title='bbox 3140 5241 3234 5298; x_wconf 89' lang='lat' dir='ltr'><strong><em>ubi</em></strong></span> <span class='ocrx_word' id='word_1_797' title='bbox 3275 5241 3377 5312; x_wconf 88' lang='lat' dir='ltr'><strong><em>ipsi</em></strong></span> <span class='ocrx_word' id='word_1_798' title='bbox 3428 5240 3501 5296; x_wconf 82' lang='lat' dir='ltr'><strong><em>ad</em></strong></span> <span class='ocrx_word' id='word_1_799' title='bbox 3554 5250 3695 5297; x_wconf 84' lang='lat' dir='ltr'><strong><em>tem-</em></strong></span> 
     </span>
    </p>
   </div>
   <div class='ocr_carea' id='block_1_106' title="bbox 2100 5333 3691 5414">
    <p class='ocr_par' dir='ltr' id='par_1_106' title="bbox 2100 5333 3691 5414">
     <span class='ocr_line' id='line_1_107' title="bbox 2100 5333 3691 5414; baseline -0.004 -18"><span class='ocrx_word' id='word_1_800' title='bbox 2100 5358 2201 5414; x_wconf 90' lang='lat' dir='ltr'><strong><em>pus</em></strong></span> <span class='ocrx_word' id='word_1_801' title='bbox 2233 5340 2500 5398; x_wconf 90' lang='lat' dir='ltr'><strong><em>dominari</em></strong></span> <span class='ocrx_word' id='word_1_802' title='bbox 2547 5335 2837 5392; x_wconf 72' lang='lat' dir='ltr'><strong><em>videnturi</em></strong></span> <span class='ocrx_word' id='word_1_803' title='bbox 2866 5333 2971 5401; x_wconf 88' lang='lat' dir='ltr'><strong><em>Qui</em></strong></span> <span class='ocrx_word' id='word_1_804' title='bbox 3021 5335 3309 5390; x_wconf 85' lang='lat' dir='ltr'><strong><em>thesauros</em></strong></span> <span class='ocrx_word' id='word_1_805' title='bbox 3355 5333 3553 5388; x_wconf 86' lang='lat' dir='ltr'><strong><em>domus</em></strong></span> <span class='ocrx_word' id='word_1_806' title='bbox 3589 5334 3691 5389; x_wconf 87' lang='lat' dir='ltr'><strong><em>Do-</em></strong></span> 
     </span>
    </p>
   </div>
   <div class='ocr_carea' id='block_1_107' title="bbox 2099 5425 3693 5498">
    <p class='ocr_par' dir='ltr' id='par_1_107' title="bbox 2099 5425 3693 5498">
     <span class='ocr_line' id='line_1_108' title="bbox 2099 5425 3693 5498; baseline -0.009 -6"><span class='ocrx_word' id='word_1_807' title='bbox 2099 5435 2234 5492; x_wconf 82' lang='lat' dir='ltr'><strong><em>mini</em></strong></span> <span class='ocrx_word' id='word_1_808' title='bbox 2282 5441 2336 5490; x_wconf 87' lang='lat' dir='ltr'><strong><em>et</em></strong></span> <span class='ocrx_word' id='word_1_809' title='bbox 2387 5432 2670 5488; x_wconf 85' lang='lat' dir='ltr'><strong><em>thesauros</em></strong></span> <span class='ocrx_word' id='word_1_810' title='bbox 2708 5428 2885 5498; x_wconf 81' lang='lat' dir='ltr'><strong><em>regios</em></strong></span> <span class='ocrx_word' id='word_1_811' title='bbox 2942 5426 3163 5482; x_wconf 87' lang='lat' dir='ltr'><strong><em>abstulit</em></strong></span> <span class='ocrx_word' id='word_1_812' title='bbox 3187 5468 3203 5492; x_wconf 92' lang='lat'><strong><em>,</em></strong></span> <span class='ocrx_word' id='word_1_813' title='bbox 3235 5439 3360 5482; x_wconf 85' lang='lat' dir='ltr'><strong><em>cum</em></strong></span> <span class='ocrx_word' id='word_1_814' title='bbox 3405 5425 3693 5480; x_wconf 83' lang='lat' dir='ltr'><strong><em>scientiam</em></strong></span> 
     </span>
    </p>
   </div>
   <div class='ocr_carea' id='block_1_108' title="bbox 2097 5518 3688 5593">
    <p class='ocr_par' dir='ltr' id='par_1_108' title="bbox 2097 5518 3688 5593">
     <span class='ocr_line' id='line_1_109' title="bbox 2097 5518 3688 5593; baseline -0.009 -8"><span class='ocrx_word' id='word_1_815' title='bbox 2097 5536 2410 5585; x_wconf 87' lang='lat' dir='ltr'><strong><em>sanctarum</em></strong></span> <span class='ocrx_word' id='word_1_816' title='bbox 2433 5524 2861 5593; x_wconf 87' lang='lat' dir='ltr'><strong><em>Scripturarum,</em></strong></span> <span class='ocrx_word' id='word_1_817' title='bbox 2895 5519 3055 5575; x_wconf 89' lang='lat' dir='ltr'><strong><em>simul</em></strong></span> <span class='ocrx_word' id='word_1_818' title='bbox 3099 5530 3155 5574; x_wconf 90' lang='lat' dir='ltr'><strong><em>et</em></strong></span> <span class='ocrx_word' id='word_1_819' title='bbox 3203 5533 3369 5588; x_wconf 88' lang='lat' dir='ltr'><strong><em>opera</em></strong></span> <span class='ocrx_word' id='word_1_820' title='bbox 3401 5518 3688 5580; x_wconf 81' lang='lat' dir='ltr'><strong><em>virtutum,</em></strong></span> 
     </span>
    </p>
   </div>
   <div class='ocr_carea' id='block_1_109' title="bbox 491 5633 3689 5732">
    <p class='ocr_par' dir='ltr' id='par_1_109' title="bbox 491 5633 3689 5732">
     <span class='ocr_line' id='line_1_110' title="bbox 491 5633 3689 5732; baseline -0.008 -15"><span class='ocrx_word' id='word_1_821' title='bbox 491 5677 516 5704; x_wconf 70' lang='grc' dir='ltr'><strong>υ</strong></span> <span class='ocrx_word' id='word_1_822' title='bbox 542 5663 592 5717; x_wconf 86' lang='lat' dir='ltr'><strong><em>lu</em></strong></span> <span class='ocrx_word' id='word_1_823' title='bbox 609 5663 693 5719; x_wconf 88' lang='lat' dir='ltr'><strong><em>his</em></strong></span> <span class='ocrx_word' id='word_1_824' title='bbox 719 5677 839 5732; x_wconf 64' lang='lat' dir='ltr'><strong><em>quae</em></strong></span> <span class='ocrx_word' id='word_1_825' title='bbox 862 5666 1161 5732; x_wconf 83' lang='lat' dir='ltr'><strong><em>sequuntur</em></strong></span> <span class='ocrx_word' id='word_1_826' title='bbox 1184 5654 1522 5732; x_wconf 71' lang='lat' dir='ltr'><strong><em>numeralem</em></strong></span> <span class='ocrx_word' id='word_1_827' title='bbox 1536 5653 1895 5732; x_wconf 74' lang='lat' dir='ltr'><strong><em>capitulorum</em></strong></span> <span class='ocrx_word' id='word_1_828' title='bbox 1917 5650 2162 5732; x_wconf 84' lang='lat' dir='ltr'><strong><em>ordinem</em></strong></span> <span class='ocrx_word' id='word_1_829' title='bbox 2177 5645 2517 5732; x_wconf 57' lang='lat' dir='ltr'><strong><em>quandoqpe</em></strong></span> <span class='ocrx_word' id='word_1_830' title='bbox 2538 5633 3689 5732; x_wconf 48' lang='lat' dir='ltr'><strong><em>interminum</em></strong></span> 
     </span>
    </p>
   </div>
   <div class='ocr_carea' id='block_1_110' title="bbox 410 5710 3693 5803">
    <p class='ocr_par' dir='ltr' id='par_1_110' title="bbox 410 5710 3693 5803">
     <span class='ocr_line' id='line_1_111' title="bbox 410 5710 3693 5803; baseline -0.009 -15"><span class='ocrx_word' id='word_1_831' title='bbox 410 5710 1216 5803; x_wconf 50' lang='lat' dir='ltr'><strong><em>aemiliEiih‘ié&#39;ijgidsgeﬁibnii</em></strong></span> <span class='ocrx_word' id='word_1_832' title='bbox 1233 5710 1301 5783; x_wconf 83' lang='lat' dir='ltr'><strong><em>ad</em></strong></span> <span class='ocrx_word' id='word_1_833' title='bbox 1324 5710 1478 5799; x_wconf 83' lang='lat' dir='ltr'><strong><em>cujus</em></strong></span> <span class='ocrx_word' id='word_1_834' title='bbox 1494 5710 1653 5780; x_wconf 70' lang='lat' dir='ltr'><strong><em>ﬁdem</em></strong></span> <span class='ocrx_word' id='word_1_835' title='bbox 1676 5724 1945 5796; x_wconf 75' lang='lat' dir='ltr'><strong><em>digestum</em></strong></span> <span class='ocrx_word' id='word_1_836' title='bbox 1958 5730 2041 5780; x_wconf 90' lang='lat' dir='ltr'><strong><em>est</em></strong></span> <span class='ocrx_word' id='word_1_837' title='bbox 2062 5710 2220 5791; x_wconf 73' lang='lat' dir='ltr'><strong><em>opus,</em></strong></span> <span class='ocrx_word' id='word_1_838' title='bbox 2235 5725 2290 5772; x_wconf 90' lang='lat' dir='ltr'><strong><em>et</em></strong></span> <span class='ocrx_word' id='word_1_839' title='bbox 2309 5710 2450 5787; x_wconf 74' lang='lat' dir='ltr'><strong><em>quod</em></strong></span> <span class='ocrx_word' id='word_1_840' title='bbox 2469 5714 2523 5769; x_wconf 91' lang='lat' dir='ltr'><strong><em>in</em></strong></span> <span class='ocrx_word' id='word_1_841' title='bbox 2546 5711 2795 5768; x_wconf 88' lang='lat' dir='ltr'><strong><em>omnibus</em></strong></span> <span class='ocrx_word' id='word_1_842' title='bbox 2823 5710 3121 5780; x_wconf 83' lang='lat' dir='ltr'><strong><em>sequimur,</em></strong></span> <span class='ocrx_word' id='word_1_843' title='bbox 3139 5710 3251 5763; x_wconf 65' lang='lat' dir='ltr'><strong><em>haec</em></strong></span> <span class='ocrx_word' id='word_1_844' title='bbox 3279 5710 3352 5761; x_wconf 88' lang='lat' dir='ltr'><strong><em>ita</em></strong></span> <span class='ocrx_word' id='word_1_845' title='bbox 3366 5710 3693 5765; x_wconf 78' lang='lat' dir='ltr'><strong><em>nivenimus.</em></strong></span> 
     </span>
    </p>
   </div>
  </div>
