3870 6146
241 295 345 351 I835

241 411 304 464 ab
336 406 564 462 incastis
595 415 652 463 et
680 405 964 461 desidiosis
990 404 1274 461 abstrahit.
1302 404 1470 460 Sesac
1495 418 1625 475 ergo
1655 404 1837 473 byssus
1864 417 1915 481 Α

240 499 467 553 cilicium
500 498 618 553 sive
645 498 903 569 gaudium
924 497 1154 551 cilicium
1180 496 1600 566 interpretatur.
1627 495 1691 550 Et
1712 496 1837 566 quia

241 591 432 659 byssus
463 587 830 642 subtilitatem
859 586 1154 657 significat,
1178 587 1413 641 cilicium
1440 602 1568 643 vero
1601 586 1745 656 quod
1774 586 1839 640 de

239 695 529 748 caprarum
562 679 694 734 setis
720 678 1030 743 conﬁcitur,
1080 686 1327 747 peccata,
1377 677 1505 746 quid
1549 677 1742 732 melius
1783 677 1835 731 in

242 770 397 840 bysso
419 769 661 823 cilicium
682 784 846 838 quam
861 768 1099 822 versutia
1126 767 1331 823 fraudis
1346 767 1623 822 tlialzolicm
1650 768 1701 820 in
1718 783 1837 837 per-

241 860 491 915 suasione
513 868 865 929 peccatorum
894 858 1066 929 accipi
1092 859 1313 928 potest?
1344 858 1511 913 Sesac
1531 858 1675 914 enim
1703 857 1832 914 Hie-

243 952 664 1023 rosolymitanas
691 966 821 1022 opes
843 950 1042 1016 aufert,
1067 968 1190 1007 cum
1218 952 1484 1017 diabolus,
1522 953 1613 1023 qui
1643 952 1834 1008 callide

241 1043 434 1114 decipit
459 1052 517 1097 et
545 1043 748 1115 gaudet
791 1043 846 1097 in
888 1044 1235 1100 multitudine
1262 1057 1628 1115 peccatorum,
1659 1047 1833 1102 eccle-

239 1131 490 1187 siasticos
520 1148 766 1203 quosque
791 1133 1017 1199 scientia
1051 1120 1344 1204 spirituali,
1370 1151 1536 1206 opere
1571 1137 1830 1193 virtutum

240 1221 610 1290 deprzedatur,
641 1238 843 1291 eosque
871 1223 960 1291 qui
992 1224 1315 1279 videbantur
1356 1225 1408 1280 in
1449 1227 1690 1283 Ecclesia
1740 1229 1824 1283 de-

240 1313 343 1365 cori
383 1327 529 1375 esse,
564 1312 825 1383 spoliatos
852 1329 1036 1368 secum
1077 1316 1130 1369 in
1162 1315 1482 1371 barathrum
1512 1318 1830 1388 perditionis

240 1416 342 1456 sua:
373 1402 663 1473 demergit.
704 1401 814 1457 Nec
837 1413 890 1458 et
923 1404 1052 1458 illud
1080 1406 1224 1474 quod
1254 1405 1394 1463 idem
1425 1423 1515 1462 rex
1548 1418 1700 1463 scuta
1731 1426 1829 1464 au-

243 1510 324 1549 rea
351 1512 475 1565 qum
506 1495 714 1551 fecerat
762 1512 856 1551 rex
911 1496 1166 1553 Salomon
1204 1498 1451 1565 abstulit,
1481 1514 1580 1569 pro
1632 1502 1831 1570 quibus

239 1584 358 1639 fecit
384 1601 478 1640 rex
511 1584 753 1641 Roboam
781 1595 937 1642 scuta
959 1602 1120 1653 terea,
1150 1595 1205 1642 et
1228 1588 1449 1643 tradidit
1482 1606 1546 1644 ea
1583 1592 1638 1646 in
1666 1608 1827 1647 manu

238 1677 429 1732 ducum
476 1679 864 1746 scutariorum,
894 1680 959 1737 ad
1017 1681 1265 1737 eumdem
1318 1698 1536 1738 sensum
1568 1686 1825 1757 respicit;

1177 286 1531 346 COMMENT.
1573 287 1637 341 IN
1676 285 2231 347 PARALIPOMENA.
2272 317 2341 329 —-
2378 286 2506 342 LIB.
2542 287 2631 345 IV.

3000 370 3007 373 _
3416 293 3525 352 tre

2534 401 2763 459 CAPUT
2806 402 2936 459 XIII.

2311 536 2387 591 Dc
2412 554 2568 607 regno
2598 537 2745 591 Abite
2770 537 2870 606 ﬁlii
2901 536 3157 593 Roboam.

2011 670 2075 741 (ll
2110 671 2242 727 Pan.
2273 672 2418 745 sui.)
2449 675 2600 727 Anno
2639 683 2817 728 octavo
2854 674 3054 729 decimo
3080 676 3217 742 regis
3240 675 3524 739 Jeroboam

1939 762 2168 831 regnavit
2192 763 2329 817 Abin
2354 780 2511 834 super
2535 764 2756 818 ludam.
2802 764 2987 819 Tribus
3023 766 3177 821 armis
3207 768 3437 837 regnavit
3466 770 3522 823 in

1935 854 2253 920 Jerusalem,
2281 870 2569 925 nomenque
2591 857 2776 909 matris
2804 857 2919 926 ejus
2944 844 3199 911 'Michaia
3227 857 3342 926 ﬁlia
3377 856 3522 913 Uriel

1934 944 2001 999 de
2031 943 2233 1001 Gabaa.
2267 946 2336 999 Et
2381 956 2495 1000 erat
2536 946 2727 1001 bellum
2765 949 2900 1003 inter
2920 947 3107 1003 Abiam
3138 959 3187 1005 et
3211 948 3516 1004 Jeroboam.

1936 1037 2105 1093 Porro
2128 1040 2270 1108 quod
2297 1038 2495 1109 legitur
2519 1040 2570 1092 in
2586 1040 2803 1094 Dierum
2829 1041 3100 1098 volumine
3131 1058 3352 1098 necnon
3380 1052 3434 1098 et
3462 1044 3517 1099 in

1933 1130 2161 1202 Regum,
2182 1132 2378 1186 bellum
2404 1130 2571 1186 fuisse
2585 1132 2726 1186 inter
2749 1132 3072 1203 regesJuda,
3099 1144 3154 1188 et
3178 1149 3332 1205 reges
3350 1135 3516 1189 Israel

1933 1224 2145 1279 cunctis
2193 1225 2382 1279 diebus
2428 1239 2614 1279 eorum
2644 1266 2657 1288 ,
2697 1239 2806 1278 non
2852 1223 2995 1279 aliud
3036 1226 3344 1297 signiﬁcare
3385 1234 3518 1295 puto

1932 1328 2095 1382 quam
2124 1315 2265 1383 quod
2290 1323 2477 1369 saneta
2510 1314 2776 1380 Ecclesia,
2803 1329 2923 1384 quae
2945 1316 3221 1370 inunitate
3251 1315 3372 1371 ﬁdei
3395 1329 3513 1385 perv

1931 1405 2096 1468 sistit,
2123 1404 2323 1459 bellum
2367 1406 2565 1465 habeat
2604 1419 2819 1474 semper
2855 1420 2976 1459 cum
3011 1404 3283 1460 hzereticis
3304 1413 3360 1460 et
3380 1404 3518 1460 schi-

1930 1495 2195 1559 Smalicis,
2243 1503 2298 1549 et
2346 1496 2598 1550 omnibus
2623 1496 2713 1566 qui
2756 1496 2963 1550 violare
2992 1496 3326 1551 contendunt
3357 1495 3514 1551 (idem

1931 1586 2278 1654 catholicam;
2313 1603 2501 1643 omnes
2528 1589 2669 1644 enim
2690 1629 2705 1653 ,
2730 1596 2789 1642 ut
2814 1588 2891 1642 ait
2915 1587 3235 1658 Apostolus,
3288 1589 3379 1658 qui
3421 1604 3515 1643 vo-

1932 1677 2049 1732 lunt
2076 1679 2162 1748 pie
2184 1680 2370 1734 vivere
2400 1680 2454 1734 in
2480 1679 2699 1735 Christo
2717 1721 2733 1745 ,
2759 1680 3191 1751 persecutionem
3213 1682 3512 1751 patiuntur,

239 1765 491 1823 Salomon
523 1768 668 1823 enim
699 1778 851 1824 scuta
880 1783 1048 1824 aurea
1085 1771 1346 1839 condens,
1383 1773 1698 1828 custodibus
1730 1773 1825 1829 do-
1857 1776 1900 1836 Β
1929 1771 2054 1840 quia
2090 1770 2256 1825 draco
2282 1772 2538 1841 antiquus
2564 1773 2912 1841 persequitur
2938 1770 3219 1827 mulierem
3250 1771 3515 1827 insidians

238 1875 351 1912 mus
383 1874 500 1914 suae
529 1860 698 1926 dedit,
735 1876 859 1915 cum
896 1861 1230 1932 Redemptor
1258 1874 1445 1919 noster
1493 1866 1827 1936 spiritualem

237 1950 519 2006 scientiam
540 1967 636 2021 per
659 1951 766 2007 duo
792 1952 1138 2009 Testamenta
1153 1955 1463 2011 doctoribus
1486 1956 1737 2013 Ecclesia:
1759 1958 1829 2015 ad

237 2040 488 2094 tuendam
524 2040 732 2110 plebem
758 2057 914 2097 suam
941 2045 1365 2100 commendavit.
1399 2045 1549 2101 Hanc
1572 2048 1828 2118 antiquus

236 2129 404 2184 hostis
430 2145 530 2200 per
557 2130 825 2187 incuriam
874 2142 1147 2189 rectorum
1184 2136 1477 2202 abstrahit,
1526 2138 1653 2209 quia
1702 2153 1826 2193 cum

237 2219 426 2276 intenti
473 2230 605 2277 sunt
665 2224 829 2279 rebus
866 2225 1123 2291 terrenis,
1181 2226 1466 2296 minusque
1514 2237 1709 2284 curant
1761 2232 1828 2286 de

235 2311 781 2379 cwlestibus,-oﬁicio
835 2316 1066 2384 pristino
1115 2324 1170 2371 et
1216 2319 1443 2372 scicntia
1502 2320 1829 2389 denudatos,

234 2404 383 2472 quasi
421 2405 477 2459 in
536 2404 699 2460 domo
728 2407 945 2476 propria
995 2407 1186 2477 opibus
1238 2410 1500 2478 spoliatos
1548 2412 1817 2481 relinquit.

235 2493 473 2567 Denique
503 2496 639 2553 tales
685 2513 809 2552 cum
838 2514 897 2554 se
930 2514 1091 2555 sensu
1135 2501 1403 2572 spirituali
1429 2504 1672 2570 privatos
1697 2519 1825 2558 con-

232 2588 482 2658 spiciunt,
526 2604 625 2659 per
671 2589 1039 2661 eloquentiam
1088 2596 1379 2649 verborum
1414 2597 1626 2667 copiam
1676 2613 1826 2666 qua:-

234 2688 380 2745 runt,
430 2689 704 2751 quatenus
743 2696 931 2738 eorum
983 2685 1299 2752 seueritate,
1349 2685 1498 2741 velut
1546 2696 1827 2744 scutorum

231 2784 495 2826 tereorum
534 2771 815 2840 ﬁrmitate,
847 2785 1086 2832 tutamen
1119 2787 1309 2833 contra
1348 2778 1532 2833 hostes
1560 2794 1660 2850 pro
1699 2779 1827 2835 sub-

228 2856 379 2930 iectis
407 2863 518 2918 sibi
550 2878 847 2935 opponant.
892 2866 1000 2922 Sed
1042 2877 1244 2938 quanto
1292 2884 1366 2924 tes
1403 2880 1487 2924 est
1517 2870 1676 2925 vilius
1706 2871 1825 2925 auri

234 2950 466 3019 metallo,
518 2962 671 3010 tanto
723 2954 950 3010 inferior
1027 2966 1112 3013 est
1148 2974 1289 3013 vana
1335 2959 1645 3030 eloquentia
1682 2976 1826 3017 verat

234 3043 508 3112 sapientiae
538 3044 744 3100 fructu.
778 3046 931 3104 Unde
959 3065 1057 3118 per
1088 3052 1376 3120 quemdam
1406 3053 1704 3122 sapientem
1755 3054 1819 3109 de

233 3135 538 3205 eloﬂuentia
566 3139 765 3193 dicitur
798 3158 809 3194 :
853 3140 954 3197 Ubi
979 3142 1212 3212 plurima
1248 3146 1431 3212 verba,
1463 3146 1535 3201 ibi
1564 3145 1819 3216 frequen-
1846 3125 1891 3190 (ἶ
1909 3147 1915 3152 ’

235 3234 309 3280 ter
335 3236 665 3298 egestasmt
700 3230 755 3285 in
782 3229 1011 3287 Psalmis
1044 3233 1121 3288 ita
1148 3233 1346 3305 legitur
1379 3254 1392 3289 :
1434 3235 1527 3289 Vir
1553 3236 1826 3308 linguosus

233 3335 326 3374 non
362 3324 632 3393 dirigetur
661 3325 716 3378 in
747 3334 887 3380 terra
936 3324 1109 3399 (Psal.
1156 3328 1406 3401 curus).
1457 3329 1593 3384 Nam
1626 3332 1691 3386 de
1736 3346 1822 3386 sa-

233 3414 421 3482 pientia
457 3415 532 3468 ita
568 3416 835 3486 scriptum
856 3427 969 3472 est:
991 3416 1268 3489 Sapientia
1289 3420 1566 3490 pretiosior
1594 3430 1668 3474 est
1697 3438 1824 3474 cint-

233 3505 320 3556 ctis
343 3504 616 3574 operibus,
658 3515 709 3561 et
746 3508 925 3562 omnia
975 3525 1091 3579 qua:
1136 3510 1522 3573 desiderantur,
1552 3515 1674 3563 huic
1718 3526 1825 3565 non

234 3598 389 3652 valent
418 3598 747 3667 comparari.
778 3597 1075 3670 Longitudo
1108 3602 1313 3654 dierum
1338 3601 1394 3654 in
1420 3600 1633 3654 dextera
1668 3601 1821 3672 ejus;

234 3687 284 3740 in
309 3691 527 3743 sinistra
556 3688 702 3742 illius
729 3690 927 3744 divitise
947 3701 994 3745 et
1017 3689 1183 3761 gloria
1215 3688 1398 3763 (Prov.
1427 3691 1530 3763 ιιι).
1566 3691 1669 3760 Qui
1695 3708 1823 3748 vero

234 3789 593 3849 opportunam
645 3780 1019 3837 defensionem
1083 3782 1338 3838 Ecclesia:
1387 3785 1649 3840 exhibere
1710 3786 1827 3847 vult

235 3883 412 3926 contra
445 3872 762 3939 haereticos,
791 3883 848 3927 et
876 3885 1065 3930 contra
1101 3890 1291 3930 omnes
1315 3875 1588 3940 inimicos,
1613 3875 1823 3945 sapien-

238 3964 316 4019 tia:
342 3966 537 4036 utique
573 3965 908 4021 adminiculo
944 3967 1048 4022 hoc
1079 3966 1238 4022 debet
1262 3966 1559 4038 perﬁcere,
1590 3983 1691 4023 nec
1713 3968 1826 4023 elo-

234 4059 446 4126 quentia
494 4058 704 4127 aliquid
741 4057 810 4113 ad
862 4058 967 4114 hoc
1002 4058 1117 4114 sine
1141 4060 1405 4130 sapientia
1433 4059 1673 4131 proﬁcit,
1714 4061 1825 4117 imo

235 4149 527 4216 plurimum
556 4156 734 4205 nocet.

303 4262 478 4333 Opera
534 4278 652 4316 vero
712 4261 948 4317 Παιροω
985 4263 1159 4333 prima
1206 4272 1254 4316 et
1299 4264 1578 4317 novissima
1631 4265 1826 4334 scripta

235 4361 349 4405 sunt
378 4355 435 4406 in
467 4351 623 4405 libris
651 4352 875 4408 Senicio:
909 4353 1197 4424 prepltette,
1227 4363 1275 4406 et
1302 4352 1457 4407 Addo
1498 4353 1737 4417 videntis,
1776 4363 1824 4408 et

235 4442 509 4512 diligenter
534 4446 793 4513 exposita.
821 4444 1065 4500 Semeias
1089 4446 1235 4500 idem
1258 4456 1410 4500 vates
1439 4455 1525 4500 est
1549 4446 1643 4515 qui
1664 4461 1823 4525 sepe;
1851 4474 1901 4535 ι)

238 4537 346 4592 rius
393 4538 646 4593 Roboam
698 4549 752 4594 et
798 4540 940 4601 tilias
965 4538 1102 4595 Iuda
1141 4555 1240 4611 pro
1287 4541 1721 4611 transgressione
1766 4550 1822 4594 et

236 4632 472 4697 peccatis
527 4630 645 4684 suis
697 4632 988 4703 arguebat;
1021 4641 1076 4686 et
1118 4631 1275 4687 Addo
1327 4633 1442 4687 sive
1490 4630 1662 4686 Juddo
1710 4631 1824 4702 ipse

235 4730 316 4776 est
342 4721 642 4791 prophetes
660 4722 753 4791 qui
777 4722 845 4776 ad
865 4723 1199 4791 urguendum
1223 4720 1510 4778 Jeroboam
1540 4739 1638 4793 pro
1667 4726 1825 4780 altari

234 4810 377 4877 quod
403 4809 617 4865 fecerat
640 4827 675 4865 a
702 4811 935 4868 Domino
968 4812 1168 4868 missus
1185 4814 1353 4869 estin
1371 4812 1697 4870 Sal-ariam.
1728 4815 1827 4872 ﬂio

235 4905 797 4960 etaMoccisus
842 4906 1225 4976 εει,εοᾳωύ
1270 4914 1459 4961 contra
1498 4918 1824 4977 pmoeptum

235 4992 453 5051 Boudui
487 5010 520 5049 a
562 4996 1030 5066 pseudopropheta
1080 4998 1337 5053 seductus
1365 4996 1564 5053 ibidem
1596 4999 1827 5053 mandu-

234 5085 405 5139 civit.

256 5194 269 5203 ’
304 5190 689 5265 Pugnarerunt
735 5197 1013 5253 adversum
1064 5214 1119 5252 se
1174 5196 1403 5253 Roboam
1448 5207 1496 5251 et
1543 5196 1823 5251 Jeroboam

236 5288 438 5339 metis
460 5287 728 5354 diebus,et
760 5289 1001 5344 dormivit
1025 5288 1258 5343 Roboam
1286 5305 1403 5342 cum
1436 5288 1672 5359 patribus
1691 5287 1821 5352 suis,

229 5376 497 5447 sepultum
531 5389 609 5435 est
637 5382 694 5436 in
722 5383 928 5437 civitate
949 5380 1144 5448 David,
1175 5390 1225 5437 et
1251 5381 1484 5453 regnavit
1513 5379 1651 5435 Abia
1678 5377 1827 5448 ﬁlius

238 5484 352 5537 qua
383 5485 478 5539 pro
506 5488 590 5526 eo.

1930 1862 2183 1917 calcaueo
2209 1861 2347 1931 ejus.

2002 1953 2300 2024 Stctit‘ergo
2340 1954 2473 2008 Abia
2514 1971 2669 2025 super
2704 1963 2930 2009 montem
2959 1952 3239 2020 Semeron,
3279 1953 3369 2021 qui
3402 1963 3515 2008 erat

1926 2045 1983 2099 in
2010 2045 2283 2113 Epitraim,
2316 2055 2364 2100 et
2391 2046 2464 2100 ait
2487 2060 2505 2097 .'
2528 2046 2687 2112 Audi,
2718 2046 2998 2100 Jeroboam
3025 2055 3071 2100 et
3102 2047 3272 2099 omnis
3325 2044 3511 2110 Israel,

1929 2154 2052 2192 num
2083 2138 2337 2208 ignoratis
2366 2139 2507 2209 quod
2535 2137 2795 2193 Dominus
2830 2138 2972 2193 Deus
3000 2138 3172 2193 Israel
3201 2138 3400 2192 dederit
3428 2153 3513 2192 re-

1925 2245 2084 2299 gnum
2113 2228 2286 2283 David
2309 2246 2466 2299 super
2490 2228 2662 2283 Israel
2691 2229 2746 2282 in
2777 2229 3148 2299 sempiternum
3179 2227 3281 2296 ipsi
3303 2236 3350 2280 et
3385 2226 3513 2295 ﬁliis

1925 2318 2076 2388 ejus?
2099 2327 2203 2373 etc.
2248 2316 2511 2373 Semeron
2537 2318 2667 2372 urbs
2696 2325 2813 2373 erat
2827 2332 2991 2387 quam
3029 2318 3171 2387 cepit
3198 2314 3361 2371 Iosue
3381 2357 3395 2381 ,
3426 2331 3514 2371 re-

1925 2424 1989 2480 ge
2015 2409 2157 2464 illius
2186 2408 2492 2464 interfecto.
2546 2409 2690 2464 Dicit
2723 2416 2905 2464 autem
2944 2407 3209 2478 Iosephus
3235 2402 3381 2462 nune
3411 2422 3510 2477 pro

1925 2517 1988 2556 ea
2021 2500 2283 2556 Sebasten
2317 2502 2501 2555 vocari
2544 2501 2801 2571 oppidum
2836 2495 3132 2556 Palaestina:
3155 2540 3169 2563 ,
3217 2498 3307 2554 ubi
3336 2498 3510 2554 sancti

1923 2591 2150 2648 Joannis
2176 2592 2436 2664 Baptista!
2464 2593 2708 2663 reliquize
2737 2599 2862 2647 sunt
2890 2593 3138 2647 conditae.
3175 2590 3429 2663 Legimus
3455 2592 3510 2646 in

1925 2682 2235 2754 Regnorum
2264 2684 2416 2740 libris
2435 2684 2580 2755 quod
2606 2682 2794 2739 Ambri
2817 2698 2913 2737 rex
2940 2680 3105 2737 Israel
3134 2682 3327 2738 emerit
3353 2695 3512 2736 mon-

1925 2780 2035 2830 tem
2077 2776 2371 2839 Semeron,
2423 2790 2454 2829 a
2497 2774 2728 2844 quodam
2781 2773 2992 2839 Semer,
3040 2780 3096 2828 et
3140 2772 3428 2827 aediﬁcavit
3456 2772 3512 2826 in

1924 2868 2132 2922 vertice
2167 2868 2284 2938 ejus
2308 2867 2611 2931 civitatem,
2644 2880 2806 2936 quam
2838 2879 2901 2919 ex
2932 2863 3151 2918 nomine
3178 2863 3391 2918 Domini
3418 2878 3515 2933 ap-

1926 2959 2143 3029 pellavit
2172 2958 2454 3014 Semeron.

1999 3047 2316 3107 Persecutus
2338 3060 2412 3105 est
2442 3059 2619 3105 autem
2646 3048 2779 3103 Abiu
2820 3048 3103 3119 fugientem
3132 3044 3436 3111 Jeroboam,
3462 3054 3513 3100 et

1924 3142 2057 3213 cepit
2101 3142 2335 3196 civitates
2387 3141 2503 3212 ejus
2530 3181 2544 3202 .
2578 3138 2761 3194 Bethel
2805 3148 2852 3193 et
2896 3137 3038 3207 filias
3068 3138 3214 3208 ejus,
3237 3144 3284 3191 et
3306 3134 3509 3192 lasona

1924 3249 2041 3288 cum
2072 3231 2288 3303 ﬁliabus
2323 3232 2457 3297 suis,
2488 3231 2707 3303 Ephron
2733 3246 2938 3301 quoque
2958 3236 3007 3283 et
3036 3228 3178 3297 ﬁlias
3212 3227 3349 3298 ejus.
3401 3225 3511 3281 Be-

1924 3323 2034 3379 thel
2067 3322 2259 3379 civitas
2290 3330 2407 3379 erat
2450 3323 2505 3378 in
2556 3321 2879 3378 duodecimo
2913 3320 2982 3373 ab
3022 3317 3397 3389 Hierosolyma
3434 3316 3514 3371 lac

1924 3416 2046 3487 pide
2072 3417 2140 3471 ad
2161 3416 2405 3471 dextram
2442 3416 2701 3470 euntibus
2735 3412 3036 3485 Neapolim,
3065 3425 3185 3483 qum
3218 3411 3375 3481 prius
3404 3409 3511 3464 Lu-

1924 3522 2007 3572 za,
2038 3507 2216 3585 idest,
2243 3505 2562 3575 Amigdaion
2586 3504 2903 3569 vocabatur,
2932 3510 2982 3557 et
3009 3501 3201 3557 cecidit
3229 3501 3282 3554 in
3309 3507 3510 3554 sortem

1925 3601 2101 3654 tribus
2136 3596 2415 3667 Bcnjamin
2437 3638 2452 3664 ,
2479 3595 2635 3665 juxta
2672 3594 2876 3649 Bethan
2903 3601 2959 3648 et
2992 3592 3118 3658 Bai,
3147 3606 3310 3661 quam
3341 3605 3512 3659 expu-

1924 3690 2109 3761 gnavit
2136 3688 2319 3755 Iosue,
2353 3703 2481 3758 rege
2507 3687 2649 3742 illius
2681 3680 2987 3740 interfecto.
3025 3682 3200 3737 Porro
3221 3681 3365 3750 quod
3389 3680 3508 3750 qui-

1924 3782 2047 3836 dam
2088 3783 2280 3851 putant
2328 3780 2623 3836 secundum
2671 3790 2917 3832 errorem
2948 3774 3289 3837 Graecorum,
3325 3770 3512 3826 [llum-

1924 3873 2102 3929 l’uzam
2132 3873 2429 3943 antiquitus
2459 3876 2728 3935 vocatam,
2758 3868 3111 3924 vehementer
3137 3869 3341 3919 errant.
3369 3860 3509 3916 Ver-

1923 3965 2051 4020 bum
2090 3965 2290 4035 quippe
2334 3963 2660 4017 Hebraieum
2706 3968 2761 4015 et
2799 3972 2995 4014 nomen
3027 3955 3193 4026 ipsius
3222 3952 3514 4009 civitatulas

1923 4056 2129 4127 pariter
2171 4056 2527 4119 miscuerunt,
2571 4067 2693 4108 cum
2741 4051 2898 4108 Ulam
2944 4047 3215 4121 signiﬁcet
3252 4047 3421 4117 prius,
3453 4045 3509 4100 id

1924 4157 2027 4214 est,
2056 4156 2322 4219 proteron.
2364 4146 2675 4203 Vocabatur
2696 4154 2874 4199 autem
2909 4142 3066 4213 prius
3091 4139 3262 4204 Luza,
3298 4137 3507 4203 Betbel,

1924 4256 2026 4297 nec
2052 4255 2159 4295 non
2185 4249 2239 4295 et
2266 4238 2553 4305 Betbaum,
2581 4237 2723 4309 quod
2760 4236 2903 4291 aliud
2938 4234 3192 4306 oppidum
3222 4232 3509 4303 suspican-

1927 4340 2043 4397 tur;
2080 4331 2289 4387 llebraei
2317 4339 2507 4403 putant
2532 4331 2780 4387 eamdem
2806 4344 2927 4385 esse
2947 4326 3176 4393 Betbel;
3206 4326 3300 4381 sed
3337 4341 3403 4381 ex
3448 4339 3514 4380 eo

1928 4435 2170 4495 tempore
2197 4440 2305 4494 quo
2347 4424 2419 4478 ibi
2458 4439 2487 4477 a
2513 4421 2799 4478 Jeroboam
2843 4420 2953 4475 ﬁlio
2978 4418 3153 4473 Nabat
3182 4416 3338 4472 vituli
3359 4415 3513 4471 aurei

1929 4516 2185 4572 fabricati
2203 4522 2364 4581 sunt,
2398 4523 2453 4569 et
2481 4531 2509 4568 a
2547 4515 2731 4570 decem
2762 4512 3010 4567 tribubus
3041 4509 3287 4575 adorati,
3318 4516 3512 4562 vocata

1929 4617 2015 4664 est
2037 4608 2328 4673 Bethaum,
2363 4606 2413 4661 id
2444 4613 2548 4670 est,
2580 4606 2801 4659 domum
2830 4603 2980 4667 idoli,
3013 4602 3158 4673 quod
3190 4608 3316 4657 ante
3346 4616 3511 4655 voca-

1932 4702 2091 4755 batur
2120 4700 2314 4757 domus
2344 4701 2459 4755 Dei.
2501 4698 2697 4753 Jesana
2730 4706 2911 4752 autem
2940 4696 3134 4752 civitas
3166 4704 3250 4752 est
3280 4695 3333 4749 in
3364 4694 3509 4749 tribu

1930 4790 2086 4857 Juda,
2116 4791 2368 4845 similiter
2401 4798 2456 4844 et
2476 4788 2695 4858 prron
2725 4789 2779 4842 in
2806 4788 2948 4843 tribu
2972 4785 3110 4841 Iuda
3135 4795 3237 4842 est.
3280 4785 3433 4842 Unde
3460 4792 3516 4840 et

1931 4882 2060 4938 villa
2090 4881 2410 4952 pergrandis
2436 4880 2649 4950 Ephrea
2691 4878 2910 4935 nomine
2945 4885 3141 4934 contra
3179 4876 3514 4949 Septentrio-

1931 4988 2059 5028 nem
2087 4972 2140 5026 in
2164 4972 2423 5027 vicesimo
2446 4970 2519 5025 ab
2534 4968 2833 5025 Jerusalem
2858 4968 3109 5025 milliario
3134 4968 3398 5026 hactenus
3422 4983 3516 5025 vo-

1933 5071 2107 5119 θεων.

2006 5156 2117 5212 Nec
2140 5155 2303 5210 valuit
2329 5153 2470 5209 ultra
2491 5154 2727 5209 resistere
2746 5154 3029 5210 Jeroboam
3050 5155 3106 5209 in
3136 5154 3318 5209 diebus
3344 5153 3513 5219 Abiu;

1931 5264 2082 5319 quem
2106 5246 2360 5317 percussit
2391 5244 2674 5310 Dominus,
2716 5254 2767 5299 et
2793 5253 3031 5301 mortuus
3071 5254 3168 5299 est.
3208 5242 3327 5298 Non
3360 5240 3517 5296 Jero—

1933 5340 2093 5395 boam
2116 5337 2385 5407 percussit
2410 5336 2552 5393 Deus
2573 5345 2634 5391 ut
2645 5336 2890 5407 plerique
2903 5344 3191 5400 aestimant,
3222 5335 3511 5404 siquidem,

1932 5427 2084 5499 juxta
2111 5427 2419 5499 Regnorum
2440 5427 2658 5491 librum,
2691 5428 2745 5482 in
2770 5421 3031 5483 vicesimo
3050 5442 3195 5481 anno
3224 5424 3372 5494 regni
3397 5421 3520 5491 ejus

1936 5519 2302 5587 imperaverat
2326 5515 2434 5571 Asa
2459 5515 2600 5572 ﬁlius
2621 5516 2758 5572 Abia
2787 5532 2951 5586 super
2976 5515 3167 5571 Indum
3200 5522 3255 5567 et
3294 5509 3519 5566 Jerusa-

1937 5608 2080 5673 lem;
2109 5608 2206 5664 sed
2224 5608 2444 5674 Ahiam,
2471 5608 2596 5678 quia
2625 5623 2784 5679 capta
2810 5607 2993 5667 Betbel
3016 5645 3032 5669 ,
3070 5604 3213 5661 idola
3243 5602 3430 5660 lsraeli
3461 5602 3519 5663 io

1942 5699 2253 5754 scandalum
2284 5699 2600 5765 reservavit,
2625 5709 2683 5752 ut
2714 5697 2920 5753 Hebra-i
2945 5705 3213 5752 asserunt.
