3870 6146
912 458 1136 517 CAPUT
1175 454 1308 511 XIV.

763 576 841 630 De
865 575 970 629 Asa
998 588 1115 642 rege
1134 566 1449 625 Jerusalem.

405 700 470 773 (ll
494 698 626 754 Pan.
660 690 794 763 xw.)
846 686 1102 744 Dormivit
1138 694 1312 738 autem
1352 680 1486 735 Abia
1519 695 1636 733 cum
1670 674 1906 748 patribus

330 766 464 853 suis,
494 797 541 842 et
563 783 871 856 sepelierunt
897 793 1013 833 eum
1038 778 1094 830 in
1117 775 1322 830 civitate
1350 771 1553 833 Dauid;
1580 766 1908 838 regnavitque

333 884 437 934 Δια
459 879 601 947 ﬁlius
624 874 737 945 ejus
779 863 974 942 pro‘eo.
1036 866 1106 922 In
1138 865 1292 935 cujus
1331 863 1512 917 diebus
1544 860 1735 932 quievit
1767 868 1908 913 terra

334 946 485 1023 annis
511 968 705 1021 decem.
736 961 884 1016 Fecit
913 968 1087 1013 autem
1135 955 1241 1010 Asa
1274 952 1413 1025 quod
1445 953 1635 1006 bonum
1660 958 1708 1003 et
1737 946 1907 1019 placi-

334 1071 444 1113 tum
472 1067 581 1111 erat
608 1056 660 1108 in
684 1061 960 1122 conspectu
986 1048 1084 1102 Dei
1110 1047 1216 1110 sui,
1241 1055 1288 1100 et
1318 1043 1566 1099 subvertit
1602 1039 1797 1095 altaria
1819 1054 1911 1107 pe-

336 1148 529 1219 regrini
556 1145 729 1200 cultus
758 1152 805 1196 et
831 1138 1066 1203 excelsa;
1097 1146 1145 1190 et
1165 1135 1418 1205 confregit
1441 1140 1641 1187 statuas
1669 1129 1912 1199 lucosque

334 1218 577 1303 succidit,
634 1251 696 1289 ac
740 1230 979 1303 prwcepit
1025 1226 1183 1280 Iuda:
1234 1232 1289 1278 ut
1336 1230 1588 1295 quwreret
1634 1218 1911 1272 Dominum

333 1330 504 1384 Deum
523 1336 733 1396 patrum
760 1335 976 1375 suorum
1002 1359 1017 1384 ,
1059 1325 1105 1370 et
1141 1315 1335 1385 faceret
1377 1312 1560 1382 legem,
1595 1319 1643 1364 et
1669 1308 1912 1362 universa

334 1417 624 1477 mandata;
664 1423 710 1467 et
739 1408 950 1465 abstulit
995 1424 1022 1461 e
1053 1405 1250 1460 cunctis
1290 1403 1503 1457 urbibus
1543 1399 1688 1454 Iuda
1715 1414 1838 1451 aras
1863 1406 1911 1451 et

336 1510 465 1579 fana
490 1547 503 1572 ,
552 1516 599 1559 et
637 1501 866 1573 regnavit
895 1501 947 1552 in
971 1514 1117 1569 pace,
1160 1503 1266 1550 etc.
1322 1494 1428 1547 Iste
1464 1499 1548 1546 est
1588 1492 1699 1544 Asa
1734 1488 1825 1559 qui
1857 1489 1912 1542 in

337 1595 602 1668 principio
648 1591 799 1662 regni
841 1589 924 1645 sui
963 1585 1287 1642 restauravit
1324 1582 1527 1638 cultum
1553 1580 1822 1644 divinum,
1859 1583 1915 1631 et

338 1688 467 1743 fecit
494 1685 635 1756 quod
662 1687 864 1739 bonum
892 1688 946 1734 et
970 1681 1105 1734 bene
1125 1677 1383 1748 placitum
1410 1681 1529 1729 erat
1549 1672 1603 1726 in
1622 1679 1914 1740 conspectu

338 1781 455 1844 Dei,
490 1777 862 1845 subvertitque
898 1772 1088 1827 altaria
1132 1768 1433 1829 idolorum,
1465 1773 1523 1820 Et
1548 1762 1813 1833 confregit

340 1870 601 1926 mulacra.
644 1868 796 1923 Unde
844 1864 1071 1936 gratiam
1110 1858 1324 1913 Domini
1377 1853 1713 1927 promeruit,
1754 1852 1829 1907 ita
1854 1857 1912 1904 ut

338 1976 587 2035 pugnans
614 1965 804 2014 contra
832 1955 1119 2024 Ethiopes
1142 1948 1428 2005 victoriam
1455 1951 1705 2016 caperet,
1741 1951 1797 1997 et
1821 1956 1915 1996 eos

342 2034 513 2122 usque
538 2049 603 2104 ad
635 2046 1057 2103 internecionem
1091 2041 1322 2097 euaderet
1342 2078 1357 2104 ,
1402 2037 1528 2108 quia
1566 2034 1792 2090 Domino
1817 2047 1916 2103 pro

332 2159 407 2200 eo
427 2149 718 2214 pugnante,
766 2148 820 2193 et
846 2135 1145 2193 exercitum
1185 2133 1302 2203 ejus
1341 2127 1659 2197 adjuvante,
1697 2123 1915 2180 contriti

342 2245 490 2303 sunt,
522 2235 614 2290 sed
640 2240 829 2304 postea
855 2231 907 2284 in
936 2226 1173 2283 deterius
1206 2221 1473 2284 relabens,
1515 2234 1636 2274 cum
1659 2216 1919 2272 auxilium

342 2328 691 2401 Assyriorum
721 2330 912 2378 contra
937 2320 1108 2374 Baasa
1134 2329 1315 2387 regem
1343 2310 1509 2367 Israel
1537 2308 1837 2379 qumsisset,
1864 2314 1922 2360 et

342 2399 551 2476 llanani
572 2415 891 2485 prophetam
928 2408 997 2464 ad
1018 2422 1077 2463 se
1104 2421 1135 2459 a
1171 2402 1400 2459 Domino
1435 2399 1660 2454 missum
1702 2403 1763 2449 ut
1795 2406 1919 2448 eum

345 2510 474 2568 inde
519 2506 856 2574 corriperet,
906 2500 961 2554 in
987 2495 1198 2552 vincula
1241 2492 1505 2555 misisset,
1533 2487 1768 2560 graviter
1797 2485 1922 2540 inde

346 2599 634 2658 Dominum
674 2592 917 2648 offendit.
983 2587 1138 2645 Unde
1177 2587 1321 2655 ipse,
1352 2581 1499 2652 juste
1539 2578 1643 2634 sibi
1680 2576 1791 2631 Deo
1819 2575 1919 2630 tri-

345 2693 569 2753 buente,
594 2686 785 2742 incidit
806 2684 860 2738 in
890 2682 1203 2751 languorem
1223 2674 1626 2748 gravissimum,
1655 2676 1709 2725 et
1727 2666 1922 2739 pedum

348 2783 591 2840 dolorem
612 2773 1172 2836 vehementissimam,
1220 2770 1275 2823 in
1315 2781 1421 2837 quo
1449 2772 1504 2820 et
1533 2761 1685 2818 obiit.
1734 2759 1846 2814 Nec
1867 2759 1925 2811 in

344 2871 652 2944 infirmitate
675 2884 773 2921 sua
795 2862 1028 2936 quwsivit
1052 2859 1356 2922 Dominum,
1394 2854 1484 2909 sed
1514 2852 1680 2923 magis
1720 2850 1776 2903 in
1816 2863 1925 2902 me-

346 2943 585 3020 dicorum
627 2969 740 3013 arte
784 2955 1081 3027 conﬁdens,
1132 2950 1352 3007 delusus
1383 2956 1485 3003 est.
1544 2943 1595 3000 ls
1624 2943 1806 3012 itaque
1830 2955 1926 2995 eos

348 3057 620 3132 significat
644 3055 841 3127 typice,
871 3052 962 3124 qui
993 3051 1135 3105 bono
1166 3047 1423 3102 inchoant
1450 3041 1626 3105 initio,
1654 3037 1752 3092 sed
1782 3031 1925 3089 malo

350 3125 547 3208 ﬁniunt
577 3125 806 3206 termino
831 3184 844 3208 ,
876 3142 968 3212 qui
996 3149 1121 3210 post
1155 3135 1549 3193 abdicationem
1587 3125 1924 3191 idololatriae,
1953 3137 1999 3200 ρ

349 3251 409 3300 et
429 3249 672 3314 spretam
711 3234 1026 3293 servitutem
1065 3226 1355 3289 daemonis,
1397 3232 1452 3278 et
1476 3227 1731 3292 percepta
1756 3214 1927 3287 gratia

354 3305 698 3405 baptismatis
717 3368 731 3393 ,
769 3334 825 3382 et
851 3318 1161 3378 chrismatis
1190 3315 1331 3373 sacri
1364 3312 1641 3377 unctione,
1666 3307 1850 3365 statim
1877 3305 1933 3359 in

357 3396 657 3497 primordio
684 3417 810 3472 vita:
835 3427 945 3470 suae
966 3410 1186 3489 pietatis
1209 3406 1479 3478 arripiunt
1499 3416 1687 3473 opera,
1711 3397 1806 3454 sed
1826 3396 1935 3452 for-

355 3491 485 3569 liori
503 3517 682 3572 aetate,
710 3522 773 3562 ac
790 3506 945 3577 juxta
973 3500 1262 3557 terminum
1288 3493 1572 3567 przesentis
1595 3491 1737 3552 vitae,
1764 3501 1935 3560 quan-

354 3604 426 3660 do
454 3598 747 3667 virtutibus
771 3609 990 3666 operam
1018 3593 1148 3648 dare
1177 3588 1502 3649 debuerant,
1535 3583 1603 3638 ad
1630 3581 1760 3637 vitia
1799 3578 1937 3634 rela-

355 3696 584 3759 buntur,
631 3700 688 3747 et
733 3692 789 3746 in
832 3687 1016 3758 pravis
1050 3684 1385 3741 delectantur
1418 3678 1647 3734 actibus.
1710 3673 1777 3729 lli
1810 3672 1939 3727 licet

359 3786 487 3841 dum
517 3780 683 3839 cultui
712 3778 894 3836 divino
924 3775 1222 3839 instabant,
1252 3769 1538 3838 .‘Ethiopes
1569 3761 1857 3835 spiritales,
1885 3769 1940 3816 et

357 3882 598 3930 rectores
636 3869 982 3925 tenebrarum
1015 3866 1210 3920 harum
1257 3856 1565 3930 superando
1613 3851 1936 3925 fugaverint,

357 3973 545 4018 tamen
583 3968 867 4031 postquam
904 3952 1270 4025 voluptatibus
1308 3945 1595 4019 prtesentis
1628 3944 1754 3998 vitre
1776 3938 1940 3996 dediti

360 4054 617 4125 Assyrios
639 4050 730 4122 qui
754 4062 978 4121 regnum
1009 4041 1341 4101 confusionis
1367 4045 1551 4096 tenent
1590 4034 1940 4091 auxiliatores

365 4154 413 4202 et
462 4143 777 4199 defensores
807 4146 1094 4209 quaerunt,
1140 4133 1275 4189 adeo
1315 4132 1458 4201 justo
1494 4131 1843 4190 deseruntur,
1887 4131 1944 4178 et

363 4238 531 4295 variis
558 4232 906 4303 languoribus
934 4243 1179 4285 errormn
1218 4225 1361 4294 capti
1401 4220 1692 4277 fructuosis
1721 4218 1941 4288 privan-

367 4342 455 4388 tnr
476 4329 710 4391 actibus,
744 4339 844 4380 nec
861 4324 975 4394 jam
1000 4322 1263 4377 bonorum
1303 4330 1525 4387 operum
1552 4313 1733 4368 valent
1756 4324 1946 4382 proce-

368 4423 497 4477 dere
510 4418 808 4490 gaessibus,
831 4415 926 4470 sed
949 4412 1265 4467 imminente
1291 4416 1464 4463 morte
1490 4404 1606 4460 sine
1626 4401 1943 4473 poenitentia

366 4523 421 4570 et
469 4508 842 4566 emendatione
886 4520 1100 4561 morum
1137 4503 1304 4558 vitam
1333 4497 1620 4555 nefandam
1671 4503 1849 4554 morte
1884 4492 1947 4547 Ιί-
1971 4498 2026 4560 1)

362 4606 525 4663 aiunt
546 4609 827 4674 perpetua.

954 4686 1182 4744 CAPUT
1221 4682 1359 4739 XVI.

906 4802 1159 4875 .‘Sequitur
1191 4800 1256 4854 de
1286 4798 1412 4852 Asa.

442 4927 673 5000 (“Pun
700 4920 836 4994 ιη.)
871 4919 1227 4988 Dormivitque
1247 4916 1353 4969 Asa
1390 4928 1508 4966 cum
1543 4909 1778 4980 patribus
1817 4922 1946 4970 suis,

367 5026 427 5073 et
456 4998 693 5070 mortuus
715 5022 788 5067 est
813 5026 950 5064 anno
973 5005 1372 5080 quadragesimo
1397 5003 1565 5073 primo
1600 5001 1743 5071 regni
1771 4998 1878 5063 sui,
1900 5006 1950 5051 et

373 5104 689 5177 sepelierunt
717 5116 834 5156 eum
881 5101 935 5152 in
964 5096 1199 5168 sepulcro
1234 5110 1330 5148 suo
1366 5091 1503 5162 quod
1538 5091 1731 5160 fecerat
1773 5089 1872 5143 sibi
1894 5088 1951 5141 in

374 5198 585 5257 civitate
614 5193 785 5248 David
801 5209 820 5258 ;
842 5196 1223 5262 posueruntque
1251 5201 1367 5240 eum
1402 5201 1558 5256 super
1580 5183 1767 5237 lectum
1799 5199 1951 5237 suum

315 5355 326 5363 .
370 5291 592 5364 plenum
641 5280 964 5336 aromatibus
1024 5285 1072 5331 et
1118 5273 1396 5345 unguentis
1445 5271 1788 5337 meretriciis,
1837 5287 1955 5343 qua:

375 5359 529 5435 erant
559 5368 1024 5444 pigmentariorum
1055 5374 1166 5418 arte
1188 5360 1454 5431 confecta,
1492 5369 1538 5414 et
1564 5359 1955 5414 combusserunt

373 5482 541 5540 super
579 5479 697 5520 eum
742 5458 1021 5515 ambitione
1068 5456 1252 5511 nimia.
1309 5452 1565 5508 Aromata
1592 5460 1648 5507 et
1684 5460 1957 5523 unguenta

376 5553 687 5612 meretricia
700 5549 858 5621 juxta
878 5547 1157 5603 historiam
1186 5550 1498 5614 nuncupant
1523 5542 1738 5606 odores,
1766 5541 1961 5611 quibus

377 5640 647 5698 luxuriosi
673 5640 743 5696 ob
776 5637 1051 5694 libidinem
1077 5635 1156 5689 uti
1194 5633 1387 5689 solent.
1440 5630 1745 5688 Notandum
1766 5639 1958 5684 autem

381 5733 531 5807 quod
558 5733 611 5789 in
641 5731 874 5805 regibus,
907 5736 969 5785 ut
996 5724 1206 5784 Hebrari
1236 5723 1456 5780 tradunt
1473 5763 1488 5794 ,
1523 5736 1681 5779 causa
1707 5735 1959 5777 reveren-

978 344 1038 399 B.
1078 337 1332 396 RABANI
1371 332 1589 389 MAURI
1629 324 1925 384 ARCHIEP

2035 274 2295 379 ὀΟυΝτί
2332 316 2617 375 OPERUM
2655 313 2836 370 PARS
2870 312 2907 366 l.

1928 444 1976 501 Α
2006 438 2113 503 tia),
2149 434 2548 492 combustiones
2577 430 2936 502 pretiosarum
2967 425 3193 480 vestium
3213 465 3229 490 ,
3259 424 3423 480 simul
3451 440 3578 480 cum

3473 310 3574 363 £83

2005 529 2335 585 aromatibus
2364 526 2585 581 ﬁebant.
2629 522 2782 578 Unde
2812 520 2938 575 alibi
2968 520 3226 589 scriptum
3262 527 3386 574 est:
3418 517 3583 574 Juxta

2005 617 2407 677 combustiones
2435 613 2701 684 majorum
2741 610 2938 665 facient
2975 607 3089 670 tibi,
3128 608 3252 677 quia
3293 624 3413 661 mos
3440 606 3591 677 apud

2004 721 2219 769 veteres
2244 711 2368 776 fuit,
2412 715 2476 764 ut
2507 720 2695 777 regum
2731 712 3049 759 ornamenta
3078 702 3315 772 pretiosa
3344 716 3464 770 qua:
3487 700 3583 755 ha-

2006 806 2207 862 bebant
2235 810 2357 874 post
2383 800 2590 856 obitum
2616 813 2773 853 suum
2800 796 2854 851 in
2895 809 3026 867 pyra
3056 802 3366 858 urerentur,
3401 802 3587 848 tamen

2009 899 2212 966 absque
2256 891 2628 949 cadaveribus.
2685 886 3013 959 Figuraliter
3050 894 3231 940 autem
3260 893 3504 940 aromata
3535 894 3591 939 et

2008 991 2283 1058 unguenta
2329 981 2668 1045 meretricia,
2711 994 2831 1050 quas
2867 979 2922 1033 in
2965 978 3165 1034 lectulo
3192 978 3299 1033 Asa
3327 978 3395 1032 ob
3418 960 3593 1031 hono-

2010 1094 2127 1134 rem
2154 1077 2298 1132 illius
2318 1073 2820 1137 concremabantur,
2851 1084 3049 1125 vanam
3086 1070 3391 1143 significant
3428 1068 3594 1123 fama:

2005 1167 2347 1238 iactantiam,
2383 1162 2638 1233 quoniam
2661 1161 2966 1232 philosophi
3004 1160 3087 1215 vel
3129 1167 3300 1230 poetce
3329 1168 3447 1229 post
3500 1159 3594 1213 ob-

2013 1261 2145 1315 itum
2161 1271 2349 1328 regum
2374 1268 2615 1319 suorum,
2634 1254 2747 1308 sive
2764 1253 2925 1308 etiam
2943 1251 3058 1307 falsi
3075 1251 3369 1307 Christiani
3392 1253 3598 1306 obeun-

2013 1350 2178 1414 tibus,
2210 1348 2324 1402 suis
2355 1344 2675 1415 impendunt
2709 1343 2998 1414 magistris.
3060 1341 3407 1412 Supervacua
3449 1342 3597 1397 enim

2013 1458 2109 1498 eos
2148 1439 2411 1497 extollunt
2442 1438 2630 1503 laude,
2674 1451 2904 1505 quorum
2947 1434 3287 1490 conversatio
3335 1443 3449 1488 tota
3497 1433 3601 1489 fuit

2013 1534 2174 1605 plena
2211 1530 2576 1601 turpitudine,
2606 1536 2661 1582 et
2711 1528 2828 1583 haec
2866 1527 2918 1580 in
2963 1526 3140 1597 ignem
3189 1525 3435 1592 mittunt,
3473 1525 3602 1595 quia

2017 1622 2196 1679 omnia
2225 1622 2483 1693 gehennze
2506 1618 2719 1689 ignibus
2737 1618 2971 1672 obnoxia
2998 1632 3118 1672 esse
3143 1617 3457 1679 ostendunt,
3482 1631 3601 1686 qua:

2019 1715 2108 1770 hic
2136 1713 2253 1769 sine
2285 1713 2463 1782 aliqua
2508 1709 2742 1765 utilitate
2770 1717 2933 1779 atque
2970 1707 3326 1762 mdiﬁcatione
3366 1705 3601 1761 fratrum

1943 1792 1989 1852 Β
2018 1777 2391 1877 protulerunt:
2419 1802 2572 1859 Unde
2601 1801 2654 1855 in
2682 1799 2783 1855 Job
2813 1777 2878 1854 de
2910 1799 3041 1853 viris
3079 1798 3277 1868 iniquis
3328 1798 3601 1868 scriptum

2015 1906 2099 1953 est
2128 1911 2146 1948 :
2176 1894 2390 1950 Succisa
2423 1903 2498 1948 est
2536 1892 2725 1947 erectio
2771 1906 2949 1946 eorum
2980 1931 2994 1957 ,
3040 1898 3088 1944 et
3129 1889 3377 1960 reliquias
3422 1905 3604 1942 eorum

2013 1987 2278 2043 devoravit
2307 1985 2442 2056 ignis
2484 1982 2626 2054 (Iob.
2659 1980 2791 2052 χιιι)
2812 2021 2826 2045 ,
2857 1989 2913 2035 et
2944 1980 2996 2034 in
3034 1978 3242 2050 psalmo
3271 1997 3285 2033 :
3317 1977 3603 2048 Sepulcrn,

2017 2075 2209 2145 inquit,
2265 2089 2444 2127 eorum
2487 2072 2672 2125 domus
2713 2086 2892 2124 eorum
2925 2070 2979 2123 in
3030 2078 3317 2131 retentum;
3357 2068 3607 2121 taberna-

2017 2164 2137 2219 cula
2176 2180 2356 2219 eorum
2390 2162 2446 2215 in
2492 2161 2822 2231 generatione
2866 2167 2914 2213 et
2951 2158 3192 2229 progenie
3220 2198 3235 2226 ,
3286 2157 3606 2221 invocabant

2018 2257 2231 2313 nomina
2258 2269 2436 2309 eorum
2478 2254 2534 2306 in
2579 2253 2731 2307 terris
2758 2251 2989 2321 ipsorum
3024 2246 3195 2320 (Psal.
3225 2248 3442 2317 XLVlll).
3497 2247 3609 2302 Mos

2018 2351 2165 2406 enim
2207 2348 2495 2404 stultorum
2539 2353 2644 2410 est,
2696 2344 2860 2398 ritum
2903 2342 3054 2412 sequi
3102 2340 3404 2413 gentilium,
3446 2355 3609 2408 quem

2021 2441 2077 2496 in
2104 2438 2476 2510 parentalibus
2519 2451 2679 2507 agere
2719 2441 3145 2497 consueverunt,
3193 2433 3413 2502 quando
3463 2430 3609 2484 fatua

2020 2531 2407 2603 superstitione
2431 2529 2485 2584 in
2529 2529 2691 2584 terris
2732 2542 2941 2594 eorum,
2995 2526 3048 2581 id
3079 2535 3197 2591 est,
3243 2525 3297 2580 in
3343 2523 3613 2594 sepulcris

2023 2620 2210 2676 laudes
2234 2619 2513 2676 celebrant
2557 2626 2927 2682 mortuorum,
2977 2624 3034 2671 et
3072 2615 3303 2669 eredun‘t
3348 2614 3470 2668 hmc
3510 2611 3614 2665 illis

2022 2712 2307 2785 prodesse,
2335 2712 2480 2783 quod
2506 2712 2702 2768 eorum'
2719 2711 2971 2766 videntur
2990 2708 3245 2764 exhibere
3271 2705 3577 2762 memoriae.

2610 2839 2837 2897 CAPUT
2876 2837 3037 2895 XVII.

2025 2965 2106 3021 De
2133 2961 2394 3033 Iosaphat
2416 2974 2532 3028 rege
2553 2954 2721 3039 Iuda,
2751 2964 2798 3009 et
2819 2954 2966 3035 bonis
2993 2952 3218 3017 actibus,
3244 2960 3294 3005 et
3316 2950 3615 3023 provisione

2702 3040 2925 3095 imperii.

2101 3175 2167 3247 (ll
2191 3173 2324 3228 Pan.
2350 3167 2509 3238 xvn.)
2558 3162 2809 3235 Regnavit
2837 3169 3012 3215 autem
3035 3156 3293 3228 Iosaphat
3322 3156 3473 3226 filius
3503 3155 3617 3226 ejus

2029 3246 2125 3337 pro
2154 3280 2235 3329 eo,
2263 3271 2310 3317 et
2338 3256 2556 3315 inualuit
2582 3264 2764 3309 contra
2800 3250 2991 3306 Israel.
3055 3247 3440 3318 Constituitque
3464 3246 3612 3301 mili-

2035 3336 2145 3410 tum
2174 3367 2416 3408 numeros
2444 3350 2501 3403 in
2526 3343 2726 3402 cunctis
2755 3342 2968 3397 urbibus
2988 3340 3156 3405 Iuda,
3184 3355 3302 3411 qua:
3321 3345 3477 3392 erant
3511 3336 3622 3392 val-

2034 3446 2157 3501 lata:
2198 3442 2384 3508 muris,
2408 3437 2755 3510 prresidiaque
2779 3433 3037 3503 disposuit
3070 3430 3125 3485 in
3154 3440 3294 3484 terra
3338 3427 3493 3482 Iuda
3514 3469 3532 3493 ,
3570 3435 3619 3482 et

2035 3538 2091 3590 in
2111 3534 2407 3590 civitatibus
2437 3528 2690 3599 Ephraim
2710 3565 2725 3591 ,
2761 3541 2891 3596 quas
2928 3533 3130 3593 ceperat
3158 3520 3265 3575 Asa
3290 3533 3442 3591 pater
3480 3518 3618 3588 ejus.

2038 3626 2106 3681 Et
2135 3626 2233 3696 fuit
2264 3623 2520 3678 Dominus
2546 3634 2663 3672 cum
2691 3615 2973 3686 Iosophat,
3006 3613 3096 3680 qui
3125 3610 3413 3667 ambulavit
3442 3610 3502 3665 in
3527 3609 3623 3664 riis

2040 3716 2211 3771 David
2244 3713 2409 3784 patris
2435 3711 2518 3765 sui
2545 3708 2731 3780 primis
2751 3747 2766 3773 ,
2808 3715 2855 3760 et
2896 3721 2997 3759 non
3025 3703 3245 3775 speravit
3286 3703 3342 3756 in
3383 3699 3624 3763 Baulim,

2039 3807 2129 3862 sed
2157 3807 2212 3859 in
2243 3805 2352 3859 Deo
2376 3802 2541 3874 patris
2567 3800 2671 3865 sui,
2701 3809 2750 3854 et
2782 3796 3009 3869 perrexit
3059 3796 3115 3849 in
3142 3791 3416 3864 praxeptis
3450 3792 3620 3851 illius,

2040 3909 2087 3955 et
2115 3915 2219 3953 non
2231 3897 2386 3967 juxta
2415 3903 2627 3965 peccata
2650 3889 2841 3946 Israel.
2883 3887 3039 3955 Quod
3065 3893 3244 3941 autem
3268 3884 3405 3940 dicit
3431 3882 3505 3938 de
3530 3881 3624 3937 Jo-

2043 3990 2252 4059 saphat,
2288 3986 2593 4042 ambulasse
2629 3997 2752 4038 eum
2791 3981 2847 4036 in
2872 3980 2976 4035 viis
3001 3977 3172 4033 David
3196 3976 3368 4047 patris
3405 3975 3493 4030 sui
3520 3975 3632 4046 pri-

2043 4080 2164 4145 mis,
2196 4077 2432 4134 ostendit
2453 4091 2578 4132 eum
2609 4081 2986 4130 exsecutomm
3019 4068 3185 4125 fuisse
3212 4067 3628 4139 sagacissimum

2045 4173 2348 4227 divinorum
2388 4175 2869 4229 testamentorum,
2930 4162 3073 4218 sicut
3116 4159 3220 4215 fuit
3253 4158 3424 4214 David
3474 4166 3633 4229 pater

2045 4264 2163 4334 ejus
2201 4263 2357 4318 initio
2389 4261 2540 4331 regni
2571 4259 2689 4323 sui,
2719 4266 3007 4326 antequam
3051 4253 3106 4307 in
3144 4266 3315 4308 uxore
3339 4250 3631 4321 deliquerit

2047 4358 2210 4415 Urite.
2232 4355 2398 4425 Cujus
2419 4351 2630 4422 peccati
2657 4348 2951 4422 ignominia
2973 4346 3103 4402 licet
3125 4344 3420 4401 obscurare
3443 4342 3636 4399 videa-

2049 4460 2137 4525 tur
2161 4453 2362 4502 famam
2392 4444 2510 4513 ejus
2530 4482 2546 4507 ,
2604 4442 2700 4497 sed
2738 4440 3073 4513 ptenitentise
3098 4436 3386 4492 laudabilis
3413 4435 3638 4493 satisfa-

2051 4538 2159 4594 ctio
2186 4544 2443 4592 aeternam
2471 4532 2546 4587 illi
2575 4531 2891 4587 memoriam
2924 4528 3268 4601 praeparavit.

2123 4625 2568 4697 Conﬁrmavitque
2605 4623 2858 4678 Dominus
2886 4638 3105 4693 regnum
3131 4622 3187 4676 in
3225 4636 3388 4675 manu
3417 4620 3564 4690 ejus,
3589 4628 3637 4674 et

2054 4721 2195 4777 dedit
2225 4720 2394 4774 omnis
2416 4716 2563 4772 Iuda
2588 4732 2808 4770 munera
2831 4713 3091 4785 Iosophat
3110 4753 3125 4779 ,
3157 4712 3413 4784 factaque
3440 4722 3569 4767 sunt
3593 4728 3640 4767 es

2055 4814 2276 4880 inﬁnita:
2301 4811 2498 4866 divitite
2524 4818 2571 4864 et
2601 4808 2764 4862 multa
2802 4807 2995 4878 gloria.
3050 4804 3284 4876 Cumque
3328 4808 3639 4876 sumpsisset

2058 4921 2149 4960 cor
2173 4904 2289 4974 ejus
2327 4902 2610 4956 audaciam
2645 4908 2854 4970 propter
2886 4899 2997 4953 vias
3030 4897 3246 4952 Domini
3281 4906 3331 4951 et
3355 4897 3569 4952 excelsa
3594 4904 3642 4950 et

2059 4996 2204 5049 lucos
2243 4992 2308 5045 de
2352 4990 2500 5046 Iuda
2542 4989 2790 5051 abstulit,
2817 4996 2923 5044 etc.
2978 4986 3220 5056 Denique
3251 4985 3524 5057 Iosapbat
3547 5002 3646 5041 ret

2063 5094 2247 5156 typum
2290 5079 2507 5152 przefert
2547 5080 2731 5151 populi
2765 5079 3098 5135 credentium
3130 5077 3195 5132 de
3225 5077 3504 5148 gentibus,
3551 5076 3643 5147 qui

2063 5177 2130 5231 ad
2157 5174 2574 5242 Redomptorem
2610 5178 2879 5234 nostrum,
2901 5169 3092 5224 relicto
3116 5176 3400 5239 parentum
3428 5183 3641 5231 errore,

2066 5283 2189 5324 cum
2217 5265 2366 5320 venit
2409 5277 2565 5318 sacro
2604 5262 2927 5332 baptismate
2954 5260 3168 5316 ablutus
3214 5266 3271 5315 et
3299 5260 3477 5315 sancti
3501 5259 3648 5315 chri-

2067 5358 2259 5416 smatis
2309 5354 2562 5409 unctione
2596 5352 2808 5417 linitus,
2846 5367 2877 5406 a
2906 5351 3128 5407 Christo
3153 5349 3523 5407 Christianum
3538 5366 3648 5407 .uo—

2065 5464 2188 5504 men
2220 5455 2275 5501 et
2300 5445 2502 5514 regiam
2545 5443 2865 5512 dignitatem
2899 5441 3129 5510 accepit,
3164 5442 3250 5496 cui
3291 5440 3495 5497 Petrus
3515 5455 3646 5511 apo.

2065 5539 2233 5595 stolus
2261 5539 2316 5594 in
2349 5534 2591 5604 Epistula
2614 5550 2710 5589 sua
2738 5534 2817 5588 ait
2844 5552 2857 5587 :
2893 5532 2997 5587 Vos
3027 5542 3201 5588 autem
3230 5549 3394 5604 genus
3423 5531 3648 5588 electum

2066 5646 2095 5684 a
2129 5630 2378 5693 Domino,
2407 5625 2582 5698 regale
2600 5625 2981 5691 sacerdotium,
3018 5641 3141 5696 gens
3170 5634 3388 5684 sancta,
3419 5623 3646 5694 populus

2067 5718 2425 5791 acquisitionis
2454 5714 2507 5790 (I
2534 5712 2683 5769 Petr.
2718 5716 2804 5786 ιι).
2832 5713 2983 5783 Quod
3012 5714 3248 5769 nominis
3277 5713 3449 5785 ipsius
3477 5713 3644 5771 inter-
