3870 6146
268 283 360 338 $89
401 305 422 326 ο

1147 274 1498 332 εοΜ-ΜΕΝτ.
1537 276 1602 330 IN
1641 267 2192 329 PARALIPOMENA.
2235 297 2303 307 —-
2340 266 2468 322 LIB.
2510 265 2596 320 IV.

3415 269 3518 323 £99

265 391 490 464 pretatio
532 391 671 446 bene
717 386 1020 444 conﬁrmat.
1063 366 1476 456 Interpretatur.
1497 388 1640 442 enim
1683 386 1838 443 Josa-
1868 389 1914 448 Α
1945 382 2129 451 ditqne
2153 381 2219 434 ad
2249 395 2372 434 eum
2405 379 2458 433 in
2488 377 2816 443 Samariam,
2845 385 3034 432 contra
3065 378 3242 432 hostes
3272 381 3528 452 ργωιιθιις

265 485 390 556 phat
451 480 662 535 Domini
713 479 830 540 dos,
879 477 994 531 sive
1024 478 1114 546 qui
1170 485 1252 532 est
1307 477 1555 532 donatus.
1601 475 1842 532 Ecclesia

267 589 389 646 ergo
415 570 691 642 gentium,
741 568 917 638 pretio
959 568 1236 638 sanguinis
1275 566 1475 623 Christi
1505 576 1840 639 comparata,

267 674 318 720 et
347 661 588 732 Spiritus
613 659 836 729 pignore
858 657 1041 712 dotata
1060 697 1074 722 ,
1105 658 1438 713 consortium
1471 660 1652 729 sponsi
1676 660 1844 715 cmic-

266 753 360 808 stis
381 759 437 804 et
473 750 787 804 societatem
828 748 977 818 regni
1017 748 1316 818 promeruit
1347 767 1359 802 :
1397 750 1481 804 cui
1529 748 1686 804 facta:
1718 757 1845 805 sunt

268 842 490 898 inﬁnita:
519 839 743 904 divitiae,
775 839 886 892 sive
911 838 963 892 in
1000 847 1268 894 conventu
1305 839 1637 896 diversarum
1669 840 1846 897 natio-

272 948 390 988 num
433 932 503 987 ad
551 931 732 994 ﬁdem,
769 945 862 983 seu
894 930 946 982 in
979 931 1340 999 acquisitione
1371 933 1643 986 variarum
1675 933 1846 988 virtu-

271 1035 398 1088 tum,
431 1032 486 1076 et
522 1021 688 1076 multa
733 1021 903 1090 gloria
941 1021 1194 1090 specialis
1225 1023 1536 1092 sapientiae,
1564 1021 1630 1077 de
1652 1039 1756 1092 qua
1789 1024 1842 1078 in

270 1111 572 1167 Proverbiis
592 1109 854 1180 scriptum
873 1117 959 1164 est
983 1124 996 1161 :
1023 1108 1210 1164 Multa:
1234 1110 1361 1178 ﬁlia:
1399 1122 1846 1182 congregaverant

270 1201 514 1265 divitias,
568 1209 625 1254 tu
668 1215 1003 1270 supergressa
1043 1215 1097 1252 es
1143 1199 1408 1254 universas
1452 1200 1633 1270 (Prov.
1666 1205 1842 1272 XXXI).

196 1330 201 1334 -
270 1293 358 1349 Cui
389 1292 570 1346 omnis
608 1289 746 1345 Iuda
788 1305 1014 1344 munera
1055 1289 1280 1355 obtulit,
1325 1290 1452 1360 quia
1476 1291 1846 1361 unusquisque

270 1387 438 1442 ﬁdelis
467 1401 615 1441 sanas
642 1385 904 1440 doctrina:
929 1392 985 1438 et
1005 1385 1268 1438 bonorum
1290 1398 1515 1454 operum
1543 1401 1766 1440 munera
1793 1386 1844 1440 in

270 1479 407 1534 illius
437 1478 650 1533 unitate
673 1492 802 1532 vero
829 1477 939 1546 regi
955 1491 1012 1530 se
1035 1474 1280 1530 conferre
1311 1476 1586 1546 gaudebit.
1619 1478 1846 1532 Excelsa

269 1579 320 1624 et
337 1569 489 1625 lucos
512 1570 579 1624 de
616 1576 761 1624 terra
783 1566 919 1622 Juda
965 1566 1110 1633 tulit,
1156 1567 1284 1637 quia
1330 1582 1491 1624 omne
1531 1570 1846 1625 scandalum

270 1661 330 1716 de
352 1661 698 1717 credentium
737 1659 932 1714 turmis
965 1656 1182 1713 auferre
1223 1659 1520 1714 contendit.
1563 1659 1727 1714 Mittit
1751 1675 1845 1715 rex

1943 473 1995 528 ei
2018 471 2307 537 auxilium,
2360 469 2480 524 illos
2509 468 2807 539 figuraliter
2848 468 3219 534 demonstrat,
3259 473 3350 542 qui
3379 488 3410 530 e
3434 491 3528 533 ca.

1945 562 2163 617 tholicis
2189 561 2256 615 ad
2282 560 2660 614 haereticorum
2692 559 2984 612 amicitiam
3011 574 3070 614 se
3098 560 3379 619 inclinant.
3421 566 3526 634 Qui

1945 654 2069 710 licet
2096 670 2125 708 a
2158 660 2320 708 rectae
2351 652 2473 705 ﬁdei
2502 651 2719 705 tramite
2752 666 2856 704 non
2893 653 3189 718 recedant,
3240 662 3419 726 tamen
3439 674 3528 713 er-

1943 746 2179 801 rantium
2223 744 2536 798 societatem
2585 749 2744 810 atque
2800 743 3236 798 communionem
3287 746 3528 818 perfecte

1945 853 2053 892 non
2081 836 2320 891 devitant
2349 853 2359 887 :
2400 833 2540 903 quod
2584 833 2731 888 nullo
2756 834 2916 889 modo
2958 835 3076 890 sine
3111 836 3262 907 culpa
3290 854 3409 895 esse
3430 857 3526 911 po-

1946 927 2092 990 terit,
2134 927 2367 979 maxime
2396 940 2518 978 cum
2554 923 2752 978 Paulus
2781 925 3055 993 apostolus
3083 927 3274 982 doceat
3309 929 3528 987 hzereti-

1946 1035 2070 1073 cum
2101 1017 2372 1072 hominem
2397 1024 2515 1084 post
2543 1030 2704 1068 unam
2727 1024 2782 1069 et
2813 1017 3101 1070 secundam
3129 1021 3524 1088 correptionem

1947 1109 2312 1172 devitandum,
2345 1117 2400 1161 et
2432 1105 2668 1161 Joannes
2707 1104 2761 1159 in
2811 1105 3051 1174 Epistola
3093 1123 3187 1162 sua
3234 1109 3308 1163 ita
3338 1111 3522 1167 dicat:

1949 1198 2007 1254 Si
2036 1201 2152 1271 quis
2179 1199 2317 1253 venit
2344 1197 2412 1251 ad
2445 1214 2532 1250 vos
2554 1206 2600 1250 et
2623 1197 2757 1250 hanc
2778 1196 3074 1251 doctrinam
3100 1215 3205 1253 non
3236 1201 3410 1270 offert,
3437 1218 3529 1257 no—

1948 1291 2038 1346 lite
2064 1292 2288 1361 recipere
2308 1305 2424 1343 eum
2474 1291 2529 1342 in
2572 1289 2806 1353 domum,
2851 1305 2944 1342 nec
2971 1287 3075 1343 Are
3097 1290 3144 1344 ei
3173 1291 3413 1346 dixeritis
3441 1292 3526 1365 (II

1948 1383 2153 1454 Joan.).
2177 1382 2278 1449 Qui
2308 1381 2452 1437 enim
2471 1380 2602 1435 dicit
2635 1381 2708 1434 illi
2735 1381 2868 1442 Ave,
2891 1382 3252 1436 communicat
3275 1385 3533 1454 operibus

1949 1473 2066 1543 ejus
2092 1473 2360 1543 malignis.
2403 1471 2540 1526 llinc
2580 1479 2634 1526 et
2663 1487 2760 1542 per
2794 1472 3112 1542 sapientiam
3156 1474 3391 1529 dicitur:
3427 1475 3533 1540 Qui

1949 1565 2172 1636 tetigerit
2198 1567 2387 1636 picem,
2416 1564 2781 1634 inquinabitur
2808 1565 2872 1618 ab
2901 1564 3091 1621 illa:et
3117 1568 3207 1638 qui
3236 1570 3532 1624 communi-

1951 1655 2140 1708 caverit
2180 1654 2400 1723 superbo
2427 1694 2440 1717 ,
2482 1654 2662 1708 induet
2694 1655 2989 1724 superbiam
3033 1656 3222 1727 (Eccli.
3265 1657 3409 1732 xm).
3450 1659 3534 1716 0b

271 1754 364 1810 is“,
389 1752 670 1826 principes
707 1766 836 1806 suos
866 1766 931 1806 ac
963 1750 1271 1806 sacerdotes
1309 1751 1364 1805 in
1401 1751 1565 1807 urbes
1600 1750 1754 1816 Juda,
1788 1762 1848 1808 υι
1876 1739 1920 1796 Β
1949 1744 2052 1797 hoc
2081 1751 2134 1796 et
2174 1743 2288 1812 ipse
2331 1740 2591 1811 Josaphat
2629 1757 2726 1811 per
2759 1741 2896 1796 Jehu
2926 1744 3197 1800 videntem
3227 1747 3393 1802 tilium
3425 1747 3534 1802 Ha-

268 1845 518 1900 erudiant
561 1841 818 1915 populum
850 1849 1121 1912 pmcepta
1163 1840 1296 1911 legis
1321 1841 1556 1909 Domini,
1600 1857 1722 1897 cum
1752 1842 1850 1897 do-

269 1947 444 1992 ctores
487 1941 711 1990 sanctos
751 1933 817 1986 ad
853 1932 1098 1986 diversos
1145 1931 1370 2002 p0pulos
1411 1932 1614 2002 dirigit,
1654 1942 1715 1987 ut
1743 1933 1848 1988 illis

266 2022 928 2096 praedicent'Evangelium
955 2021 1179 2076 Christi.
1213 2021 1410 2092 Sicque
1443 2022 1535 2077 ﬂet
1560 2023 1690 2078 illud
1707 2025 1848 2094 quod

269 2117 332 2173 de
354 2115 628 2187 Iosaphat
656 2117 916 2185 scriptum
945 2121 1031 2169 est
1055 2132 1068 2166 :

335 2205 528 2278 Itaque
558 2206 730 2276 factus
758 2214 833 2258 est
859 2219 1020 2274 pauor
1045 2203 1259 2258 Domini
1295 2222 1450 2276 super
1483 2209 1662 2261 omnia
1693 2224 1850 2278 regna

271 2305 532 2350 terrarum
567 2312 686 2366 qua!
733 2304 881 2349 erant
913 2311 1006 2365 per
1038 2311 1223 2364 gyrum
1264 2294 1431 2361 Iuda,
1474 2312 1566 2349 nec
1587 2295 1850 2350 audebant

269 2388 455 2443 bellare
477 2399 661 2442 contra
681 2386 960 2457 Iosophat,
982 2387 1072 2442 sed
1093 2395 1140 2441 et
1166 2387 1716 2458 Philistbarilosaphot
1736 2404 1850 2441 mu-

273 2495 394 2533 nera
425 2479 753 2548 deferebant,
797 2487 845 2532 et
884 2476 1104 2548 vectigal
1140 2477 1345 2548 argenti
1368 2491 1388 2528 :
1419 2476 1618 2530 Arabes
1646 2493 1852 2548 quoque

267 2568 596 2622 adducebant
617 2583 805 2638 pecora
827 2569 1050 2621 arietum
1071 2577 1263 2638 septem
1287 2566 1454 2621 millia
1474 2568 1848 2637 septingentos,

269 2672 314 2716 et
343 2661 526 2714 hircos
557 2659 790 2713 totidem.
855 2657 989 2714 Cum
1035 2666 1258 2729 propter
1292 2673 1488 2713 nomen
1533 2656 1881 2728 gloriosum,'

269 2760 323 2805 et
341 2759 572 2822 propter
599 2751 828 2803 virtutes
858 2764 977 2818 qua:
1002 2755 1266 2819 geruntur
1295 2747 1347 2802 in
1380 2746 1641 2810 Ecclesia,
1687 2747 1854 2801 auda-

269 2841 347 2895 cia
371 2840 754 2910 comprimitur
795 2853 1160 2909 paganorum,
1206 2847 1261 2894 et
1287 2837 1527 2908 gentium
1561 2837 1856 2892 incitantur

269 2933 464 2996 corda,
498 2940 560 2987 ut
598 2931 909 2988 deferantur
941 2947 1072 2988 vero
1110 2930 1243 3002 Regi
1285 2930 1532 2998 Christo,
1569 2929 1663 3000 qui
1691 2938 1856 3000 caput

265 3031 347 3074 est
370 3021 662 3087 Ecclesizn,
695 3037 920 3077 munera
947 3029 1109 3077 rectae
1142 3020 1508 3086 credulitatis,
1547 3027 1604 3077 et
1631 3033 1854 3077 censum

1951 1834 2074 1887 naui
2104 1833 2269 1904 (illius
2296 1832 2545 1887 videlicet
2563 1833 2840 1902 propheta:
2870 1835 2958 1904 qui
2982 1834 3086 1890 Asa
3135 1837 3532 1910 increpaverat)

1950 1924 2215 1993 arguitur,
2249 1923 2390 1991 quod
2419 1922 2583 1992 impio
2605 1923 2894 1992 praebuerit
2922 1924 3201 1989 auxilium,
3241 1936 3294 1981 et
3324 1928 3407 1982 his
3435 1929 3528 1998 qui

1949 2016 2177 2068 oderunt
2206 2012 2492 2068 Dominum
2529 2013 2767 2068 amicitia
2800 2012 3138 2084 jungeretur.
3195 2016 3537 2089 Quapropter

1949 2103 2328 2158 hazretieorum
2365 2105 2642 2159 consortia
2689 2115 2818 2160 sunt
2857 2107 3176 2176 devitanda,
3224 2111 3350 2180 quia
3387 2113 3534 2170 nulla

1952 2199 2184 2253 societas
2210 2207 2294 2253 est
2318 2199 2423 2254 luci
2459 2199 2524 2252 ad
2549 2199 2833 2265 tenebras,
2885 2215 2988 2256 nec
3023 2205 3306 2259 conventio
3330 2204 3535 2262 Christi

1951 2289 2060 2344 ullo
2090 2289 2251 2344 modo
2278 2297 2457 2360 potest
2486 2304 2608 2344 esse
2646 2305 2770 2344 cum
2801 2291 3001 2356 Belial,
3037 2308 3212 2364 neque
3244 2311 3536 2365 possumus

1950 2384 2156 2454 pariter
2177 2383 2400 2438 calicem
2423 2383 2637 2440 Domini
2670 2385 2855 2439 bibere
2873 2425 2890 2450 ,
2919 2386 3011 2441 ubi
3040 2388 3278 2444 salubris
3309 2391 3537 2462 haustus

1952 2482 2036 2528 cst
2064 2473 2364 2544 sapientiae,
2389 2483 2446 2528 et
2473 2475 2693 2528 calicem
2717 2474 3126 2543 dtemoniorum,
3151 2479 3241 2534 ubi
3267 2496 3536 2538 venenum

1953 2562 2292 2619 mortiferum
2330 2564 2651 2634 prepinatur
2681 2565 2957 2637 nequitiae.

2034 2651 2246 2708 Vocavit
2275 2671 2396 2725 ergo
2437 2671 2529 2708 rex
2560 2654 2730 2710 Israel
2767 2672 2930 2710 unum
2955 2657 3021 2711 de
3039 2661 3291 2714 eunuchis
3315 2670 3362 2715 et
3401 2661 3536 2717 dixit

1953 2741 2000 2795 ei
2021 2758 2038 2796 :
2074 2739 2210 2797 Voca
2227 2743 2331 2797 cito
2347 2743 2629 2798 Michoeom
2648 2743 2821 2812 [ilium
2842 2745 3038 2800 Iemla.
3063 2747 3234 2802 Porro
3253 2767 3344 2804 rex
3365 2750 3536 2806 Israel

1953 2843 2000 2888 et
2027 2833 2288 2905 Iosophat
2317 2853 2408 2890 rex
2444 2835 2615 2902 Iuda,
2665 2847 2882 2909 uterque
2915 2841 3167 2895 sedebant
3194 2843 3250 2896 in
3270 2845 3399 2900 solio
3435 2864 3533 2901 suo

1955 2925 2121 2979 vestiti
2142 2925 2284 2980 cultu
2316 2928 2480 2997 regio,
2517 2927 2764 2983 sedebant
2788 2938 2963 2985 autem
2995 2931 3050 2985 in
3078 2949 3203 2987 areo
3219 2934 3381 3003 juxta
3410 2953 3536 3006 por-

1956 3024 2064 3069 tam
2088 3015 2350 3072 Samaria:
2378 3059 2393 3083 ,
2445 3035 2724 3089 omnesque
2759 3021 3024 3091 propheta:
3063 3025 3415 3080 voticinabant
3443 3043 3536 3081 eo-

265 3111 537 3167 bonorum
566 3127 786 3184 operum
809 3155 823 3176 ,
866 3128 931 3168 ac
977 3114 1080 3183 pize
1111 3114 1468 3170 confessionis
1495 3113 1727 3182 solvant,
1754 3115 1849 3171 ad-

1958 3122 2072 3160 ram
2097 3105 2191 3172 eis,
2221 3115 2329 3162 etc.
2375 3108 2616 3178 Denique
2651 3111 2914 3181 propheta
2942 3111 3192 3170 Michaeas
3215 3126 3440 3172 vocatus
3465 3116 3536 3172 ad

266 3202 581 3275 ducantque
629 3204 703 3260 illi
751 3220 948 3276 pecora
991 3204 1356 3274 simplicitatis
1399 3221 1539 3273 suae;
1591 3206 1695 3262 hoc
1742 3214 1849 3272 est,

265 3296 506 3352 arietum
538 3305 741 3366 septem
771 3296 934 3351 millia
963 3297 1332 3368 septingentos
1355 3337 1372 3362 ,
1413 3307 1469 3352 et
1507 3297 1693 3353 hircos
1723 3297 1854 3353 toti-

267 3387 411 3452 dem,
437 3402 565 3442 cum
594 3402 691 3457 per
717 3386 953 3457 Spiritus
978 3388 1152 3442 sancti
1177 3387 1405 3458 gratiam
1434 3387 1750 3455 illuminati,
1797 3397 1855 3443 et

266 3476 418 3532 viros
441 3477 654 3532 habiles
684 3477 994 3549 magisterio
1030 3487 1253 3549 propter
1289 3478 1576 3534 scientiam
1603 3487 1658 3536 et
1685 3480 1855 3535 bono-

269 3581 389 3620 rum
433 3582 662 3636 operum
705 3567 1030 3636 probi-tatem
1079 3567 1350 3636 oﬂ‘erunt,
1408 3577 1466 3624 et
1504 3578 1851 3640 peccatorum

270 3657 678 3711 multitudinem
702 3673 802 3728 per
820 3656 1216 3714 confessionem
1253 3666 1309 3714 et
1335 3658 1713 3728 paenitentiam
1737 3673 1856 3715 ser-

264 3749 401 3803 vitio
429 3750 575 3805 illius
604 3749 914 3818 subjiciunt.
981 3751 1193 3807 Arietes
1219 3751 1366 3807 enim
1391 3751 1558 3807 duces
1587 3760 1718 3806 sunt
1740 3767 1855 3822 gre-

265 3841 371 3911 gis,
400 3849 455 3896 et
485 3842 542 3895 in
566 3840 679 3912 lege
718 3841 772 3895 in
802 3840 1154 3912 paciﬁcorum
1189 3842 1382 3898 hostiis
1412 3841 1849 3899 immolabantur.

268 3931 420 3989 Hirci
444 3941 630 3988 autem
653 3948 752 4003 pro
776 3941 1005 4004 peccato
1029 3934 1414 3991 offerebantur.

833 4064 1060 4122 CAPUT
1110 4067 1291 4123 XVIII.

733 4178 979 4250 Sequitur
1015 4178 1079 4234 de
1119 4179 1396 4251 Iosophat.

337 4294 404 4366 (II
433 4294 572 4349 Pan.
597 4291 779 4363 xvm.)
809 4291 938 4347 Fuit
963 4310 1087 4364 ergo
1114 4294 1368 4366 Iosophat
1393 4297 1535 4350 dives
1558 4307 1604 4351 et
1629 4296 1854 4367 inclytus

259 4387 580 4452 multum,et
613 4385 860 4455 afﬁnitate
891 4385 1202 4454 conjunctus
1229 4396 1304 4440 est
1332 4387 1541 4452 Achab;
1564 4388 1865 4461 descendite

259 4495 366 4541 que
393 4487 512 4547 post
563 4493 732 4531 annos
772 4477 840 4530 ad
867 4493 985 4530 eum
1011 4477 1067 4531 in
1099 4475 1400 4533 Samariam
1424 4520 1439 4546 ,
1473 4480 1542 4534 ad
1570 4479 1723 4550 cujus
1749 4482 1850 4534 ad-

258 4579 477 4624 ventum
511 4567 760 4621 mactavit
784 4567 960 4621 Achab
987 4567 1175 4624 arietes
1206 4578 1254 4623 et
1294 4568 1443 4624 boves
1470 4569 1724 4640 plurimos
1753 4571 1854 4642 ipsi

255 4669 308 4714 et
359 4658 564 4730 populo
615 4659 707 4728 qui
764 4668 970 4712 uenerat
997 4675 1116 4713 cum
1151 4676 1249 4724 eo;
1284 4662 1643 4732 persuasitque
1681 4662 1760 4717 illi
1796 4672 1853 4718 ut

255 4750 572 4804 ascenderet
618 4750 675 4808 in
722 4749 944 4804 Romoth
983 4747 1210 4805 Golaod.
1273 4751 1521 4824 Dixitque
1548 4755 1727 4809 Achab
1763 4771 1855 4811 rex

256 4841 447 4897 Israel
473 4841 546 4894 ad
575 4839 834 4910 Iosophat
861 4857 1028 4910 regem
1051 4841 1195 4895 Iuda
1214 4858 1232 4895 :
1264 4841 1394 4896 Veni
1421 4859 1623 4900 mecum
1657 4848 1714 4900 in
1745 4846 1852 4902 Ro-

249 4931 417 4987 moth
443 4930 654 4984 Golaod
669 4947 688 4995 ;
726 4931 810 4983 cui
837 4929 924 4984 ille
952 4932 1251 5000 respondit:
1277 4929 1344 4986 Ut
1375 4950 1490 5004 ego,
1517 4944 1566 4989 et
1589 4945 1682 5003 tu;
1713 4939 1850 4993 sicut

249 5020 496 5093 populus
517 5031 660 5083 tuus,
689 5020 765 5073 sic
793 5029 842 5073 et
879 5019 1102 5090 populus
1131 5038 1275 5077 meus
1297 5063 1312 5087 ,
1363 5033 1632 5097 tecumque
1655 5031 1851 5084 erimus

246 5115 310 5168 in
355 5112 518 5166 bello.
558 5111 852 5180 Josapbat,
885 5120 946 5166 ut
983 5113 1231 5182 superius
1280 5115 1550 5182 diximus,
1597 5120 1850 5190 papulum

246 5202 546 5274 signiﬁcat
567 5202 957 5268 Christianum,
979 5202 1071 5272 qui
1101 5201 1259 5259 tidem
1289 5212 1434 5261 tenet
1453 5209 1776 5265 catholicam
1797 5220 1855 5267 et

244 5294 589 5367 religionem
614 5300 798 5347 servat
822 5293 1210 5349 Christianam.
1227 5296 1413 5353 Achab
1427 5308 1609 5354 autem
1633 5301 1850 5371 impius,

239 5389 350 5456 qui
400 5385 457 5438 in
500 5383 750 5439 Samaria
777 5385 1076 5454 regnabat,
1130 5387 1524 5444 haeresiarchas
1569 5392 1853 5462 exprimit,

240 5477 351 5549 qui
387 5477 730 5547 perditorum
777 5475 990 5530 turbam
1024 5490 1122 5544 per
1154 5493 1402 5534 errorum
1436 5479 1592 5535 devia
1629 5480 1852 5549 ducunt,

239 5579 306 5624 et
343 5569 412 5621 in
452 5572 730 5636 perpetua:
777 5566 968 5620 mortis
1008 5567 1361 5638 praecipitium
1404 5570 1648 5625 trahunt.
1703 5571 1856 5638 Quod

233 5666 450 5722 autem
473 5653 736 5726 Josapbat
759 5653 1018 5712 atlinitate
1041 5659 1363 5730 coniunctus
1386 5661 1597 5732 Achab,
1631 5664 1854 5724 descen-

668 5748 946 5810 ΡΑτιιοι.
989 5749 1150 5816 CIX.

1955 3207 2136 3265 regem
2158 3193 2320 3251 Israel
2341 3204 2396 3252 et
2421 3212 2603 3269 regem
2631 3200 2837 3269 pariter
2863 3199 3020 3267 Iuda,
3044 3204 3385 3274 pr0phetavit
3403 3223 3542 3266 con-

1954 3293 2039 3340 tra
2063 3300 2240 3356 regem
2270 3286 2436 3344 Israel
2467 3289 2543 3344 ita
2565 3291 2753 3347 dicens
2780 3309 2794 3346 :

2033 3383 2153 3439 Vidi
2194 3385 2480 3444 Dominum
2529 3391 2791 3446 sedentem
2837 3393 2893 3447 in
2935 3393 3069 3448 solio
3111 3411 3207 3449 suo
3250 3405 3299 3450 et
3331 3414 3538 3471 omnem

1952 3477 2236 3531 exercitum
2255 3477 2369 3532 coeli
2388 3481 2710 3536 ossistentem
2738 3485 2786 3537 ei
2809 3502 2840 3537 a
2863 3484 3061 3540 dextris
3084 3494 3131 3539 et
3161 3503 3194 3540 o
3224 3488 3472 3556 sinistris,
3489 3502 3538 3544 et

1953 3564 2086 3619 dixit
2108 3565 2366 3623 Dominus
2403 3585 2421 3624 .'
2462 3571 2596 3636 Quis
2616 3572 2836 3643 decipiet
2859 3573 3035 3627 Achab
3059 3590 3229 3645 regem
3248 3576 3440 3644 Israel,
3480 3590 3536 3635 ut

1953 3659 2204 3712 ascendat
2227 3669 2274 3714 et
2310 3673 2522 3716 corruat
2553 3665 2608 3717 in
2649 3663 2876 3719 Romoth
2913 3663 3162 3720 Galood?
3197 3665 3432 3740 Cumque
3455 3672 3538 3726 di-

1954 3758 2089 3802 ceret
2120 3766 2253 3804 unus
2276 3752 2374 3806 hoc
2405 3757 2581 3819 modo,
2627 3753 2763 3808 alter
2802 3755 2932 3828 alio,
2953 3758 3203 3826 processit
3231 3761 3450 3830 spiritus
3485 3772 3536 3818 et

1954 3841 2094 3892 stetit
2124 3856 2301 3894 coram
2343 3841 2570 3896 Domino
2598 3852 2647 3896 et
2673 3844 2774 3908 ait,
2801 3841 2916 3914 Ego
2955 3845 3212 3916 decipiam
3245 3864 3385 3903 eum.
3436 3849 3538 3906 Cui

1963 3931 2210 3986 Dominus
2233 3949 2250 3986 :
2273 3931 2342 3986 In
2362 3949 2488 4003 quo,
2511 3933 2700 4006 inquit,
2727 3934 2994 4005 decipies?
3019 3937 3086 3992 At
3108 3936 3196 3991 ille
3228 3942 3535 4010 respondit:

1959 4018 2217 4089 Egredior
2245 4030 2292 4074 et
2329 4037 2419 4074 ero
2449 4021 2666 4090 spiritus
2703 4023 2931 4076 mendax
2955 4023 3011 4078 in
3039 4040 3128 4078 ore
3151 4027 3384 4082 omnium
3413 4045 3536 4100 pro-

1954 4114 2228 4182 phetarum
2262 4113 2400 4184 ejus.
2442 4113 2691 4184 Dixitque
2727 4113 2984 4170 Dominus
3019 4129 3038 4168 .'
3071 4117 3308 4188 Decipies
3329 4130 3378 4176 et
3405 4137 3539 4191 pro,»

1955 4201 2180 4267 valebis;
2205 4202 2448 4272 egredere
2475 4211 2524 4257 et
2550 4202 2636 4273 [ac
2665 4203 2761 4258 ita.
2789 4203 2927 4271 Quid
2977 4221 3076 4276 per
3092 4207 3285 4265 solium
3320 4210 3536 4268 Domini

1957 4293 2060 4347 nisi
2085 4293 2356 4363 angelicas
2387 4302 2685 4365 potestates
2721 4295 3046 4365 accipimus,
3081 4313 3310 4367 quarum
3340 4305 3538 4358 menti-

1957 4383 2060 4437 bus
2092 4383 2235 4439 Deus
2263 4385 2424 4440 altius
2459 4386 2756 4456 praesidens
2790 4376 3019 4444 inl'erius
3056 4400 3253 4446 cuncta
3277 4393 3534 4464 disponit.

1961 4478 2026 4532 Et
2050 4475 2179 4544 quid
2205 4477 2478 4554 exercitus
2501 4476 2624 4532 cmli
2650 4478 2754 4532 nisi
2775 4478 3199 4535 ministrantium
3219 4483 3538 4552 angelorum

1960 4568 2249 4623 multitudo
2281 4557 2637 4623 describitur?
2665 4567 2806 4635 Quid
2829 4576 2916 4624 est
2941 4583 3072 4640 ergo
3093 4571 3239 4642 quod
3263 4575 3540 4633 exercitus

1959 4661 2084 4715 cmli
2115 4676 2147 4715 a
2187 4659 2396 4716 dextris
2433 4668 2488 4714 et
2522 4675 2554 4714 a
2597 4660 2836 4716 sinistris
2865 4661 2984 4730 ejus
3009 4671 3155 4719 stare
3183 4665 3497 4734 perhibetur
3517 4670 3542 4713 9

1959 4754 2104 4809 Deus
2126 4753 2293 4818 enim,
2319 4752 2411 4822 qui
2435 4753 2510 4807 ita
2533 4762 2619 4808 est
2639 4753 2782 4808 inter
2795 4754 2998 4820 omnia,
3022 4763 3085 4811 ut
3109 4757 3274 4812 etiam
3298 4759 3539 4818 sitextra

1959 4844 2162 4909 omnia,
2188 4859 2288 4898 nec
2315 4842 2505 4898 dextra
2530 4857 2630 4898 nec
2643 4843 2866 4898 sinistra
2889 4845 3202 4915 includitur,
3239 4852 3540 4911 seddextra

1958 4937 2053 4991 Dei
2082 4935 2398 5006 angelorum
2429 4949 2555 5004 pars
2575 4935 2776 5001 electa,
2809 4935 3031 4993 sinistra
3062 4947 3244 4996 autem
3280 4943 3376 5000 Dei
3415 4963 3542 5017 pars

1958 5027 2273 5100 angelorum
2298 5029 2527 5098 reproba
2551 5029 2885 5101 designatur.
2923 5030 3038 5088 Non
3057 5035 3202 5090 enim
3229 5039 3541 5098 ministrant

1958 5123 2069 5177 Deo
2099 5121 2438 5176 solummodo
2461 5121 2588 5177 boni
2617 5123 2710 5192 qui
2740 5121 3018 5194 adjuvant,
3048 5127 3144 5183 sed
3168 5136 3224 5184 et
3244 5133 3337 5200 qui
3361 5134 3538 5188 redire

1957 5210 2203 5267 nolentes
2247 5219 2492 5282 gravent.
2554 5209 2666 5267 Nec
2708 5211 2852 5281 quod
2886 5214 3011 5270 caeli
3045 5219 3320 5276 exercitus
3345 5219 3542 5276 dicitur

1958 5300 2273 5370 angelorum
2301 5315 2428 5371 pars
2452 5301 2712 5372 reproba,
2753 5302 2805 5356 in
2843 5317 2909 5359 eo
2952 5304 3176 5376 intelligi
3211 5323 3372 5376 posse
3411 5325 3539 5378 pro-

1959 5391 2200 5458 hibetur;
2236 5407 2372 5462 quos
2397 5394 2542 5448 enim
2565 5395 2823 5462 suspendi
2854 5396 2908 5450 iu
2940 5413 3068 5452 aere
3097 5400 3376 5463 novimus,
3399 5415 3539 5458 aves

1958 5485 2082 5540 coeli
2111 5486 2470 5541 nominamus.
2508 5485 2576 5541 Et
2597 5488 2664 5542 de
2687 5488 2892 5544 eisdem
2918 5491 3200 5560 spiritibus
3231 5490 3430 5545 Paulus
3457 5491 3536 5546 di-

1960 5579 2079 5633 xit:
2113 5579 2308 5635 Contra
2329 5581 2589 5652 spiritalia
2620 5584 2865 5654 nequitiae
2904 5584 2960 5637 in
2998 5583 3284 5638 caelestibus
3308 5583 3528 5655 (Ep/tes.

1959 5671 2054 5745 vi).
2093 5671 2332 5741 Quorum
2369 5681 2530 5745 caput
2573 5674 2863 5731 enuntians
2898 5673 3016 5729 ait:
3049 5671 3348 5729 Secundum
3391 5677 3541 5746 priu-

3066 5765 3142 5828 16
