3876 6136
303 272 398 323 Mil

977 267 1033 320 Β.
1080 267 1329 322 ΗΛΒᾹΝΙ
1372 267 1585 322 MAL'Rl
1627 267 1846 319 ARClill

1987 268 2293 320 MUGlTNT.
2335 269 2617 323 OPERUM
2653 271 2833 326 PARS
2872 274 2913 328 l.

3445 281 3468 333 -ί
3477 282 3540 333 92

303 394 468 458 cipcm
515 394 783 454 petasum»
839 386 974 438 aeris
1022 383 1180 451 hujus
1226 381 1441 454 (Ephcs.
1474 379 1556 450 ιι).
1615 381 1868 434 Adextra
1902 382 1944 436 Α
1975 377 2162 442 habet,
2197 381 2322 448 quia
2365 351 2496 436 nihil
2541 399 2663 439 esse
2707 387 2848 454 quod
2877 387 3155 457 displiceat
3190 403 3385 460 potest.
3438 396 3538 452 Sed

302 495 432 550 ergo
459 486 512 531 et
542 493 571 529 a
605 475 822 530 sinistra
858 474 1166 544 angelorum
1194 474 1466 528 exercitus
1493 481 1630 537 stat,
1665 471 1788 542 quia
1819 479 1873 523 et

302 570 550 624 voluntas
569 565 860 620 electorum
886 563 1171 632 spirituum
1203 563 1396 617 divina:
1437 563 1624 632 pietati
1655 577 1874 616 concor-

302 661 415 726 dat,
456 667 509 715 et
544 658 894 727 reproborum
925 671 1147 720 sensus,
1181 655 1295 710 sive
1342 655 1559 709 malitiae
1606 655 1866 718 serviens,

293 753 494 823 judicio
522 748 874 806 districtionis
927 745 1043 815 ejus
1071 748 1423 815 obtemperat.
1485 745 1636 800 Unde
1665 753 1718 798 ct
1743 760 1866 798 mox

301 843 458 896 fallax
514 839 735 908 spiritus
785 837 1080 907 prosiliisse
1137 835 1492 900 describitur,
1559 849 1659 904 per
1707 848 1868 901 quem

297 934 478 988 Achab
505 947 598 986 rex
620 929 958 1001 exigentibus
986 927 1097 982 suis
1125 926 1337 979 meritis
1381 925 1680 992 decipiatur
1722 941 1734 975 :
1776 937 1869 976 ne-

297 1040 399 1093 que
445 1023 591 1078 enim
636 1022 719 1076 fas
764 1029 846 1074 est
883 1019 1105 1073 credere
1134 1019 1331 1072 bonum
1365 1016 1612 1085 spiritum
1644 1015 1869 1068 fallacias

296 1115 570 1170 deservire
591 1112 842 1173 voluisse,
876 1119 934 1162 ut
965 1109 1172 1163 diceret
1211 1126 1223 1160 :
1271 1106 1529 1176 Egrediar
1564 1114 1610 1158 et
1648 1121 1737 1157 ero
1762 1104 1869 1171 spi-

296 1206 427 1257 ritus
447 1203 671 1256 mendax
701 1202 756 1253 in
788 1215 876 1252 ore
906 1199 1138 1251 omnium
1173 1197 1543 1267 prophetarum
1572 1194 1708 1264 ejus.
1727 1249 1738 1266 α
1758 1192 1866 1247 Sed

293 1296 419 1363 quia
446 1292 630 1348 Achab
658 1305 751 1344 rex
781 1290 1018 1360 peccatis
1045 1285 1474 1358 prtecedentibus
1502 1285 1696 1354 dignus
1724 1292 1863 1351 erat,

295 1397 353 1440 ut
382 1386 473 1440 tali
501 1384 774 1438 debuisset
806 1382 1120 1450 deceptione
1145 1377 1426 1444 damnari,
1473 1387 1739 1449 quatenus
1773 1379 1864 1448 qui

293 1491 437 1546 smpe
457 1474 644 1529 volens
668 1473 937 1528 ceciderat
963 1471 1017 1524 in
1053 1470 1264 1538 culpam
1283 1510 1296 1534 ,
1327 1469 1646 1538 quandoque
1677 1468 1866 1523 nolens

295 1576 573 1637 raperetur
595 1566 661 1620 ad
690 1579 904 1635 pinnam
926 1605 940 1628 ,
990 1563 1200 1618 occulta
1232 1561 1440 1631 justitia
1469 1562 1686 1617 licentia
1713 1561 1868 1616 mali-

293 1661 423 1728 gnis
443 1660 726 1730 spiritibus
748 1657 927 1720 datur,
959 1664 1016 1710 ut
1041 1671 1176 1726 quos
1202 1655 1442 1710 volentes
1474 1655 1528 1709 in
1557 1657 1761 1724 peccati
1790 1655 1864 1708 la-

1975 468 2099 538 quia
2130 469 2292 524 simul
2317 473 2498 526 omnia
2524 483 2832 541 contuetur,
2867 477 3026 531 simul
3050 490 3244 534 cuncta
3270 484 3461 552 aspicit
3481 502 3541 542 ea

1976 559 2050 625 vi,
2081 560 2136 614 in
2167 576 2272 628 qua
2301 569 2356 616 et
2397 563 2570 618 bonos
2613 565 2831 634 spiritus
2860 575 2915 620 et
2949 567 3119 622 malos
3142 570 3291 625 vidit.
3335 573 3544 630 Exerci-

1974 657 2060 703 tus
2085 649 2206 703 cmli
2231 667 2268 704 .a
2300 651 2510 706 dextris
2542 663 2598 707 et
2644 669 2674 706 a
2713 655 2948 709 sinistris
2974 657 3174 713 habere
3199 659 3539 729 describitur,

1970 747 2050 804 ut,
2082 740 2224 795 sicut
2260 756 2418 809 supra
2451 741 2715 808 diximus,
2748 759 2847 814 per
2878 746 3153 800 dexteram
3187 749 3542 822 intelligamus

1971 831 2191 900 angelos
2202 831 2424 897 electos,
2446 848 2544 903 per
2556 835 2830 889 sinistram
2851 851 2980 891 vero
3002 839 3225 907 spiritus
3254 842 3534 911 reprobus;

1970 935 2070 975 nec
2095 937 2310 976 movere
2341 923 2520 990 debet,
2547 925 2688 994 quod
2719 927 2988 981 exercitus
3003 927 3128 981 cceli
3150 930 3319 984 etiam
3347 935 3540 1002 repulsi

1968 1012 2142 1081 angeli
2168 1023 2451 1081 vocantur,
2489 1017 2613 1085 quia
2640 1017 2739 1085 ipsi
2767 1019 3012 1086 quamvis
3046 1021 3113 1074 ab
3143 1022 3378 1078 aethereo
3405 1025 3543 1080 ccelo

1969 1103 2176 1174 expulsi
2208 1113 2365 1168 sunt,
2397 1107 2574 1160 adhuc
2618 1114 2795 1161 tamen
2823 1107 2874 1160 in
2907 1123 3068 1163 aereo
3101 1112 3237 1166 cmlo
3266 1114 3544 1169 demoran-

1967 1201 2075 1258 tur,
2103 1194 2242 1248 sicut
2279 1195 2478 1252 Paulus
2513 1197 2590 1251 ait
2625 1213 2637 1249 :
2667 1207 2849 1250 contra
2891 1198 3154 1267 spiritalia
3207 1204 3446 1273 nequitur
3483 1206 3541 1257 in

1967 1285 2274 1340 cwlestibus.

2537 1422 2767 1480 CAPUT
2804 1424 2921 1480 XX.

2385 1528 2631 1602 Sequitur
2673 1533 2737 1587 de
2763 1533 3043 1605 Iosaphat.

2039 1637 2168 1696 Post
2191 1643 2302 1696 hinc
2322 1645 2621 1713 congregati
2641 1654 2762 1698 sunt
2771 1645 2872 1714 filii
2886 1646 3042 1701 Moab
3056 1657 3102 1702 et
3121 1648 3219 1718 ﬁlii
3231 1652 3473 1719 Ammon,
3489 1668 3536 1711 et

291 1764 430 1819 queo
452 1747 810 1818 strangulant,
855 1748 908 1800 in
948 1746 1152 1816 peccati
1180 1759 1395 1815 ptenam
1429 1746 1593 1800 etiam
1619 1745 1846 1800 nolentes

1964 1746 2083 1784 cum
2103 1731 2176 1785 eis
2197 1731 2263 1785 de
2281 1733 2592 1787 Ammonitis
2605 1736 2673 1788 ad
2685 1735 2964 1806 Iosophat,
2982 1749 3037 1791 ut
3050 1753 3337 1809 pugnarent
3347 1756 3540 1800 contra

292 1827 526 1894 trahant.
566 1838 805 1907 Denique
837 1837 925 1891 hic
955 1835 1047 1906 qui
1078 1836 1244 1890 vitam
1282 1835 1567 1906 reprobam
1603 1851 1709 1890 non
1743 1853 1864 1890 mu-

293 1938 387 1994 tat,
417 1940 472 1982 et
499 1943 529 1981 a
552 1926 934 1996 perpetrandis
969 1926 1206 1996 peccatis
1236 1925 1472 1979 animum
1503 1940 1610 1979 non
1644 1926 1860 1990 avertit,

284 2036 409 2075 cum
432 2035 461 2073 a
483 2019 742 2089 propheta
775 2018 975 2086 aliquid
1016 2017 1262 2085 requirit,
1303 2016 1391 2070 illa
1439 2015 1726 2071 audit'Deo
1753 2017 1861 2070 dis-

285 2119 516 2181 ponente
543 2151 556 2174 ,
604 2124 724 2178 qua:
763 2109 1062 2164 merebitur
1099 2108 1286 2162 audire
1325 2107 1680 2162 damnandus.
1721 2107 1860 2161 Ecce

282 2203 426 2256 enim
453 2209 514 2255 ut
534 2215 698 2255 unum
725 2200 807 2255 vel
836 2200 941 2255 duo
959 2214 1025 2254 ex
1056 2200 1236 2254 multis
1266 2199 1570 2268 loquamur,
1593 2198 1660 2251 ab
1687 2199 1860 2252 omni-

281 2294 516 2364 potentis
538 2293 630 2348 Dei
650 2291 793 2347 cultu
824 2293 1017 2347 domus
1060 2291 1226 2345 Israel
1254 2290 1355 2343 sub
1383 2290 1648 2344 idolorum
1689 2291 1858 2345 servi-

283 2395 396 2440 tute
417 2392 736 2448 recesserat,
767 2391 824 2437 et
854 2391 1033 2436 tamen
1065 2383 1131 2435 ad
1169 2381 1458 2449 prophetas
1485 2396 1515 2434 a
1545 2381 1737 2450 quibus
1765 2382 1857 2435 de-

281 2479 383 2546 cipi
406 2485 759 2532 consueverat
784 2515 798 2540 ,
831 2488 971 2543 smpe
991 2474 1234 2528 veniebat
1259 2487 1526 2543 prospera
1541 2473 1820 2541 requirens
1838 2473 1852 2538 ξ

281 2584 402 2620 cum
437 2583 564 2622 vero
593 2583 657 2621 ex
685 2581 780 2620 ore
809 2565 1192 2635 prophetarum
1237 2577 1491 2632 perversa
1537 2577 1704 2634 agens
1733 2579 1858 2634 pro-

279 2671 434 2726 spera
460 2655 646 2710 audire
687 2655 1019 2718 merebatur,
1065 2653 1193 2722 quid
1226 2653 1370 2706 aliud
1397 2667 1627 2723 superna
1652 2653 1854 2723 judicia

278 2748 527 2817 agebant,
558 2747 658 2801 nisi
685 2755 744 2799 ut
763 2752 1015 2814 peccator
1039 2745 1264 2815 pepulus
1292 2746 1344 2799 in
1377 2761 1472 2801 suo
1503 2748 1669 2802 corde
1698 2763 1854 2817 cape-

277 2837 463 2890 retur?
487 2844 758 2905 quatenus
784 2836 874 2904 qui
917 2834 1201 2904 perfidiam
1232 2835 1505 2905 sequendo
1532 2836 1849 2907 deliquerat,

274 2929 350 2981 sic
388 2927 776 2997 prophetarum
816 2939 1035 2980 suorum
1077 2924 1288 2980 blandis
1326 2927 1665 2982 sermonibus
1710 2928 1855 2982 deci-

273 3026 512 3084 peretur,
547 3017 606 3069 ut
635 3015 747 3084 jam
782 3031 881 3070 nec
911 3015 1324 3084 pertimesceret
1357 3017 1482 3084 quia
1514 3017 1847 3085 deliquisset,

1966 1836 2104 1874 eum.
2121 1819 2275 1886 Quod
2289 1822 2530 1893 adjungit
2551 1823 2678 1880 ﬁliis
2697 1825 2851 1880 Moab
2870 1837 2924 1881 et
2943 1828 3308 1888 ﬁliisAmmon
3330 1843 3390 1890 et
3411 1837 3542 1892 Am—

1966 1911 2211 1976 monitis,
2254 1913 2490 1967 ostendit
2543 1914 2804 1971 Idumaeos
2851 1918 3008 1972 simul
3042 1935 3162 1974 cum
3212 1921 3463 1981 Moabitis
3483 1939 3542 1982 et

1964 2003 2292 2060 Ammonitis
2334 2006 2650 2076 coniunctos
2687 2024 2806 2065 esse
2847 2011 2915 2065 ad
2955 2017 3295 2084 pugnandum
3349 2031 3540 2076 contra

1960 2093 2144 2148 Israel.
2174 2095 2324 2151 Unde
2353 2098 2406 2151 in
2437 2100 2786 2168 sequentibus
2807 2112 3080 2172 narratur,
3111 2108 3253 2176 quod
3283 2109 3378 2166 ﬁlii
3410 2113 3539 2167 Am-

1959 2198 2084 2238 mon
2113 2191 2168 2239 et
2194 2186 2347 2241 Moab
2387 2200 2843 2245 consurrexerunt
2885 2193 3142 2251 adversus
3198 2200 3535 2260 habitatores

1959 2275 2161 2330 montis
2195 2274 2339 2342 Seir,
2375 2287 2434 2332 ut
2460 2279 2825 2337 interﬁcerent
2879 2293 2934 2338 et
2985 2287 3229 2344 delerent
3265 2306 3375 2347 eos.
3428 2295 3536 2351 Sed

1958 2368 2189 2438 scriptor
2224 2370 2461 2426 historia!
2505 2374 2574 2428 ob
2613 2377 2972 2442 reverentiam
3030 2377 3258 2437 fraterni
3301 2388 3537 2443 nominis

1957 2460 2128 2530 magis
2156 2461 2368 2517 volebat
2399 2465 2542 2533 quod
2583 2467 2874 2536 gerebatur
2898 2471 3283 2528 associatorum
3327 2479 3535 2535 occulte

1957 2551 2213 2606 adnotare
2239 2553 2518 2619 vocabulo,
2571 2570 2732 2624 quam
2771 2557 3101 2627 impietatem
3143 2562 3532 2634 impudentiam

1955 2656 2202 2697 sermone
2217 2643 2492 2714 divulgare
2517 2645 2748 2715 publico.
2782 2648 3012 2706 Maxime
3029 2668 3150 2707 cum
3179 2655 3317 2712 liber
3335 2657 3531 2716 Nume-

1956 2751 2137 2790 rorum
2164 2747 2350 2792 narret
2373 2740 2513 2808 quod
2540 2741 2878 2810 egredientes
2907 2745 2999 2800 ﬁlii
3026 2747 3190 2802 Israel
3217 2752 3284 2806 de
3309 2752 3522 2809 deserto

1954 2843 2060 2881 non
2087 2829 2332 2898 permissi
2389 2831 2496 2884 sint
2528 2832 2688 2886 ullam
2721 2833 2964 2892 ldumteis
2999 2837 3204 2896 inferre
3226 2843 3524 2900 molestiam

1952 2920 2272 2989 prohibente
2294 2921 2540 2976 Domino.
2579 2922 2882 2979 Notandum
2895 2935 3076 3006 autem
3102 2931 3244 2999 quod
3262 2930 3528 3003 Iosephus

1953 3027 2047 3066 eos
2063 3013 2154 3081 qui
2177 3027 2301 3067 cum
2329 3012 2454 3068 ﬁliis
2477 3013 2631 3069 Moab
2656 3024 2712 3070 et
2731 3016 2853 3072 ﬁliis
2873 3019 3101 3075 Ammon
3124 3021 3298 3077 ierant
3317 3024 3368 3078 in
3389 3040 3526 3095 prte-

273 3117 328 3161 ct
378 3116 528 3162 tanto
573 3117 696 3176 post
741 3108 933 3162 durius
973 3115 1257 3177 raperetur
1285 3108 1350 3161 ad
1377 3122 1614 3177 pinnam,
1649 3119 1850 3178 quanto
1876 3086 1923 3148 (ἶ
1955 3102 2082 3156 lium
2103 3103 2312 3158 Arabes
2336 3117 2457 3159 esse
2487 3105 2802 3161 arbitratur.

273 3214 418 3253 nunc
452 3199 699 3253 securius
739 3200 946 3253 viveret
990 3199 1042 3254 in
1086 3199 1261 3268 culpa.
1316 3199 1421 3254 Sed
1456 3215 1582 3254 ccce
1605 3200 1714 3267 jam
1744 3201 1852 3255 lar-

270 3289 451 3357 giente
477 3290 845 3358 omnipotente
874 3291 984 3344 Deo
1020 3291 1087 3343 ab
1117 3289 1381 3344 idolorum
1406 3290 1550 3345 cultu
1582 3301 1848 3347 remotum

268 3387 354 3432 est
382 3378 858 3448 quamplurimum
896 3396 1064 3450 genus
1098 3381 1412 3444 humanum,
1466 3394 1650 3435 veram
1686 3381 1846 3436 ﬁdem

267 3472 484 3542 publice
508 3471 740 3537 fatetur;
773 3472 928 3528 subdi
951 3473 1111 3543 lignis
1137 3481 1192 3525 et
1221 3472 1502 3541 lapidibus,
1524 3472 1607 3527 vel
1632 3472 1849 3528 cuilibet

267 3566 537 3620 creaturis
565 3566 763 3620 renuit.
807 3565 1046 3620 Securus
1078 3581 1207 3636 ergo
1235 3562 1348 3631 jam
1381 3564 1697 3633 prophetam
1727 3565 1848 3633 qui-

266 3656 400 3710 libet
419 3657 473 3710 in
498 3656 602 3710 ﬁde
622 3656 830 3725 positus
858 3655 1124 3718 consulet,
1157 3655 1282 3723 quia
1314 3655 1415 3708 hoc
1437 3655 1719 3710 auditurus
1739 3663 1843 3717 est,

265 3748 408 3816 quod
437 3747 630 3802 audire
657 3747 869 3802 ﬁdelem
898 3746 1074 3800 decet.
1115 3745 1374 3800 Fidenter
1419 3746 1627 3811 dicam,
1691 3745 1737 3800 si
1777 3747 1845 3800 ab

265 3838 622 3893 immunditiis
661 3845 824 3907 atque
877 3851 907 3890 a
943 3836 1126 3907 pravis
1163 3837 1466 3891 actionibus
1500 3837 1840 3902 recessisset,

262 3945 490 3985 securus
509 3936 677 3993 esset,
705 3944 830 3982 nam
863 3945 985 3984 eum
1016 3927 1216 3983 Paulus
1245 3929 1494 3999 egregius
1521 3928 1843 3997 praedicator

263 4021 463 4074 clamet
490 4028 537 4072 et
579 4019 803 4072 avaritia
841 4033 958 4088 qua:
993 4026 1069 4070 est
1109 4016 1370 4070 idolorum
1398 4017 1640 4080 servitus,
1690 4017 1841 4085 quis-

261 4113 384 4182 quis
405 4111 585 4166 adhuc
609 4110 854 4164 avaritia:
881 4107 1160 4178 subjectus
1188 4115 1270 4162 est
1287 4147 1302 4172 ,
1337 4123 1368 4161 a
1390 4107 1535 4163 cultu
1570 4107 1837 4168 idolorum

256 4205 396 4259 liber
435 4218 543 4257 non
594 4208 700 4256 est.
756 4199 815 4255 Si
839 4215 972 4272 ergo
1019 4201 1141 4264 hic,
1212 4201 1306 4268 qui
1337 4199 1581 4254 avaritiae
1615 4199 1836 4253 aestibus

256 4296 475 4352 anhelat
514 4297 582 4350 in.
621 4294 726 4349 ﬁde
771 4294 988 4363 quidem
1038 4293 1245 4363 positus
1295 4306 1414 4346 esse
1448 4289 1692 4356 videtur,
1741 4289 1835 4344 sed

2030 3195 2391 3267 Veneruntqae
2412 3199 2582 3251 nuntii
2604 3209 2652 3251 et
2675 3199 3034 3256 indicaverunt
3071 3202 3325 3274 Iosophat
3349 3205 3527 3260 dicen-

1952 3296 2047 3353 trs,
2086 3287 2233 3342 Venit
2255 3301 2436 3342 contra
2463 3298 2512 3342 te
2540 3289 2819 3346 multitudo
2849 3309 3041 3363 magna
3069 3294 3135 3348 de
3155 3295 3237 3349 his
3260 3296 3386 3352 locis
3408 3315 3525 3369 qua:

1949 3388 2096 3432 trans
2144 3396 2288 3433 mare
2317 3389 2456 3445 sunt,
2489 3392 2538 3434 et
2567 3381 2631 3435 de
2671 3379 2851 3452 Syria,
2899 3394 2947 3438 et
2985 3402 3100 3440 ecce
3142 3389 3428 3444 consistunt
3467 3392 3522 3444 in

1949 3467 2381 3535 Asasontltamar,
2403 3486 2522 3541 quia
2546 3481 2622 3525 est
2648 3472 2913 3542 Engaddi.
2947 3475 3120 3531 Trans
3147 3493 3298 3533 mare
3313 3480 3515 3546 dicens,

1948 3559 2282 3615 demonstrat
2323 3559 2440 3615 loca
2461 3562 2563 3616 illa
2612 3577 2718 3617 non
2759 3579 2880 3633 quae
2929 3565 3068 3620 ultra
3103 3582 3255 3624 mare
3286 3569 3520 3640 Tyrrhe-

1946 3666 2096 3717 num,
2127 3653 2220 3706 sed
2250 3666 2314 3706 ea
2342 3667 2461 3722 qua:
2483 3654 2623 3709 ultra
2659 3669 2808 3709 mare
2834 3655 3140 3712 Salinarum
3166 3661 3340 3728 posita
3372 3672 3514 3727 sunt,

1945 3743 2086 3809 quod
2116 3750 2171 3798 et
2206 3741 2340 3797 alias
2391 3751 2638 3815 stagnum
2683 3744 2997 3816 Asphaltide
3039 3749 3153 3804 sive
3199 3767 3349 3806 mare
3384 3752 3518 3806 Mor-

1944 3841 2092 3885 tuum
2116 3833 2444 3900 nominatur,
2468 3835 2558 3889 ubi
2572 3833 2821 3891 Iordanis
2849 3836 3040 3892 inﬂuit.
3059 3838 3212 3906 Quod
3236 3852 3413 3897 autem
3444 3843 3518 3899 dio

1941 3923 2017 3976 cit
2043 3923 2234 3978 hostile
2273 3939 2466 3995 agmen
2509 3928 2810 3983 consistere
2835 3929 2890 3982 in
2919 3928 3364 4001 Asasonthamar,
3398 3951 3518 4004 qum

1939 4023 2023 4066 est
2044 4013 2304 4083 Engaddi.
2329 4016 2566 4086 Engaddi
2591 4017 2644 4072 in
2669 4018 2810 4073 tribu
2838 4028 2922 4074 est
2947 4017 3102 4086 Juda,
3125 4023 3215 4078 ubi
3235 4024 3514 4082 abscondi-

1941 4114 2026 4159 tus
2063 4116 2147 4160 est
2163 4107 2328 4161 David
2357 4108 2411 4162 in
2441 4108 2750 4176 solitudine,
2801 4127 2920 4182 quae
2948 4121 3031 4167 est
3055 4113 3107 4167 in
3133 4114 3344 4172 Aulone
3375 4116 3514 4174 Ieri-

1937 4197 2059 4261 cho,
2093 4198 2193 4252 hoc
2221 4206 2323 4262 est,
2356 4199 2410 4254 in
2461 4200 2678 4270 regione
2715 4203 3004 4272 campestri
3036 4223 3047 4258 :
3079 4216 3304 4262 vocatur
3332 4220 3510 4266 autem

1937 4306 2108 4360 usque
2137 4293 2296 4347 hodie
2332 4293 2485 4348 vicus
2535 4296 2856 4364 pergrandis-
2882 4295 3188 4352 Iudaeorum
3235 4299 3508 4373 Engadda,

255 4389 431 4444 aliena
479 4389 648 4442 ambit
698 4387 983 4456 accipere,
1048 4390 1282 4443 honores
1335 4387 1520 4442 mundi
1557 4386 1833 4442 desiderat
1862 4445 1907 4458 λ
1932 4385 2084 4453 juxta
2120 4398 2270 4436 mare
2304 4384 2593 4451 Mortuum,
2615 4386 2757 4441 unde
2785 4397 2837 4441 et
2861 4389 3264 4458 opobalsamum
3292 4394 3511 4450 venitet

255 4479 711 4550 comprehendere
735 4519 749 4545 ,
837 4479 1144 4548 habereque
1197 4479 1544 4548 temporalem
1604 4479 1828 4548 gloriam

252 4571 609 4639 concupiscit,
659 4579 824 4637 atque
851 4569 918 4621 de
953 4569 1055 4622 hac
1091 4567 1278 4621 eadem
1309 4567 1478 4636 gloria
1509 4570 1825 4636 pr0phetam

251 4662 534 4716 consulat.
570 4660 780 4729 justum
814 4658 970 4714 valde
1007 4665 1092 4713 est
1131 4673 1199 4713 ex
1246 4657 1416 4727 eulpae
1446 4672 1557 4712 sua:
1583 4659 1827 4712 meritos

249 4754 526 4822 prophetae
571 4767 665 4808 ore
693 4765 951 4823 prospera
1003 4766 1108 4805 non
1163 4750 1380 4814 audiat,
1430 4759 1700 4820 quatenus
1735 4751 1824 4819 qui

249 4843 412 4896 verba
436 4842 530 4897 Dei
560 4845 749 4898 audire
771 4845 824 4897 in
859 4859 1020 4898 sacro
1049 4843 1264 4913 eloquio
1301 4843 1502 4905 noluit,
1527 4852 1587 4896 ut
1612 4851 1824 4897 terrena

247 4931 572 5001 despiceret,
602 4932 846 4988 cmlestia
863 4934 1136 4996 ambiret,
1167 4933 1296 4988 illud
1322 4932 1503 4988 divino
1523 4921 1728 5003 judicio
1754 4950 1820 4989 ex

245 5022 523 5092 propheta:
550 5037 646 5077 ore
683 5025 888 5086 audiat,
919 5025 1062 5078 unde
1092 5022 1323 5092 amplius
1349 5024 1619 5095 obligatus
1641 5026 1818 5090 cadat,

244 5125 304 5169 ut
338 5115 464 5170 dum
483 5127 580 5185 spe
602 5121 834 5170 terrenae
857 5115 1039 5185 gloriae
1077 5115 1376 5172 delectatus
1420 5119 1677 5187 pascitur,
1708 5120 1822 5174 suis

243 5204 528 5262 desideriis
553 5205 621 5259 ad
649 5205 757 5258 ima
785 5207 998 5275 semper
1022 5205 1268 5266 ducatur.
1308 5205 1490 5276 Neque
1515 5217 1694 5262 autem
1727 5209 1820 5261 ho-

243 5316 344 5354 nus
369 5297 457 5353 ille
488 5295 592 5351 fuit
621 5296 844 5366 spiritus
873 5335 887 5359 ,
933 5296 1024 5364 qui
1068 5297 1294 5350 mendax
1345 5311 1466 5352 esse
1499 5297 1722 5368 appetiit
1762 5299 1817 5352 in

241 5404 334 5443 ure
359 5388 758 5459 prophetarum.
801 5384 954 5442 Unde
982 5387 1326 5455 praemissum
1358 5396 1472 5452 est,
1516 5389 1641 5458 quia
1660 5405 1816 5444 exer-

240 5479 380 5531 citus
412 5478 537 5534 caeli
579 5478 730 5533 stetit
773 5491 805 5532 a
845 5476 1051 5531 dextris
1073 5485 1131 5530 et
1169 5493 1197 5530 a
1223 5477 1460 5533 sinistris
1488 5478 1628 5546 eius.
1669 5480 1811 5536 Deus

239 5569 405 5629 c-zim.
438 5571 530 5638 qui
561 5569 1023 5637 incircumscripta
1055 5575 1138 5621 est
1166 5567 1385 5631 veritas,
1415 5569 1470 5623 in
1503 5569 1590 5623 illa
1612 5579 1813 5625 mterna

240 5661 568 5734 beatitudine
599 5677 719 5731 quae
753 5661 943 5718 dextra
991 5658 1106 5727 ejus
1144 5659 1341 5715 dicitur
1381 5660 1659 5716 sinistram
1689 5679 1795 5718 non

1861 4445 1913 4505 D

1941 4477 2008 4530 ibi
2057 4484 2185 4531 sunt
2233 4477 2404 4532 vincte
2451 4493 2588 4546 quas
2624 4477 2866 4548 Engaddi
2915 4478 3168 4536 Salomon
3213 4493 3502 4555 nuncupat.

1937 4569 2009 4622 De
2062 4569 2166 4624 hoc
2218 4569 2335 4638 pari
2381 4570 2542 4625 modo
2596 4568 2864 4640 Iosephus
2915 4571 3102 4640 relert,
3170 4576 3356 4632 dicens
3412 4592 3505 4635 cos

1933 4665 2111 4711 castra
2169 4659 2412 4728 posuisse
2466 4659 2604 4730 apud
2662 4659 2832 4715 Gaddi
2880 4662 3187 4733 civitatem,
3253 4683 3374 4738 qua:
3424 4680 3504 4727 est

1932 4750 2074 4805 circa
2127 4750 2377 4819 paludem
2421 4750 2812 4820 Asphaltidem,
2866 4757 3120 4811 trecentis
3169 4759 3356 4816 stadiis
3381 4776 3504 4831 pro-

1930 4839 2016 4892 cul
2069 4841 2140 4894 ab
2182 4839 2542 4906 Ierosolimis,
2590 4841 2643 4894 in
2673 4855 2778 4910 qua
2823 4846 3067 4900 nascitur
3106 4849 3284 4917 palma
3313 4851 3503 4920 praci-

1923 4945 2030 4999 pua
2055 4940 2111 4985 et
2132 4930 2538 5001 opobalsamum
2569 4948 2584 4986 :
2615 4931 3008 4990 Thamarenim
3032 4937 3208 5006 palma
3236 4941 3500 5014 interpre-

1928 5029 2092 5075 tatur.

1994 5111 2249 5181 Iosophat
2270 5121 2446 5170 autem
2467 5113 2652 5167 timore
2684 5117 2990 5185 perterritus
3016 5129 3182 5175 totum
3207 5139 3262 5177 se
3281 5124 3496 5180 contulit

1923 5201 1992 5254 ad
2019 5200 2311 5270 rogandum
2356 5201 2658 5269 Dominum,
2689 5213 2736 5257 ct
2780 5207 3085 5274 pradicavit
3137 5211 3407 5283 jejunium
3443 5216 3498 5270 in

1924 5296 2160 5348 uniuerso
2201 5292 2368 5348 Iuda.
2417 5292 2877 5369 Congregatusque
2922 5311 2997 5353 est
3026 5299 3198 5356 Iudas
3221 5305 3290 5357 ad
3325 5305 3498 5360 decre-

1921 5385 2146 5440 candum
2172 5384 2472 5450 Dominum,
2501 5387 2591 5439 sed
2612 5396 2662 5441 et
2684 5404 2861 5442 omnes
2883 5390 2948 5444 de
2974 5391 3188 5447 urbibus
3208 5395 3321 5448 suis
3344 5411 3492 5450 vene-

1925 5487 2044 5531 runt
2086 5477 2155 5530 ad
2202 5478 2578 5532 obsecrandum
2614 5479 2916 5535 Dominum.
2970 5481 3204 5555 Cumque
3273 5489 3495 5542 stetisset

1920 5567 2176 5636 Iosaphat
2199 5569 2253 5621 in
2275 5567 2444 5622 medio
2464 5578 2596 5622 ca'tu
2625 5568 2784 5624 Iader
2803 5582 2851 5624 et
2875 5570 3224 5639 Hierusalem,
3257 5577 3312 5630 in
3338 5576 3494 5629 domo

1925 5659 2133 5714 Domini
2165 5669 2286 5714 ante
2308 5662 2502 5715 atrium
2541 5676 2751 5727 novum,
2781 5663 2854 5716 ait
2895 5679 2912 5714 :
2940 5663 3177 5731 Domine,
3217 5664 3360 5720 Deus
3401 5684 3491 5736 pa-
