3870 6146
267 468 370 525 ιω

1143 464 1493 522 ΕΟΜΜΕΝΤ.
1530 463 1599 520 IN
1635 463 2184 521 PARALIPOMENA.
2223 494 2291 505 —
2326 464 2451 520 LIB.
2493 463 2580 520 IV.

3415 473 3515 528 ωδ

268 595 403 634 trum
443 586 762 641 nostrorum,
806 584 863 629 tu
913 591 967 630 es
1002 575 1142 631 Deus
1185 577 1240 632 in
1269 575 1418 641 celo,
1467 586 1515 631 et
1554 576 1842 632 dominaris
1875 582 1923 640 Α
1946 577 2255 633 nedictionis
2283 594 2441 650 usque
2470 578 2524 633 in
2542 588 2848 649 prwscntem
2880 578 3038 634 diem.
3069 577 3422 656 Reuersusque
3446 602 3522 643 est

268 672 467 724 ι-ηηειὶε
506 669 678 739 regnis
701 668 955 739 gentium,
1001 668 1057 723 in
1103 684 1261 723 nmnu
1287 679 1387 723 tua
1408 679 1485 725 est
1512 670 1767 741 fortitudo
1795 680 1844 726 et

264 762 514 832 potentia,
588 775 679 814 nec
729 759 1005 830 quisquam
1053 761 1146 814 tibi
1186 770 1351 832 potest
1414 762 1673 828 resistere,
1728 773 1836 819 etc.

265 852 473 908 Atrium
509 867 711 907 novum
761 852 936 920 ipsum
978 853 1235 921 templum
1281 853 1517 909 Domini.
1546 854 1761 910 Atrium
1791 857 1844 912 id

266 941 523 1006 nominat,
562 956 639 996 eo
652 941 792 1011 quod
819 938 1081 1011 Josaphat
1106 958 1196 997 rex
1231 943 1301 999 ab
1324 943 1574 1001 omnibus
1611 946 1845 1000 immun-

265 1031 411 1088 ditiis
462 1030 663 1102 quibus
712 1029 1033 1087 idololatriae
1100 1047 1257 1103 reges
1326 1032 1457 1093 illud
1513 1035 1841 1105 polluerant,

263 1120 614 1186 cmundabat,
660 1130 714 1176 et
746 1120 826 1176 sic
869 1121 1071 1176 atrium
1101 1123 1244 1192 quod
1266 1124 1416 1193 prius
1439 1126 1713 1195 peccando
1746 1124 1840 1180 ﬁlii

262 1213 427 1270 Israel
474 1221 630 1269 vetus
657 1211 921 1279 fecerant,
955 1221 1082 1269 tunc
1119 1214 1431 1283 paenitendo
1459 1215 1525 1272 ad
1553 1217 1842 1288 pristinam

263 1306 557 1361 novitatem
601 1305 952 1359 reduxerant.
999 1303 1154 1372 Quod
1207 1313 1387 1360 autem
1433 1306 1566 1362 dicit
1597 1306 1844 1363 Jahaziel

260 1396 521 1467 propheta
552 1395 753 1449 missus
789 1394 856 1449 ad
884 1391 1183 1464 Josaphat:
1215 1393 1393 1450 Nolite
1413 1396 1592 1451 timere
1622 1412 1713 1463 nec
1748 1414 1842 1467 pa-

262 1485 419 1541 rcatis
440 1486 578 1539 hanc
599 1483 1011 1549 multitudinem,
1035 1499 1141 1538 non
1163 1492 1239 1539 est
1274 1485 1413 1540 enim
1441 1497 1612 1543 vestra
1639 1503 1836 1558 pugna,

257 1578 349 1633 sed
384 1575 484 1631 Dei
514 1592 533 1630 :
555 1590 672 1630 cras
700 1574 1020 1630 descendetis
1042 1583 1228 1629 contra
1255 1590 1345 1630 eos
1360 1592 1380 1642 ;
1405 1576 1676 1631 ascensuri
1701 1579 1840 1631 enim

262 1678 379 1725 sunt
399 1667 590 1724 clivum
620 1667 829 1722 nomine
862 1666 975 1732 Sis,
1010 1675 1060 1722 et
1090 1667 1364 1722 invenietis
1393 1665 1513 1722 illos
1541 1665 1597 1721 in
1618 1668 1840 1721 summi-

262 1771 365 1817 tate
398 1759 665 1824 torrentis,
692 1758 782 1830 qui
807 1767 884 1813 est
905 1768 1091 1813 contra
1130 1758 1466 1817 solitudinem
1505 1758 1710 1824 Israel;
1737 1776 1840 1813 non

258 1854 405 1910 eritis
439 1868 526 1908 vos
546 1851 636 1924 qui
659 1850 999 1918 dimicabitis,
1030 1848 1120 1906 sed
1146 1849 1507 1906 tantummodo
1520 1850 1842 1921 conﬁdenter

1946 671 2113 722 omnis
2136 669 2216 724 vir
2237 666 2405 736 Iuda,
2436 679 2484 724 et
2504 669 2825 725 habitatores
2849 667 3168 739 Jerusalem,
3192 683 3240 729 et
3262 674 3520 746 Iosophat

1944 769 2067 813 ante
2090 776 2198 825 eos,
2234 761 2289 815 in
2320 758 2674 827 Hierusalem,
2700 781 2819 819 cum
2850 767 3034 821 ltetitia
3055 784 3269 839 magna,
3300 788 3359 827 eo
3378 774 3520 843 quod

1944 847 2170 903 dedisset
2199 849 2275 904 eis
2305 849 2558 904 Dominus
2579 853 2832 922 gaudium
2875 855 2939 910 de
2967 857 3192 914 inimicis
3214 861 3349 916 suis.
3379 862 3521 931 Quid

1942 947 2028 993 est
2067 940 2209 1009 quod
2251 938 2510 1013 Iosophat
2541 952 2594 998 et
2641 941 2737 998 ﬁlii
2772 945 2934 1002 Israel
2979 958 3247 1005 venerunt
3266 954 3520 1025 colligere

1943 1027 2115 1098 spolia
2143 1028 2572 1097 interfectorum,
2606 1042 2658 1087 ct
2688 1050 2785 1104 per
2828 1043 2937 1092 tres
2982 1037 3097 1093 dies
3139 1041 3254 1097 haec
3294 1058 3521 1116 congre~

1942 1127 2223 1190 gaverunt,
2274 1121 2377 1176 nisi
2430 1122 2573 1193 quod
2612 1124 2783 1179 sancti
2838 1127 3085 1184 doctores
3142 1145 3270 1186 cum
3323 1142 3518 1191 eadem

1942 1208 2098 1264 turba
2142 1209 2401 1279 ﬁdelium,
2458 1212 2772 1284 colligentes
2814 1214 2881 1269 de
2926 1231 3515 1287 supermemoratorum

1941 1299 2179 1354 hostium
2212 1302 2419 1372 spoliis,
2448 1304 2707 1375 quidquid
2736 1306 2799 1360 de
2822 1306 3067 1377 physica,
3093 1310 3293 1375 etbica,
3316 1311 3515 1385 logica,

1940 1384 2188 1458 legendo,
2237 1390 2544 1457 scribendo,
2592 1399 2647 1447 et
2688 1393 2933 1450 docendo
2958 1396 3163 1452 utiliter
3210 1400 3517 1469 ediderunt,

1938 1494 2038 1549 per
2070 1489 2271 1537 sanctae
2297 1481 2576 1538 Trinitatis
2604 1482 2783 1550 ﬁdem,
2809 1485 2862 1539 in
2898 1503 3053 1545 usum
3085 1491 3248 1549 totius
3282 1493 3520 1551 salubri-

1942 1574 2027 1621 ter
2058 1578 2380 1625 convertunt
2412 1566 2688 1638 Ecclesiae,
2745 1582 2801 1628 ut
2827 1578 2972 1646 quod
3013 1576 3198 1647 iniusti
3226 1596 3515 1653 possesso-

1940 1673 2028 1715 res
2095 1669 2318 1733 propter
2361 1662 2737 1720 inﬁdelitatem
2779 1667 2960 1725 cordis
2988 1684 3198 1737 eorum,
3241 1673 3516 1732 sine-ullo

1939 1750 2132 1809 salutis
2155 1767 2265 1807 suae
2290 1754 2550 1820 remedio,
2581 1754 2872 1822 habebant,
2902 1758 3006 1813 hoc
3029 1760 3118 1830 pie
3147 1761 3200 1816 in
3227 1761 3519 1822 Dominum

1940 1844 2243 1911 credentes,
2276 1842 2629 1918 sanctamque
2656 1848 2972 1922 religionem
2987 1851 3218 1910 fideliter
3242 1862 3516 1927 tenentes,

259 1955 411 2013 state,
462 1954 513 2000 et
545 1944 781 2001 uidebitis
829 1944 1090 2000 auxilium
1122 1944 1334 2019 Domini
1373 1962 1530 2018 super
1569 1963 1679 2012 vos,
1728 1955 1833 2002 etc.
1872 1931 1913 1990 Β
1942 1936 2007 1991 ad
2030 1936 2318 1992 δίὶηίιὶιῑεηι
2368 1938 2672 1999 animarum
2726 1954 2945 2015 suam“?
2991 1954 3307 2014 perpetuam
3342 1949 3520 2020 9055i-

259 2037 519 2094 Eumdem
555 2037 734 2092 locum
783 2035 995 2091 Hebraei
1035 2045 1322 2095 autumant
1366 2052 1491 2095 esse
1522 2037 1720 2109 clivum
1752 2037 1840 2095 Sis

260 2129 411 2200 quasi
436 2126 780 2184 solitudinem
810 2124 991 2183 Jeruel
1018 2147 1031 2182 :
1057 2128 1244 2184 dicunt
1261 2129 1406 2185 enim
1432 2131 1575 2201 quod
1605 2130 1712 2197 Sis,
1737 2131 1840 2187 hoc

258 2227 342 2274 est
387 2216 522 2273 lebes
561 2218 677 2273 sive
713 2217 841 2283 olla,
900 2217 1021 2275 ideo
1066 2230 1407 2292 nuncupatus
1446 2223 1537 2289 sit,
1589 2238 1653 2279 eo
1695 2224 1838 2294 quod

257 2309 490 2382 plurima
516 2308 590 2364 ibi
637 2308 931 2369 multitudo
956 2310 1196 2368 hostium
1224 2314 1501 2370 conscissa
1524 2324 1638 2371 est:
1686 2324 1743 2371 et
1770 2315 1839 2370 ob

260 2400 361 2455 hoc
385 2399 565 2455 Jeruel
590 2400 984 2473 interpretatur
1008 2403 1166 2459 timor
1200 2403 1320 2470 Dei,
1364 2404 1493 2477 quia
1518 2407 1587 2463 de
1607 2406 1836 2465 manife-

258 2501 342 2547 sto
362 2491 562 2548 auxilio
594 2492 690 2548 Dei
721 2492 865 2563 quod
890 2495 1118 2551 contulit
1151 2498 1491 2568 sperantibus
1524 2498 1580 2557 in
1609 2515 1688 2566 se,
1741 2504 1838 2571 pa-

258 2597 357 2637 vor
375 2582 612 2653 undique
641 2580 960 2656 alienigenis
1006 2586 1151 2642 circa
1181 2584 1422 2644 Judaeum
1467 2589 1839 2646 habitantibus

259 2672 515 2727 excrevit.
545 2671 770 2745 Mystice
802 2683 983 2730 autem
1021 2686 1135 2731 tres
1163 2676 1238 2732 ibi
1268 2677 1505 2733 hostium
1523 2680 1703 2748 cunei,
1733 2680 1840 2737 hoc

260 2769 362 2828 est,
387 2761 770 2831 Moabitarum,
800 2775 855 2820 et
894 2765 1327 2823 Ammonitarum
1378 2776 1539 2839 atque
1578 2769 1840 2826 Idumaeo-

259 2865 398 2919 rum,
431 2852 696 2925 triplicem
717 2862 988 2910 catervam
1017 2855 1324 2929 signiﬁcant
1352 2858 1609 2927 hostium,
1640 2867 1693 2916 et
1715 2875 1838 2931 per-

261 2953 572 3000 secutorum
621 2955 824 3002 sanctae
864 2945 1156 3015 Ecclesize;
1220 2963 1555 3022 paganorum
1607 2952 1833 3019 scilicet,

257 3034 582 3105 Judmorum,
618 3045 782 3109 atque
834 3038 1236 3107 haereticorum,
1284 3042 1376 3113 qui
1421 3043 1590 3113 gratis
1637 3044 1837 3100 bellum

257 3127 495 3182 excitant
530 3126 798 3196 ﬁdelibus,
830 3137 887 3186 et
913 3143 1107 3186 nomen
1139 3130 1342 3188 Christi
1372 3132 1533 3188 simul
1556 3150 1679 3191 cum
1713 3134 1838 3191 reli-

257 3219 419 3291 gione
450 3219 762 3277 Christiana
803 3221 1018 3279 auferre
1048 3226 1401 3281 contendunt.
1436 3225 1542 3285 Sed
1577 3226 1839 3301 Josaphat

262 3311 545 3380 mysticus,
575 3313 677 3368 hoc
713 3320 797 3368 est
823 3313 1080 3370 Ecclesiae
1105 3315 1356 3387 populus,
1384 3332 1491 3375 non
1521 3320 1689 3376 armis
1717 3336 1839 3377 cor-

256 3401 553 3470 poralibus,
614 3405 710 3461 sed
750 3405 1126 3476 spiritualibus
1156 3408 1417 3466 adversus
1462 3427 1558 3468 eos
1576 3412 1843 3471 dimicare

258 3502 545 3564 μωρίη-λι.
593 3494 800 3553 Insistit
834 3498 1003 3569 Aenim
1061 3500 1316 3572 precibus
1343 3510 1399 3556 et
1439 3502 1633 3559 intimo
1659 3504 1844 3560 cordis

259 3598 382 3646 voto
410 3606 702 3663 supernum
727 3596 923 3666 quierit
962 3595 1312 3665 adiutorium,
1360 3604 1421 3653 ut
1461 3597 1581 3670 ipse
1633 3597 1700 3655 de
1733 3613 1841 3670 quo

258 3684 517 3756 scriptum
545 3694 647 3751 est,
669 3686 923 3742 Dominus
946 3686 1121 3757 fortis,
1145 3688 1399 3747 Dominus
1424 3702 1606 3762 potens
1632 3693 1687 3748 in
1706 3709 1843 3765 pra:-

259 3774 359 3842 lio,
396 3776 655 3833 Dominus
685 3788 958 3835 conterens
1001 3779 1156 3847 bella,
1187 3780 1446 3837 Dominus
1473 3799 1661 3838 nomen
1683 3784 1763 3850 ei,
1788 3791 1843 3840 et

258 3873 402 3937 alibi,
450 3870 643 3929 Portas
667 3874 999 3937 inimicorum
1034 3875 1258 3943 obsidet,
1305 3886 1353 3932 et
1394 3887 1569 3933 castra
1613 3876 1842 3932 hostium

258 3962 365 4033 ipse
391 3963 659 4031 subuertit,
709 3967 973 4034 superbos
999 3965 1270 4033 liumiliet,
1328 3979 1386 4022 et
1413 3974 1697 4037 protervos
1745 3982 1842 4038 op-

256 4055 480 4124 primat,
511 4063 671 4125 atque
692 4053 1037 4112 conﬁdentes
1054 4058 1113 4115 in
1159 4066 1239 4135 se,
1272 4073 1302 4112 a
1346 4058 1558 4114 cunctis
1587 4059 1843 4130 periculis

255 4153 525 4218 protegat.
574 4144 713 4214 Quid
745 4146 887 4202 enim
918 4146 1060 4203 aliud
1088 4146 1216 4205 facit
1242 4148 1482 4220 quotidie
1514 4148 1844 4205 ecclesiasti-

257 4251 355 4299 cus
388 4238 548 4305 ordo,
590 4245 753 4310 atque
789 4238 1078 4294 universus
1132 4249 1307 4296 cmtus
1335 4239 1592 4306 ﬁdelium,
1632 4241 1734 4298 nisi
1766 4242 1842 4313 ad

256 4327 433 4383 instar
459 4326 720 4399 )osaphat
754 4344 1006 4385 sermone
1035 4329 1348 4387 admonitus
1391 4322 1733 4404 prephetico,
1760 4334 1844 4389 in-

255 4426 422 4473 vocat
474 4417 765 4475 Dominum
826 4426 945 4476 tota
968 4420 1134 4475 animi
1170 4419 1493 4489 intentione,
1522 4421 1709 4481 laudat
1753 4423 1842 4494 pia

252 4508 615 4566 confessionis
636 4525 791 4576 voce,
810 4510 992 4582 psallit
1028 4512 1171 4569 bona
1202 4514 1540 4584 operatione,
1572 4514 1842 4585 patienter

252 4607 584 4669 exspectans
599 4613 893 4672 supernum
913 4601 1177 4674 judicium
1192 4612 1356 4674 atque
1376 4618 1533 4675 opem
1559 4605 1842 4661 divinam?

256 4688 415 4745 Unde
443 4690 566 4759 pius
588 4690 791 4745 arbiter
817 4693 1156 4749 exaudiendo
1184 4685 1482 4752 clamantes
1514 4695 1580 4751 ad
1607 4710 1685 4762 se,
1710 4695 1844 4753 libe-

250 4789 368 4846 rat,
392 4787 558 4851 atque
596 4780 823 4841 insidias
858 4782 1093 4839 hostium
1133 4782 1187 4840 in
1228 4787 1507 4857 proprium
1533 4796 1696 4859 caput
1721 4802 1846 4844 con-

246 4870 457 4937 vertit;
491 4871 569 4926 ita
601 4880 664 4927 ut
688 4872 1185 4943 ipsatemulatione,
1239 4892 1344 4947 qua
1372 4877 1440 4932 ad
1474 4877 1843 4935 innocentium

245 4974 450 5015 necem
486 4961 952 5032 conspiravernnt,
992 4965 1310 5036 semetipsos
1338 4966 1570 5022 invicem
1616 4967 1839 5035 lanient,

241 5060 312 5106 et
338 5051 407 5107 ad
420 5060 722 5107 extremum
736 5053 1005 5124 gehennae
1035 5055 1362 5113 cruciatibus
1388 5065 1441 5112 et
1466 5059 1627 5113 morti
1649 5074 1844 5130 perpe-

238 5152 366 5197 tute
387 5141 690 5195 tradantur.
1117 5160 1121 5165 ·

343 5231 493 5287 Venit
514 5250 641 5304 ergo
666 5232 949 5309 Iosophat,
993 5246 1042 5291 et
1070 5238 1240 5294 omnis
1259 5240 1483 5312 populus
1521 5258 1641 5296 cum
1660 5260 1721 5297 eo
1775 5241 1844 5297 ad

232 5325 586 5381 detrahenda
630 5324 798 5397 spolia
848 5335 1213 5394 mortuorum;
1255 5329 1663 5403 inveneruntque
1709 5333 1848 5390 inter
1949 5321 2218 5396 dispertit-

231 5415 513 5472 tadarera
574 5418 775 5471 variam
836 5417 1209 5488 supellcctilem
1234 5459 1250 5484 ,
1302 5429 1465 5475 vestes
1520 5437 1745 5493 quoque,
1796 5431 1845 5477 et

228 5522 389 5571 rasa
409 5507 809 5577 pretiosissima,
835 5517 883 5561 et
940 5507 1292 5579 diripuerunt,
1328 5510 1402 5565 ita
1430 5520 1486 5565 ut
1513 5513 1687 5567 omnia
1726 5530 1846 5584 por-

224 5608 377 5654 dare
397 5614 499 5652 non
525 5608 753 5670 possent,
781 5616 875 5653 nec
902 5616 994 5669 per
1020 5609 1120 5655 tres
1160 5600 1271 5657 dies
1292 5601 1459 5673 spolia
1496 5602 1706 5672 auferre
1730 5621 1842 5675 pra:

1943 2029 2124 2084 deant.
2175 2029 2326 2087 Unde
2364 2032 2501 2088 bene
2547 2033 2798 2091 convenit
2834 2034 2982 2104 quod
3026 2036 3241 2102 dicitur,
3276 2042 3422 2110 quod
3461 2043 3516 2098 in

1940 2134 2135 2192 quarto
2183 2124 2270 2181 die
2311 2127 2626 2198 congregati
2667 2134 2797 2185 sunt
2834 2126 2892 2183 in
2932 2127 3066 2185 valle
3091 2128 3514 2203 Benedictionis,

1940 2215 2010 2270 ad
2040 2215 2463 2285 benedicendum
2492 2216 2823 2285 Dominum,
2864 2218 3403 2290 sicqueintroierint
3453 2226 3513 2281 in

1942 2303 2299 2373 Hierusalem,
2327 2320 2451 2365 cum
2477 2305 2665 2363 hetitia
2684 2324 2909 2381 magna.
2932 2308 3101 2369 Vallis
3118 2313 3269 2373 enim
3280 2312 3516 2373 Benedi-

1939 2396 2135 2454 ctionis
2167 2398 2441 2457 humilitas
2480 2407 2688 2456 sanctas
2725 2400 2980 2463 Ecclesiae
2996 2412 3093 2461 est
3118 2405 3212 2467 ubi
3244 2406 3519 2480 condigne

1940 2487 2124 2544 laudes
2144 2488 2255 2544 Deo
2297 2490 2537 2560 quotidie
2568 2491 2947 2559 decantantur,
2992 2494 3060 2551 de
3091 2511 3199 2566 quo
3228 2497 3285 2557 in
3308 2498 3519 2569 psalmo

1940 2578 2015 2632 ita
2046 2578 2308 2648 scriptum
2339 2588 2425 2634 cst
2450 2597 2464 2634 :
2496 2578 2679 2637 Induti
2704 2592 2825 2653 sunt
2851 2583 3040 2641 arietes
3064 2586 3263 2654 θρίω»,
3286 2597 3335 2643 et
3360 2588 3519 2647 salies

1939 2667 2281 2725 abundabunt
2336 2668 2602 2739 frumento
2629 2684 2648 2722 :
2677 2670 3001 2743 clamabunt,
3030 2676 3223 2741 etenim
3267 2678 3521 2748 hymnum

1939 2757 2109 2812 dicent
2132 2758 2302 2831 (Psal.
2332 2760 2597 2833 ιιιγΛι).
2621 2759 2721 2829 Qui
2733 2761 2876 2819 enim
2895 2772 3084 2821 sancto
3098 2774 3328 2838 quatuor
3342 2768 3522 2837 Evan—

1937 2849 2202 2921 geliorum
2249 2852 2500 2924 dogmate
2537 2852 2834 2915 instructus
2862 2870 2961 2927 per
3006 2856 3202 2927 ﬁdetn.
3239 2867 3297 2916 et
3344 2862 3520 2934 bapti-

1939 2956 2118 2996 smum
2159 2941 2227 2997 ad
2273 2942 2775 3020 unitatemsanctte
2824 2946 3073 3017 pervenit
3124 2947 3407 3016 Ecclesiae,
3444 2950 3518 3007 ibi

1942 3030 2047 3085 rite
2102 3029 2352 3098 laudans,
2392 3046 2458 3089 ac
2492 3032 2653 3103 digne
2706 3033 2818 3090 Deo
2852 3049 3184 3095 conversaris
3230 3052 3356 3099 cum
3400 3038 3522 3110 ipsa

1940 3132 2116 3179 matre
2166 3123 2407 3181 omnium
2466 3122 2701 3181 ﬁdelium
2770 3126 2977 3183 visione
3022 3128 3174 3197 pacis
3221 3140 3520 3202 perpetuae,

1941 3228 2069 3271 cum
2130 3213 2290 3272 laude
2335 3222 2392 3270 et
2442 3213 2628 3269 laetitia
2682 3216 3014 3288 sempiterna
3068 3217 3297 3287 introire
3341 3235 3523 3278 mere-

1866 3286 1912 3349 C
1942 3296 2132 3361 bitur.

2012 3394 2140 3454 Post
2168 3399 2282 3455 lucc
2307 3397 2424 3455 iniit
2455 3399 2715 3455 amicitias
2751 3399 3010 3472 Josaphat
3056 3417 3153 3458 res
3195 3400 3342 3461 Iuda
3380 3420 3514 3465 cum

1943 3492 2178 3549 Ochozia
2219 3510 2337 3566 rege
2377 3493 2574 3560 Israel,
2606 3494 2759 3567 cujus
2809 3504 2970 3569 auara
3012 3498 3233 3569 fuerunt
3272 3502 3524 3572 pessima.

1941 3580 2011 3636 Et
2037 3584 2296 3656 particeps
2318 3584 2420 3655 fuit
2451 3593 2508 3639 ut
2533 3583 2767 3655 facerent
2793 3603 2951 3647 naves
2975 3603 3093 3658 qua
3117 3589 3257 3645 irent
3273 3590 3332 3645 in
3364 3589 3534 3649 Thar-

1941 3672 2013 3726 sis
2036 3687 2063 3739 ,ﬂ
2083 3672 2422 3745 feceruntque
2441 3672 2660 3730 classem
2682 3675 2741 3729 in
2764 3674 3110 3750 Asiongaber.
3182 3675 3522 3748 Prophetas“

1941 3774 2116 3818 autem
2153 3762 2361 3820 Oliezer
2400 3765 2548 3835 [ilius
2575 3765 2767 3823 Dodau
2793 3766 2859 3822 de
2892 3765 3129 3839 Huresa,
3166 3766 3238 3827 ad
3259 3768 3520 3841 Iosophat

1939 3852 2118 3913 dicens
2143 3868 2163 3909 :
2192 3851 2331 3920 Quia
2356 3856 2587 3910 habuisti
2612 3855 2781 3926 [tedas
2807 3870 2929 3910 cum
2975 3854 3232 3924 aebosia,
3258 3859 3519 3929 percussit

1940 3942 2199 3999 Dominus
2236 3960 2393 4015 opera
2417 3954 2533 4011 tua,
2560 3947 2899 4017 contritaque
2940 3955 3065 4003 sunt
3085 3963 3267 4016 nam,
3291 3964 3385 4005 nec
3420 3965 3522 4020 ρο-

1943 4046 2153 4091 tuerunt
2190 4037 2269 4091 ire
2293 4038 2350 4093 in
2381 4037 2617 4094 Tharsis.
2641 4038 2889 4095 Diximus
2908 4053 3074 4110 supra
3098 4041 3253 4110 quod
3280 4041 3524 4099 societas

1942 4135 1998 4183 et
2018 4116 2256 4183 amicitia
2279 4125 2544 4200 Josaphat
2580 4129 2723 4201 regis
2741 4127 2904 4207 Iuda»,
2934 4144 3059 4185 cum
3083 4130 3315 4202 regibus
3333 4130 3524 4191 Sama-

1943 4217 2060 4282 riae,
2098 4217 2309 4274 illorum
2343 4234 2634 4290 personam
2669 4219 3016 4291 exprimeret,
3040 4221 3136 4291 qui
3184 4222 3254 4279 de
3290 4223 3521 4281 catholi-

1943 4326 2132 4367 corum
2162 4327 2389 4368 numero
2430 4313 2501 4370 ad
2542 4314 2923 4379 haereﬁcorum
2974 4316 3294 4374 sacietatem
3342 4318 3523 4389 aliqua

1944 4402 2299 4463 foederatione
2316 4420 2375 4471 se
2387 4406 2815 4478 compingerent,
2844 4406 2930 4476 cui
2938 4410 3280 4469 usamicitite
3300 4421 3523 4483 pactum

1943 4496 2163 4553 omnino
2186 4494 2295 4553 non
2336 4496 2514 4569 placet
2537 4498 2670 4554 Deo.
2701 4497 2857 4561 Unde
2881 4500 3211 4570 antefertur,
3239 4504 3385 4573 quod
3420 4521 3524 4561 na-

1870 4632 1920 4691 θ
1945 4604 2038 4691 ves
2084 4604 2223 4663 quas
2267 4604 2383 4691 rex.
2409 4588 2547 4691 Iuda
3215 4596 3275 4651 in
3296 4596 3528 4691 _'I‘_harsis

1946 4680 2228 4747 miSerunt,
2272 4682 2327 4741 in
2354 4680 2694 4755 Asiongaber
2728 4683 3139 4750 eontritsmint,
3166 4688 3313 4756 quod
3338 4687 3526 4745 Domi-

1944 4788 2069 4837 nus-
2095 4773 2362 4843 percussit
2390 4788 2559 4845 opera
2607 4789 2817 4841 eurum,
2854 4775 2923 4833 ad
2966 4775 3351 4833 nisis-nandum
3379 4783 3525 4850 quod

1943 4863 2205 4934 quidquid
2224 4864 2281 4919 in
2307 4865 2591 4934 praesentis
2612 4864 2735 4920 vitae
2764 4865 2980 4938 nauigio
3000 4881 3124 4924 cum
3145 4867 3526 4928 haereticorum

1944 4956 2174 5014 concilio
2233 4968 2329 5014 aut
2384 4957 2621 5017 factione
2677 4959 3049 5017 communiter
3089 4960 3287 5031 agitur,
3338 4976 3526 5023 coram

1942 5047 2114 5105 oculis
2165 5047 2260 5104 Dei
2308 5048 2596 5120 displicere
2630 5050 2687 5107 in
2737 5056 2985 5107 extrema
3035 5049 3247 5109 ultione
3283 5052 3529 5111 declamo

1946 5140 2115 5197 bitur.
2167 5139 2324 5199 Unde
2347 5141 2600 5199 Salvator
2627 5142 2691 5199 in
2722 5141 3230 5216 Evangeliodieit-t
3255 5144 3369 5212 Qui
3419 5162 3526 5202 non

1947 5240 2022 5288 est
2037 5248 2275 5300 mecum,
2321 5243 2507 5290 contra
2526 5251 2612 5289 me
2645 5242 2745 5303 est,
2770 5244 2820 5291 et
2845 5235 2937 5307 qui
2954 5235 3273 5309 moeniae?
3298 5252 3523 5294 mecum.

2538 5394 2765 5454 CAPUT
2803 5396 2945 5455 xxr.
3008 5386 3011 5391 ‘
3076 5380 3104 5441 .'

1949 5486 2031 5542 De
2071 5486 2257 5544 Joram
2277 5486 2394 5559 filio
2448 5485 2728 5569 Iosophat,
2742 5499 2805 5545 et
2838 5489 2945 5560 ﬁne
2980 5490 3204 5562 pessimo
3240 5487 3357 5562 vita
3384 5486 3524 5557 ejus.

2023 5597 2279 5654 Dormiuit
2330 5609 2508 5654 amem
2542 5598 2802 5669 Josap‘hat
2859 5614 2980 5653 cum
3028 5595 3263 5669 patribus
3296 5595 3429 5661 suis,
3477 5604 3527 5651 et

221 5688 456 5765 praedm
513 5689 897 5760 magnitudine.
955 5688 1049 5744 Die
1100 5700 1278 5745 autem
1327 5703 1513 5763 quarto
1545 5695 1845 5763 congregati
1949 5687 2180 5759 sepultus
2210 5705 2331 5744 cunt
2355 5690 2434 5744 eis
2473 5690 2529 5743 in
2572 5689 2781 5744 civitate
2818 5688 2990 5742 David
3011 5703 3032 5752 ;
3071 5689 3404 5759 regnavitque
3431 5688 3529 5743 Jo-

219 5786 381 5838 unt
403 5778 459 5833 in
493 5776 627 5833 ualle
647 5776 1055 5843 benedictionis;
1108 5778 1296 5833 etenim
1314 5781 1566 5851 quoniam
1599 5780 1672 5835 ibi
1692 5780 1844 5835 bene-
1951 5796 2066 5834 ram
2084 5779 2227 5849 ﬁlius
2252 5780 2366 5850 ejus
2388 5795 2483 5851 pro
2516 5795 2596 5833 eo.
2634 5778 2737 5845 Qui
2762 5777 2945 5832 habuit
2982 5776 3174 5847 fratres
3205 5776 3343 5848 ﬁlios
3368 5776 3528 5833 losu-

221 5876 504 5933 dixerant
543 5870 789 5937 Domino,
814 5879 1124 5925 vocaverunt
1158 5868 1330 5925 locum
1357 5871 1504 5927 illum
1538 5870 1702 5927 Vallis
1738 5871 1848 5928 Be-
1898 5944 1907 5950 ι
1948 5871 2095 5937 altat,
2120 5871 2367 5924 Asariam
2412 5877 2461 5923 et
2487 5867 2665 5924 lahiel
2687 5877 2736 5925 et
2768 5866 3105 5938 Zachariam,
3130 5878 3178 5924 et
3200 5869 3450 5925 Asariam
3474 5879 3528 5927 et
