3870 6146
271 373 377 430 ωδ

945 364 1004 418 Β.
1044 358 1295 416 RABANI
1333 354 1547 413 MAURI
1584 349 1900 408 ARCHIEP.
1944 344 2250 403 MOGUNT.
2293 341 2574 399 OPERUM
2616 340 2792 395 PARS
2827 339 2846 393 ι

3398 334 3502 389 ωδ

274 483 524 547 Michael,
558 490 603 535 et
630 477 948 549 Saphaziam
974 488 1187 528 :omnes
1214 472 1269 526 hi
1296 469 1395 540 filii
1420 467 1677 537 Iosophat
1700 463 1831 535 regis
1866 470 1911 528 Α
1937 470 2178 527 consuto,
2202 467 2248 513 et
2275 457 2535 525 fornicata
2553 472 2606 510 es
2627 470 2781 524 super
2803 453 2875 506 eis
2905 452 3036 506 sicut
3064 465 3164 502 non
3190 457 3264 501 est
3287 447 3507 516 factum,

272 575 439 637 Juda,
466 581 518 626 ct
548 569 772 638 reliqua.
803 564 955 631 Quod
974 577 1101 633 ergo
1149 573 1475 615 enumerans
1520 570 1614 611 sex
1646 553 1840 607 fratres

269 666 477 729 Joram,
521 661 656 715 ﬁlios
702 655 951 711 videlicet
970 651 1229 722 Josaphat
1249 651 1395 721 regis
1421 648 1577 713 Juda,
1618 643 1842 714 subjun-

274 760 353 831 git
402 754 680 824 Scriptura
708 749 915 807 dicens,
963 761 1139 799 omnes
1192 744 1248 797 hi
1274 741 1374 811 filii
1397 739 1653 811 Josaphat
1683 738 1837 809 regis,

273 839 716 917 signiﬁcat-quod
764 837 855 893 isti
903 835 1257 890 imitabantur
1294 831 1680 904 perfectionem
1708 844 1839 899 ope-

273 957 394 997 rum
426 937 566 1008 regis
588 933 867 1002 losaphat,
918 928 1083 984 fratre
1113 943 1300 984 eorum
1327 925 1508 979 Joram
1553 937 1765 992 semper
1786 921 1840 975 in

277 1029 540 1085 deteriora
570 1024 801 1087 labente,
849 1019 919 1075 ob
944 1018 1085 1090 quod
1114 1017 1232 1072 illos
1253 1016 1448 1086 legitur
1487 1015 1627 1069 idem
1659 1012 1841 1067 Joram

232 1128 246 1140 '
278 1118 614 1176 interfecisse
648 1128 770 1168 cum
804 1110 1140 1181 principibus
1160 1106 1343 1162 Israel.

349 1209 705 1280 Dereliquerat
721 1204 858 1258 enim
872 1201 1152 1254 Dominum
1173 1198 1341 1253 Deum
1358 1205 1564 1267 patrum
1588 1209 1802 1248 suorum
1824 1206 1843 1243 :

275 1311 490 1374 insuper
538 1309 584 1355 et
618 1295 821 1353 excelsa
873 1293 1161 1364 fabricatus
1186 1301 1259 1344 est
1280 1290 1336 1343 in
1368 1288 1582 1341 urbibus
1606 1285 1771 1349 Iuda,
1797 1293 1846 1339 et

276 1394 527 1467 fornicari
555 1390 676 1461 fecit
698 1386 1015 1441 habitatores
1042 1380 1395 1445 Hierusalem,
1426 1386 1473 1433 et
1511 1375 1847 1448 pra’varicari

276 1465 496 1538 .lndam.
545 1478 736 1533 Allatw
785 1483 904 1529 sunt
943 1483 1115 1526 autem
1170 1471 1218 1526 ei
1261 1469 1447 1524 littera:
1475 1466 1539 1521 ab
1576 1465 1699 1519 Elia
1722 1479 1845 1534 pro-

278 1578 451 1647 pheta,
492 1572 548 1626 in
592 1568 778 1640 quibus
816 1565 1065 1634 scriptum
1096 1569 1208 1616 erat
1235 1574 1253 1614 :
1280 1558 1408 1613 Harc
1436 1558 1560 1611 dicit
1592 1555 1847 1608 Dominus

285 1666 424 1718 Deus
450 1660 615 1715 David
635 1656 798 1728 patris
820 1654 897 1707 tui
924 1666 940 1703 :
974 1650 1232 1717 Quoniam
1261 1664 1365 1702 non
1381 1643 1658 1700 ambulasti
1679 1643 1733 1695 in
1756 1641 1849 1694 viis

277 1752 534 1822 .losaphat
555 1747 720 1820 patris
754 1745 851 1810 tui,
882 1751 929 1798 et
957 1743 1012 1796 in
1036 1741 1130 1794 viis
1165 1739 1271 1793 Asa
1308 1736 1443 1806 regis
1461 1734 1629 1798 Iuda,
1653 1731 1741 1787 sed
1764 1731 1849 1784 in-

1940 568 2101 624 neque
2144 549 2382 621 futurum
2414 558 2511 613 est,
2537 557 2586 609 et
2639 545 2805 601 tulisti
2836 559 2961 598 vasa
2994 540 3194 594 decoris
3234 539 3336 603 tui,
3363 548 3413 591 et
3445 536 3512 592 de

1938 658 2068 697 auro
2102 655 2237 706 meo,
2270 649 2319 693 et
2361 647 2576 709 argento
2607 652 2744 700 meo,
2790 633 2930 705 quod
2971 631 3091 686 dedi
3119 630 3234 694 tibi,
3255 640 3303 684 et
3341 628 3512 699 fecisti

1939 732 2189 804 imagines
2228 731 2319 785 tibi
2358 727 2698 793 masculinas,
2742 737 2788 782 et
2839 726 3098 796 fornicata
3136 740 3189 778 es
3227 721 3282 777 in
3320 723 3414 778 eis.
3446 723 3512 777 Et

1941 823 2203 894 sumpsisti
2224 822 2525 875 vestimenta
2550 829 2641 872 tua
2662 814 3033 880 multicoloria,
3057 823 3103 866 et
3127 812 3373 883 aperuisti
3397 810 3517 865 illas

1942 922 1990 967 et
2011 912 2180 969 oleum
2200 927 2372 964 meum
2395 920 2443 963 et
2466 908 2751 979 thymiama
2776 921 2948 959 meum
2972 903 3193 974 posuisti
3215 917 3394 955 coram
3417 902 3513 963 eis,

1943 1012 1990 1057 et
2020 1016 2205 1072 panem
2232 1016 2401 1054 meum
2423 1014 2573 1068 quem
2614 996 2735 1050 dedi
2773 993 2887 1059 tibi,
2932 992 3160 1046 similam
3179 999 3229 1044 et
3256 988 3447 1055 oleant,
3469 999 3517 1042 ct

1945 1093 2066 1159 mel,
2105 1092 2291 1163 quibus
2314 1089 2539 1143 enutrivi
2564 1098 2632 1153 te,
2654 1084 2871 1156 posuisti
2918 1084 2972 1137 in
3015 1089 3294 1151 conspectu
3338 1094 3520 1132 eorum

1945 1187 1999 1238 in
2022 1184 2231 1238 odorem
2254 1180 2542 1235 suavitatis.
2572 1178 2637 1232 Et
2659 1177 2817 1248 paulo
2843 1183 2992 1246 post:
3021 1172 3328 1242 Propterea,
3350 1185 3523 1222 ntere-

1952 1276 2079 1340 tria“,
2106 1273 2233 1326 audi
2256 1270 2462 1325 verbum
2488 1268 2717 1322 Domini.
2746 1265 2870 1319 Ha’c
2907 1265 3032 1318 dicit
3058 1262 3316 1316 Dominus
3343 1259 3480 1312 Dens
3504 1268 3522 1306 :

1950 1362 2087 1428 Quia
2108 1362 2330 1431 effusum
2350 1368 2422 1412 est
2472 1374 2543 1411 ars
2575 1367 2746 1421 tuum,
2774 1364 2820 1408 et
2861 1351 3083 1407 revelata
3110 1359 3184 1404 est
3230 1344 3524 1419 ignominia

1949 1463 2061 1519 tua,
2125 1452 2179 1506 in
2221 1447 2653 1520 fornicationibus
2697 1446 2821 1510 tuis,
2870 1459 3025 1512 super
3077 1449 3337 1507 amatores
3383 1448 3523 1499 tuos.

1952 1553 2000 1599 et
2040 1560 2195 1615 super
2231 1540 2374 1595 idola
2419 1538 2866 1593 abominationum
2922 1544 3136 1588 tuarum
3168 1533 3225 1585 in
3271 1529 3526 1599 sanguine

1950 1632 2181 1704 ﬁliorum
2229 1641 2461 1694 tuorum,
2506 1645 2635 1699 quos
2675 1625 2865 1681 dedisti
2905 1625 3021 1679 eis:
3059 1638 3174 1677 ecce
3192 1637 3284 1691 ego
3309 1635 3527 1690 congre-

1951 1723 2082 1795 gabo
2134 1737 2309 1775 omnes
2355 1730 2615 1772 amazores
2669 1725 2785 1769 tuos
2806 1756 2821 1780 ,
2853 1713 3037 1785 quibus
3076 1711 3345 1766 commista
3373 1724 3448 1774 es,
3478 1717 3525 1761 et

284 1798 529 1822 "'""r""'
556 1798 659 1820 rﬂh
680 1798 715 1801 ί-
784 1798 787 1799 ν
837 1798 850 1810 ι
1365 1798 1386 1806 -

284 1841 484 1898 cessisti
524 1854 616 1910 per
643 1838 742 1891 iter
778 1849 956 1904 regum
982 1827 1152 1885 Israel
1190 1836 1240 1883 et
1285 1825 1536 1898 fornicari
1566 1821 1735 1894 fecisti
1755 1820 1851 1875 Ju—
1880 1804 1925 1863 Β
1953 1829 2131 1869 omnes
2175 1827 2303 1883 quos
2350 1808 2604 1873 dilexisti,
2634 1822 2750 1860 cum
2784 1803 3035 1859 universis
3082 1818 3212 1872 quos
3236 1798 3444 1863 oderas,
3478 1808 3527 1852 et

2217 1902 2227 1910 .
2640 1907 2647 1910 .
2808 1895 2842 1910 ι·
3006 1902 3038 1910 κ.
3074 1888 3176 1910 ﬂ”)
3204 1891 3271 1910 ,L-
3302 1886 3497 1910 :___-_.-:

280 1935 403 1987 dam
426 1941 474 1985 et
515 1927 828 1983 habitatores
857 1919 1206 1983 Hierusalem,
1257 1917 1493 1971 imitatus
1547 1912 1853 1984 fornicatio-

284 2039 398 2079 nem
426 2022 611 2075 domus
658 2016 871 2080 Achab;
916 2013 1127 2083 insuper
1145 2020 1194 2064 et
1225 2008 1413 2079 fratres
1445 2014 1582 2071 tuos,
1637 2004 1850 2061 domum

281 2113 445 2183 patris
492 2109 591 2172 tui,
634 2105 876 2160 meliores
906 2112 976 2167 te,
998 2099 1237 2155 occidisti
1263 2114 1281 2152 :
1305 2111 1420 2151 ecce
1449 2094 1706 2150 Dominus
1732 2106 1851 2163 per-

284 2181 440 2257 cutiet
472 2210 521 2254 te
536 2198 704 2270 plaga
726 2210 924 2265 magna
964 2206 1083 2245 cum
1131 2187 1324 2261 populo
1365 2196 1473 2251 tuo,
1514 2195 1562 2240 et
1626 2181 1775 2253 filiis,
1805 2191 1854 2236 et

284 2290 536 2347 uxoribus
567 2288 692 2351 tuis,
733 2285 1085 2352 universaque
1109 2277 1401 2334 substantia
1427 2285 1541 2329 tua.
1569 2272 1699 2327 Haec
1726 2284 1856 2342 ergo

283 2382 520 2437 vindicta
548 2392 668 2449 quin
696 2389 794 2446 per
816 2373 1137 2443 prophetam
1161 2367 1423 2438 praedicta
1465 2363 1647 2418 fuerat
1672 2361 1856 2416 Joram

284 2474 420 2545 regi,
455 2486 555 2541 per
599 2480 796 2524 manus
828 2462 1294 2524 Philistbinorum,
1334 2466 1389 2513 et
1416 2455 1675 2518 Arabum,
1702 2454 1856 2524 juxta

288 2544 484 2620 merita
541 2575 664 2624 sua,
701 2559 759 2613 in
793 2552 1145 2623 eocompleta
1195 2557 1300 2615 est,
1331 2563 1454 2605 cum
1507 2544 1623 2615 eius
1657 2553 1858 2599 terram

291 2657 662 2716 vastaverunt,
705 2656 762 2704 et
809 2646 1147 2715 diripuerunt
1194 2651 1442 2697 cunctam
1484 2638 1858 2700 substantiam,

293 2745 543 2813 ﬁliosque
582 2738 726 2808 ejus,
768 2737 973 2808 pariter
1005 2742 1069 2788 et
1095 2746 1309 2787 uxores.
1355 2729 1516 2786 Juxta
1548 2726 1890 2798 allegoriam.

293 2850 510 2907 quoque
542 2833 749 2898 lora-1,
785 2829 877 2899 qui
908 2829 1292 2895 interpretatur
1328 2824 1444 2894 quis
1481 2831 1558 2876 est
1606 2818 1859 2883 excelsus,

291 2936 347 2981 et
369 2927 435 2983 de
471 2925 726 2995 religioso
746 2929 902 2993 patre
933 2917 1189 2988 Josaphat
1209 2916 1447 2987 genitus,
1488 2913 1553 2968 ad
1580 2910 1860 2982 perﬁdiam

293 3015 602 3079 declinavit,
638 3021 695 3070 et
738 3010 998 3067 fornicari
1049 3007 1177 3061 fecit
1220 3006 1361 3061 ﬁlios
1410 3002 1568 3069 Juda,
1621 3003 1863 3057 imitatus

291 3106 703 3164 fornicationem
729 3104 920 3160 domus
949 3098 1155 3164 Achab,
1188 3113 1282 3152 eos
1328 3104 1505 3166 potest
1531 3092 1860 3164 signiﬁcare,

302 3198 395 3269 qui
424 3195 691 3253 catholica
728 3193 831 3248 fide
859 3190 1070 3255 imbuti,
1114 3203 1179 3243 ac
1200 3186 1512 3242 Christiano
1542 3183 1866 3253 baptismate

298 3285 637 3360 regenerati,
698 3281 951 3339 Ecclesiae
1020 3278 1425 3332 instruebantur
1475 3272 1863 3336 sacramentis;

298 3381 394 3435 sed
434 3376 802 3445 relinquentes
827 3371 950 3427 fidei
996 3370 1277 3423 veritatem
1328 3380 1544 3423 errores
1573 3372 1871 3433 sequuntur

299 3468 703 3530 liasrelicortm,
730 3471 787 3519 et
825 3477 931 3517 non
974 3459 1145 3516 solum
1170 3458 1275 3529 ipsi
1317 3473 1348 3512 a
1377 3457 1593 3513 tramite
1627 3456 1744 3511 sani
1776 3455 1871 3510 do-

300 3559 497 3632 gmatis
510 3555 837 3619 exorbitant,
852 3553 961 3608 imo
975 3544 1109 3606 alios
1126 3563 1306 3605 secum
1335 3562 1432 3618 per
1454 3561 1699 3602 errorum
1720 3545 1871 3600 devia

305 3652 505 3706 ducere
536 3652 766 3703 certent.
800 3641 1085 3700 Undeillos
1119 3639 1285 3706 Eiias,
1314 3639 1419 3693 hoc
1444 3646 1527 3693 est
1547 3652 1725 3693 sermo
1742 3650 1872 3705 pro-

304 3740 552 3812 pheticus
578 3734 874 3805 redarguit,
913 3733 1040 3803 quia
1069 3731 1246 3786 omnis
1278 3730 1584 3785 divinorum
1614 3728 1875 3783 librorum

308 3832 518 3888 sanatio
546 3828 682 3885 tales
709 3824 1057 3898 reprehendit
1083 3839 1099 3890 ;
1152 3838 1216 3879 ac
1247 3823 1442 3878 merito
1474 3835 1584 3875 sum
1604 3818 1875 3891 perversi-

307 3924 437 3979 tatis
465 3918 798 3994 gravissimis
823 3913 1306 3973 contestationibus
1335 3912 1595 3981 increpat.
1627 3909 1764 3965 Hinc
1779 3922 1879 3979 per

307 4015 645 4073 Ezechielem
679 4023 1110 4069 commemorans
1143 4006 1402 4064 beneﬁcia
1439 4020 1559 4070 sua,
1594 4011 1650 4060 et
1697 4001 1877 4075 populi

308 4103 550 4176 perversi
584 4098 1086 4172 tergiversationem
1122 4097 1457 4166 exprobrans
1499 4093 1777 4159 Dominus,
1809 4093 1878 4148 ad

309 4196 501 4252 ludam
547 4192 627 4249 ait
657 4210 673 4247 :
703 4190 891 4246 Juravi
932 4189 1048 4256 tibi,
1098 4197 1149 4243 et
1205 4189 1469 4259 ingressus
1519 4201 1635 4242 sum
1674 4194 1882 4258 pactum

312 4299 502 4351 tecum,
519 4286 593 4339 ait
615 4281 871 4338 Dominus
893 4279 1054 4347 Deus,
1078 4289 1127 4335 et
1147 4279 1289 4351 facta
1314 4295 1369 4334 es
1391 4280 1539 4345 mihi,
1561 4287 1610 4334 et
1636 4278 1738 4333 lavi
1759 4287 1807 4331 te
1828 4278 1882 4331 in

313 4395 472 4443 aqua,
518 4386 566 4431 et
596 4372 873 4430 emundavi
897 4372 1201 4442 sanguinem
1224 4381 1367 4424 tuum
1390 4384 1456 4424 ea:
1493 4378 1562 4433 te,
1597 4376 1645 4423 et
1677 4368 1804 4438 anxi
1835 4377 1884 4421 te

314 4470 452 4535 oleo,
475 4477 523 4524 et
550 4466 728 4522 uestiui
755 4473 805 4519 te
825 4462 1194 4528 discoloribus,
1215 4470 1263 4516 et
1296 4458 1524 4514 calceavi
1542 4468 1591 4515 te
1610 4460 1880 4530 hgantino,

314 4571 363 4615 et
385 4558 525 4614 cinxi
554 4569 603 4612 te
630 4556 806 4627 bysso,
849 4564 899 4609 et
931 4552 1084 4607 indui
1127 4560 1176 4604 te
1190 4549 1492 4615 subtilibus,
1518 4558 1568 4603 et
1610 4549 1796 4604 ornavi
1839 4560 1889 4603 te

316 4658 644 4712 ornamento,
680 4656 726 4701 et
756 4645 877 4699 dedi
905 4640 1143 4697 armillas
1179 4641 1235 4706 in
1265 4638 1506 4692 mnibus
1547 4639 1671 4705 tuis,
1697 4647 1749 4694 et
1778 4649 1891 4693 tor-

317 4760 471 4816 quens
509 4742 650 4797 circa
687 4738 883 4794 collum
919 4747 1087 4801 tuum,
1129 4744 1179 4790 et
1218 4733 1338 4788 dedi
1380 4735 1620 4787 inaurem
1639 4748 1795 4803 super
1833 4749 1892 4787 os

321 4842 488 4898 tuum,
528 4840 579 4885 et
598 4827 822 4884 circulos
838 4826 1056 4883 auribus
1076 4825 1205 4893 tuis,
1250 4832 1297 4880 et
1318 4838 1568 4878 coronam
1610 4822 1815 4877 decoris
1838 4822 1893 4878 in

323 4923 488 4993 capite
521 4931 632 4987 tuo,
654 4929 703 4975 et
727 4928 915 4975 ornata
953 4934 1007 4973 es
1029 4933 1160 4973 auro
1197 4925 1245 4971 et
1273 4925 1507 4987 argento,
1547 4923 1596 4968 et
1633 4914 1819 4968 vestita
1839 4929 1893 4968 es

325 5017 475 5083 bysso
495 5021 543 5066 et
560 5009 831 5082 polymita,
854 5018 903 5063 et
932 5006 1344 5062 multicoloribus
1366 5021 1385 5071 ;
1425 5004 1675 5071 similam,
1698 5014 1747 5060 et
1770 5003 1890 5069 mel,

325 5113 372 5157 et
395 5101 566 5157 oleum
590 5098 854 5154 comedisti
868 5115 889 5164 ,'
911 5108 958 5152 et
979 5100 1169 5152 decora
1204 5095 1344 5167 facta
1375 5112 1428 5150 es
1466 5097 1786 5151 vehementer
1810 5095 1897 5150 ni-

328 5193 452 5258 mis,
486 5200 534 5246 et
573 5187 839 5261 profecisti
857 5187 914 5241 in
954 5203 1191 5258 regnum,
1215 5196 1264 5241 et
1292 5203 1555 5257 egressum
1595 5196 1669 5241 est
1706 5202 1894 5241 nomen

328 5296 477 5340 tuum
506 5282 563 5337 in
601 5289 774 5352 gentes
808 5287 1021 5351 propter
1043 5278 1264 5349 speciem
1293 5286 1459 5342 tuam,
1502 5277 1628 5347 quia
1670 5276 1899 5347 perfecta

330 5392 447 5430 eras
466 5374 519 5428 in
542 5372 725 5427 decore
744 5385 878 5436 meo,
906 5384 1057 5441 quem
1076 5382 1351 5440 posueram
1371 5384 1526 5438 super
1547 5377 1615 5432 te,
1639 5367 1766 5422 dicit
1789 5366 1900 5422 Do-

331 5466 502 5520 minus
524 5465 665 5520 Deus
698 5472 821 5518 tuus
843 5477 863 5529 ,'
883 5469 931 5517 et
952 5460 1145 5515 habens
1164 5459 1415 5530 ﬁduciam
1438 5460 1492 5512 in
1511 5459 1899 5529 pulchritudine

335 5566 450 5622 tua,
499 5557 760 5627 fornicata
790 5571 846 5610 es
866 5555 921 5609 in
945 5550 1153 5608 nomine
1179 5561 1292 5620 tuo,
1346 5563 1394 5606 et
1426 5544 1707 5622 exposuisti
1729 5550 1900 5620 fomi-

337 5647 591 5701 cationcm
615 5657 759 5701 tuam
780 5646 920 5701 omni
943 5645 1255 5707 transeunti,
1292 5653 1349 5697 ut
1375 5642 1489 5713 ejus
1512 5641 1681 5711 ﬁeres.
1716 5641 1782 5695 Et
1806 5658 1898 5696 su-

342 5752 484 5787 metis
513 5739 573 5788 de
602 5739 910 5792 vestimentis
936 5739 1060 5797 tuis,
1096 5736 1264 5805 fecisti
1287 5735 1379 5787 tibi
1407 5734 1610 5787 excelsa
1633 5734 1752 5786 hinc
1775 5735 1897 5788 inde

1952 1902 2273 1975 congregabo
2318 1916 2405 1954 eos
2436 1914 2592 1968 super
2632 1907 2679 1950 te
2714 1895 2961 1965 undique,
2992 1902 3039 1946 et
3070 1888 3275 1944 nudabo
3299 1886 3526 1958 ignomi-

1953 1996 2095 2048 niam
2117 2001 2262 2045 tuam
2294 2005 2471 2044 coram
2504 1989 2596 2049 eis,
2629 1995 2675 2041 et
2726 1984 2968 2040 videbunt
2997 1998 3201 2037 omnem
3246 1978 3533 2050 turpitudi-

1954 2102 2070 2141 nem
2108 2094 2273 2148 tuam,
2297 2091 2343 2136 et
2365 2079 2616 2150 judicabo
2642 2087 2690 2131 te
2707 2075 2927 2147 judiciis
2958 2071 3340 2135 adulterarum,
3370 2078 3418 2122 et
3451 2067 3533 2137 ef-

1955 2173 2287 2245 fundentium
2315 2170 2642 2240 sanguinem,
2676 2176 2723 2220 et
2759 2165 2894 2218 dabo
2923 2172 2970 2217 te
2996 2163 3049 2216 in
3094 2161 3346 2231 sanguine
3385 2159 3536 2227 furo-

1957 2268 2029 2320 ris
2058 2276 2104 2320 et
2140 2262 2258 2329 zeli,
2302 2270 2349 2316 et
2376 2258 2510 2314 dabo
2553 2269 2601 2311 te
2631 2259 2686 2310 in
2728 2271 2916 2308 manus
2962 2266 3141 2306 eorum
3177 2259 3224 2303 et
3265 2247 3536 2301 destruent

1957 2359 2183 2423 lupanar
2226 2364 2414 2417 tuum,
2466 2359 2515 2404 et
2565 2346 2912 2402 demolientur
2963 2338 3308 2414 prostibulum
3361 2348 3535 2400 tuum,

1957 2458 2005 2504 et
2058 2444 2397 2501 denudabunt
2436 2452 2484 2496 te
2524 2439 2837 2495 vestimentis
2881 2435 3007 2501 tuis,
3057 2443 3105 2488 et
3134 2431 3372 2501 auferent
3410 2444 3539 2482 vasa

1955 2540 2158 2596 decoris
2187 2537 2283 2603 tui,
2313 2545 2362 2590 et
2382 2533 2737 2603 derelinquent
2760 2539 2809 2583 te
2838 2526 3039 2583 nudam
3062 2523 3370 2597 plenamque
3395 2521 3541 2591 igno-

1959 2631 2144 2694 minia,
2173 2637 2281 2683 etc.
2316 2627 2532 2699 (Each.
2563 2632 2696 2696 xvi).

2032 2740 2107 2794 Tu
2131 2748 2303 2794 autem
2328 2735 2601 2808 aagrotabis
2620 2733 2841 2803 pessimo
2870 2730 3122 2798 languore
3148 2724 3307 2789 uteri,
3355 2722 3523 2776 donec

1960 2829 2296 2901 egrediantur
2330 2824 2511 2880 vitalia
2534 2834 2625 2878 tua
2653 2821 2912 2893 paulatim
2931 2835 3022 2890 per
3046 2817 3158 2871 dies
3184 2813 3437 2885 singulos,
3485 2819 3544 2871 et

1963 2924 2187 2992 reliqua.
2207 2919 2527 2976 Cruciantur
2544 2931 2672 2986 ergo
2695 2913 2857 2978 uteri,
2881 2913 2986 2967 hoc
3009 2918 3114 2974 est,
3134 2916 3345 2963 mentes
3371 2904 3549 2960 luere-

1966 3016 2216 3079 ticornm,
2260 3011 2520 3081 languore
2574 3007 2811 3078 pessimo
2869 3002 3129 3074 perﬁdiae,
3181 3000 3351 3054 donec
3386 3010 3524 3064 egre

1970 3108 2185 3162 diantur
2230 3103 2418 3158 vitalia
2461 3116 2649 3156 eorum
2676 3097 2937 3169 paulatim
2982 3109 3080 3166 per
3127 3093 3243 3149 dies
3268 3089 3547 3161 singulos;

1970 3211 2250 3267 quousque
2276 3192 2532 3248 videlicet
2561 3189 2740 3245 omnis
2777 3188 2932 3258 vigor
2983 3198 3176 3242 sensus
3204 3195 3413 3244 eorum,
3449 3194 3553 3250 per

1967 3286 2269 3343 vecordiam
2317 3282 2664 3354 desipiendo.
2732 3278 2941 3334 veracis
2989 3274 3267 3346 sapientiae
3321 3270 3548 3325 vitalem

1969 3377 2209 3432 funditus
2236 3374 2426 3446 perdat
2466 3372 2818 3427 intellectum.
2847 3366 3216 3422 Devastabunt
3245 3378 3339 3419 eos
3370 3360 3549 3417 Phili-

1970 3466 2121 3523 sthrci
2175 3473 2230 3519 et
2271 3462 2556 3532 Ethiopes
2587 3459 2879 3532 spiritales,
2930 3456 3244 3527 diripientes
3287 3460 3552 3508 cunctam

1971 3560 2326 3617 substantiam
2356 3555 2474 3628 ejus
2504 3555 2725 3619 laboris,
2782 3568 2902 3627 quae
2954 3551 3174 3605 inventa
3198 3556 3280 3603 est
3302 3546 3357 3601 in
3389 3546 3557 3600 domo

1973 3649 2400 3707 conversationis
2428 3663 2556 3709 sum,
2585 3646 2809 3714 insuper
2836 3652 2891 3699 et
2922 3641 3061 3697 filios
3098 3653 3289 3695 eorum
3316 3645 3370 3692 et
3421 3650 3560 3691 uxo-

1975 3757 2085 3807 res,
2130 3741 2233 3796 boc
2260 3747 2363 3804 est,
2418 3736 2833 3793 sollicitudinem
2882 3731 3181 3796 carnalem,
3235 3737 3286 3784 et
3340 3727 3561 3782 fructus

1975 3846 2200 3903 Operam
2232 3827 2606 3894 nefandorum,
2641 3826 2839 3881 ducent
2872 3840 2993 3880 cum
3043 3821 3192 3877 omni
3221 3817 3565 3889 supellectile

1978 3938 2072 3979 sua
2104 3924 2160 3978 in
2191 3921 2312 3977 loca
2336 3920 2705 3984 tenebrarum,
2736 3924 2792 3971 et
2815 3912 3141 3987 profundum
3171 3908 3360 3965 tartari
3390 3906 3566 3963 infer-

1977 4012 2053 4077 ni,
2084 4009 2487 4078 morienturque
2508 4005 2824 4060 inﬁrmitate
2853 4002 3091 4073 pessima
3118 3996 3567 4070 dispensationis,

1979 4117 2081 4158 nec
2105 4101 2185 4156 eis
2205 4098 2433 4170 populus
2476 4096 2678 4152 cultum
2720 4094 2989 4151 celebrem
3023 4092 3225 4162 praebet
3276 4088 3572 4159 exsequia-

1984 4207 2125 4257 rum,
2178 4190 2273 4247 sed
2300 4189 2547 4245 delentur
2570 4189 2636 4243 de
2684 4186 2823 4242 libro
2851 4184 3170 4249 viventium,
3214 4196 3393 4252 neque
3440 4195 3569 4235 cum

1977 4283 2137 4355 justis
2184 4282 2241 4336 in
2286 4278 2495 4336 caelesti
2546 4292 2714 4349 regno
2751 4276 3019 4331 conscribi
3067 4280 3366 4329 merentur.
3423 4267 3571 4325 Iusti

1985 4388 2116 4428 vero
2142 4371 2491 4443 possidebunt
2533 4379 2737 4424 terram
2760 4367 3077 4432 viventium,
3100 4374 3155 4420 et
3184 4361 3576 4418 iubabitabunt

1917 4481 1962 4542 ι)
1989 4465 2041 4520 in
2064 4463 2316 4520 smculum
2337 4460 2518 4517 saeculi
2541 4475 2705 4531 super
2727 4473 2879 4524 eam;
2899 4455 3097 4511 inimici
3125 4460 3302 4509 autem
3327 4452 3576 4518 Domini,

1992 4572 2117 4611 mox
2140 4564 2201 4609 ut
2236 4551 2577 4610 bonoriﬁcati
2628 4560 2682 4606 et
2723 4548 2947 4604 exaltati
2988 4545 3211 4609 fuerint,
3253 4543 3580 4600 deﬁcientes

1991 4657 2052 4701 ut
2112 4644 2289 4699 fumus
2329 4641 2599 4707 deﬁcient,
2643 4640 2842 4711 peribit
2886 4636 3148 4693 memoria
3202 4649 3391 4691 eorum
3444 4649 3576 4689 cum

1994 4734 2194 4798 sonitu,
2247 4740 2302 4788 et
2352 4745 2547 4787 nomen
2590 4724 2881 4786 eorum‘in
2935 4737 3080 4781 cuitu
3121 4733 3433 4781 sanctorum
3465 4739 3578 4779 non

1997 4822 2384 4877 memorabitur
2432 4819 2662 4891 amplius
2712 4816 2886 4874 lPsal.
2929 4813 3136 4873 xxxvnl.
3197 4812 3348 4870 Unde
3390 4823 3450 4867 et
3495 4828 3582 4867 se.

1997 4915 2182 4985 quitur
2212 4932 2226 4968 :

2070 5026 2412 5097 Mortuusque
2434 5034 2507 5080 est
2534 5025 2587 5076 in
2614 5022 2921 5092 inﬁrmitate
2948 5020 3190 5091 pessima,
3219 5024 3269 5071 et
3297 5031 3406 5069 non
3457 5013 3587 5083 fecit

1998 5119 2047 5171 ei
2071 5116 2293 5187 populus
2341 5114 2621 5170 secundum
2654 5128 2849 5166 morem
2886 5106 3253 5164 combustionis
3276 5106 3584 5174 mequias,

1999 5207 2133 5260 sicut
2147 5204 2639 5276 feceratmajoribus
2663 5201 2796 5269 ejus.
2823 5199 3059 5270 Triginta
3071 5198 3293 5250 duorum
3318 5212 3589 5249 annorum

2003 5295 2103 5365 fuit
2148 5312 2264 5350 cum
2290 5310 2504 5366 regnare
2546 5293 2796 5363 cwpisset,
2850 5300 2897 5345 et
2942 5297 3055 5343 octo
3093 5287 3243 5341 annis
3268 5286 3508 5355 regnavit
3531 5286 3591 5339 in

2000 5387 2314 5453 Jerusalem,
2361 5385 2745 5456 ambulavitque
2804 5398 2906 5437 non
2955 5389 3108 5435 recte.
3144 5376 3215 5432 Et
3266 5375 3591 5446 sepelierunt

2001 5480 2205 5534 eum~in
2248 5480 2450 5535 civitate
2486 5476 2682 5545 David,
2712 5484 3065 5531 verumtamen
3088 5486 3191 5525 non
3240 5468 3297 5524 in
3338 5466 3591 5539 sepulcro

2003 5585 2202 5641 regum.
