3876 6136
391 240 492 296 897

950 348 1183 406 CAPUT
1221 348 1386 404 XXII.

390 432 471 486 De
497 431 728 487 Ochozia
754 430 867 500 ﬁlio
893 429 1080 500 Iorant
1128 438 1176 483 et
1206 430 1446 499 nefandis
1492 430 1692 485 actibus
1719 432 1852 500 ejus.
1886 431 1960 484 De

461 501 594 556 Ioas
646 499 762 570 rege
788 501 932 554 Iuda
957 510 1021 571 get
1045 499 1341 554 Ierusalem
1361 540 1376 560 ,
1403 516 1554 568 quem
1593 499 1787 555 Ioiada
1828 517 1961 571 pon-

463 572 593 641 tifex
618 569 913 641 reservavit.
932 569 1021 641 De
1048 586 1169 623 nece
1196 586 1353 641 quam
1382 581 1679 641 exercuerat
1710 569 1924 624 Atltalia
1940 588 1958 634 ,'

461 639 725 694 constituit
750 657 804 693 se
832 640 1064 710 reginam
1093 639 1246 708 super
1272 639 1403 691 duas
1433 640 1618 693 tribus.

473 735 548 806 (ll
576 735 711 790 Pan.
750 734 930 796 χχιι.)
979 731 1372 787 Constituerunt
1422 742 1594 786 autem
1642 733 1959 786 habitatores

386 822 685 878 Jerusalem
748 822 1029 878 Ochoziam
1083 820 1256 890 ﬁlium
1308 821 1422 890 ejus
1473 821 1746 874 minimum
1794 837 1959 890 regem

387 936 485 991 pro
510 932 602 977 eo;
654 933 826 974 omnes
853 916 991 969 enim
1019 914 1247 984 majores
1278 923 1406 967 natu
1435 913 1524 984 qui
1551 920 1672 967 ante
1696 929 1813 966 eum
1842 912 1958 982 fue-

390 1024 540 1069 rant,
584 1006 953 1075 interfecerunt
993 1003 1221 1057 latrones
1261 1002 1527 1067 Arabum,
1571 1003 1661 1072 qui
1702 1003 1961 1056 irruerant

388 1098 444 1151 in
482 1107 679 1151 castra.
722 1093 1072 1165 Regnavitque
1118 1089 1376 1146 Ochozias
1415 1090 1559 1160 ﬁlius
1600 1091 1783 1145 Ioram
1828 1090 1948 1161 regi:

387 1184 552 1239 Iuda.
594 1182 961 1252 Quadraginta
999 1180 1222 1234 duorum
1261 1196 1521 1234 annorum
1561 1191 1673 1233 erat
1704 1179 1962 1235 Ochozias

387 1289 505 1327 cum
537 1287 754 1342 regnare
781 1270 1015 1340 coepisset
1033 1310 1048 1336 ,
1076 1280 1124 1324 et
1155 1285 1258 1324 uno
1289 1286 1427 1324 anno
1456 1270 1686 1340 regnavit
1714 1271 1769 1323 in
1805 1270 1964 1324 Ieru-

385 1361 569 1416 salem.
601 1360 838 1429 Qumstio
866 1359 1024 1415 valde
1050 1359 1304 1431 perplexa
1335 1359 1427 1414 hic
1455 1360 1720 1423 oboritur,
1759 1359 1853 1414 ubi
1882 1360 1963 1414 di-

385 1448 530 1504 citur
575 1447 756 1503 Joram
806 1455 931 1503 octo
978 1447 1134 1502 annis
1175 1461 1463 1518 regnasse,
1507 1455 1562 1503 et
1603 1448 1959 1519 quadraginta

383 1538 622 1604 vixisse;
666 1537 835 1592 tilium
874 1544 1055 1591 autem
1097 1535 1214 1607 ejus
1253 1535 1548 1592 Ochoziam
1577 1552 1700 1591 cum
1731 1553 1960 1609 regnare

384 1630 669 1700 cmpisset,
694 1627 860 1682 fuisse
882 1627 1234 1697 quadraginta
1256 1626 1481 1682 duorum
1501 1642 1783 1683 annorum.
1807 1628 1959 1696 Quod

1283 234 1637 291 COMME‘aVT.
1675 232 1742 288 lN
1778 231 2326 289 PARALIPOMENA.
2363 262 2431 275 -——
2468 233 2596 289 LIB.
2632 233 2719 289 IV.

3528 238 3637 293 498

1990 350 2038 410 Α
2066 356 2117 403 te
2136 390 2149 413 ,
2181 364 2299 418 qua:
2325 348 2615 419 prophetas
2644 358 2699 403 et
2726 349 2898 418 ipsum
2930 348 3215 405 Dominum
3247 351 3630 421 prophetarum

2062 437 2295 501 occidit,
2344 447 2399 492 et
2444 438 2718 509 apostolos
2776 439 2894 508 ejus
2941 449 3224 509 persecuta
3273 448 3385 504 cst,
3429 440 3629 511 judicia

2060 540 2381 595 exerceret,
2429 539 2485 585 et
2520 546 2640 585 eam
2680 530 2887 587 ultione
2922 532 3070 601 justa
3107 535 3425 603 perimeret,
3472 545 3632 605 atque

2063 617 2425 675 sacerdotium
2476 634 2674 673 vanum
2731 621 2872 691 quod
2925 630 3045 692 post
3096 620 3299 678 Christi
3340 624 3631 680 adventum

2062 708 2298 764 inaniter
2331 709 2597 763 habuerat
2629 709 2964 775 destrueret,
3006 711 3374 783 templumque
3407 713 3633 770 subver—

2063 807 2237 865 teret,
2268 815 2369 855 nec
2398 815 2501 855 non
2534 809 2587 855 et
2619 802 2837 870 impiam
2872 802 3209 874 Synagogam
3228 845 3241 868 ,
3273 820 3392 874 qute
3420 808 3633 877 sangui—

2064 904 2188 944 nem
2222 896 2531 944 sanctorum
2566 905 2779 959 semper
2816 890 3072 957 sitiebat,
3116 895 3181 948 de
3212 896 3369 965 regni
3399 897 3633 951 culmine

2059 978 2457 1049 prtecipitaret,
2487 994 2551 1033 ae
2579 989 2819 1035 rectores
2848 981 3017 1050 ipsius
3047 982 3396 1039 interﬁceret.

2139 1066 2255 1120 Nec
2271 1077 2383 1121 erat
2405 1083 2519 1138 spes
2546 1068 2722 1139 aliqua
2748 1078 2806 1123 ut
2830 1070 2894 1123 de
2918 1072 3079 1141 stirpe
3102 1083 3339 1142 regnaret
3366 1073 3635 1140 Ochozitr;

2061 1158 2108 1212 si
2123 1157 2333 1227 quidem
2354 1167 2522 1211 mater
2531 1158 2648 1227 ejus
2664 1158 2875 1212 Athalia
2890 1160 3065 1215 videns
3084 1163 3222 1232 quod
3245 1173 3482 1219 mortuus
3504 1177 3633 1219 esset

2061 1248 2207 1316 ﬁlius
2232 1264 2392 1313 suus,
2422 1249 2648 1319 surrexit
2667 1287 2682 1311 ,
2713 1257 2762 1301 et
2789 1248 3044 1318 interfecit
3074 1266 3276 1305 omnem
3305 1253 3517 1323 stirpem
3548 1271 3633 1307 re-

2061 1343 2203 1413 giam
2231 1341 2417 1395 domus
2441 1338 2648 1395 Ioram.
2677 1338 2848 1394 Porro
2876 1339 3155 1405 Iosabetlt,
3188 1343 3301 1412 ﬁlia
3328 1347 3483 1415 regis,
3513 1346 3633 1400 tulit

2062 1433 2192 1487 Ioas
2226 1430 2398 1501 ﬁlium
2429 1428 2706 1496 Ochozite,
2736 1441 2786 1485 et
2814 1431 2993 1501 furata
3023 1442 3097 1487 est
3126 1449 3243 1486 eum
3273 1433 3339 1486 de
3369 1435 3540 1489 medio
3567 1436 3635 1503 ﬁ-

2062 1522 2255 1577 liorum
2293 1521 2430 1592 regis
2466 1536 2584 1575 cum
2617 1521 3054 1590 interﬁcerentur,
3093 1511 3463 1594 absconditque
3508 1540 3643 1578 eum-
3742 1591 3753 1601 .

2063 1629 2181 1667 cum
2204 1613 2405 1666 nutrice
2427 1628 2526 1666 sua
2552 1612 2607 1665 in
2634 1611 2874 1666 cubiculo
2899 1611 3221 1667 lectulornm.
3247 1613 3505 1669 Iosabcth‘
3528 1633 3631 1669 au-

385 1719 459 1773 ita
498 1726 624 1773 est:
668 1717 878 1772 duobus
924 1716 1082 1772 annis
1123 1722 1414 1786 antequam
1451 1715 1566 1785 ipse
1606 1724 1761 1787 pater
1800 1727 1960 1773 natus

2069 1713 2166 1755 tem
2188 1718 2305 1772 qum
2327 1701 2668 1756 absconderat
2691 1718 2829 1767 eum,
2854 1710 2967 1756 erat
2986 1702 3102 1771 [ilia
3126 1704 3258 1774 regis
3271 1703 3635 1769 Iaram,u.ror

384 1816 560 1873 esset,
588 1807 752 1862 ﬁlium
784 1807 989 1879 genuit.
1020 1806 1136 1862 Hoc
1162 1806 1265 1862 nisi
1294 1805 1399 1862 alio
1422 1806 1583 1862 modo
1613 1807 1957 1878 intelligatur,

385 1916 550 1971 quam
590 1901 662 1954 sit
703 1898 987 1953 ridiculum
1009 1938 1022 1962 ,
1057 1896 1282 1966 simplex
1310 1897 1474 1952 etiam
1505 1896 1677 1952 lector
1707 1898 1957 1952 advertit.

383 1987 539 2044 Unde
574 1990 714 2044 hanc
759 1988 1108 2059 quaestionem
1156 1986 1363 2042 Hebraei
1406 1986 1481 2041 ita
1528 1985 1770 2051 solvunt,
1819 1988 1961 2057 quod

380 2081 563 2137 Joram
590 2081 704 2151 ipse
732 2081 821 2150 qui
850 2080 940 2136 hic
967 2079 1324 2151 quadraginta
1349 2079 1506 2134 annis
1532 2079 1729 2135 vixisse
1755 2079 1961 2135 descri-

378 2174 547 2237 bitur,
589 2180 645 2228 et
681 2181 804 2228 octo
848 2172 1005 2228 annis
1049 2186 1335 2243 regnasse,
1381 2172 1584 2226 vixerit
1619 2187 1793 2228 annos
1820 2188 1958 2244 qus-

379 2267 663 2338 draginta,
707 2275 762 2321 et
803 2265 1112 2335 regnaverit
1152 2263 1339 2335 viginti
1381 2272 1523 2319 octo.
1579 2263 1795 2319 Etenim
1834 2263 1962 2317 anni

378 2364 506 2412 octo
535 2356 627 2427 qui
659 2356 707 2411 ei
739 2356 791 2409 in
822 2370 990 2426 regno
1020 2353 1347 2419 tribuuntur,
1371 2353 1471 2424 ipsi
1499 2360 1623 2407 sunt
1651 2352 1844 2421 quibus
1872 2366 1961 2407 re-

378 2446 569 2518 gnavit
598 2453 885 2513 antequam
928 2442 1121 2497 fratres
1150 2442 1455 2505 occideret,
1488 2456 1613 2496 cum
1645 2441 1821 2495 adhuc
1851 2441 1960 2495 uti-

378 2552 489 2607 que
536 2536 852 2597 innocenter
892 2534 1117 2588 viveret.
1168 2532 1381 2603 Reliqui
1424 2547 1553 2587 vero
1601 2532 1790 2604 viginti
1833 2533 1963 2588 anni

383 2627 585 2698 quibus
618 2635 804 2696 postea
844 2625 1119 2697 regnavit,
1155 2625 1358 2681 idcirco
1390 2640 1419 2679 a
1452 2640 1679 2681 numero
1712 2624 1831 2695 ejus
1866 2642 1965 2680 au-

382 2717 652 2782 feruntur,
692 2717 818 2787 quia
860 2717 913 2770 in
952 2717 1213 2787 languore
1248 2725 1304 2772 et
1343 2716 1695 2773 tribulatione
1741 2715 1965 2773 deduxit

387 2822 504 2861 eos.
557 2806 789 2877 Ideoque
826 2805 936 2861 tilio
981 2806 1096 2874 ejus
1139 2808 1299 2863 iidem
1343 2807 1678 2876 tribuuntur,
1720 2809 1814 2879 qui
1850 2824 1960 2865 non

390 2896 625 2967 amplius
655 2912 817 2967 quam
860 2897 1048 2968 viginti
1094 2913 1357 2953 annorum
1409 2899 1671 2965 duorum,
1707 2897 1863 2968 juxta
1906 2900 1959 2954 id

391 2989 539 3058 quod
576 2988 629 3043 in
665 2987 873 3057 Regum
902 2989 1162 3058 scriptum
1191 2997 1275 3043 est
1294 3030 1309 3054 ,
1337 3004 1594 3060 regnasse
1621 2990 1960 3060 perhibetur,

2060 1794 2270 1850 Ioiadre
2296 1794 2590 1865 pontificis,
2621 1811 2771 1849 soror
2799 1792 3045 1849 Ochazite
3067 1810 3086 1855 ς
3112 1805 3159 1849 et
3189 1796 3387 1849 idcirco
3418 1794 3632 1850 Athalia

2062 1903 2167 1941 non
2205 1885 2467 1954 interfecit
2509 1901 2669 1940 eum:
2709 1885 2810 1955 fuit
2854 1902 2978 1956 ergo
3016 1903 3134 1939 cum
3173 1887 3246 1940 eis
3271 1887 3326 1940 in
3352 1887 3505 1940 domo
3538 1886 3635 1941 Dei

2060 1978 2400 2033 absconditus
2421 1994 2514 2032 sea:
2534 1979 2687 2032 annis
2705 2018 2719 2042 ,
2748 1979 2934 2049 quibus
2962 1981 3193 2049 regnavit
3216 1964 3454 2033 Athalias
3479 1996 3636 2049 super

2060 2078 2274 2125 terram.
2304 2068 2521 2123 Athalia
2548 2084 2679 2140 ergo
2707 2070 2823 2124 haec
2840 2110 2854 2135 ,
2882 2084 3004 2139 quae
3032 2084 3215 2124 semen
3241 2070 3407 2124 David
3433 2070 3636 2124 exstin-

2062 2174 2227 2231 guere
2259 2158 2603 2225 moliebatur,
2639 2167 2694 2215 et
2728 2160 2932 2228 regiam
2970 2159 3193 2229 stirpem
3237 2159 3449 2225 delere,
3493 2160 3632 2213 bene

2061 2249 2394 2320 impietatem
2422 2249 2679 2319 exprimit
2704 2247 3001 2319 Synagogae
3017 2288 3032 2313 ,
3064 2261 3185 2316 qua
3210 2262 3308 2318 per
3332 2247 3629 2317 nequitiam

2061 2340 2264 2396 mentis
2297 2339 2520 2394 seminis
2554 2337 2724 2392 David
2745 2378 2760 2403 ,
2796 2336 2900 2392 hoc
2930 2348 3013 2392 est
3050 2336 3286 2402 Christi,
3323 2336 3628 2392 insidiatrix

2063 2438 2215 2497 erat,
2251 2438 2306 2485 et
2339 2429 2524 2486 odium
2557 2436 2745 2483 contra
2776 2440 2899 2482 eum
2935 2442 3152 2498 semper
3184 2428 3238 2482 in
3275 2428 3440 2483 corde
3475 2441 3632 2495 gere-

2061 2523 2176 2578 bat.
2218 2522 2349 2590 Quae
2384 2521 2676 2592 aliquando
2720 2506 2950 2593 regnare
2985 2521 3291 2585 videbatur,
3332 2534 3454 2574 cum
3500 2520 3634 2590 legis

2065 2614 2416 2670 caeremonias
2449 2612 2819 2683 temporaliter
2849 2611 3195 2666 observabat.
3236 2610 3655 2680 interpretatur.

2063 2714 2245 2761 autem
2272 2704 2485 2761 Athalia
2512 2702 2810 2773 temporalis
2838 2701 3067 2756 Domini.
3097 2700 3204 2755 Sed
3225 2699 3484 2755 Josabeth
3505 2709 3640 2754 stre-

2066 2799 2273 2851 nuitate
2291 2837 2306 2862 ,
2333 2810 2453 2866 quae
2490 2795 2878 2864 interpretatur
2903 2793 3155 2847 saturitas
3185 2792 3432 2857 Domini,
3464 2792 3521 2845 id
3555 2801 3647 2847 est

2065 2887 2350 2952 Ecclesia,
2380 2886 2435 2940 in
2465 2898 2573 2955 qua
2602 2899 2746 2939 verm
2773 2890 2901 2938 sum
2928 2882 3165 2948 delicia,
3197 2889 3448 2937 servatur
3473 2879 3637 2946 Joas,

2065 2978 2155 3047 qui
2196 2977 2583 3047 interpretatur
2615 2973 2865 3028 memoria
2901 2972 3144 3037 Domini,
3172 2970 3422 3027 Christus
3451 2971 3639 3026 videli-

387 3096 457 3136 ne
483 3082 550 3135 de
578 3095 927 3136 numerorum
956 3094 1166 3134 summa
1197 3088 1540 3135 remanentes
1567 3080 1692 3135 anni
1722 3095 1961 3135 errorem

2069 3076 2186 3132 cet,
2224 3067 2276 3120 in
2313 3081 2422 3136 quo
2458 3065 2721 3120 memoria
2754 3072 2839 3120 est
2876 3063 3112 3118 nominis
3144 3062 3394 3127 Domini,
3433 3076 3502 3117 ne
3540 3075 3640 3130 per

387 3172 442 3226 in
476 3171 817 3242 indagatione
857 3177 1161 3241 temporum
1206 3170 1463 3227 facerent.
1508 3171 1775 3228 Ochozias
1810 3172 1955 3227 enim

386 3262 523 3316 vixit
560 3260 630 3316 23
664 3261 849 3326 annis,
882 3277 949 3316 ex
979 3260 1177 3330 quibus
1206 3276 1316 3329 uno
1347 3268 1558 3316 tantum
1594 3276 1736 3316 anno
1770 3273 1964 3332 regna-

386 3352 487 3405 vit.
524 3350 750 3405 Collatio
786 3351 929 3406 enim
962 3351 1212 3407 lectionis
1249 3353 1372 3407 libri
1410 3353 1618 3422 Regum
1655 3353 1783 3408 huic
1818 3367 1964 3423 qua:-

387 3444 549 3499 stioni
578 3443 847 3499 solvendae
879 3458 1134 3514 magnum
1164 3446 1368 3515 prabet
1395 3445 1675 3500 auxilium.

460 3534 636 3605 Igitur
676 3536 896 3591 Azarias
930 3535 1074 3606 ﬁlius
1101 3537 1286 3591 Ioram
1316 3554 1408 3592 rea:
1434 3537 1581 3592 Iuda
1609 3538 1872 3593 descendit
1902 3545 1958 3592 ut

387 3628 628 3681 inviseret
673 3626 858 3681 Iuram
898 3626 1069 3697 ﬁlium
1109 3626 1286 3683 Achab
1334 3631 1390 3684 in
1431 3628 1675 3684 Iezraltel
1702 3639 1966 3701 (egrotan-

390 3729 512 3773 τινα.
549 3719 649 3774 ilic
684 3719 904 3775 Azarias
938 3719 1102 3790 paulo
1132 3722 1380 3792 superius
1413 3722 1678 3778 Ochozias
1712 3723 1966 3777 nomina-

389 3822 478 3867 tus
505 3820 617 3876 est,
650 3811 915 3867 Ochozias
954 3813 1098 3868 enim
1140 3812 1530 3884 interpretatur
1569 3815 1960 3886 apprehendens

390 3904 712 3967 Dominum,
748 3912 805 3958 et
836 3903 1058 3958 Azarias
1091 3905 1416 3975 adjutorium
1456 3903 1689 3959 Domini.
1734 3904 1968 3974 Ideoque

390 4001 446 4046 et
479 3991 688 4046 Hebrmi
720 4001 913 4061 putant
959 4001 1221 4048 mutatum
1266 3994 1315 4049 ei
1359 4008 1556 4048 nomen
1591 3994 1647 4048 in
1678 3993 1874 4049 melius
1912 3993 1967 4049 i'n

394 4085 497 4138 hoc
531 4083 684 4149 loco,
715 4099 781 4138 eo
812 4085 953 4155 quod
982 4082 1138 4154 juxta
1170 4093 1497 4156 prteccptum
1529 4084 1745 4140 Domini
1783 4087 1850 4141 ad
1882 4087 1968 4141 in-

394 4177 612 4230 ﬁrmum
645 4176 972 4230 visitandum
1004 4177 1374 4233 descenderat.
1844 4164 1853 4169 ⁷

476 4264 778 4322 Voluntatis
801 4270 991 4341 quippe
1016 4269 1115 4339 fuit
1142 4270 1242 4325 Dei
1264 4271 1538 4327 adversum
1563 4270 1847 4327 Ochosiam
1870 4315 1885 4339 ,
1911 4284 1968 4330 ut

393 4360 505 4413 veni
512 4368 587 4412 ret
608 4359 678 4412 ad
695 4358 900 4425 Ioram,
926 4370 975 4415 et
995 4379 1113 4416 cum
1134 4362 1377 4425 venisset,
1403 4371 1461 4417 ut
1500 4362 1831 4434 egrederetur
1851 4381 1971 4419 cum

2067 3156 2442 3213 crudelitatem
2473 3156 2745 3211 saevientis
2778 3155 2951 3210 hostis
2985 3154 3333 3209 interimatur
3366 3153 3421 3209 in
3457 3152 3636 3208 cordi-

2065 3248 2169 3304 bus
2194 3246 2489 3301 electorum
2509 3286 2525 3312 ,
2558 3246 2840 3317 magisque
2866 3244 3144 3299 nutriatur
3168 3244 3224 3298 in
3252 3244 3414 3298 domo
3436 3241 3639 3298 Joiada-

2063 3337 2339 3411 pontiﬁcis
2356 3378 2371 3403 ,
2399 3338 2490 3407 qui
2515 3337 2745 3392 delectus
2769 3337 2982 3391 Domini
3008 3337 3416 3406 interpretatur,
3440 3335 3510 3390 de
3534 3349 3641 3405 quo

2063 3430 2242 3486 Patris
2276 3444 2377 3485 vox
2412 3430 2489 3486 ait
2517 3448 2530 3484 :
2570 3427 2676 3482 Hic
2711 3438 2787 3483 est
2821 3426 2996 3482 Filius
3028 3443 3176 3483 meus
3208 3427 3429 3481 dilectus
3454 3428 3510 3479 in
3536 3442 3640 3495 quo

2064 3522 2193 3576 mihi
2221 3522 2347 3576 bene
2373 3519 2665 3590 complacui
2693 3518 2921 3591 (Matth.
2948 3535 3061 3575 xvn
3078 3519 3118 3590 ).
3149 3518 3315 3590 Cujus
3340 3519 3534 3575 domus
3558 3526 3642 3573 est

2066 3622 2256 3670 sancta
2286 3613 2528 3669 Ecclesia
2545 3652 2563 3679 ,
2593 3612 2687 3667 ubi
2716 3612 2770 3666 in
2794 3611 2902 3667 ﬁde
2926 3612 3221 3667 electorum
3249 3626 3478 3666 manens
3502 3626 3641 3679 quo-

2065 3706 2201 3761 tidie
2229 3703 2363 3761 facit
2389 3710 2734 3776 augmentum
2765 3702 3011 3772 corporis
3038 3702 3125 3765 sui
3147 3742 3163 3766 ,
3194 3702 3364 3756 donec
3394 3709 3638 3771 tempore

2059 3793 2251 3863 iudicii
2294 3800 2569 3863 sceptrum
2609 3791 2760 3862 regni
2801 3797 2859 3844 et
2905 3790 3204 3859 potentiam
3249 3789 3509 3844 adversus
3549 3804 3640 3843 eos

2067 3884 2288 3941 extollet
2320 3884 2414 3953 qui
2447 3897 2570 3937 eum
2606 3882 2912 3952 deprimere
2946 3880 3288 3951 cogitabant,
3324 3887 3382 3934 et
3422 3878 3643 3933 interie-

2068 3975 2294 4031 otrieem
2323 3980 2635 4029 sanctorum
2663 3971 2884 4027 aeternis
2910 3970 3190 4040 deputabit
3212 3969 3408 4039 pinnis.

2635 4083 2860 4141 CAPUT
2892 4082 3076 4138 XXIII.

2561 4177 2808 4251 Sequitur
2848 4177 2914 4231 de
2958 4190 3138 4247 supra.
3156 4244 3167 4255 ‘

2140 4275 2159 4344 (
2188 4272 2232 4327 ll
2264 4270 2400 4327 Pan.
2430 4286 2587 4326 χχιιι.
2616 4269 2634 4340 )
2672 4270 2820 4323 Anno
2857 4276 3031 4321 autem
3064 4265 3283 4335 septimo
3313 4262 3639 4333 confortatus

2071 4361 2269 4417 Ioiada
2313 4360 2593 4429 assumpsit
2634 4358 2991 4416 centuriones,
3034 4353 3285 4407 Asariam
3314 4350 3547 4404 videlicet
3577 4351 3644 4419 fi-

394 4466 454 4504 co
485 4451 761 4505 adversum
789 4451 929 4505 Iehu
959 4453 1071 4521 lilio
1104 4450 1292 4507 Namsi
1312 4494 1327 4519 ,
1355 4470 1506 4525 quem
1534 4455 1685 4508 unxit
1713 4455 1969 4511 Dominus
1995 4435 2048 4494 Β
2074 4449 2203 4503 lium
2230 4448 2480 4503 Ieroham
2500 4488 2515 4513 ,
2543 4455 2592 4500 et
2618 4444 2847 4498 Ismahel
2875 4441 3321 4512 filium'lohanan
3341 4479 3356 4503 ,
3391 4437 3639 4492 Azariam

396 4554 453 4597 ut
484 4543 677 4599 deleret
706 4546 918 4600 domum
949 4546 1148 4602 Achab.
1177 4546 1308 4601 Cum
1337 4563 1456 4618 ergo
1484 4548 1792 4602 subverteret
1834 4545 1971 4601 Iehu

394 4636 607 4690 domum
634 4635 813 4692 Achab
831 4679 846 4704 ,
877 4639 1068 4693 invenit
1098 4639 1358 4709 principes
1385 4638 1563 4704 Iuda,
1599 4648 1646 4693 et
1674 4637 1814 4708 ﬁlios
1859 4636 1973 4706 fra-

397 4735 535 4779 trum
565 4725 831 4792 Ochosite,
856 4730 946 4798 qui
968 4728 1336 4782 ministrabant
1361 4729 1409 4783 ei
1426 4768 1443 4793 ,
1472 4738 1518 4783 et
1543 4728 1800 4798 interfecit
1828 4726 1966 4781 illos.

401 4815 683 4888 Ipsumque
711 4819 1017 4889 perquirens
1041 4818 1325 4873 Ochoziam
1348 4859 1363 4885 ,
1395 4818 1777 4889 comprehendit
1805 4817 1972 4872 laten-

398 4917 498 4962 tem
529 4910 587 4962 in
616 4908 866 4964 Samaria
894 4910 1282 4982 adductumque
1311 4908 1381 4963 ad
1407 4926 1462 4964 se
1485 4908 1692 4963 occidit.
1719 4906 1972 4961 Referttl'

400 4998 454 5051 in
492 4997 720 5052 historia
757 4997 964 5068 Regum
997 4998 1230 5068 qualiter
1257 5015 1355 5069 per
1382 4998 1618 5052 Eliseum
1654 4997 1972 5067 prophetam

400 5087 662 5142 Dominus
690 5087 1025 5143 ordinaverit
1051 5087 1187 5144 Jehu
1217 5089 1284 5144 ad
1314 5088 1724 5159 exstirpandum
1753 5088 1970 5143 domum

400 5175 622 5243 Achab,
673 5184 729 5231 et
775 5176 1088 5232 sacerdotes
1134 5177 1264 5231 Baal
1307 5176 1730 5232 interﬁciendos.
1780 5175 1880 5243 Qui
1920 5183 1976 5231 et

401 5269 672 5338 percussit
706 5267 889 5323 Joram
927 5284 1109 5341 regem
1144 5268 1342 5333 lsrael,
1378 5277 1431 5323 et
1460 5268 1753 5324 choziam
1791 5282 1975 5338 regem

400 5355 532 5414 Iuda
550 5400 565 5424 ,
598 5366 653 5414 et
679 5356 896 5416 Jezabel
926 5360 1301 5432 impiissimam
1332 5359 1572 5431 reginam
1601 5359 1668 5414 de
1691 5357 1891 5429 palatio
1919 5358 1974 5411 in

401 5446 653 5506 Jezrahel
683 5452 1026 5522 praecipitare
1055 5451 1202 5506 fecit.
1235 5450 1372 5505 Jebu
1401 5451 1547 5506 enim
1581 5450 1761 5521 typice
1796 5456 1979 5520 potest

401 5541 690 5612 designare
728 5544 967 5612 gentium
1004 5543 1367 5615 principatum
1389 5583 1404 5606 ,
1434 5556 1593 5611 quem
1622 5541 1881 5597 Dominus
1910 5556 1975 5597 ao

406 5630 737 5706 Redemptor
770 5644 954 5692 noster
989 5635 1285 5693 destinavit
1317 5643 1376 5690 ut
1408 5635 1462 5691 in
1492 5634 1751 5706 sacrilega
1784 5634 1974 5690 civita-

2072 4556 2275 4612 quoque
2303 4540 2473 4608 filium
2508 4536 2686 4601 Obed,
2728 4543 2775 4588 et
2820 4533 3081 4587 Haasiam
3123 4530 3291 4601 ﬁlium
3336 4530 3552 4592 Adaiw,
3595 4540 3642 4582 et

2079 4633 2355 4704 Elizaphat
2394 4629 2563 4700 ﬁlium
2603 4627 2819 4692 Zechri,
2845 4634 2892 4680 et
2923 4626 3038 4678 iniit
3065 4640 3183 4679 cum
3209 4623 3284 4677 eis
3316 4622 3501 4690 foedus.
3537 4621 3637 4686 Qui

2071 4725 2444 4779 circumeuntes
2472 4719 2669 4773 Iudam
2689 4758 2703 4783 ,
2736 4724 3171 4786 congregaverunt
3210 4713 3413 4767 Levites
3439 4712 3504 4766 de
3532 4728 3637 4767 ont-

2072 4814 2225 4868 nibus
2256 4811 2387 4865 locis
2407 4809 2581 4874 Iuda,
2611 4816 2658 4861 et
2685 4808 2941 4877 principes
2974 4805 3299 4875 familiarum
3328 4804 3497 4859 Israel
3519 4844 3534 4867 ,
3566 4820 3668 4859 ve-.

2073 4912 2358 4972 neruntque
2398 4901 2453 4953 in
2490 4898 2805 4953 Ierusalem.
2849 4897 2977 4950 Iniit
3005 4912 3127 4968 ergo
3156 4898 3329 4951 omnis
3366 4895 3648 4954 multitudo

2075 5003 2281 5067 pactum
2313 4994 2369 5047 in
2401 4992 2556 5046 domo
2591 4989 2802 5044 Domini
2836 5005 2954 5043 cum
2984 5006 3133 5059 rege,
3172 4997 3279 5045 etc.
3315 4990 3391 5044 De
3419 4990 3524 5044 hac
3551 5003 3642 5043 ea-

2077 5087 2198 5142 dem
2228 5102 2286 5141 re
2313 5093 2368 5140 et
2393 5084 2448 5139 in
2479 5084 2619 5138 libro
2638 5082 2847 5151 Regum
2872 5091 3069 5152 quarto
3093 5090 3349 5137 narratur
3374 5082 3467 5137 :in
3492 5080 3648 5149 cujus

2078 5174 2415 5245 expositione
2442 5188 2562 5242 quae
2589 5187 2656 5227 ex
2685 5170 2905 5225 Patrum
2935 5171 3095 5228 dictis
3122 5171 3412 5243 explanata
3441 5168 3649 5225 inveni-

2080 5283 2237 5333 mus,
2272 5266 2620 5321 inseruimus.
2662 5263 2768 5319 Sed
2805 5271 2860 5319 et
2892 5278 3038 5319 nunc
3075 5264 3344 5334 quomodo
3381 5259 3649 5328 Iosephus

2075 5359 2374 5417 historicus
2419 5355 2728 5412 Judaiorum
2783 5357 2850 5411 de
2898 5357 3005 5412 hoc
3051 5356 3254 5411 referat
3302 5352 3648 5408 inserendum

2077 5464 2392 5516 censemus,
2427 5456 2490 5504 ut
2525 5447 2697 5503 lector
2730 5448 2960 5516 diligens
2989 5461 3111 5501 cum
3149 5445 3485 5498 diversorum
3518 5456 3651 5495 nar-

2077 5541 2317 5597 rationes
2341 5537 2607 5603 audierit,
2635 5535 2847 5592 facilius
2869 5534 3150 5591 veritatem
3177 5531 3256 5585 rei
3284 5530 3456 5599 possit
3481 5544 3652 5602 agno-

2078 5644 2251 5687 scere.
2296 5646 2315 5682 ι
2351 5627 2455 5695 Qui
2497 5628 2601 5683 hoc
2646 5626 2803 5682 modo
2850 5623 3017 5680 refert
3047 5662 3061 5677 .
3107 5619 3376 5676 Ochorits
3420 5636 3486 5680 ex
3535 5635 3648 5677 uno
