3870 6146
284 158 389 214 ΑΘΒ

597 219 610 239 ι
623 206 683 256 l"

955 159 1018 214 Β.
1061 161 1316 218 BABANI
1352 163 1572 220 MAURI
1607 165 1925 222 ARCIIIEP.
1969 165 2279 224 MOGUN’I’.
2322 167 2605 226 OPERUM
2645 169 2824 227 PARS
2862 169 2905 225 I.

3436 174 3542 230 500

282 276 437 342 patre
466 267 653 324 habuit
684 281 930 326 sororem
959 273 1178 328 nomine
1206 272 1460 329 Josabetb
1484 314 1498 339 ,
1529 275 1617 328 cui
1647 275 1862 345 copula-
1888 282 1938 342 Α
1966 273 2108 332 ferre
2135 286 2455 334 tentaverat.
2483 275 2673 335 Jolada
2716 295 2849 336 vero
2893 295 3124 340 evocans
3163 282 3544 354 centuriones,

285 370 372 416 tus
405 365 527 416 erat
561 358 800 429 pontifex
841 359 1050 418 Joiada.
1088 362 1214 418 Ilaec
1248 364 1490 434 ingressa
1526 366 1731 436 regiam
1767 366 1862 420 do-

281 467 430 506 mum
451 491 466 517 ,
497 452 588 506 ubi
617 461 772 506 erant
803 453 1070 507 interfecti
1109 452 1204 508 ﬁlii
1238 468 1456 524 regum,
1487 454 1613 510 Joas
1643 456 1860 512 nomine

282 539 606 595 infantulum
641 541 949 595 anniculum
993 541 1226 596 celatum
1273 542 1553 598 inveniens
1599 559 1722 598 cum
1766 561 1862 598 nu-

281 631 451 697 trice,
487 639 541 686 et
576 641 798 700 portans
829 631 882 683 in
921 630 1225 686 cubiculum
1263 633 1490 699 clausit,
1526 643 1582 689 et
1628 635 1858 691 latenter

281 724 416 778 aluit
445 724 558 792 ipsa
579 763 594 787 ,
624 729 677 776 et
707 723 789 775 vir
813 721 929 788 ejus
955 721 1141 777 Joiada
1175 724 1229 777 in
1263 726 1495 796 templo,
1529 737 1733 795 septem
1763 745 1859 783 au-

280 813 385 878 nis,
415 813 609 882 quibus
639 811 691 865 in
718 810 1104 884 Hierosolymis
1133 829 1298 885 super
1327 817 1460 871 duos
1491 818 1664 873 tribus
1689 818 1858 873 Atha-

279 903 349 956 lia
388 903 630 974 regnavit
660 919 674 968 ;
715 903 945 974 septimo
983 920 1113 961 vero
1147 922 1290 962 anno
1325 907 1516 964 Joiada
1555 911 1701 967 hunc
1736 926 1854 966 ser-

277 1009 491 1052 monem
522 994 764 1064 pandidit
792 996 1030 1066 quinque
1056 997 1188 1052 viris
1216 1000 1641 1066 centurionibus,
1667 1002 1857 1071 eisque

275 1090 447 1144 suasit
480 1098 539 1144 ut
572 1089 622 1144 ei
656 1089 1022 1147 consisterent
1058 1100 1249 1148 contra
1284 1109 1346 1149 ea
1385 1110 1506 1163 quas
1540 1098 1607 1150 ab
1639 1095 1853 1152 Athalia

275 1185 490 1240 fuerant
520 1193 869 1254 perpetrata,
916 1194 972 1241 et
1013 1201 1238 1255 regnum
1286 1185 1480 1244 infanti
1533 1190 1852 1244 traderent:

275 1284 738 1346 percepturusque
771 1276 840 1332 ab
876 1277 962 1336 cis
987 1278 1367 1348 jusjurandum
1403 1280 1547 1348 quod
1587 1283 1851 1337 securitas

278 1366 402 1422 talia
456 1366 774 1438 gerentibus
828 1377 1256 1436 prtepararetur,
1313 1369 1547 1437 prodidit
1599 1370 1682 1425 eis
1727 1385 1853 1439 quas

277 1457 512 1527 gerenda
547 1458 728 1513 forent
761 1466 925 1527 atque
959 1459 1297 1528 complenda.
1331 1459 1484 1516 Tunc
1518 1460 1620 1515 viri
1652 1461 1850 1530 quibus

273 1551 528 1606 sacerdos
557 1549 746 1605 Joi-ada
785 1565 942 1606 suum
983 1551 1269 1607 consilium
1305 1553 1692 1618 commiserat,
1735 1553 1846 1608 cir-

1958 371 2122 442 jussit
2154 381 2214 427 ut
2245 373 2534 428 educerent
2558 373 2828 430 Athaliam
2867 375 2922 429 in
2965 375 3262 430 convallem
3293 375 3506 433 Cedron
3525 421 3541 446 ,

1965 479 2196 534 eamque
2237 465 2346 520 illic
2381 466 2711 535 perimerent
2733 506 2747 530 ,
2789 481 2858 520 ne
2897 466 3189 535 templum,
3225 469 3540 527 occidentes

1966 553 2079 607 illic
2113 557 2437 619 reuelleam,
2481 555 2765 608 violarent.
2805 554 2977 608 L’num
3019 556 3370 625 praecipiens,
3405 570 3463 614 ut
3493 564 3536 617 si

1961 643 2084 713 quis
2111 644 2159 698 ei
2190 644 2333 699 ferre
2361 645 2490 699 velit
2516 645 2773 699 auxilium
2799 686 2812 709 ,
2842 645 2955 714 pari
2983 656 3128 700 sorte
3154 627 3536 716 perimerctur.

1961 734 2112 789 Tunc
2149 735 2400 804 quidam,
2441 737 2524 790 cui
2566 735 2742 790 fuerat
2781 734 2898 803 ejus
2929 736 3167 804 iniuncta
3199 741 3534 809 peremptio,

1960 839 2180 880 sumens
2210 825 2476 880 Athaliam
2511 826 2730 880 deduxit
2757 841 2875 880 eam
2909 827 2974 880 ad
3009 835 3218 896 portam
3263 829 3530 883 mularum

1959 918 2131 988 regis,
2158 928 2213 973 ct
2236 919 2342 974 illic
2371 917 2663 973 interfecit.
2695 938 2712 969 ‹
2739 919 2862 972 ilico
2883 917 3169 988 Joscphus.
3196 919 3365 975 Porro
3387 925 3532 990 quod

1958 1005 2012 1062 in
2043 1007 2266 1061 historia
2304 1009 2564 1076 scriptum
2605 1016 2716 1072 est,
2747 1008 2889 1077 quod
2922 1009 3127 1062 unxerit
3169 1007 3365 1062 Joiada
3404 1029 3537 1081 pon-

1958 1099 2088 1169 tifex
2132 1109 2181 1153 et
2213 1099 2312 1168 ﬁlii
2347 1101 2458 1170 ejus
2483 1099 2638 1154 Joam
2681 1101 2733 1154 in
2781 1116 2995 1172 regem,
3045 1101 3415 1171 imprecatione
3457 1105 3538 1158 di-

1956 1191 2138 1244 xerint
2170 1209 2182 1242 :
2224 1189 2373 1244 Vivat
2404 1207 2495 1246 rex
2518 1232 2534 1257 ,
2567 1191 2709 1246 ﬁlios
2735 1189 2937 1245 Joiadze
2967 1192 3395 1262 synechdocbiee
3428 1209 3530 1262 pro

1956 1279 2072 1334 solo
2101 1279 2358 1334 Zacharia
2391 1280 2601 1350 posuit,
2633 1280 2725 1348 qui
2765 1280 3022 1349 propheta
3055 1288 3200 1344 erat,
3235 1297 3393 1350 quem
3433 1296 3534 1349 po-

1955 1383 2071 1428 stca
2112 1373 2254 1427 idem
2298 1370 2424 1427 Joas
2463 1371 2768 1437 interfecit,
2809 1379 2869 1425 ut
2909 1371 2976 1424 ad
3016 1387 3269 1441 maguum
3300 1373 3530 1426 damna-

1955 1463 2118 1518 tionis
2159 1462 2458 1532 pertineret
2494 1468 2873 1532 augmentum,
2918 1474 3042 1514 eum
3083 1461 3390 1516 interﬁcere
3433 1464 3527 1532 qui

1954 1569 2015 1611 se
2043 1556 2094 1609 in
2111 1562 2308 1625 legem
2338 1561 2590 1608 unxerat.

272 1649 812 1698 euincuntesoatnem
827 1641 1178 1710 provinciam,
1209 1644 1520 1698 sacerdotes
1550 1651 1605 1698 et
1632 1643 1850 1699 Levitas
1877 1629 1922 1687 Β
2023 1643 2176 1710 Quod
2207 1660 2324 1696 cum
2353 1643 2585 1697 audisset
2614 1641 2827 1695 Athalia
2869 1659 3039 1696 vocem
3082 1644 3276 1696 scilicet
3313 1661 3533 1698 curren—

269 1740 660 1803 eongregautes
685 1746 754 1786 ex
781 1747 844 1786 ea
865 1772 879 1796 ,
909 1732 1068 1786 simul
1094 1741 1148 1786 et
1173 1732 1446 1802 principes
1473 1733 1709 1788 tribuum
1731 1748 1849 1788 om-

271 1837 396 1887 nes,
438 1820 842 1893 IIierosolymas
873 1822 941 1877 ad
974 1822 1286 1892 pontificem
1332 1823 1691 1882 deduxerunt.
1743 1824 1845 1891 Qui

270 1929 393 1968 mox
420 1914 580 1970 ﬁdem
603 1913 671 1968 ab
691 1916 771 1969 eis
795 1913 1146 1985 jurejurando
1167 1915 1304 1985 petit
1328 1922 1387 1971 ut
1409 1917 1553 1986 quod
1580 1917 1648 1973 ab
1675 1931 1738 1971 eo
1761 1931 1850 1974 co-

270 2015 592 2074 gnoscerent
613 2021 737 2060 cum
770 2006 1136 2062 taciturnitate
1164 2016 1483 2073 servarent,
1503 2007 1675 2062 donec
1696 2007 1847 2063 nisus

271 2094 386 2163 ejus
432 2095 751 2150 intentionis
795 2096 1064 2165 potuisset
1099 2096 1335 2166 impleri.
1373 2095 1585 2164 Quibus
1613 2095 1845 2165 ju-ranti-

267 2189 397 2250 bus,
423 2202 654 2243 securus,
676 2187 932 2254 effectus,
959 2189 1183 2244 deduxit
1207 2204 1331 2244 eum
1361 2204 1524 2260 quem
1554 2191 1620 2244 de
1647 2205 1845 2259 genere

267 2275 437 2333 David
468 2280 787 2336 euutrierat.
822 2279 958 2345 Iste,
989 2280 1200 2350 inquit,
1232 2281 1385 2336 vobis
1410 2297 1509 2338 rex
1537 2296 1604 2336 ex
1633 2281 1722 2337 illa
1750 2281 1846 2336 do-

267 2384 359 2424 mo
394 2369 531 2433 erit,
568 2384 731 2440 quam
765 2370 938 2426 nostis
971 2369 1258 2426 Dominum
1290 2372 1645 2440 prophetasse
1683 2385 1845 2440 super

264 2477 367 2516 nos
398 2461 548 2515 omni
583 2469 827 2530 tempore
857 2470 1232 2530 regnatur-am.
1264 2460 1454 2517 Moneo
1486 2462 1754 2530 siquidem
1784 2469 1845 2515 ut

261 2552 482 2606 tertiam
527 2559 738 2619 partem
786 2559 1024 2604 vestram
1059 2564 1185 2604 eum
1231 2549 1289 2603 in
1331 2550 1530 2618 templo
1571 2550 1844 2605 custodire

263 2643 514 2707 faciatis,
528 2650 768 2714 quatuor
793 2655 923 2696 vero
948 2641 1003 2696 iu
1034 2639 1286 2696 omnibus
1310 2641 1492 2710 templi
1514 2639 1699 2708 januis
1728 2649 1840 2694 sta-

262 2735 460 2798 tuatis,
497 2732 706 2801 reliqua
742 2746 874 2787 vero
911 2747 1049 2802 pars
1074 2739 1262 2788 teneat
1293 2740 1507 2801 portam
1543 2746 1664 2800 qua:
1694 2731 1842 2785 ducit

266 2825 333 2878 ad
368 2831 508 2878 tecta
539 2820 740 2893 regalia
761 2861 776 2887 ,
809 2820 914 2876 alia
962 2836 1092 2878 vero
1127 2820 1351 2876 inermis
1384 2819 1674 2880 multitudo
1708 2836 1841 2875 con-

261 2919 421 2974 sistat
462 2915 517 2970 in
565 2914 796 2984 templo,
844 2913 1158 2982 nullumque
1201 2912 1840 2980 armatum-permittatis

1951 1733 2116 1796 tium,
2169 1740 2325 1802 atque
2357 1730 2690 1784 laudantium
2715 1745 2922 1799 regem,
2955 1730 3190 1800 ingressa
3218 1741 3305 1784 est.
3337 1731 3407 1784 ad
3435 1747 3533 1800 po-

1946 1824 2127 1897 pulum
2168 1824 2225 1878 in
2264 1823 2509 1894 templum
2552 1822 2786 1877 Domini.
2829 1819 3060 1892 Cumque
3097 1823 3306 1876 vidisset
3352 1838 3530 1892 regem

1946 1927 2169 1973 stantem
2204 1932 2359 1986 super
2395 1915 2618 1986 gradum
2651 1914 2706 1968 in
2745 1913 2998 1976 introitu,
3027 1923 3076 1966 et
3105 1914 3365 1984 principes
3408 1923 3528 1966 tur-

1944 2025 2157 2081 masque
2186 2009 2328 2062 circa
2356 2023 2475 2062 eum
2498 2043 2513 2073 ,
2545 2005 2696 2060 scidit
2725 2006 3026 2060 vestimenta
3054 2023 3184 2070 sua,
3209 2015 3258 2058 et
3284 2006 3398 2058 ait:
3424 2004 3534 2058 ln-

1943 2099 2127 2163 sidiaz,
2156 2099 2396 2163 insidite,
2429 2107 2534 2153 etc.
2577 2097 2813 2152 Gradum
2857 2096 2986 2153 dicit
3027 2096 3335 2151 columnam
3378 2096 3530 2151 illam

1945 2191 2060 2248 sive
2103 2190 2276 2246 basim
2306 2206 2468 2260 quam
2507 2189 2833 2260 praeparavit
2875 2187 3127 2244 Salomon
3171 2190 3223 2245 in
3267 2190 3527 2257 basilica,

1945 2281 2011 2334 de
2052 2296 2159 2350 quo
2200 2281 2252 2334 in
2295 2279 2662 2350 superioribus
2705 2279 2968 2349 scriptum
3010 2291 3094 2334 est
3134 2279 3277 2350 quod
3318 2278 3530 2335 fecerat

1944 2371 2196 2428 Salomon
2229 2371 2404 2428 basim
2449 2386 2692 2435 aeneam,
2723 2379 2778 2424 et
2808 2378 3063 2440 posuerat
3089 2385 3209 2424 eam
3249 2370 3304 2424 in
3347 2371 3527 2424 medio

1941 2466 2178 2521 basilicae
2195 2507 2209 2530 ,
2238 2467 2528 2521 habentem
2554 2464 2793 2534 quinque
2817 2463 3028 2517 cubitos
3056 2460 3407 2531 longitudinis
3427 2501 3443 2525 ,
3470 2468 3526 2514 et

1941 2558 2177 2628 quinque
2200 2557 2412 2612 cubitos
2438 2555 2754 2621 latitudinis,
2779 2563 2836 2609 et
2859 2563 2970 2608 tres
2995 2553 3208 2608 cubitos
3234 2553 3286 2606 iu
3316 2552 3484 2606 altum
3503 2592 3521 2616 ,

1940 2647 2260 2715 stcteritque
2295 2660 2462 2715 super.
2499 2661 2649 2709 eam,
2681 2654 2736 2699 et
2775 2645 3058 2713 deinceps,
3101 2641 3254 2697 ﬂexis
3293 2643 3524 2712 genibus

1941 2745 2129 2792 contra
2157 2737 2468 2792 universam
2500 2737 2900 2792 multitudinem
2929 2735 3093 2790 Israel
3111 2744 3214 2801 ,et
3239 2734 3433 2804 palmis
3463 2735 3519 2788 in

1939 2824 2136 2882 coelum
2163 2825 2384 2889 levatis,
2411 2824 2666 2879 oraverit.
3355 2849 3360 2852 -

2017 2918 2215 2990 Pepigit
2242 2928 2415 2971 autem
2439 2916 2608 2986 [trdus
2633 2913 2828 2970 Joiada
2854 2915 2987 2969 inter
3009 2931 3094 2979 se,
3122 2915 3522 2983 universumque

262 3010 506 3074 intrare,
538 3007 644 3062 nisi
677 3005 1052 3062 tantummodo
1083 3006 1418 3062 sacerdotes.
1463 3005 1664 3074 Eisque
1693 3019 1833 3074 prte-
1865 2989 1908 3050 Ο
1941 2989 2219 3079 populum,
2251 3017 2298 3061 et
2329 3023 2532 3076 regem,
2575 3015 2632 3059 ut
2672 3015 2802 3060 esset
2839 3003 3060 3075 populus
3103 3004 3334 3059 Domini.
3377 3004 3520 3070 Quid

261 3104 401 3172 cepit
429 3111 490 3157 ut
520 3102 699 3172 aliqua
729 3117 855 3172 pars
885 3098 1243 3154 sacerdotum.
1265 3106 1320 3152 et
1348 3096 1660 3150 Levitarum
1690 3095 1838 3150 circa

260 3197 434 3262 ipsum
468 3207 651 3263 regem
682 3191 993 3252 assisteret,
1026 3203 1150 3243 eum
1180 3186 1484 3257 evagiuatis
1515 3185 1705 3256 gladiis
1731 3187 1839 3239 cir—

260 3282 618 3344 euundantcs,
651 3288 712 3334 ut
745 3279 794 3333 si
824 3278 948 3346 quis
979 3285 1221 3332 armatus
1252 3276 1306 3330 in
1338 3275 1600 3344 templum
1632 3275 1837 3328 intrare

260 3377 650 3439 praesumeret,
673 3377 895 3436 repente
925 3367 1307 3436 perimeretur,
1341 3374 1396 3420 et
1427 3364 1561 3419 nihil
1594 3374 1838 3426 metuen-

261 3477 341 3518 tes
362 3505 377 3528 ,
410 3477 592 3532 regem
631 3469 740 3515 tam
777 3460 990 3515 fortiter
1022 3459 1397 3514 observarent.
1431 3457 1511 3514 Illi
1541 3474 1673 3512 vero
1701 3474 1833 3514 eou-

262 3558 384 3610 silio
418 3555 690 3625 pontiﬁcis
725 3553 1071 3618 obedientes,
1114 3568 1267 3610 suam
1304 3553 1637 3608 voluntatem
1671 3569 1836 3623 Opere

258 3650 621 3705 declararunt.
654 3647 870 3702 Interea.
895 3645 1084 3701 Joiada
1115 3647 1368 3716 aperiens
1399 3657 1833 3710 armamentum,

258 3741 397 3811 quod
435 3748 555 3794 erat
590 3738 881 3808 in-templo
925 3754 956 3792 a
1005 3737 1172 3792 David
1217 3737 1604 3801 constitutum,
1651 3736 1836 3794 divisit

256 3830 704 3895 centurionibus,
737 3837 792 3884 et
825 3829 1230 3890 sacerdotibus,
1263 3836 1320 3882 et
1353 3827 1559 3898 pariter
1593 3827 1832 3890 Levitis,

255 3938 406 3974 arma
437 3934 770 3991 quaecunque
801 3919 912 3975 illic
943 3919 1165 3984 invenit,
1199 3918 1415 3972 lanceas
1435 3926 1492 3973 et
1519 3919 1825 3987 pharetras,

254 4023 306 4067 et
338 4013 700 4083 quodcunque
727 4010 870 4065 aliud
918 4010 1277 4080 apprehendit
1315 4024 1486 4080 genus
1521 4023 1830 4072 armorum,

254 4113 300 4156 ei
335 4111 576 4158 armatos
603 4103 747 4156 circa
780 4101 1040 4171 templum
1076 4101 1267 4156 statu-it
1287 4141 1302 4165 ,
1335 4108 1394 4154 ut
1425 4115 1589 4154 manu
1619 4114 1715 4154 sua
1745 4105 1830 4152 to-

255 4206 368 4249 tum
395 4194 706 4263 constipare
734 4193 1050 4248 viderentur
1080 4195 1381 4264 ingressum
1402 4233 1416 4256 ,
1443 4203 1498 4245 et
1529 4192 1681 4260 quasi
1717 4207 1833 4245 mu-

256 4301 373 4339 illm
419 4285 618 4340 habere
634 4323 658 4348 ,
701 4281 922 4338 sﬁtdere
965 4283 1302 4338 molirentur.
1356 4281 1830 4356 Produccntesque

252 4383 403 4436 luam
435 4395 489 4434 tn
518 4377 697 4434 medio
726 4391 1019 4446 puerorum
1047 4376 1096 4431 ei
1126 4376 1332 4446 regium
1362 4375 1605 4430 diadema
1633 4390 1828 4444 posue-

254 4482 410 4537 runt;
440 4481 499 4527 et
523 4486 732 4542 ungens
759 4485 882 4525 eum
913 4467 1102 4524 Joiada
1124 4508 1138 4532 ,
1171 4483 1354 4538 regem
1388 4468 1703 4523 solemniter
1735 4482 1827 4520 or-

253 4565 476 4622 dinavit.
533 4562 768 4633 Populus
818 4561 1001 4628 itaque
1051 4559 1290 4628 gaudens
1337 4558 1636 4612 clamavit:
1675 4558 1832 4612 Vivat

253 4662 384 4715 rev!
421 4660 591 4716 Porro
633 4657 850 4712 Athalia
892 4654 1175 4709 tumultum
1220 4661 1275 4706 et
1313 4652 1501 4706 laud-es
1527 4653 1830 4720 inopinatas

252 4760 472 4821 repente
508 4763 874 4820 cognoscens,
915 4747 1268 4800 vehementer
1311 4743 1662 4814 perturbata,
1705 4757 1826 4794 cum

253 4861 351 4898 suo
381 4844 626 4898 exercitu
654 4842 721 4897 de
753 4839 1028 4911 regalibus
1058 4837 1413 4903 exsilivitret
1441 4851 1562 4891 cum
1596 4834 1834 4889 venisset

252 4939 320 4993 ad
349 4935 603 5005 templum
620 4976 634 4996 ,
660 4935 974 4988 sacerdotes
999 4931 1216 5001 quidam
1244 4945 1367 4984 eam
1396 4928 1644 4998 protinus
1670 4943 1830 4984 exce—

253 5034 477 5098 perunt,
507 5032 749 5079 armatos
775 5038 904 5077 vero
935 5025 1026 5091 qui
1055 5022 1426 5090 sequebantur
1456 5020 1679 5076 introire
1706 5035 1832 5088 pro-

251 5124 560 5175 hibuerunt.
603 5117 774 5171 Erant
809 5118 956 5171 enim
997 5131 1026 5169 a
1069 5113 1323 5184 pontifice
1353 5114 1650 5183 prmpositi,
1689 5113 1829 5168 sicut

252 5219 454 5269 uit-lum
506 5219 629 5275 est,
681 5218 742 5264 ut
792 5209 974 5278 templi
1023 5207 1206 5260 aditus
1254 5207 1624 5262 observarent.
1676 5206 1830 5260 Tune

252 5310 434 5373 itaque
469 5300 719 5366 Athalia,
756 5299 946 5353 videns
982 5313 1210 5367 puerum
1251 5304 1484 5352 stantem
1523 5310 1687 5366 super
1733 5297 1834 5350 tri-

255 5396 414 5449 bunal
457 5395 698 5464 regium,
729 5392 887 5460 eique
926 5388 1175 5444 diadema
1216 5386 1396 5458 regale
1437 5387 1832 5456 superimposi-

1941 3107 2023 3152 est
2059 3098 2202 3168 quod
2242 3097 2374 3152 dicit
2410 3094 2655 3150 Joiadam
2687 3096 2827 3150 inter
2855 3109 2944 3160 se,
2974 3089 3397 3163 universumque
3423 3109 3522 3164 po-

1939 3190 2120 3261 pulum
2152 3199 2207 3244 et
2237 3205 2417 3259 regem
2454 3189 2734 3259 pepegisse
2765 3188 2971 3251 fmdus,
3001 3187 3105 3258 nisi
3133 3186 3276 3256 quod
3299 3201 3366 3241 .sc
3396 3185 3521 3241 loco

1939 3279 2071 3350 legis
2098 3289 2154 3335 et
2184 3281 2308 3340 Dei,
2353 3278 2511 3348 cujus
2551 3279 2802 3333 minister.
2834 3287 2951 3338 erat
2972 3317 2987 3343 ,
3015 3277 3246 3348 posuit?
3286 3277 3428 3332 sicut
3461 3279 3520 3330 in

1938 3373 2074 3427 libro
2104 3372 2310 3442 Regum
2339 3370 2665 3434 ostenditur,
2693 3368 2784 3423 ubi
2815 3370 2888 3423 ita
2913 3370 3184 3439 scriptum
3199 3377 3279 3421 est
3309 3385 3322 3422 :
3361 3365 3515 3436 Pepi-

1935 3467 2008 3536 git
2034 3483 2154 3536 ergo
2179 3464 2374 3517 Joiada
2399 3463 2568 3531 [tedas
2592 3463 2728 3515 inter
2750 3460 3066 3523 Dominum,
3090 3469 3137 3514 et
3163 3460 3295 3512 inter
3321 3474 3520 3527 regem,

1935 3567 1983 3609 et
2015 3556 2150 3609 inter
2173 3552 2421 3625 populum
2441 3594 2456 3618 ,
2486 3563 2540 3606 ut
2567 3561 2696 3606 esset
2725 3550 2949 3622 populus
2976 3550 3222 3605 Dominis
3246 3547 3401 3603 Unde
3432 3548 3518 3600 iu-

1938 3653 2267 3715 terprctatur
2319 3645 2602 3698 Dominum
2647 3655 3015 3712 cognoscens,
3067 3640 3178 3694 sive
3223 3637 3518 3691 Dominum

1937 3738 2195 3808 diligens,
2226 3737 2351 3806 quia
2385 3734 2670 3788 Dominum
2700 3745 3028 3802 cognoscere
3061 3729 3197 3783 filios
3229 3727 3392 3782 Israel
3425 3728 3524 3782 do-

1935 3831 2066 3886 cuit.
2109 3828 2322 3899 Pepigit
2360 3827 2544 3896 itaque
2585 3823 2980 3880 fmdus-Joiada
3013 3823 3154 3876 inter
3183 3820 3472 3874 Dominum
3498 3861 3514 3882 ,

1934 3932 1990 3982 et
2026 3922 2312 3993 populum,
2354 3927 2408 3975 et
2453 3933 2665 3988 regem,
2709 3927 2769 3970 ut
2807 3916 3054 3983 utrique,
3086 3914 3188 3967 hoc
3216 3922 3298 3965 est
3334 3926 3427 3965 rex
3459 3922 3522 3965 et

1934 4015 2198 4085 populus,
2230 4009 2660 4067 obedirentDeo
2700 4016 2756 4062 et
2794 4007 2898 4078 legi
2940 4006 3076 4075 ejus.
3117 4003 3327 4075 Pepigit
3368 4002 3522 4056 inter

1935 4121 2117 4176 regem
2146 4113 2200 4160 et
2225 4103 2510 4174 populum,
2542 4101 2789 4182 hoe'est,
2822 4110 2882 4153 ut
2909 4097 3135 4168 populus
3163 4111 3291 4164 erga
3325 4109 3518 4163 regem

1936 4197 2164 4252 ﬁdeliter
2203 4202 2416 4265 ageret,
2455 4204 2511 4246 et
2550 4207 2644 4248 rex
2684 4191 2936 4264 populum
2969 4206 3091 4246 cum
3116 4187 3330 4256 justitia
3359 4201 3520 4258 rcge-

1934 4297 2051 4354 ret,
2080 4288 2174 4341 sub
2201 4285 2442 4340 manibus
2470 4283 2799 4338 sacerdotum
2827 4292 2872 4336 et
2905 4281 3201 4336 Levitarum
3225 4321 3239 4344 ,
3271 4293 3515 4348 quorum

1933 4384 2088 4440 oﬂicii
2130 4382 2232 4436 fuit
2263 4390 2322 4434 ut
2352 4387 2620 4450 praecepta
2651 4377 2899 4442 Domini,
2933 4383 2988 4430 et
3015 4374 3253 4446 legitima
3285 4373 3406 4444 ejus
3431 4372 3522 4428 eis

1933 4477 2288 4532 iusinuarent.
3047 4494 3050 4498 -

2495 4581 2722 4638 CAPUT
2753 4580 2942 4636 XXIV.

1932 4697 2010 4752 De
2060 4713 2118 4750 eo
2168 4696 2305 4767 quod
2347 4696 2475 4767 Joas
2522 4688 3168 4767 prtfcepitlsarerdotibus
3214 4686 3526 4765 instaurare

1959 4807 1965 4814 .
2004 4778 2146 4821 sarta
2180 4757 2322 4818 ἰθεῖα
2363 4757 2546 4817 domus
2587 4757 2826 4824 Domini,
2853 4770 2900 4814 et
2939 4759 3202 4816 culturam
3245 4757 3522 4809 renovavit

2005 4838 2199 4906 templi.
2244 4837 2320 4889 De
2361 4836 2463 4906 ﬁne
2500 4833 2708 4906 .loiadaz
2747 4831 3044 4906 pontiﬁcis:
3076 4839 3120 4906 et
3153 4825 3523 4906 interiectione

2005 4894 2311 4970 Zac'lmriw,
2341 4894 2438 4973 lilii
2467 4904 2578 4972 ejus
2598 4944 2610 4965 ,
2642 4894 2790 4973 quem
2819 4894 2950 4973 Joas
2982 4915 3072 4973 rea:
3097 4899 3232 4949 inter
3261 4894 3522 4964 templum

2005 4989 2052 5032 et
2082 4977 2247 5030 altare
2277 4968 2508 5029 accidere
2527 4968 2712 5044 jussit.
2750 4970 2824 5024 De
2852 4969 2995 5024 obitu
3024 4968 3176 5022 Joas.

2008 5109 2080 5180 (Il
2101 5109 2232 5162 Pan.
2259 5104 2430 5176 sxw.)
2459 5103 2583 5159 Post
2604 5121 2720 5174 quer:
2741 5103 2936 5173 placuit
2958 5099 3089 5154 Joas
3111 5109 3163 5151 ut
3189 5098 3524 5150 instauraret

1934 5206 2143 5258 domum
2177 5200 2405 5258 Domini.
2431 5197 2872 5268 Congregavitque
2893 5192 3186 5249 sacerdotes
3203 5199 3254 5244 et
3279 5187 3524 5254 Levilas,

1933 5304 1980 5354 et
2001 5294 2135 5347 dixit
2163 5293 2238 5347 eis
2261 5305 2278 5342 :
2306 5289 2631 5360 Egredimiui
2657 5287 2724 5340 ad
2752 5287 2984 5340 civitates
3007 5281 3041 5336 Ι
3049 5282 3153 5336 uda
3169 5321 3187 5346 ,
3212 5289 3268 5333 et
3283 5277 3526 5346 colligite

1933 5386 1996 5444 de
2025 5385 2262 5440 universo
2289 5381 2458 5436 Israel
2483 5379 2759 5450 pecuniam
2785 5376 2853 5430 ad
2881 5384 3028 5429 sarta
3053 5381 3187 5426 tecta
3214 5366 3391 5437 templi
3417 5365 3532 5424 Dei

258 5507 366 5542 Hm
389 5529 402 5553 ,
427 5491 597 5544 scissa
629 5493 777 5542 veste
808 5499 903 5539 sua
927 5525 940 5547 ,
967 5483 1318 5536 vehementer
1345 5479 1687 5545 exclamans,
1715 5479 1841 5548 ,ἱιιεμε
1932 5478 2101 5532 vestri
2135 5490 2226 5544 per
2263 5471 2498 5542 singulos
2540 5486 2704 5523 amics
2731 5509 2748 5532 ,
2798 5465 3144 5553 {estinatoque
3187 5461 3284 5553 hoc
3329 5456 3531 5527 facile.

261 5597 316 5641 τι·
355 5551 522 5638 cecidi
555 5581 643 5650 qui
678 5580 726 5636 ei
763 5578 888 5633 fecit
932 5574 1192 5638 insidias,
1221 5583 1286 5626 et
1328 5572 1688 5642 principatum
1733 5585 1836 5626 au-
1936 5567 2103 5621 Porro
2152 5563 2340 5620 Levita:
2382 5571 2594 5633 egerunt
2640 5557 3004 5630 negligentius.
3055 5551 3369 5628 I'ocaritque
3412 5562 3532 5599 res
