3870 6146
255 261 350 318 501

1164 259 1519 316 (ΣΟΜΜΕΝΤ.
1559 257 1625 313 ΙΝ
1662 258 2211 317 PARALIPOMENA.
2246 290 2316 302 -—
2351 260 2478 319 LlB.
2520 262 2608 316 Ν.
2644 308 2651 315 .

3394 273 3498 328 .502

254 371 501 426 loiadam
523 369 842 446 principem,
869 379 916 424 et
945 369 1075 424 dixit
1104 369 1191 423 ei:
1226 370 1404 433 Quare
1427 386 1530 423 non
1555 368 1649 423 tibi
1672 384 1819 423 curre
1854 371 1906 430 Α
1931 367 2101 423 moria
2143 369 2466 437 custoditur,
2507 381 2772 440 quatenus
2812 391 2875 431 ex
2920 377 3001 433 eis
3038 394 3158 447 quae
3186 380 3260 437 illi
3291 384 3488 441 obtuli-

254 467 351 536 fuit
378 473 435 518 ut
464 480 674 535 cogeres
699 461 906 517 leuitas
934 461 1130 532 inferre
1157 463 1222 515 de
1252 461 1406 515 ‘Juda
1445 471 1495 517 et
1530 460 1828 516 Jerusalem

253 555 556 626 pecuniam,
586 568 704 624 qum
731 553 1012 608 constituta
1036 562 1111 606 est
1140 570 1171 605 a
1198 552 1381 623 Moyse
1407 569 1552 607 seruo
1576 552 1824 617 Domini,

255 655 308 698 ut
335 644 554 714 inferret
580 659 695 697 eam
725 644 894 697 omnis
922 640 1204 697 multitudo
1233 642 1402 697 Israel
1430 644 1485 697 in
1512 642 1827 697 tabernacu-

255 737 360 791 lum
398 736 703 791 testimonii.
750 735 987 791 Pecunia
1026 751 1157 806 ergo
1195 751 1314 806 qua:
1351 736 1645 793 constituta
1682 741 1767 790 est
1795 750 1826 789 a

254 826 434 898 lloyse
463 826 518 880 in
550 825 956 881 tabernaculum
1001 825 1291 881 deferenda
1311 865 1326 891 ,
1371 825 1487 895 ipsa
1535 832 1620 885 est
1662 839 1825 894 quam

254 915 513 970 Dominus
541 914 598 969 in
625 914 813 969 Exodo
838 914 1095 983 praecepit
1136 914 1304 984 Moysi
1343 915 1569 971 dicens:
1601 912 1826 979 Quando

251 1004 430 1059 tuleris
457 1021 717 1059 summam
740 1004 973 1073 ﬁliorum
997 1003 1200 1071 Israel,
1219 1005 1376 1077 juxta
1401 1021 1672 1069 numerum
1689 1044 1704 1069 ,
1730 1004 1827 1061 da-

252 1096 374 1149 bunt
413 1093 613 1165 singuli
650 1095 872 1165 pretium
913 1111 1008 1165 pro
1051 1095 1325 1150 animabus
1360 1096 1471 1151 suis
1497 1095 1744 1159 Domino,
1776 1105 1826 1150 et

255 1200 352 1237 non
374 1184 474 1238 erit
496 1182 654 1254 plaga
679 1183 735 1237 in
758 1184 833 1238 eis
858 1198 977 1237 cum
1003 1184 1198 1254 fuerint
1221 1186 1480 1245 recensiti.
1509 1184 1628 1241 Hoc
1651 1195 1825 1241 autem

251 1274 390 1328 dabit
435 1273 607 1328 omnis
651 1274 741 1345 qui
783 1274 973 1328 transit
1014 1274 1084 1328 ad
1126 1291 1345 1340 nomen,
1375 1274 1650 1329 dimidium
1677 1275 1822 1339 sicli,

256 1366 399 1425 iuxta
435 1382 738 1421 mensuram
764 1366 961 1435 templi.
1004 1366 1181 1423 Siclus
1218 1369 1399 1439 viginti
1434 1368 1611 1423 obolos
1648 1368 1823 1423 habet.

256 1457 429 1512 Media
464 1456 741 1528 pars'sicli
779 1457 1028 1527 offeretur
1069 1456 1314 1512 Domino.
1361 1457 1468 1525 Qui
1504 1458 1728 1513 habetur
1768 1460 1825 1512 in

255 1564 467 1603 numero
489 1565 522 1601 a
547 1548 725 1618 viginti
752 1548 907 1603 armis
931 1558 980 1603 et
1005 1564 1167 1619 supra
1185 1589 1200 1614 ,
1227 1547 1371 1604 dabit
1392 1550 1640 1619 pretium.
1670 1548 1823 1605 Dives

255 1658 352 1697 non
390 1640 551 1695 addet
596 1640 666 1695 ad
706 1640 938 1695 medium
965 1639 1081 1696 sicli
1099 1680 1114 1705 ,
1142 1649 1193 1695 et
1217 1657 1418 1712 pauper
1441 1639 1573 1717 nihil
1601 1641 1820 1694 minuet.

1931 474 2053 515 mus
2080 461 2342 516 bonorum
2367 476 2588 530 operum
2619 463 2885 521 fructibus
2900 471 3174 539 propitius
3200 474 3355 530 nobis
3383 475 3496 532 ﬁeri

1930 548 2197 619 dignetur.
2223 549 2589 623 Servaturque
2616 556 2802 610 eadem
2831 560 3056 627 pecunia
3086 561 3137 617 in
3165 578 3353 629 usum,
3378 581 3499 621 cum

1929 655 1996 695 ex
2041 641 2198 698 bonis
2244 643 2453 698 actibus
2497 647 2837 714 sequentium
2888 650 2941 704 in
2988 650 3206 709 Christo
3254 653 3495 712 ﬁdelium

1931 745 2114 787 mores
2161 741 2421 803 actusque
2450 736 2861 803 conﬁrmantur,
2905 755 2968 797 ac
3010 742 3147 798 tales
3178 744 3293 801 ﬁeri
3322 748 3499 803 mino—

1928 836 2125 890 resque
2152 825 2513 890 contendunt,
2545 826 2732 896 quales
2759 828 2927 886 fuisse
2952 846 3048 887 eos
3075 848 3212 902 quos
3240 851 3362 893 cum
3397 838 3499 895 Do-

1927 911 2076 967 mino
2104 927 2330 981 regnare
2357 926 2560 970 norunt
2586 929 2904 988 agnoscunt.
2925 919 3211 991 Sequitur:

1997 1002 2211 1058 Athalia
2252 1006 2390 1060 enim
2434 1008 2782 1078 impiissima,
2824 1021 2872 1067 et
2913 1014 3014 1082 ﬁlii
3052 1017 3199 1087 ejus,
3230 1019 3499 1077 destruxe-

1930 1100 2048 1145 rant
2090 1092 2304 1148 domum
2346 1094 2478 1163 Dei,
2523 1107 2572 1152 et
2612 1099 2678 1153 de
2720 1103 2973 1159 universis
3016 1123 3134 1176 qum
3171 1111 3498 1179 sanctiﬁcata

1925 1180 2134 1249 fuerant
2181 1183 2370 1254 templo
2410 1184 2653 1252 Domini,
2705 1202 3014 1246 ornaverant
3054 1194 3238 1262 fanum
3264 1196 3494 1253 Baalim.

1927 1268 2044 1323 Non
2075 1271 2194 1327 ideo
2224 1272 2355 1329 dicit
2383 1275 2522 1331 ﬁlios
2547 1276 2775 1335 Athalia:
2805 1281 3136 1340 destruxisse
3165 1301 3283 1341 cum
3309 1303 3371 1342 ea
3399 1288 3499 1346 do-

1927 1375 2075 1414 mum
2120 1362 2249 1430 Dei,
2296 1366 2439 1434 quod
2482 1366 2600 1437 ipsa
2647 1369 2788 1426 ﬁlios
2831 1372 3041 1442 aliquos
3079 1376 3325 1433 habuerit
3366 1389 3496 1437 tunc

1928 1449 2202 1517 viventes,
2253 1470 2375 1509 cum
2423 1465 2583 1512 antea
2628 1458 2836 1530 legatur
2870 1464 3034 1532 quod,
3073 1464 3307 1522 Ochozia
3346 1484 3495 1525 mor-

1927 1548 2051 1607 tuo,
2080 1542 2206 1611 quia
2234 1560 2341 1599 non
2369 1543 2633 1609 habuerat
2662 1548 2865 1617 ﬁlium,
2890 1566 3049 1610 omne
3078 1570 3260 1612 semen
3291 1558 3493 1630 regium

1927 1632 2231 1691 interﬁcere
2274 1637 2460 1693 molita
2491 1638 2596 1705 sit,
2627 1642 2722 1697 sed
2752 1642 2890 1699 ﬁlios
2920 1644 3036 1715 ejus
3067 1648 3377 1705 sacerdotes
3404 1666 3498 1705 no-

252 1730 663 1805 Susceptamque
688 1734 960 1805 pecuniam
986 1749 1102 1805 quis
1126 1733 1321 1789 collata
1345 1743 1421 1788 est
1447 1751 1479 1787 a
1501 1732 1628 1802 ﬁliis
1653 1731 1825 1791 Israel

1929 1725 2099 1780 minat
2139 1726 2440 1797 idolorum,
2485 1733 2578 1802 qui
2624 1735 2991 1804 spoliaverunt
3032 1739 3289 1810 templum
3330 1757 3493 1797 orna-

249 1823 301 1877 in
332 1837 469 1880 usus
511 1824 835 1885 tabernaculi
873 1825 1183 1889 testimonii,
1233 1835 1289 1880 ut
1335 1825 1400 1879 sit
1444 1825 1820 1881 monimntum

247 1930 426 1970 eorum
468 1933 650 1971 coram
691 1916 951 1982 Domino,
979 1926 1029 1972 et
1058 1917 1369 1988 propitietur
1394 1917 1670 1973 animabus
1698 1915 1823 1970 illo-

250 2022 360 2061 rum
404 2007 427 2079 (
444 2007 615 2063 Exod.
645 2007 794 2073 xxx).
816 2007 1062 2080 Spiritali
1100 2016 1283 2064 autem
1313 2024 1473 2065 sensu
1504 2022 1721 2063 summa
1754 2006 1819 2063 ﬁ-

246 2095 436 2154 liorum
456 2098 630 2155 Israel
656 2112 922 2156 summam
946 2101 1188 2157 omnium
1217 2101 1465 2171 designat
1487 2100 1788 2158 electorum
1802 2141 1817 2167 ,

246 2205 476 2260 quorum
516 2194 737 2250 nomina
777 2195 981 2265 scripta
1020 2202 1146 2250 sunt
1192 2195 1246 2249 in
1286 2194 1447 2251 cmlo.
1496 2193 1820 2266 Singulique

247 2283 373 2338 dant
408 2299 514 2355 pro
554 2284 841 2343 animabus
874 2287 991 2343 suis
1025 2287 1261 2357 pretium
1298 2287 1563 2353 Domino,
1596 2303 1728 2343 zeum
1770 2289 1818 2342 ei

244 2371 298 2427 in
335 2373 496 2430 bonis
535 2375 789 2445 operibus
828 2376 1090 2432 exhibent
1126 2376 1328 2433 sedulae
1350 2378 1630 2433 servitutis
1656 2377 1819 2432 obse-

244 2461 448 2531 quium.
490 2462 744 2534 Alioquin
776 2463 941 2536 plaga
972 2465 1079 2520 erit
1104 2466 1159 2520 in
1186 2465 1271 2521 eis
1290 2506 1305 2532 ,
1337 2481 1461 2533 cum
1486 2464 1692 2520 fuerint
1731 2479 1820 2520 re-

243 2552 430 2607 censiti
449 2594 465 2617 ,
491 2554 618 2624 quia
639 2555 894 2610 nimirum
920 2555 1052 2611 ultio
1078 2563 1263 2611 manet
1285 2560 1545 2627 perpetua
1572 2560 1668 2610 eos
1690 2556 1784 2625 qui
1801 2596 1817 2620 ,

242 2642 483 2701 ﬁdelium
512 2651 741 2703 numero
766 2648 1148 2704 nominetenus
1171 2648 1398 2712 sociati,
1426 2647 1663 2718 perlecta
1695 2647 1819 2703 ﬁdei

242 2743 410 2804 Opera
450 2734 684 2791 Domino
708 2735 907 2792 oﬁ‘erre
936 2738 1262 2793 detrectant.
1294 2737 1609 2806 Diciturque
1636 2736 1702 2790 de
1735 2745 1819 2791 ta-

242 2823 423 2880 libus:
464 2822 591 2879 Non
631 2825 833 2880 dabunt
867 2825 979 2881 Deo
1016 2825 1368 2897 placationem
1404 2841 1593 2892 suam,
1624 2835 1674 2879 et
1700 2842 1820 2896 pre—

242 2919 371 2972 tium
416 2919 786 2988 redemptionis
832 2919 1023 2975 animm
1068 2917 1412 2992 snwlPsal.
1441 2935 1606 2975 nvm
1629 2917 1669 2991 ).
1721 2917 1822 2973 Re-

238 3011 468 3082 demptio
497 3011 642 3066 enim
670 3013 864 3067 animo:
901 3013 1002 3068 uiri
1018 3054 1033 3080 ,
1070 3013 1265 3068 divitiis
1299 3029 1444 3077 suis,
1472 3022 1533 3068 ut
1563 3012 1817 3069 Salomon

1925 1815 2121 1872 mentis
2150 1818 2299 1886 suis,
2328 1826 2383 1875 et
2420 1836 2489 1877 ex
2526 1822 2607 1877 eis
2648 1837 2980 1882 ornaverunt
3017 1828 3159 1886 idola
3206 1846 3323 1887 sua.
3369 1831 3490 1889 Plc-

1924 1921 2151 1978 rumque
2199 1911 2254 1966 in
2297 1927 2455 1969 sacro
2498 1915 2713 1987 eloquio
2755 1918 2852 1976 ﬁlii
2898 1936 3003 1979 twn
3048 1925 3350 1991 nascendo,
3394 1928 3489 1982 sed

1928 1996 2191 2057 imitando
2222 2014 2504 2061 vocantur.

1995 2086 2252 2164 Praecepit
2278 2112 2399 2167 ergo
2437 2115 2557 2165 rex,
2598 2110 2645 2153 et
2674 2102 2906 2171 fecerunt
2934 2121 3144 2173 arcam,
3186 2120 3494 2175 posuerunt.

1920 2198 2021 2253 que
2056 2200 2172 2239 eam
2200 2186 2363 2255 juxta
2397 2199 2602 2257 portam
2633 2191 2845 2271 Domini
2870 2196 3194 2265 forinsecus,
3218 2209 3268 2254 et
3292 2203 3489 2270 prredi-

1922 2281 2096 2327 catum
2136 2284 2215 2330 est
2266 2277 2323 2332 in
2352 2277 2497 2333 Iuda
2544 2288 2594 2333 et
2636 2279 2965 2350 Jerusalem,
2996 2297 3053 2341 ut
3086 2287 3346 2356 deferrent
3380 2292 3491 2345 sin-

1921 2365 2032 2436 guli
2059 2369 2282 2437 pretium
2314 2368 2567 2437 Domino,
2598 2374 2737 2443 quod
2767 2377 3034 2432 constituit
3073 2377 3281 2450 Moyses
3319 2398 3496 2436 seruus

1900 2458 2135 2514 Domini
2175 2477 2333 2531 super
2370 2479 2575 2519 omnem
2622 2463 2794 2523 Israel
2836 2467 2894 2522 in
2939 2468 3162 2523 deserto.
3211 2469 3496 2542 La'luliqtte

1920 2557 2042 2602 sunt
2089 2550 2261 2615 cuncti
2296 2552 2586 2622 principes,
2615 2564 2662 2608 et
2703 2558 2870 2612 omnis
2904 2558 3163 2628 populus,
3205 2571 3254 2615 et
3293 2562 3493 2631 ingress-

1920 2639 1968 2692 si
2014 2639 2350 2701 contulerunt
2395 2642 2452 2698 in
2490 2661 2668 2699 arcam
2721 2646 2960 2715 Domini,
3010 2660 3163 2721 atqu
3208 2654 3495 2716 miserunt,

1921 2727 1996 2781 ita
2027 2737 2084 2781 ut
2113 2728 2429 2813 impleretur,
2461 2740 2568 2788 etc.
2597 2733 2734 2801 Quid
2763 2744 2849 2791 est
2874 2737 3017 2807 quod
3044 2737 3171 2795 Joas
3196 2752 3291 2797 rex
3317 2756 3497 2798 sacer-

1922 2817 2076 2872 dotes
2104 2819 2310 2889 arguit,
2358 2822 2499 2890 quod
2547 2822 2750 2879 inertes
2794 2834 2851 2881 et
2896 2828 3073 2885 minus
3112 2830 3336 2887 studiosi
3379 2831 3493 2888 lue-

1921 2908 2032 2963 rint
2060 2908 2116 2964 in
2144 2909 2547 2993 instauratione.
2567 2915 2745 2985 templi
2777 2915 3022 2983 Domini,
3049 2927 3106 2976 et
3143 2922 3287 2990 quod
3320 2937 3487 2991 pecu:-

1922 3000 2010 3054 nia
2034 3000 2228 3057 collata
2257 3016 2289 3057 a
2311 3004 2511 3085 populo
2527 3002 2684 3074 jussu
2710 3008 2851 3077 regis
2874 3023 2974 3078 per
3001 3026 3192 3067 [nanus
3217 3011 3490 3069 ministro-

240 3104 320 3157 ait
346 3103 368 3175 (
392 3102 558 3159 Prov.
590 3119 688 3159 snt
710 3103 766 3176 ),
799 3105 916 3161 sive
953 3105 1304 3176 temporales,
1339 3106 1547 3163 scilicet
1573 3121 1695 3162 cum
1724 3121 1818 3163 eas

1926 3104 2076 3155 rum,
2120 3092 2483 3149 cmmentariis
2527 3101 2584 3150 et
2625 3095 2936 3153 artiﬁcibus
2968 3112 3192 3168 operum
3240 3101 3483 3165 dabatur.

234 3190 616 3260 distribuerit,
646 3194 965 3266 dederitque
988 3197 1349 3267 pauperibus,
1380 3205 1440 3252 ut
1461 3197 1671 3268 iustitia
1702 3196 1819 3267 eius

237 3292 462 3339 maneat
489 3283 546 3338 in
574 3284 832 3341 saeculum
861 3286 1076 3351 saeuit,
1108 3302 1204 3343 seu
1234 3288 1527 3358 spiritales.
1564 3287 1671 3345 hoc
1698 3298 1817 3357 est,

234 3373 352 3443 ipsa
389 3376 641 3445 iustitia,
677 3386 838 3447 quam
882 3376 1047 3445 fecit,
1092 3378 1177 3434 vel
1216 3379 1527 3449 miserando
1552 3381 1822 3450 pauperi-

231 3466 358 3532 bus,
390 3468 479 3523 vel
507 3468 615 3524 alia
643 3470 784 3527 bene
810 3469 1080 3527 faciendo.
1106 3471 1268 3527 Dabit
1292 3479 1472 3528 autem
1511 3475 1688 3533 omnis
1723 3475 1817 3545 qui

234 3561 435 3615 transit
460 3562 532 3616 ad
560 3568 802 3629 nomen,
830 3563 1115 3620 dimidium
1163 3563 1312 3630 sicli,
1360 3567 1465 3622 hoc
1502 3574 1589 3622 est
1630 3566 1820 3638 viginti

232 3652 458 3717 obolos,
480 3654 630 3722 quod
656 3669 765 3709 non
790 3653 934 3710 aliud
960 3655 1140 3725 aptius
1158 3671 1326 3725 quam
1350 3657 1693 3712 observantia
1717 3658 1822 3712 De—

230 3743 409 3816 calogi
437 3761 470 3799 a
500 3746 661 3802 nobis
685 3746 830 3803 valet
857 3747 1107 3820 intelligi.
1141 3747 1242 3815 Qui
1272 3749 1417 3804 enim
1448 3756 1595 3805 recte
1624 3749 1821 3804 intelli-

233 3847 373 3903 gere
414 3834 593 3907 legem
632 3837 816 3903 novit,
856 3853 1072 3894 omnem
1113 3838 1168 3894 in
1196 3854 1266 3894 eo
1291 3839 1417 3895 ﬁdei
1445 3844 1609 3909 atque
1634 3840 1819 3909 operis

229 3923 634 3992 plenitudinem
676 3934 734 3983 et
767 3925 965 3984 totum
999 3927 1416 3999 premissiOnem
1447 3928 1820 3985 retributionis

228 4013 420 4071 inesse
459 4016 756 4088 cognovit;
793 4032 1030 4089 namque
1069 4019 1125 4074 in
1163 4018 1357 4089 primis
1400 4018 1574 4074 tribus
1600 4018 1820 4075 dilectio

228 4104 357 4170 Dei,
386 4106 447 4162 in
469 4108 822 4178 aequantibus
847 4117 1052 4180 septem
1079 4109 1295 4166 dilectio
1319 4116 1404 4166 est
1422 4111 1655 4180 proximi
1673 4122 1821 4166 com-

223 4197 527 4266 prehensa.
558 4198 630 4253 Et
652 4198 914 4270 Apostolo
943 4208 1079 4257 teste
1096 4241 1114 4268 ,
1143 4201 1425 4272 plenitudo
1453 4202 1589 4273 legis
1617 4210 1705 4261 est
1730 4202 1816 4258 di-

224 4284 417 4343 lectio.
453 4288 567 4346 θαι
597 4297 654 4346 et
678 4290 831 4347 aliud
854 4302 1256 4349 sacramentum
1298 4308 1639 4365 nequaquam
1675 4309 1816 4364 pres-

1924 3186 1984 3232 ut
2016 3188 2389 3241 restaurarent
2414 3182 2682 3241 scissuras
2707 3187 3007 3257 parietum,
3054 3196 3110 3244 et
3156 3198 3301 3246 sarta
3353 3200 3494 3249 tecta

1920 3274 2345 3343 rcaediﬁcarcnt,
2393 3278 2499 3335 nisi
2540 3280 2684 3350 quod
2724 3280 3035 3353 redemptor
3079 3293 3284 3350 noster,
3325 3301 3488 3355 quem

1919 3362 2050 3420 Joas
2090 3366 2194 3426 hoc
2228 3374 2352 3422 actu
2394 3367 2806 3439 prteﬁgurabat,
2853 3386 2954 3428 nec
2999 3388 3108 3433 non
3148 3383 3204 3430 et
3230 3378 3450 3435 nomine
3475 3419 3491 3445 ,

1920 3457 2309 3530 interpretatur
2346 3463 2493 3518 enim
2534 3464 2747 3519 Domini
2788 3467 2978 3535 robur,
3008 3469 3232 3525 mandat
3256 3470 3494 3526 doctori-

1919 3549 2022 3607 bus
2050 3551 2165 3607 suis
2182 3591 2199 3619 ,
2224 3560 2284 3608 ut
2309 3555 2582 3625 accipiant
2609 3572 2827 3614 omnem
2850 3561 3134 3630 pecuniam
3159 3577 3279 3633 qua
3300 3578 3331 3617 a
3354 3580 3495 3634 prte-

1921 3642 2261 3698 tereuntibus
2301 3642 2528 3701 oﬁertur
2556 3646 2611 3703 in
2643 3648 2902 3717 templum
2932 3650 3145 3709 Dowini
3187 3667 3285 3721 pro
3318 3655 3495 3722 pretio

1920 3730 2235 3797 animm,.et
2263 3743 2388 3793 voto
2413 3736 2595 3792 cordis
2623 3738 2745 3805 sui,
2790 3747 2916 3795 cum
2962 3740 3222 3811 quidquid
3270 3757 3305 3796 ι
3352 3758 3493 3811 pm

1920 3824 2264 3880 tereuntibus
2292 3825 2411 3881 istis
2457 3827 2701 3887 scientiae
2756 3829 3053 3900 spiritalis,
3098 3832 3184 3887 vel
3228 3832 3491 3889 bonorum

1919 3913 2322 3983 exemplorum,
2370 3915 2427 3970 in
2468 3916 2784 3975 thesaurum
2830 3919 3042 3975 Domini
3080 3920 3334 3977 collatum
3376 3931 3492 3988 est,

1917 4017 2018 4073 per
2043 4005 2420 4071 sacerdotum,
2455 4007 2559 4063 hoc
2596 4017 2713 4073 est,
2753 4008 3177 4079 prmdicatorum
3209 4012 3386 4069 cilicia
3421 4016 3491 4072 ad

1920 4097 2369 4157 instaurationem
2414 4100 2599 4170 templi
2627 4102 2928 4172 spiritualis
2958 4104 3313 4163 contemtor:
3354 4124 3490 4179 quia-

1920 4198 2080 4246 tenus
2105 4190 2179 4246 ibi
2209 4192 2571 4263 quodcunque
2596 4194 2823 4251 scissum
2851 4210 2950 4266 per
2972 4211 3253 4263 errorem.
3286 4200 3368 4255 vel
3400 4216 3497 4270 per

1918 4281 2052 4337 vitia
2096 4281 2282 4339 laesum
2331 4284 2666 4351 invaserint,
2720 4295 3060 4356 restaurent;
3098 4290 3175 4346 ‘ne
3210 4292 3353 4349 forte
3384 4308 3498 4362 per

222 4379 567 4435 tereundum
608 4380 799 4437 eodem
837 4396 1065 4439 numero
1097 4384 1319 4441 denario
1344 4385 1672 4441 continetur.
1703 4383 1814 4448 No-

1926 4369 2303 4441 negligentiam
2340 4373 2725 4445 magistrorum
2752 4376 3011 4448 depereat
3032 4380 3317 4437 multitudo
3340 4381 3500 4441 audi—

219 4482 349 4523 men
380 4468 541 4525 enim
565 4466 728 4526 Jesus
753 4471 894 4541 apud
923 4439 1244 4531 Hebraeosa
1270 4474 1391 4539 iod,
1422 4439 1817 4546 apud

1926 4439 2121 4517 torum.

215 4572 249 4613 ι
280 4559 403 4615 iota
438 4560 672 4631 incipit:
701 4575 823 4632 qua:
849 4571 1081 4634 utraque
1109 4564 1163 4621 in
1191 4579 1289 4620 sua
1314 4572 1475 4634 gente
1500 4564 1710 4621 denarii
1733 4573 1820 4622 est

214 4658 350 4703 nota
400 4650 661 4718 numeri,
703 4651 999 4723 decemque
1038 4653 1226 4712 obolos
1266 4656 1319 4711 in
1358 4656 1593 4726 pretium
1623 4657 1817 4714 animat

210 4755 367 4807 sum,
424 4741 702 4809 offerunt,
751 4743 844 4813 qui
891 4745 945 4800 in
990 4744 1175 4804 Iesum
1221 4746 1494 4803 Christum
1535 4747 1818 4805 credentes

212 4831 450 4902 signum
485 4832 725 4888 nominis
764 4831 883 4902 eius
923 4836 1067 4905 quod
1095 4850 1127 4890 a
1159 4835 1383 4895 denario
1420 4851 1652 4893 numero
1680 4837 1817 4895 inci-

208 4922 334 4992 pit,
370 4921 437 4978 in
470 4921 654 4979 fronte
682 4934 739 4980 et
765 4924 1106 4994 professione
1132 4926 1437 4997 proferunt.
1483 4928 1553 4984 Et
1582 4926 1816 4985 fortasse

207 5014 387 5087 huius
416 5015 605 5086 gratia
639 5018 968 5073 sacramenti
1004 5018 1264 5075 Dominus
1300 5019 1359 5074 in
1402 5020 1695 5090 Evangelia
1735 5030 1815 5076 ts-

206 5110 405 5159 statur
449 5103 568 5160 iota
598 5120 765 5161 unum
795 5105 866 5163 de
888 5105 1007 5174 lege
1034 5107 1301 5176 praeteriri
1332 5122 1442 5163 non
1468 5121 1659 5178 posse,
1690 5108 1816 5177 quia

202 5194 403 5251 virtus
456 5192 713 5265 decalogi
749 5210 871 5264 quae
900 5195 972 5251 ibi
1001 5197 1332 5263 continetur,
1350 5198 1590 5268 ﬁdosque
1634 5198 1812 5257 nomi-

196 5286 297 5343 nis
338 5285 538 5358 ipsius
575 5301 700 5356 quae
734 5285 811 5342 ibi
854 5289 1082 5358 mystice
1109 5289 1371 5359 signatur,
1400 5289 1548 5344 nulla
1577 5305 1817 5360 unquam

196 5382 402 5444 potest
449 5373 757 5431 inﬁdelium
791 5374 1205 5444 perturbatione
1224 5378 1519 5448 corrumpi.
1550 5377 1813 5449 Suscepta

199 5482 230 5519 a
260 5465 414 5521 ﬁliis
446 5462 624 5521 Israel
651 5464 879 5535 pecunia
910 5466 963 5523 in
994 5467 1388 5543 monimentum
1414 5481 1605 5523 eorum
1629 5482 1816 5523 coram

196 5557 466 5612 Domino
502 5553 760 5621 infertur,
782 5570 912 5611 cum
939 5570 1101 5612 omne
1139 5557 1400 5627 quidquid
1439 5557 1651 5628 agimus
1685 5557 1813 5613 boni

195 5652 253 5707 in
281 5660 524 5707 aeterna
552 5647 694 5719 apud
721 5649 1052 5706 conditorem
1084 5665 1144 5707 ac
1164 5648 1401 5718 iudicem
1430 5658 1675 5705 nostrum
1704 5664 1817 5705 mc—

1991 4542 2259 4609 Dederunt
2284 4556 2558 4625 pecuniam
2586 4573 2679 4613 rea:
2714 4566 2763 4612 et
2789 4556 2986 4614 loiada
3011 4560 3209 4632 hisqu'
3235 4574 3496 4633 praemii:

1920 4644 2162 4715 operibus
2199 4650 2386 4702 domus
2423 4646 2659 4707 Domini.
2710 4651 2778 4705 At
2822 4650 2903 4711 illi
2943 4653 3295 4709 conducebant
3334 4671 3402 4709 ea:
3433 4672 3497 4709 ea

1920 4749 2140 4789 ca’sores
2172 4733 2442 4805 lapidum,
2484 4746 2532 4791 et
2560 4738 2790 4807 artiﬁces
2818 4757 3035 4811 operum
3061 4741 3410 4813 singulorum,
3441 4755 3498 4798 ut

1920 4826 2277 4882 instaurarent
2306 4828 2522 4883 domum
2547 4829 2801 4897 Domini;
2840 4832 3020 4901 fabros
3056 4850 3259 4905 quoq“
3286 4835 3415 4906 ferri
3448 4848 3497 4889 et

1924 4919 2067 4982 aris,
2106 4926 2163 4973 ut
2188 4918 2330 4989 quod
2359 4919 2545 4983 cadere
2568 4931 2812 4990 coeperat,
2842 4922 3141 4991 Μάτων,
3186 4932 3257 4983 et.
3276 4934 3495 4983 salem.

1924 5006 2057 5063 Cum
2091 5023 2185 5063 rex
2216 5016 2402 5067 noster
2430 5009 2591 5069 simul
2628 5018 2684 5067 et
2718 5011 2990 5078 sacerdos,
3023 5015 3117 5084 qui
3147 5015 3495 5084 semipsum

1925 5096 2070 5155 Patri
2097 5098 2292 5159 obtulit
2318 5116 2418 5171 pro
2444 5100 2619 5164 nobis,
2644 5102 2929 5172 pecuniam
2954 5104 3101 5160 verbi
3131 5106 3298 5171 divini
3322 5106 3498 5178 dignis

1923 5191 2384 5261 dispensatoribus
2412 5195 2859 5263 commendabat,
2904 5206 2967 5250 ut
2998 5197 3292 5269 evangelici
3324 5199 3491 5273 tritici

1925 5298 2232 5341 mensuram
2259 5285 2536 5341 conservis
2562 5286 2677 5343 suis
2702 5286 2787 5341 bis
2813 5287 2905 5356 qui
2935 5298 3228 5356 operantur
3251 5289 3307 5345 in
3324 5290 3498 5346 domo

1925 5374 2171 5440 Domini,
2214 5383 2270 5430 et
2294 5376 2552 5433 virtutum
2581 5391 2747 5446 opera
2788 5376 2842 5432 in
2878 5377 3107 5433 aediﬁcio
3133 5378 3315 5434 divino
3345 5393 3492 5433 com-

1921 5474 2161 5534 ponunt,
2215 5466 2547 5529 tribuerent,
2592 5466 2723 5535 quid
2761 5482 2894 5538 ergo
2938 5466 3181 5523 fecerunt
3226 5467 3491 5536 apostoli.

1922 5571 2059 5625 quos
2090 5556 2142 5611 in
2174 5555 2416 5615 Ecclesia
2450 5556 2722 5626 principes
2747 5558 2942 5614 electio
2970 5559 3151 5613 divina
3178 5557 3491 5624 (Instituit,

1922 5652 2137 5722 quando
2184 5666 2282 5720 per
2320 5649 2592 5718 subjectos
2637 5650 2738 5705 sibi
2788 5649 3076 5719 discipulos
3118 5646 3273 5705 verbi
3322 5648 3490 5705 divini
