3870 6146
345 260 450 316 505

970 260 1033 316 Β.
1075 257 1328 316 RABANI
1366 257 1588 317 MAURI
1625 257 1944 316 ARCHIEP.
1989 256 2295 312 MOGUNT.
2333 257 2614 316 OPERUM
2653 258 2830 313 PARS
2863 258 2907 312 l.

3477 261 3577 316 Ξ)οι

335 372 544 428 semina
571 383 672 441 per
696 377 869 427 totum
892 369 1078 426 orbem
1107 369 1462 441 sparserunt?
1487 379 1754 440 quatenus
1781 385 1908 441 ope-
1933 370 1985 430 Δ
2011 369 2317 425 alimoniam
2347 373 2528 439 verbi,
2561 374 2755 442 cuique
2797 381 2954 444 prout
2983 374 3236 431 convenit
3265 376 3542 447 dispertiri
3561 421 3578 445 ,

335 464 509 518 rarius
553 461 846 518 voluntatis
889 462 983 516 Dei
1031 461 1254 516 idoneos
1305 462 1362 515 in
1408 461 1744 518 auditoribus
1792 463 1905 518 suis

334 553 678 624 perﬁcerent.
741 552 978 619 Quorum
1028 553 1120 606 alii
1169 553 1507 609 fabricabant
1551 553 1729 624 ligna,
1785 569 1908 609 cum

333 645 676 714 semetipsos,
707 650 762 697 et
787 658 882 698 eos
907 645 999 714 qui
1029 644 1132 699 sibi
1161 645 1517 711 obediebant,
1561 646 1778 714 quando
1817 645 1907 700 illa

333 753 456 808 qua
483 752 581 807 per
606 735 855 790 haresim
885 745 940 792 et
969 737 1261 793 schismata
1291 747 1449 809 rupta
1479 747 1635 795 erant
1655 781 1671 806 ,
1712 741 1906 795 readi-

335 827 588 885 ﬁcabant.
644 828 747 883 Alii
785 844 918 884 saxa
951 831 1231 887 cadebant
1252 872 1266 897 ,
1315 847 1436 886 cum
1465 833 1629 888 duros
1657 834 1820 888 corde
1853 841 1910 887 et

331 917 640 974 incredulos
665 918 874 974 fortiter
902 920 1271 990 increpabant.
1304 920 1408 975 Alii
1439 921 1669 977 metallis
1697 921 1826 976 ferri
1854 932 1909 977 et

329 1010 456 1066 aris
481 1009 852 1078 fabricabant,
891 1027 1014 1067 cum
1048 1013 1262 1068 tinuum
1292 1015 1458 1068 robur
1485 1024 1644 1070 recta
1673 1015 1906 1070 creduli-

332 1101 490 1167 tatis,
520 1110 576 1156 et
601 1103 802 1157 claram
832 1103 1228 1160 confessionem
1259 1106 1541 1162 catholica
1566 1107 1811 1162 veritatis
1839 1109 1906 1164 ab

330 1211 650 1267 unaquaque
676 1213 905 1268 persona
938 1198 1042 1253 rite
1077 1200 1440 1269 expetebant,
1491 1201 1564 1256 ita
1610 1211 1670 1255 nt
1717 1202 1906 1272 imple-

329 1295 483 1342 retur
520 1288 838 1344 instauratio
883 1288 1074 1345 domus
1114 1290 1327 1346 Domini
1377 1293 1431 1346 in
1475 1293 1744 1348 universis
1786 1308 1905 1363 qua

327 1377 641 1447 indigebant
665 1393 899 1447 expensa
931 1379 998 1433 ad
1034 1380 1380 1435 muniendum
1411 1381 1627 1435 domum
1656 1381 1902 1448 Domini,

324 1468 480 1538 juxta
512 1468 638 1522 illud
677 1468 882 1523 dictum
907 1469 1147 1539 Apostoli
1186 1485 1293 1541 quo
1331 1472 1446 1525 ait:
1487 1469 1778 1542 Unicuique
1803 1489 1903 1526 au-

330 1570 431 1614 tem
478 1570 711 1614 nostrum
759 1560 885 1614 data
933 1569 1009 1615 est
1052 1562 1223 1630 gratia
1269 1563 1554 1616 secundum
1604 1581 1905 1618 mensuram

327 1651 626 1705 donationis
674 1647 871 1704 Christi
906 1650 1121 1720 (Ephes.
1151 1651 1250 1724 tv).
1305 1653 1372 1707 Et
1415 1652 1573 1722 paulo
1616 1661 1779 1722 post:
1833 1652 1905 1706 Et

2013 459 2138 531 quia
2170 471 2295 516 sunt
2326 463 2378 517 in
2408 464 2587 519 verbis
2630 467 2723 520 Dei
2771 464 3028 520 nonnulla
3050 507 3064 528 ,
3099 482 3219 534 qua
3247 476 3449 523 nostra
3477 471 3578 525 hn-

2009 549 2224 605 militati
2273 553 2515 609 revelare
2563 563 2618 608 et
2667 555 2735 608 ad
2782 565 2982 611 nostra
3031 556 3218 625 epulas
3269 557 3581 616 refectionis

2008 643 2302 696 concedere
2329 683 2343 707 ,
2393 644 2649 714 dignatus
2683 654 2766 700 est
2801 645 3070 702 Christus.
3125 648 3264 703 Sunt
3303 649 3407 704 alia
3454 651 3581 705 item

2010 739 2171 787 tanta
2199 733 2597 802 profunditatis,
2625 753 2744 807 qua
2778 737 3013 808 Spiritus
3043 741 3217 795 sancti
3244 741 3582 797 solummodo

2007 823 2254 880 scientiae
2272 834 2520 896 pateant;
2557 837 2755 884 nostra
2774 845 2905 884 vero
2929 831 3246 899 capacitatis
3275 848 3373 902 per
3397 834 3580 887 omnia

2007 927 2316 970 mensuram
2340 919 2738 972 transcendant.
2778 919 3070 974 Thuribula
3101 930 3274 976 autem
3301 922 3423 976 illos
3451 924 3583 993 ﬁgu-

2008 1016 2125 1063 rate
2151 1009 2552 1073 demonstrant,
2583 1010 2673 1079 qui
2705 1012 2958 1066 mundam
2987 1013 3320 1077 orationem,
3351 1029 3417 1068 ex
3451 1031 3579 1068 con-

2007 1097 2232 1152 scientia
2281 1113 2416 1167 pura
2442 1138 2458 1164 ,
2511 1107 2567 1153 et
2611 1098 2717 1154 ﬁde
2749 1115 2855 1154 non
2886 1101 3009 1157 ﬁcta
3036 1142 3051 1168 ,
3101 1101 3336 1158 oﬁerunt
3363 1104 3497 1167 Deo,
3529 1113 3583 1158 et

2005 1203 2130 1244 cum
2155 1187 2424 1258 Propheta
2451 1189 2636 1245 dicere
2663 1200 2888 1259 possunt
2913 1211 2927 1247 :
2964 1191 3242 1262 Dirigatur
3271 1195 3438 1248 oratio
3468 1212 3581 1248 mea

2006 1280 2139 1332 sicut
2179 1281 2447 1334 incensum
2485 1281 2543 1335 in
2583 1290 2858 1350 conspectu
2899 1291 2988 1335 tuo
3019 1281 3190 1350 (Psal.
3219 1283 3363 1353 cn).
3417 1283 3582 1337 Tuba

2007 1378 2186 1424 autem
2228 1370 2358 1439 quid
2403 1370 2546 1425 aliud
2595 1369 2942 1441 signiﬁcant,
2989 1388 3150 1443 quam
3199 1374 3584 1444 pradicatores

2007 1467 2246 1526 sanctos,
2277 1461 2368 1530 qui
2409 1461 2463 1515 in
2505 1469 2619 1515 toto
2646 1463 2777 1516 orbe
2804 1471 3099 1527 terrarum,
3132 1477 3317 1517 vocem
3349 1479 3582 1535 cvange-

2008 1549 2124 1606 lica
2164 1551 2566 1620 pradicationis
2603 1554 2900 1608 emittunt?
2945 1553 3185 1620 Quorum
3214 1570 3462 1625 personae
3489 1571 3585 1624 per

2008 1644 2325 1712 prophetam
2357 1643 2560 1698 dictum
2588 1653 2708 1699 est:
2741 1643 2945 1710 Clama,
2970 1662 3033 1700 ne
3053 1663 3239 1711 cesses,
3276 1649 3430 1718 quasi
3461 1647 3588 1700 tuba

327 1746 455 1814 ipse,
495 1743 697 1813 inquit,
737 1743 878 1797 dedit
903 1743 1156 1815 quosdam
1184 1744 1392 1815 quidem
1420 1744 1702 1816 apostolos,
1751 1761 1904 1817 quos-

2009 1733 2182 1788 exalto
2208 1751 2379 1788 uocem
2401 1745 2569 1803 tuam,
2593 1746 2641 1790 et
2667 1739 2921 1791 annuntio
2947 1738 3136 1807 populo
3159 1739 3353 1794 scelera
3377 1756 3584 1802 eorum,

326 1833 449 1887 dam
483 1843 654 1887 autem
694 1833 994 1904 prophetas,
1035 1832 1167 1887 alios
1203 1850 1329 1888 vero
1357 1832 1728 1904 evangelistas,
1775 1833 1908 1888 alios

326 1941 443 1978 rero
474 1933 707 1993 pastores
737 1934 782 1978 et
811 1925 1048 1978 doctores
1080 1923 1149 1976 ad
1179 1923 1678 1977 consummationem
1704 1932 1908 1977 sancto-

325 2031 477 2078 rum,
520 2014 574 2066 in
615 2031 741 2084 opus
785 2014 1100 2078 ministerii,
1147 2012 1204 2067 in
1241 2012 1643 2080 wdiﬁcationem
1675 2013 1906 2082 corporis

327 2101 545 2156 Christi.

397 2187 631 2261 Cumque
654 2205 830 2244 omnes
850 2189 1189 2261 complessent
1211 2191 1388 2244 omnia
1408 2205 1587 2260 opera,
1610 2190 1907 2244 detulerunt

323 2295 502 2334 coram
530 2296 646 2349 rege
671 2289 717 2332 et
737 2278 934 2334 Joiada
957 2280 1212 2352 reliquam
1237 2290 1440 2351 partem
1462 2281 1695 2351 pecuniae
1719 2280 1783 2334 de
1801 2296 1906 2349 qua

323 2372 468 2441 facta
497 2381 620 2425 sunt
649 2389 776 2425 vasa
810 2372 988 2442 templi
1027 2371 1086 2425 in-
1123 2373 1470 2427 ministerium
1493 2413 1508 2439 ,
1559 2382 1607 2427 et
1653 2373 1726 2426 ad
1753 2371 1903 2426 holo-

324 2471 508 2515 causta
535 2460 730 2531 phiala:
757 2478 992 2533 quoque,
1037 2471 1085 2516 et
1116 2471 1304 2517 cratera
1329 2477 1488 2529 uasa,
1529 2480 1692 2518 aurea
1730 2474 1779 2518 et
1813 2481 1903 2518 ar-

324 2561 648 2623 gentea,etc.
680 2553 1012 2620 Quibusdam
1037 2563 1216 2609 autern
1241 2553 1420 2609 minus
1441 2554 1906 2610 considerantibus

332 2657 506 2696 sacra
537 2641 828 2712 Scriptura
855 2644 1222 2709 concordiam,
1253 2644 1466 2699 videtur
1494 2645 1609 2700 hac
1639 2644 1905 2700 sententia

327 2733 605 2788 contraria
631 2749 752 2790 esse
778 2735 886 2802 illi,
919 2751 1040 2805 qua
1069 2735 1122 2791 in
1150 2736 1288 2792 libro
1316 2736 1524 2809 Regum
1555 2737 1753 2807 scripta
1785 2744 1866 2791 est
1885 2776 1901 2802 ,

329 2823 421 2878 ubi
448 2824 685 2880 dicitur:
730 2823 1098 2881 Verumtamen
1128 2842 1232 2881 non
1260 2826 1451 2896 ﬁebant
1494 2843 1559 2882 ea:
1596 2827 1776 2880 eadem
1812 2843 1903 2896 pe-

328 2916 482 2970 cunia
502 2915 704 2987 hydria:
724 2916 899 2989 templi
926 2918 1159 2984 Domini,
1175 2927 1223 2973 et
1244 2917 1521 2988 fuscinqu
1544 2926 1593 2973 et
1611 2917 1902 2982 thuribula,

327 3016 376 3060 et
409 3007 572 3072 tuba,
593 3018 642 3061 et
667 3024 820 3062 omne
839 3025 928 3062 uas
956 3025 1172 3062 aureum
1199 3017 1247 3062 et
1273 3017 1573 3078 argenteum
1595 3009 1660 3062 de
1683 3007 1903 3078 pecunia

2007 1831 2056 1875 et
2088 1822 2267 1876 domui
2291 1821 2459 1878 Iacob
2487 1834 2700 1895 peccata
2727 1841 2906 1880 eorum
2937 1826 3072 1897 (lsa.
3101 1830 3276 1899 Lvm).
3328 1829 3397 1883 Et
3436 1828 3586 1884 Psal-

2004 1913 2202 1968 mista:
2234 1913 2302 1967 In
2328 1931 2535 1970 omnem
2572 1925 2764 1969 terram
2801 1916 2954 1970 exiuit
2991 1933 3154 1971 sonus
3190 1933 3402 1984 eorum,
3444 1928 3492 1973 et
3528 1919 3584 1972 in

2005 2005 2135 2073 ﬁnes
2164 2006 2303 2060 orbis
2331 2015 2484 2061 terra:
2513 2007 2664 2061 verba
2689 2023 2871 2062 eorum
2899 2007 3071 2079 (Psal.
3099 2009 3278 2081 xvm).

2075 2095 2259 2153 Senuit
2281 2107 2455 2152 autem
2477 2095 2675 2152 Joiada
2702 2097 2885 2169 plenus
2911 2099 3138 2165 dierum,
3165 2109 3213 2154 et
3240 2107 3479 2155 mortuus
3507 2111 3583 2154 est

2005 2204 2122 2241 eum
2154 2196 2282 2242 esset
2323 2197 2529 2242 centum
2565 2188 2780 2259 triginta
2818 2205 3122 2254 annorum;
3171 2189 3588 2261 sepelieruntque

2004 2293 2124 2332 eum
2151 2277 2208 2331 in
2246 2278 2452 2332 ciuitate
2477 2276 2648 2332 Dauid
2689 2294 2808 2332 cum
2844 2279 3082 2350 regibus,
3123 2296 3182 2334 eo
3211 2281 3350 2350 quod
3379 2281 3586 2350 fecisset

2006 2365 2198 2419 bonum
2225 2381 2348 2419 cum
2371 2364 2541 2420 Israel
2569 2375 2617 2419 et
2645 2383 2762 2420 cum
2789 2367 2944 2421 domo
2972 2367 3106 2437 ejus.
3159 2366 3296 2435 Quid
3327 2378 3412 2423 est
3437 2370 3584 2438 quod

2003 2454 2192 2512 Joiada
2223 2456 2422 2511 bonum
2467 2453 2662 2510 fecisse
2698 2455 2898 2511 dicitur
2940 2471 3065 2510 cum
3108 2455 3275 2511 Israel
3320 2465 3376 2512 et
3424 2457 3586 2512 domo

2005 2545 2142 2615 ejus,
2173 2546 2276 2601 nisi
2305 2547 2446 2616 quod
2471 2545 2682 2616 plebem
2709 2545 3060 2601 lsraeliticam
3079 2587 3094 2610 ,
3127 2561 3247 2616 qua
3276 2547 3469 2602 domus
3494 2545 3584 2601 Ja-

2005 2639 2128 2703 cob,
2150 2638 2236 2692 vel
2265 2639 2456 2694 domus
2481 2638 2648 2694 Israel
2675 2654 2816 2710 sape
2842 2639 2896 2694 in
2925 2638 3223 2710 Scripturis
3249 2639 3582 2700 nominatur,

2005 2730 2218 2785 cunctis
2245 2731 2433 2786 diebus
2460 2732 2745 2787 sacerdotii
2777 2733 2858 2786 sui
2887 2733 2988 2787 rite
3015 2733 3258 2802 regebat,
3288 2739 3343 2786 et
3371 2732 3438 2786 ad
3469 2731 3582 2785 cul-

2005 2831 2120 2877 tum
2164 2823 2258 2877 Dei
2300 2821 2588 2894 diligenter
2616 2824 2972 2879 instituebat?
3019 2824 3171 2880 Unde
3219 2825 3326 2879 illis
3368 2823 3584 2894 placato

2005 2911 2140 2977 Deo,
2166 2912 2309 2966 bona
2337 2913 2720 2982 prosperitatis
2737 2921 2792 2968 et
2818 2915 2969 2984 pacis
2994 2914 3280 2984 provenire
3309 2921 3578 2984 poterant.

2007 3001 2277 3072 Iosephus
2317 3010 2496 3057 autem
2541 3003 2664 3058 ideo
2701 3018 2823 3058 eum
2866 3005 3037 3069 dicit,
3090 3004 3474 3074 Hierosolymis
3525 3003 3582 3057 in

326 3114 445 3164 qme
486 3098 812 3168 inferebatur
855 3098 907 3152 in
954 3097 1199 3168 templum
1246 3097 1456 3152 Domini
1485 3095 1590 3168 (IV
1623 3097 1748 3167 Reg.
1778 3095 1898 3167 xu).
1931 3079 1975 3140 (ἶ
2009 3094 2170 3164 regiis
2192 3095 2557 3150 monumentis
2577 3096 2861 3166 sepultum,
2891 3098 3145 3166 quoniam
3174 3097 3388 3168 generis
3412 3095 3582 3149 David

324 3187 443 3243 Non
474 3189 618 3244 enim
646 3189 739 3244 hic
765 3199 1020 3243 narratur
1046 3190 1188 3258 quod
1217 3189 1283 3244 de
1313 3190 1497 3244 eadem
1527 3191 1754 3258 pecunia
1783 3204 1902 3258 qua

324 3279 659 3334 offerebatur
683 3295 712 3332 a
742 3280 940 3348 pepulo
971 3279 1025 3333 in
1055 3279 1316 3350 templum
1340 3279 1575 3345 Domini,
1605 3280 1673 3334 ad
1702 3281 1905 3334 instau-

326 3369 595 3426 rationem
642 3369 836 3424 domus
884 3368 977 3424 Dei
1027 3367 1170 3424 facta
1219 3368 1419 3425 fuerint
1466 3383 1622 3426 sacra
1671 3385 1800 3425 vasa
1849 3371 1902 3425 in

327 3457 692 3512 ministerium
719 3457 922 3529 templi,
947 3466 1002 3514 et
1026 3459 1094 3513 ad
1121 3459 1452 3525 holocausta,
1483 3460 1577 3515 sed
1603 3461 1669 3516 de
1700 3461 1902 3530 reliqua

329 3560 482 3622 parte
505 3551 766 3622 pecunia,
796 3552 898 3607 hoc
925 3559 1026 3618 est,
1050 3567 1113 3606 ea
1139 3567 1259 3623 qua
1286 3567 1351 3607 ex
1380 3551 1501 3607 aliis
1523 3552 1905 3608 donationibus

325 3641 520 3696 collata
552 3641 750 3698 fuerat.
799 3641 982 3697 Potuit
1010 3643 1156 3697 enim
1187 3643 1302 3696 ﬁeri
1337 3651 1395 3696 ut
1429 3642 1486 3696 in
1512 3643 1740 3698 diversis
1770 3651 1905 3697 tem-

325 3734 546 3803 poribus
579 3731 823 3801 pecunia
855 3732 1076 3795 oblata,
1119 3732 1348 3788 diversa
1372 3732 1595 3789 factura
1623 3733 1905 3787 materiam

327 3823 650 3893 praberent.
689 3821 912 3893 Mystice
938 3831 1118 3876 autem
1147 3822 1415 3893 signiﬁcat
1444 3823 1587 3893 quod
1614 3822 1718 3878 alia
1745 3822 1905 3878 debet

327 3929 450 3970 esse
499 3915 644 3969 ratio
689 3913 1094 3970 formandorum
1145 3914 1504 3985 spiritualium
1547 3931 1800 3971 vasorum
1851 3917 1905 3972 in

325 4004 684 4059 ministerium
711 4004 956 4071 Domini;
995 4005 1100 4060 alia
1143 4006 1508 4078 parandarum
1549 4008 1814 4080 lignorum
1853 4016 1907 4064 et

325 4112 582 4152 saxorum
613 4098 669 4152 in
696 4097 985 4153 adiﬁcium
1013 4099 1242 4154 domus:
1285 4100 1411 4169 quia
1451 4100 1556 4154 alia
1588 4101 1748 4156 debet
1786 4115 1904 4155 esse

324 4189 594 4255 doctrina,
625 4205 732 4261 qua
764 4191 927 4246 rudes
954 4190 1265 4245 imbuantur
1290 4190 1357 4244 ad
1385 4191 1565 4255 ﬁdem,
1593 4198 1649 4246 et
1673 4191 1776 4246 alia
1801 4206 1904 4262 qua

326 4281 434 4350 jam
472 4280 697 4352 perfecti
731 4283 1069 4337 instruuntur
1098 4283 1165 4337 ad
1210 4283 1452 4339 scientia
1493 4283 1902 4354 plenitudinem.

328 4374 468 4430 Bone
492 4382 671 4429 autem
691 4389 822 4429 vasa
848 4375 1040 4430 domus
1060 4375 1272 4431 Domini
1303 4376 1379 4430 illi
1405 4383 1632 4446 possunt
1655 4375 1902 4446 intelligi,

328 4463 420 4533 qui
460 4461 574 4530 jam
605 4465 715 4534 apti
757 4473 882 4520 sunt
925 4466 992 4520 ad
1038 4467 1298 4536 capienda
1335 4481 1554 4521 munera
1590 4467 1804 4532 divina,
1851 4475 1908 4520 et

329 4555 532 4611 habiles
559 4555 694 4610 ﬁunt
721 4557 789 4609 ad
817 4555 1180 4610 ministerium
1213 4556 1325 4610 Dei.
1356 4555 1463 4610 Sed
1483 4556 1676 4625 phiala
1697 4564 1906 4610 tantum

330 4645 646 4698 nominatim
676 4644 730 4697 in
757 4643 1205 4712 Paralipomenon
1236 4659 1357 4698 cum
1387 4645 1599 4698 cateris
1619 4645 1763 4698 vasis
1789 4658 1907 4713 qua

329 4734 635 4805 specialiter
663 4749 775 4789 non
805 4735 1208 4805 exprimuntur,
1255 4733 1397 4790 facta
1430 4749 1554 4790 esse
1592 4743 1904 4799 narrantur,

331 4839 450 4896 qua
490 4835 716 4898 possunt
755 4826 954 4898 ingenii
999 4828 1392 4897 capacitatem,
1437 4827 1522 4882 vel
1569 4827 1905 4882 latitudinem

329 4919 546 4984 cordis,
589 4935 686 4990 per
717 4919 1059 4975 dilectionem
1103 4922 1428 4989 exprimere.
1486 4918 1612 4975 Hac
1659 4919 1906 4975 videlicet

331 5028 461 5068 vasa
492 5013 796 5068 efﬁciuntur
823 5012 1103 5082 aptissima
1135 5012 1202 5066 ad
1231 5011 1589 5067 ministerium
1621 5011 1733 5066 Dei.
1793 5011 1907 5067 Ca-

332 5113 506 5159 terum
554 5120 654 5160 nec
697 5103 827 5160 illud
865 5105 1026 5158 etiam
1065 5105 1181 5158 sine
1214 5104 1472 5174 mysterio
1501 5112 1618 5170 est,
1665 5103 1806 5173 quod
1851 5103 1904 5158 in

331 5194 538 5267 Regum
573 5205 846 5260 narratur,
879 5195 1050 5250 factas
1077 5210 1195 5250 esse
1224 5196 1444 5266 hydrias
1490 5203 1544 5250 et
1590 5195 1903 5260 fuscinulas,

333 5286 627 5351 thuribnta,
647 5295 703 5341 et
728 5289 902 5342 tubas.
940 5285 1072 5341 Nam
1103 5285 1307 5357 hydria
1331 5302 1426 5340 eos
1454 5286 1759 5357 signiﬁcare
1784 5300 1908 5356 pos-

330 5387 491 5440 sunt,
519 5377 610 5447 qui
637 5393 831 5447 aquam
862 5378 1140 5448 sapientia
1166 5379 1362 5433 divina
1403 5379 1455 5431 in
1496 5394 1553 5432 se
1593 5378 1905 5443 continent,

335 5470 609 5525 luscinula
635 5485 849 5540 quoque
875 5469 1128 5526 doctores
1157 5471 1449 5540 spec'ales,
1483 5484 1715 5539 quorum
1745 5469 1906 5524 ollicii

331 5571 413 5614 est
439 5576 636 5630 corpus
663 5573 718 5616 et
747 5563 1062 5630 sanguinem
1094 5561 1304 5616 Domini
1355 5560 1697 5615 credentibus
1726 5560 1909 5615 distri-

334 5650 516 5710 buere,
543 5662 590 5706 et
621 5653 924 5706 inﬁdelibus
949 5653 1247 5723 abnegare;
1283 5667 1379 5707 nec
1407 5666 1511 5705 non
1539 5659 1593 5706 et
1619 5651 1906 5722 specialem

1931 4429 1982 4490 D

2007 3195 2315 3255 reparasset
2339 3186 2644 3255 imperium.
2677 3187 2945 3243 Numerus
2969 3197 3147 3242 autem
3177 3188 3291 3258 ipse
3315 3202 3582 3242 annorum

2003 3277 2180 3331 atatis
2207 3274 2447 3342 Joiada,
2500 3277 2638 3332 bene
2677 3277 2817 3332 valet
2863 3277 3246 3350 perfectionem
3291 3279 3418 3332 vita
3461 3276 3584 3345 ejus

2004 3370 2310 3441 signiﬁcem
2335 3412 2350 3437 ,
2400 3386 2504 3443 pro
2545 3387 2650 3442 qua
2685 3382 2941 3427 aeternam
2973 3373 3357 3428 beatitudinem
3387 3375 3586 3428 merito

2005 3467 2234 3536 adeptus
2273 3475 2396 3531 est;
2457 3466 2719 3536 nobisque
2760 3466 3053 3537 ﬁguraliter
3082 3465 3260 3521 innuit
3285 3505 3300 3528 ,
3349 3465 3494 3534 quod
3537 3465 3582 3519 si

2005 3566 2218 3628 tempus
2262 3559 2548 3628 prasentis
2585 3559 2730 3623 vita,
2773 3557 2828 3612 in
2879 3565 3081 3613 sancta
3127 3555 3408 3610 Trinitatis
3456 3554 3579 3620 ﬁde,

2005 3667 2129 3705 cum
2155 3650 2491 3720 professione
2513 3651 2777 3705 bonorum
2799 3663 3023 3721 cperum
3045 3647 3411 3704 studuerimus
3434 3663 3584 3702 com-

2005 3740 2173 3812 plere,
2198 3740 2265 3793 ad
2291 3748 2546 3794 atemam
2577 3740 2988 3803 beatitudinem,
3018 3753 3138 3808 qua
3165 3748 3250 3794 est
3277 3738 3330 3792 in
3358 3737 3582 3792 dextera

2006 3831 2122 3898 Dei,
2151 3831 2451 3902 opitulante
2476 3832 2648 3903 gratia
2679 3832 2872 3902 ipsius,
2897 3830 3294 3902 perveniemus,
3323 3838 3379 3885 et
3402 3831 3584 3900 quiete

2004 3927 2236 3986 aeterna,
2279 3936 2402 3976 cum
2432 3921 2636 3976 sanctis
2666 3921 2831 3987 illius,
2861 3921 2954 3992 qui
2979 3921 3094 3976 veri
3131 3935 3284 3991 reges
3315 3930 3447 3975 sunt
3467 3960 3482 3984 ,
3531 3919 3582 3973 iu

2005 4023 2268 4070 aeternum
2297 4014 2659 4085 perfruamur.

2079 4106 2364 4180 Postquam
2395 4119 2569 4164 autem
2599 4109 2724 4163 obiit
2745 4107 2962 4175 Joiada,
2993 4109 3214 4180 ingressi
3238 4119 3358 4164 sunt
3388 4111 3586 4179 princi-

2005 4220 2093 4275 pes
2113 4203 2258 4259 Juda
2283 4213 2330 4258 et
2355 4205 2705 4258 adoracerimt
2733 4220 2921 4274 regem,
2943 4205 3033 4274 qui
3060 4203 3306 4258 delinitus
3329 4204 3584 4274 obsequiis

2005 4311 2216 4358 eorum,
2257 4294 2510 4364 acquievit
2538 4293 2645 4358 eis,
2689 4302 2736 4347 et
2775 4293 3161 4363 dereliquerunt
3199 4291 3445 4361 templum
3478 4291 3590 4344 Do-

2005 4387 2135 4442 mini
2168 4387 2264 4440 Dei
2290 4395 2498 4456 patrum
2529 4403 2763 4452 suorum,
2796 4389 3181 4456 servieruntqne
3209 4386 3338 4440 lucis
3370 4395 3420 4440 et
3445 4384 3586 4439 scul-

2007 4476 2248 4548 ptilibus,
2293 4485 2341 4530 et
2377 4476 2517 4545 facta
2547 4486 2620 4531 est
2652 4477 2732 4531 ira
2760 4486 2940 4530 contra
2964 4475 3166 4530 ludam
3203 4485 3250 4530 et
3278 4474 3582 4530 Jerusalem

2003 4573 2212 4635 propter
2240 4565 2336 4616 hoc
2377 4572 2662 4633 peccatum.
2715 4563 2957 4618 Tradunt
2982 4562 3193 4618 Hebrai
3225 4563 3510 4617 adoratum
3545 4577 3578 4617 a

2005 4654 2340 4726 principibus
2379 4651 2514 4708 Juda
2561 4668 2740 4725 regem
2779 4653 2906 4709 Joas
2946 4653 3141 4717 fuisse,
3188 4661 3250 4708 ut
3276 4655 3445 4708 Deum
3469 4696 3485 4720 ,
3534 4663 3591 4710 et

2009 4747 2244 4801 honores
2272 4760 2433 4814 supra
2465 4744 2682 4798 modum
2718 4745 3014 4798 humanum
3043 4760 3072 4798 a
3099 4744 3200 4798 sibi
3233 4743 3463 4799 subditis
3492 4760 3589 4799 ex-

2009 4835 2238 4898 hibitos,
2288 4835 2521 4888 libenter
2549 4834 2844 4903 accepisse.
2900 4833 3054 4889 Unde
3085 4833 3248 4888 nimis
3277 4834 3591 4889 offendebat

2012 4927 2298 4982 Dominum
2322 4965 2337 4991 ,
2395 4923 2548 4993 cujus
2589 4925 2726 4979 iram
2764 4924 2950 4980 subito
2986 4933 3248 4994 expertus
3276 4933 3380 4978 est.
3434 4924 3588 4978 Nulla

2010 5015 2154 5070 enim
2183 5014 2448 5071 dementia
2480 5013 2650 5082 major
2675 5029 2795 5070 esse
2822 5016 3049 5083 poterit,
3091 5029 3254 5084 quam
3279 5022 3588 5068 creaturam

2012 5106 2418 5175 corruptibilem
2442 5146 2457 5170 ,
2507 5106 2849 5174 sempiterna
2899 5106 3120 5166 deitatis
3167 5106 3271 5161 sibi
3320 5121 3592 5175 usurpare

2013 5199 2270 5254 honorem
2287 5237 2302 5261 ,
2333 5204 2389 5252 et
2414 5211 2513 5267 per
2539 5197 2867 5267 arrogantia
2892 5196 3114 5262 fastum,
3141 5197 3415 5267 propriam
3449 5196 3592 5250 nolle

2011 5301 2337 5358 cognoscere
2364 5301 2692 5341 mensuram.
2724 5285 2805 5341 0b
2829 5301 2990 5356 quam
3018 5300 3237 5341 causam
3265 5293 3321 5338 et
3348 5283 3590 5339 Herodes

2007 5376 2202 5447 legitur
2231 5377 2284 5431 in
2314 5375 2538 5431 Actibus
2567 5377 2930 5441 apostolorum
2971 5377 3040 5431 ab
3077 5375 3266 5446 angelo
3300 5389 3425 5429 esse
3462 5389 3588 5444 pcr-

2009 5483 2230 5533 cussus,
2284 5482 2350 5523 eo
2399 5469 2542 5538 quod
2589 5467 2814 5523 Domino
2861 5483 2966 5522 non
3015 5466 3251 5522 reddidit
3302 5465 3588 5520 honorem.

2015 5561 2165 5617 Unde
2210 5560 2366 5616 nobis
2414 5576 2576 5616 omne
2623 5577 2793 5632 genus
2846 5561 3115 5632 superbia
3167 5569 3222 5615 et
3267 5557 3593 5628 arrogantia

2011 5654 2231 5707 omn'no
2263 5651 2574 5724 fugienlum
2606 5661 2717 5719 est,
2749 5653 2872 5723 quia
2901 5651 3147 5722 superbis
3175 5651 3315 5706 Deus
3344 5651 3586 5709 resistit.
