3870 6146
210 283 323 341 505

1127 281 1481 339 ΟΟΜΜΕΝΤ.
1523 282 1590 336 IN
1628 282 2179 342 PARALIPOMENA.
2211 315 2285 335 .-
2320 285 2449 345 LIB.
2488 288 2578 344 ιγ.

3377 302 3477 356 50’)

209 411 266 454 et
315 398 495 454 omnis
539 397 850 469 arrogantia
887 393 1222 451 abominatio
1268 403 1352 450 est
1399 396 1538 471 apud
1581 396 1791 462 Deum;
1823 399 1874 458 Α
1898 400 2130 454 vastavit
2164 415 2325 466 eam;
2377 411 2538 472 atque
2580 402 2920 474 depopulavit
2962 405 3124 464 Geth.
3178 408 3312 468 Cum
3353 429 3479 468 vero

208 493 514 550 humilibus
543 500 722 546 autem
752 491 1006 546 divinitas
1051 505 1147 544 sua
1187 497 1410 560 praestat
1435 489 1665 558 gratiam
1687 529 1701 552 ,
1747 498 1802 544 et
1897 499 2042 544 esset
2071 490 2138 544 ad
2168 491 2594 564 Hierosolymam
2628 506 2908 562 venturus,
2951 509 3198 555 metuens
3228 500 3354 557 Joas
3383 504 3480 558 oh-

206 605 378 658 super
395 587 654 642 humilem
677 595 840 656 atque
861 587 1100 656 quietum
1124 585 1418 653 requiescit
1439 585 1660 654 spiritus
1681 584 1794 638 Dei.

1897 581 2192 639 sessionem
2212 624 2226 648 ,
2271 589 2546 640 evacuatis
2573 590 2826 644 omnibus
2854 591 2948 645 Dei
2982 593 3282 653 thesauris.
3317 607 3479 664 atque

205 682 401 740 Omnis
424 681 518 750 qui
549 693 608 734 se
634 679 835 734 exaltat
861 679 1253 742 humiliabitur,
1277 685 1332 733 et
1355 678 1445 747 qui
1471 694 1528 732 se
1551 677 1799 733 humiliat
1897 674 2185 743 regalibus,
2217 684 2271 731 et
2303 678 2589 733 ministerii
2617 683 2832 751 templi,
2871 686 3019 740 misit
3051 685 3309 757 Syrorum
3344 693 3475 762 regi.

206 773 562 831 exaltalntur.

281 865 516 937 Spiritus
564 865 741 934 itaque
785 859 996 914 Domini
1043 861 1215 914 induit
1257 859 1589 915 Zachariam.
1621 860 1792 931 ﬁlium

209 957 418 1011 loiadtc
453 954 798 1019 sacerdotem,
841 961 887 1006 et
929 953 1067 1006 stetit
1111 952 1166 1006 in
1209 962 1483 1023 conspectu
1525 952 1703 1022 populi
1745 961 1793 1005 et

209 1048 342 1102 dixit
367 1047 485 1100 eis:
518 1045 650 1099 Htcc
674 1044 800 1097 dicit
830 1042 1129 1097 Dominus:
1163 1043 1339 1109 Quare
1369 1044 1794 1112 trancgredimini

207 1146 526 1207 prteceptum
557 1135 767 1188 Domini
793 1134 932 1204 quod
963 1135 1104 1189 vobis
1140 1151 1243 1188 non
1280 1134 1534 1204 proderit,
1565 1144 1613 1188 et
1642 1135 1791 1187 dere-

207 1229 434 1301 liquistis
467 1228 780 1292 Dominum,
827 1235 884 1280 ut
929 1226 1305 1297 derelinqueret
1345 1243 1431 1280 vos
1456 1227 1482 1279 ?
1531 1225 1634 1291 Qui
1670 1242 1794 1279 con-

207 1320 408 1391 gregati
442 1319 696 1374 adversus
734 1335 885 1382 eum,
935 1318 1187 1372 miserunt
1226 1316 1427 1386 lapides
1458 1318 1620 1387 juxta
1657 1318 1792 1387 regis

206 1410 518 1479 imperium,
550 1411 606 1464 in
637 1409 770 1463 atrio
802 1408 988 1461 domus
1021 1407 1264 1471 Domini,
1304 1414 1352 1461 et
1384 1423 1487 1460 non
1517 1415 1592 1461 est
1621 1422 1793 1459 recor-

205 1502 360 1556 datus
389 1500 526 1556 Joas
571 1516 666 1555 res:
709 1499 1116 1564 misericordiae,
1164 1514 1322 1568 quam
1371 1498 1565 1567 fecerat
1593 1496 1790 1551 Joiada

204 1606 354 1668 pater
379 1597 526 1652 illius
557 1613 750 1660 secum,
776 1598 866 1650 sed
893 1597 1150 1666 interfecit
1177 1597 1346 1666 ﬁlium
1371 1595 1506 1666 ejus.
1542 1596 1646 1663 Qui
1669 1613 1786 1650 cum

203 1700 498 1745 moreretur
524 1692 639 1744 ait:
674 1689 856 1744 Videat
888 1689 1164 1755 Dominus,
1193 1700 1240 1743 et
1270 1690 1517 1762 requirat.
1551 1689 1785 1758 Quaestio

1894 762 1995 818 Hic
2041 773 2218 820 tamen
2267 769 2559 834 redimens,
2608 786 2677 825 ne
2716 773 2908 829 civitas
2944 785 3222 844 pateretur
3251 794 3479 849 oppres-

1895 854 2134 915 sionem.
2183 869 2277 912 aut
2312 860 2612 927 periculum
2657 878 2834 917 rerum
2883 867 3121 922 omnium
3159 872 3474 927 sustineret.

1893 949 1989 1004 Cui
2019 949 2147 1005 dum
2176 952 2510 1008 satisfactum
2542 953 2732 1010 fuisset
2763 958 2963 1028 ingenti
3000 960 3342 1018 multitudine
3369 980 3465 1034 pe-

1893 1041 2197 1106 cuniarum,
2227 1059 2570 1113 nequaquam
2602 1046 2669 1099 ad
2699 1047 3126 1118 Hierosolymam
3159 1062 3336 1107 castra
3363 1070 3478 1109 me-

1895 1135 2036 1183 tatus
2056 1138 2160 1184 est.
2198 1129 2460 1186 Similiter
2478 1133 2618 1188 idem
2643 1151 2734 1188 rex
2761 1134 2932 1205 Syriae
2955 1138 3254 1194 devastavit
3283 1141 3474 1197 Sama-

1891 1220 2051 1286 riam,
2079 1223 2204 1290 quia
2232 1237 2297 1278 eo
2322 1231 2564 1293 tempore
2588 1223 2822 1279 Joachaz
2853 1227 2994 1282 ﬁlius
3021 1227 3155 1282 Jehu
3187 1231 3470 1300 imperium

1891 1312 2130 1366 tenebat.
2193 1312 2295 1380 Qui
2348 1313 2512 1382 impie
2563 1330 2795 1386 gerens,
2851 1317 2990 1372 sicut
3037 1319 3249 1386 priores
3298 1320 3475 1378 fecere

1890 1398 2254 1456 lsraelitarum
2285 1418 2458 1471 reges,
2489 1404 2656 1458 Deum
2687 1407 2954 1475 sprevisse
2983 1406 3285 1462 videbatur.
3319 1409 3475 1465 Hunc

1892 1497 2070 1544 autem
2095 1476 2399 1546 bumiliavit
2419 1492 2616 1549 Hazael
2647 1511 2764 1549 rex.
2800 1495 2934 1549 Nam
2959 1497 3206 1553 civitates
3231 1499 3278 1552 ei
3306 1500 3475 1568 pluri-

1891 1595 2008 1635 mas
2035 1589 2092 1636 et
2123 1583 2387 1639 maximas
2416 1586 2668 1651 abstulit,
2709 1596 2764 1641 et
2789 1586 2908 1655 ejus
2937 1589 3135 1644 milites
3163 1592 3469 1646 trucidavit.

1891 1671 2017 1729 Haec
2046 1675 2229 1742 itaque
2255 1692 2445 1746 passus
2481 1687 2565 1733 est
2599 1679 2964 1735 lsraelitarum
2994 1671 3246 1751 populus,
3277 1698 3472 1738 secun-

200 1782 289 1836 hic
314 1781 585 1843 oboritur,
613 1795 780 1850 quare
805 1780 1063 1835 Dominus
1083 1779 1136 1834 in
1160 1758 1446 1850 Evangelio
1465 1779 1783 1834 Zachariam

1889 1762 2017 1818 dum
2061 1763 2240 1819 Elisaei
2281 1766 2644 1836 prophetiam,
2675 1769 2891 1838 quando
2920 1768 3112 1823 Hazael
3143 1771 3341 1825 occidit
3369 1772 3473 1824 Do-

203 1871 343 1926 inter
373 1869 628 1940 templum
672 1877 728 1925 et
765 1868 937 1925 altare
964 1869 1204 1924 occisum
1236 1883 1572 1933 memorans,
1618 1869 1786 1922 tilium

205 1961 484 2016 Barachiaa
515 1977 633 2017 esse
661 1961 896 2026 dixerit,
943 1976 1066 2016 cum
1093 1975 1334 2031 praesens
1362 1961 1586 2016 historia
1617 1961 1785 2016 ﬁlium

202 2069 322 2109 eum
357 2052 559 2108 Joiadze
589 2052 756 2108 fuisse
797 2050 1083 2107 manifeste
1111 2051 1403 2122 designet?
1454 2051 1606 2107 Unde
1646 2067 1784 2106 non-

202 2145 331 2199 nulli
363 2159 530 2214 super
554 2144 656 2198 hac
683 2143 952 2198 sententia
982 2143 1226 2198 diversas
1251 2151 1457 2212 ponunt
1484 2143 1782 2213 Opiniones.

202 2236 301 2290 Alii
333 2235 653 2291 Zachariam
681 2235 850 2290 ﬁlium
875 2234 1170 2298 Barachize,
1197 2235 1381 2289 dicunt
1403 2250 1525 2289 eum
1548 2249 1668 2289 esse
1693 2234 1785 2303 qui

201 2328 254 2384 in
302 2327 586 2382 duodecim
636 2326 914 2397 prophetis
963 2325 1284 2380 undecimus
1332 2333 1454 2390 est,
1508 2325 1784 2394 patrisque

202 2434 397 2474 nomen
443 2419 714 2474 consentit
761 2418 814 2472 in
852 2433 950 2482 eo;
1007 2416 1101 2472 sed
1141 2417 1231 2471 ubi
1277 2416 1488 2471 occisus
1530 2415 1600 2470 sit
1643 2414 1787 2468 inter

202 2514 463 2584 templum
502 2521 557 2567 et
603 2512 774 2567 altare
803 2510 1082 2580 Scriptura
1119 2525 1226 2565 non
1255 2509 1515 2578 loquitur,
1549 2509 1782 2562 maxime

202 2621 324 2660 cum
358 2603 692 2672 temporibus
719 2603 837 2672 ejus
866 2603 956 2656 vix
993 2601 1162 2654 ruinae
1194 2599 1376 2669 templi
1408 2598 1627 2652 fuerint.
1674 2597 1780 2651 Alii

201 2692 526 2747 Zachariam
551 2698 759 2760 patrem
787 2687 1012 2744 Joannis
1049 2689 1275 2758 intelligi
1307 2689 1526 2752 volunt,
1565 2703 1632 2742 ex
1661 2687 1781 2756 qui-

199 2783 423 2838 busdam
453 2781 879 2852 apocryphorum
903 2780 1055 2833 libris
1081 2780 1460 2849 approbantes,
1492 2777 1631 2846 quod
1659 2793 1782 2846 pro-

197 2873 360 2942 pheta
389 2872 603 2927 occisus
631 2871 740 2933 sit,
793 2870 919 2939 quia
952 2867 1253 2923 Salvatoris
1281 2866 1653 2937 przedicaverit
1680 2866 1777 2919 ad-

198 2972 438 3017 ventum.
483 2961 596 3017 Hoc
624 2962 750 3032 quia
779 2961 846 3016 de
874 2958 1168 3030 Scripturis
1194 2973 1298 3012 non
1328 2959 1518 3012 habuit
1543 2959 1777 3011 auctori-

200 3062 361 3108 tatem
381 3095 397 3117 ,
442 3054 632 3109 eadem
663 3051 923 3107 facilitate
965 3050 1330 3106 contemnitur
1359 3065 1463 3118 qua
1492 3049 1771 3117 probatur.

201 3143 299 3198 Alii
336 3144 499 3198 istum
530 3142 715 3197 volunt
741 3157 862 3197 esse
891 3141 1206 3196 Zachariam
1227 3182 1241 3206 ,
1272 3140 1360 3208 qui
1391 3141 1604 3195 occisus
1639 3139 1711 3193 sit
1743 3154 1774 3192 a
1804 3111 1848 3172 Ο

197 3231 318 3286 Joas
347 3247 475 3300 rege
497 3229 646 3285 Iuda:
673 3232 813 3286 inter
839 3229 1092 3300 templum
1116 3238 1169 3285 et
1188 3230 1379 3296 altare,
1405 3231 1546 3285 sicut
1573 3229 1775 3299 Regum

200 3330 381 3376 narrat
409 3321 658 3376 historia.
699 3321 807 3376 Sed
835 3321 1251 3384 observandum,
1285 3319 1424 3391 quod
1460 3320 1547 3375 ille
1573 3321 1778 3375 Zacha-

199 3415 305 3470 rias
332 3429 442 3469 non
469 3414 541 3468 sit
569 3413 710 3468 ﬁlius
739 3413 1037 3477 Barachize,
1071 3413 1162 3468 sed
1197 3411 1339 3466 ﬁlius
1367 3409 1569 3466 Joiada:
1597 3427 1779 3466 sacer-

199 3504 353 3558 dotis.
411 3502 567 3558 Unde
606 3502 868 3572 scriptum
910 3501 1118 3557 refert:
1165 3501 1288 3554 Non
1332 3500 1430 3569 fuit
1473 3502 1780 3554 recordatus

197 3591 324 3646 Joas
350 3593 520 3661 patris
548 3592 663 3661 ejus
688 3591 916 3656 Joiadw,
939 3608 1056 3661 qua!
1084 3591 1184 3645 sibi
1216 3591 1419 3660 fecisset
1451 3591 1604 3644 bona.
1639 3590 1774 3646 Cum

199 3699 322 3754 ergo
354 3693 634 3738 teneamus
662 3683 1016 3746 Zachariamz,
1060 3690 1115 3736 et
1155 3682 1442 3736 occisionis
1471 3683 1774 3736 consentiat

199 3777 376 3840 locus,
422 3789 728 3844 quaeramus
756 3787 924 3844 quare
965 3772 1246 3827 Barachize
1277 3773 1474 3826 dicitur
1502 3772 1668 3836 ﬁlius,
1720 3780 1776 3827 et

198 3882 302 3921 non
343 3865 568 3920 Joiadae.
619 3865 883 3920 Barachia
930 3865 984 3919 in
1029 3864 1209 3934 lingua
1253 3872 1440 3918 nostra
1475 3864 1772 3918 benedictus

197 3955 404 4009 Domini
451 3955 684 4020 dicitur;
737 3960 794 4009 et
840 3955 1140 4010 sacerdotis
1167 3952 1367 4008 Joiadte
1401 3953 1627 4024 justitim
1665 3954 1773 4008 He-

197 4049 335 4103 braeo
376 4050 602 4103 nomine
638 4049 1100 4103 demonstrantur.
1150 4047 1210 4101 ln
1241 4046 1531 4116 Evangelia
1557 4061 1773 4117 quoque

196 4156 299 4209 quo
336 4149 563 4195 utuntur
599 4139 900 4205 Nazareni,
949 4154 1048 4209 pro
1094 4138 1205 4192 ﬁlio
1247 4139 1551 4198 Barachite,
1601 4137 1769 4192 ﬁlium

195 4230 388 4288 Joiada:
414 4233 677 4302 scriptum
711 4232 1031 4300 reperimus.
1065 4229 1436 4299 Simpliciores
1463 4229 1660 4285 fratres
1690 4230 1772 4283 in-

196 4331 279 4378 ter
303 4324 489 4377 ruinas
520 4322 703 4392 templi
749 4331 804 4377 et
844 4321 1032 4376 altaris
1060 4321 1176 4375 sive
1211 4320 1266 4373 in
1303 4329 1582 4390 portarum
1613 4321 1772 4375 exiti-

195 4414 311 4480 bus,
335 4431 457 4485 qua:
484 4413 689 4468 Siloam
713 4413 932 4477 ducunt,
957 4413 1123 4466 rubra
1153 4426 1285 4466 saxa
1310 4411 1764 4476 demonstrantes,

195 4505 462 4561 Zachariae
505 4504 771 4572 sanguine
816 4510 1006 4573 putant
1051 4517 1172 4558 esse
1215 4502 1436 4572 polluta.
1489 4501 1605 4556 Non
1634 4517 1766 4557 eon-

195 4594 505 4648 demnamus
534 4607 798 4658 errorem,
825 4593 914 4662 qui
944 4593 1010 4647 de
1037 4592 1162 4646 odio
1189 4589 1529 4657 Iudaeorum,
1559 4601 1613 4646 et
1642 4590 1767 4646 ﬁdei

193 4685 381 4753 pietate
410 4684 710 4740 descendit.

259 4777 488 4848 Cumque
521 4776 754 4830 ecolutus
783 4784 911 4829 esset
941 4792 1132 4840 annus,
1171 4776 1405 4830 ascendit
1435 4786 1615 4830 contra
1649 4793 1768 4830 eum

190 4871 442 4922 exercitus
473 4867 663 4939 Syritc,
689 4868 924 4938 venitque
956 4868 1011 4920 in
1031 4867 1066 4920 J
1073 4867 1231 4920 udam
1258 4877 1306 4920 et
1334 4866 1692 4933 Hierusalem,
1720 4877 1770 4921 et

189 4960 439 5028 interfecit
471 4968 688 5013 cunctos
730 4959 988 5030 principes
1024 4957 1233 5029 populi,
1282 4969 1437 5029 atque
1469 4961 1764 5015 universam

186 5050 414 5117 praedam
451 5047 705 5102 miserunt
748 5050 854 5120 regi
899 5049 954 5101 in
990 5047 1348 5119 Damascum,
1391 5059 1438 5104 et
1479 5060 1617 5104 certe
1646 5066 1764 5104 cum

184 5139 510 5207 permodicus
546 5140 762 5194 venisset
793 5155 1041 5194 numerus
1069 5137 1323 5210 Syrorum
1346 5181 1360 5204 ,
1408 5141 1626 5194 tradidit
1661 5140 1766 5194 Do-

184 5229 352 5284 minus
382 5232 439 5285 in
466 5229 713 5285 manibus
736 5246 916 5285 eorum
941 5230 1207 5299 inﬁnitam
1243 5229 1632 5285 multitudinem
1651 5273 1666 5297 ,
1703 5249 1763 5286 eo

180 5319 320 5388 quod
349 5319 747 5390 dereliquissent
773 5320 1051 5376 Dominum
1080 5319 1245 5374 Deum
1275 5330 1485 5390 patrum
1514 5338 1760 5387 suorum;

182 5409 372 5464 ittJoas
385 5426 588 5481 quoque
607 5409 954 5480 ignominiosa
974 5426 1250 5464 exercuere
1272 5409 1494 5477 iudicia,
1508 5419 1555 5463 et
1574 5411 1762 5464 abeun-

182 5513 251 5555 tes
296 5501 605 5555 dimiserunt
650 5518 769 5555 eum
809 5503 865 5556 in
901 5501 1243 5572 languoribus
1282 5501 1508 5570 magnis.
1568 5499 1763 5556 Narrat

179 5611 394 5667 quoque
419 5594 723 5668 Josephus,
771 5596 916 5666 quod
957 5594 1158 5650 llazael
1184 5593 1534 5664 Assyriorum
1573 5607 1664 5647 rex
1703 5593 1758 5648 in

179 5690 510 5758 pzovinciam
539 5688 842 5747 Judatorum
876 5689 1113 5745 misisset
1141 5688 1438 5744 exercitum
1466 5727 1480 5752 ,
1530 5686 1617 5755 qui
1661 5687 1756 5742 dc-

675 5933 703 5950 κ

1799 4463 1853 4521 Ι)

1884 1855 2095 1910 minum
2122 1872 2298 1920 suum,
2325 1859 2451 1927 quia
2478 1873 2602 1913 eum
2629 1868 2981 1930 regnaturum
3007 1875 3126 1916 esse
3147 1862 3473 1932 prardixcrat

1888 1961 2052 2016 super
2077 1946 2244 2018 Syros
2269 1956 2324 2003 et
2355 1949 2739 2005 Damascenos.

1959 2036 2310 2094 Surrexerunt
2333 2051 2505 2094 autem
2529 2052 2712 2095 contra
2734 2059 2852 2096 eum
2873 2044 3007 2098 servi
3027 2047 3111 2098 sui
3137 2045 3192 2099 in
3221 2045 3468 2099 ultionem

1886 2129 2159 2197 sanguinis
2193 2130 2294 2198 ﬁlii
2328 2130 2536 2184 Joiada:
2571 2132 2889 2193 sacerdotis,
2932 2145 2980 2187 et
3016 2134 3315 2188 occiderunt
3352 2150 3471 2187 eum

1886 2219 1942 2272 in
1965 2218 2152 2273 lectulo
2175 2236 2292 2286 suo,
2321 2230 2370 2275 et
2395 2231 2632 2276 mortuus
2656 2232 2750 2276 est.
2787 2223 3214 2295 Sepelieruntque
3241 2225 3392 2279 illum
3414 2228 3469 2284 in

1884 2309 2091 2364 civitate
2119 2310 2290 2364 David
2306 2351 2320 2374 ,
2353 2312 2443 2364 sed
2474 2328 2576 2365 non
2606 2313 2662 2366 in
2689 2312 2944 2382 sepulcris
2974 2329 3169 2383 regum.
3218 2313 3468 2368 Insidiati

1883 2411 2002 2449 vero
2038 2407 2158 2451 sunt
2197 2400 2245 2452 ei
2281 2396 2466 2453 Zabad
2504 2399 2650 2468 ﬁlius
2685 2399 2941 2455 Seniath
2971 2401 3338 2457 Ammonitidis
3360 2443 3376 2468 ,
3419 2413 3468 2457 et

1881 2485 2124 2542 Josabad
2147 2489 2290 2558 ﬁlius
2314 2487 2578 2544 Semaritlt
2609 2490 2932 2545 Moabitidis.
2988 2491 3228 2562 Denique
3253 2493 3466 2547 Hebrtei

1883 2587 2133 2634 asserunt
2179 2580 2379 2634 ideirco
2436 2580 2775 2634 Ammonitas
2803 2588 2859 2634 et
2888 2580 3152 2636 Moabitas
3188 2581 3470 2636 insidiatos

1879 2687 2000 2728 esse
2029 2672 2139 2744 regi
2167 2667 2331 2738 Joas,
2373 2672 2704 2728 detestantes
2747 2670 3004 2740 injustam
3039 2688 3230 2728 necem
3259 2673 3464 2727 Zacha-

1881 2764 1975 2818 riae
1996 2804 2011 2827 ,
2053 2763 2125 2833 ad
2167 2764 2600 2834 exaggerandam
2631 2763 2896 2818 malitiam
2927 2764 3290 2818 lsraelitarum
3313 2805 3328 2828 ,
3371 2762 3464 2834 qui

1880 2856 2062 2910 ulcisci
2087 2856 2374 2910 voluerunt
2399 2857 2734 2910 sacerdotem
2767 2855 2860 2910 Dei
2885 2874 2899 2910 :
2930 2856 3073 2925 quod
3099 2855 3173 2909 illi
3197 2853 3466 2919 fecerunt,

1879 2946 1969 3016 qui
1999 2944 2092 2998 ﬁlii
2119 2944 2542 3014 alienigenarum
2571 2945 2808 3000 fuerunt.

2445 3056 2678 3112 CAPUT
2721 3056 2889 3111 XXV.

2034 3150 2111 3205 De
2140 3165 2297 3220 regno
2324 3148 2570 3212 Arnasia',
2604 3147 2704 3216 ﬁlii
2730 3147 2882 3211 Joas,
2911 3148 2965 3200 in
2991 3144 3307 3201 Jerusalem.

1959 3239 2152 3312 Viginti
2175 3241 2403 3311 quinque
2425 3253 2684 3292 annorum
2709 3247 2819 3292 erat
2843 3237 3084 3290 Amasias
3106 3253 3222 3289 cum
3246 3251 3467 3305 regnare

1879 3334 2145 3404 coepisset,
2195 3341 2242 3385 et
2287 3330 2469 3400 viginti
2515 3345 2692 3382 novem
2725 3329 2878 3381 annis
2909 3327 3136 3398 regnavit
3176 3329 3232 3381 in
3264 3326 3465 3380 Hieru-

1876 3422 2059 3478 salem.
2113 3418 2319 3473 Nomen
2357 3419 2544 3472 matris
2583 3420 2697 3489 ejus
2735 3417 2951 3472 Joadan
2992 3418 3058 3472 de
3095 3417 3457 3473 Hierusalem.

1877 3513 2127 3584 Fecitque
2167 3512 2356 3565 bonum
2399 3512 2456 3563 in
2497 3518 2774 3580 conspectu
2806 3509 3060 3563 Domini:
3104 3519 3460 3564 verumtamen

1878 3619 1982 3656 non
2019 3600 2076 3655 in
2113 3600 2270 3654 corde
2298 3599 2545 3670 perfecto.
2588 3597 2768 3664 Quaeri
2798 3605 2977 3667 potest
3006 3598 3281 3668 quomodo
3309 3596 3459 3651 Scri-

1874 3700 2034 3762 plura
2080 3691 2226 3747 dicat
2269 3689 2543 3744 Amasiam
2590 3687 2790 3742 bonum
2832 3687 3025 3743 fecisse
3070 3689 3122 3740 in
3168 3695 3461 3756 conspectu

1876 3782 2008 3848 Dei,
2053 3781 2150 3837 sed
2193 3795 2299 3836 non
2339 3779 2394 3833 in
2435 3778 2600 3834 corde
2628 3778 2890 3847 perfecto,
2939 3791 3062 3830 cum
3109 3775 3257 3829 nullo
3299 3775 3464 3830 modo

1874 3873 2076 3928 bonum
2099 3872 2227 3927 illud
2251 3886 2412 3941 opus,
2437 3870 2492 3925 in
2521 3876 2812 3938 conspectu
2839 3869 2933 3923 Dei
2959 3867 3072 3922 ﬁeri
3099 3867 3293 3937 possit,
3313 3868 3458 3937 quoi

1873 3981 1980 4021 non
2027 3966 2170 4020 bono
2217 3965 2424 4034 geritur
2462 3963 2681 4017 animo?
2729 3961 2966 4016 maxime
3009 3976 3132 4015 cum
3170 3960 3457 4023 Divinitas,

1875 4057 2158 4124 Scriptura
2192 4062 2429 4109 testante
2448 4095 2462 4117 ,
2507 4054 2783 4106 intueatur
2810 4065 2925 4114 cor,
2969 4058 3025 4104 et
3051 4049 3302 4103 voluntas
3329 4049 3460 4104 eﬁ‘e—

1871 4157 2016 4203 ctum
2040 4146 2308 4214 condigne
2331 4151 2658 4198 remunerct.
2693 4141 2798 4196 Sed
2823 4141 3021 4195 bonum
3047 4139 3245 4194 dicitur
3268 4139 3460 4193 fecisse

1872 4237 1926 4291 in
1960 4244 2251 4305 conspectu
2284 4234 2376 4288 Dei
2403 4273 2418 4297 ,
2468 4231 2560 4301 qui
2607 4231 2892 4301 quamdam
2923 4229 3156 4297 speciem
3189 4229 3454 4282 bonorum

1871 4341 2094 4400 operum
2120 4369 2135 4393 ,
2185 4343 2305 4397 qua:
2351 4327 2568 4396 placere
2596 4326 2707 4380 Deo
2736 4323 3078 4379 manifestum
3104 4330 3217 4387 est,
3268 4337 3454 4377 coram

1877 4419 2186 4475 hominibus
2211 4416 2469 4472 ostendit.
2516 4414 2642 4470 Haec
2669 4415 2743 4469 illi
2774 4413 3110 4468 arbitrantur
3137 4414 3278 4467 bona
3309 4427 3452 4478 esse,

1877 4511 2002 4581 quia
2051 4509 2346 4564 facietenus
2389 4507 2686 4570 videbant,
2735 4513 2789 4558 et
2836 4502 3132 4560 secundum
3178 4503 3320 4558 hanc
3363 4503 3454 4557 illa

1869 4601 2160 4656 laudabant
2185 4640 2200 4665 ,
2239 4598 2334 4654 sed
2363 4613 2546 4653 coram
2574 4597 2684 4651 Deo
2709 4595 2822 4665 jam
2853 4605 3074 4665 accepta
3113 4611 3218 4650 non
3252 4603 3411 4650 erant
3433 4634 3452 4660 ,

1875 4691 1996 4761 quia
2028 4691 2256 4760 reprobo
2291 4689 2474 4743 animo
2506 4687 2645 4743 facta
2674 4685 2906 4748 fuerant.
2960 4685 3114 4742 Unde
3143 4687 3258 4756 ipse
3285 4686 3450 4740 Ama-

1871 4782 1978 4837 sias
2010 4795 2228 4850 semper
2255 4781 2308 4834 in
2336 4780 2606 4835 deteriora
2639 4779 2906 4843 relabens,
2937 4779 3227 4834 novissime
3253 4778 3306 4833 in
3334 4778 3460 4833 ido-

1870 4871 2137 4927 lolatriam
2166 4870 2404 4934 corruit,
2436 4885 2536 4940 per
2563 4884 2725 4938 quam
2752 4878 2804 4923 et
2828 4869 3020 4939 periit,
3052 4870 3177 4938 quia
3207 4869 3444 4924 radicem

1868 4963 2048 5017 cordis
2074 4960 2406 5031 probabilem
2433 4975 2536 5014 non
2564 4960 2771 5025 habuit,
2796 4975 2916 5030 qua:
2944 4975 3041 5030 pro
3063 4961 3210 5015 cultu
3232 4961 3447 5031 pietatis

1866 5054 2098 5126 gratiam
2124 5053 2219 5107 Dei
2248 5052 2547 5120 promereri
2574 5058 2776 5121 posset.

1937 5144 2280 5215 Congregavit
2309 5159 2429 5214 ergo
2457 5143 2702 5197 Amasias
2731 5141 2930 5196 Iudam
2969 5151 3017 5196 et
3056 5144 3326 5197 constituit
3360 5159 3446 5198 eos

1864 5255 1956 5310 per
1983 5238 2236 5308 familias,
2264 5236 2624 5306 tribunosque,
2662 5243 2710 5290 et
2741 5236 3089 5300 centuriones,
3127 5237 3183 5289 in
3207 5235 3445 5289 universo

1865 5331 2010 5385 Juda
2031 5341 2078 5384 et
2098 5329 2402 5397 Beniamin,
2424 5338 2472 5382 et
2496 5329 2751 5382 recens-uit
2773 5345 2808 5381 a
2830 5329 3007 5399 viginti
3033 5329 3185 5382 annis
3209 5341 3444 5391 sursum,

1865 5422 2158 5490 invenitque
2185 5419 2400 5490 triginta
2435 5418 2606 5473 millia
2627 5420 2914 5489 juvenum,
2953 5419 3042 5488 qui
3080 5417 3446 5486 egrederentur

1866 5511 1936 5565 ad
1966 5527 2225 5581 pugnam,
2267 5519 2314 5564 et
2344 5519 2571 5563 tenerent
2601 5509 2804 5563 hastam
2835 5518 2883 5562 et
2911 5507 3165 5577 clypeum.
3205 5501 3448 5557 Mercede

1863 5617 2066 5671 quoque
2087 5599 2335 5653 conduxit
2362 5598 2427 5652 de
2455 5597 2624 5652 Israel
2653 5607 2857 5652 centum
2891 5596 3058 5650 millia
3084 5593 3440 5655 robustorum,

1865 5701 2070 5745 centum
2121 5687 2330 5744 talentis
2375 5689 2620 5759 argenti:
2659 5689 2794 5742 venit
2833 5695 3005 5741 autem
3048 5685 3200 5739 homo
3229 5682 3326 5738 Dei
3363 5682 3434 5738 ad
