3870 6146
423 225 529 284 807
1058 228 1120 283 Β.
1159 225 1412 282 RABANI
1435 222 1671 281 MAURI
1707 221 1968 278 ARCHIET

2072 219 2376 278 MOGUNT.
2418 219 2702 281 OPERUM
2721 257 2726 262 -
2743 224 2922 282 PARS
2957 225 2999 281 ι.
3567 227 3673 284 508

420 343 605 409 illum,
647 353 694 397 et
723 343 838 397 ait:
875 342 921 398 0
955 359 1065 407 recc,
1112 359 1175 396 ne
1203 339 1515 410 egrediatur
1540 347 1708 391 tecum
1737 336 1994 391 exercitus
2022 337 2069 396 Α
2101 333 2380 400 dederint,
2427 333 2548 389 ideo
2576 335 2697 390 illos
2726 333 3042 392 interfectos
3069 350 3191 392 esse
3210 378 3225 402 ,
3271 338 3395 408 quia
3438 340 3491 393 in
3523 341 3670 396 cultu

425 433 624 499 Israel;
664 450 765 488 non
792 445 866 487 est
893 432 1029 485 enim
1062 431 1314 484 Dominus
1343 445 1462 483 cum
1491 426 1681 494 Israel,
1717 437 1765 480 et
1793 425 1992 480 cunctis
2094 438 2280 477 eorum
2308 423 2638 494 negligentes
2661 424 2900 480 fuerunt.
2932 424 3134 481 Videtis
3155 441 3282 498 ergo
3303 429 3555 486 Amasias
3575 446 3673 488 eos

422 525 547 594 (iliis
578 524 849 593 prraim.
909 520 1062 587 Quod
1110 522 1156 574 si
1201 531 1355 588 putas
1401 521 1457 574 in
1505 518 1688 572 robore
1735 518 1991 572 exercitus
2070 514 2741 586 .hujusoemodiresponsa
2765 518 2914 581 dare,
2942 527 2999 572 et
3024 533 3149 573 aras
3170 535 3360 576 eorum
3385 523 3542 592 eripi,
3563 523 3672 580 hoc

423 614 557 667 bella
583 615 882 675 consistere,
913 612 1152 680 superari
1191 619 1239 664 te
1280 610 1434 679 faciet
1475 609 1616 662 Deus
1643 608 1707 661 ab
1733 606 1987 660 hostibus.
2091 611 2278 654 errore
2307 600 2576 669 deceptus,
2605 603 2847 656 adOI‘aVil
2869 617 2983 658 eos.
3017 603 3171 660 Hunc
3196 622 3323 676 ergo
3343 609 3667 678 prophetam

424 705 516 757 Dei
542 705 729 774 quippe
759 711 866 767 est,
897 712 944 758 et
975 702 1252 766 adiuvare,
1297 710 1345 756 et
1388 703 1443 754 in
1482 700 1666 769 fugam
1695 709 1906 763 vertere,
1936 706 1990 751 et
2090 689 2181 758 Qui
2210 689 2404 745 missus
2425 699 2507 745 est
2531 691 2597 746 ad
2627 691 3010 762 increpandam
3037 711 3215 764 regem
3239 713 3337 766 pro
3357 700 3668 757 idololatria

419 801 636 847 «uetera.
687 791 960 860 Quaeritur
989 807 1159 859 quare
1185 792 1392 845 dictum
1417 791 1504 844 .sit
1525 829 1541 854 ,
1585 805 1691 844 non
1729 804 1858 844 esse
1885 787 1991 842 Do-

420 884 620 938 minum
647 897 770 939 cum
795 883 981 948 Israel,
1007 891 1063 938 et
1087 882 1298 937 cunctis
1328 881 1454 936 ﬁliis
1479 879 1776 950 Ephraim?
1804 879 1871 933 Et
1893 893 1990 934 cur

418 976 566 1044 prius
595 974 836 1030 nominet
860 973 1064 1032 Israel.
1111 989 1218 1044 quo
1263 971 1525 1030 vocabulo
1566 985 1756 1026 omnes
1801 969 1986 1024 decem

420 1063 588 1118 tribus
629 1063 1081 1133 comprehendit,
1137 1071 1193 1117 et
1247 1070 1437 1131 postea
1494 1059 1800 1130 specialiter
1849 1057 1987 1113 ﬁlios

417 1153 690 1222 Ephraim.
722 1153 804 1208 Ad
828 1152 1186 1207 intimandum
1215 1151 1440 1216 scilicet,
1465 1150 1844 1219 quodomnes,
1876 1156 1984 1202 tam

412 1241 612 1296 subditi
641 1257 804 1310 quam
832 1241 995 1296 etiam
1025 1241 1270 1310 praelati,
1301 1241 1393 1309 qui
1421 1240 1476 1304 in
1501 1237 1765 1294 Samaria.
1786 1253 1983 1309 regna-

411 1331 546 1387 bant
566 1342 686 1401 post
705 1329 1014 1395 Jeroboam,
1035 1332 1127 1402 qui
1147 1333 1212 1387 de
1239 1332 1383 1386 tribu
1403 1330 1512 1385 .l‘uit
1533 1330 1810 1400 prraim,
1837 1330 1980 1384 noxii

411 1432 603 1490 erant,
655 1433 708 1479 et
752 1423 1057 1479 idololatria
1099 1424 1312 1493 polluti.
1371 1423 1496 1479 Ideo
1538 1423 1684 1479 enim
1724 1423 1983 1478 Dominus

411 1515 616 1583 respuit
642 1529 832 1570 eorum
861 1515 1172 1570 societatem
1195 1514 1260 1569 in
1299 1514 1440 1570 bello
1477 1529 1600 1568 cum
1638 1513 1783 1570 tribu
1810 1513 1978 1579 Juda,

411 1605 535 1671 quia
566 1604 708 1659 idola
736 1619 922 1660 secum
947 1605 1249 1672 habebant,
1281 1619 1512 1675 quorum
1540 1604 1716 1661 cultus
1743 1606 1980 1660 maxime

410 1694 522 1749 Deo
551 1695 886 1765 displicebat.

481 1781 651 1840 Porro
688 1786 930 1852 Amasias
966 1786 1287 1854 conﬁdenter
1309 1786 1488 1840 eduxit
1515 1785 1761 1856 populum
1790 1803 1969 1850 suum,

407 1886 455 1929 et
491 1876 618 1929 abiit
656 1877 712 1930 in
749 1876 934 1931 vallem
961 1875 1290 1942 Salinarum,
1317 1879 1671 1948 percussitque
1691 1877 1832 1946 ﬁlios
1859 1877 1977 1934 Seir

407 1967 582 2020 decem
609 1966 796 2034 millia,
841 1978 888 2023 et
927 1966 1036 2022 alia
1063 1968 1237 2022 decem
1265 1967 1433 2022 millia
1468 1969 1701 2022 virorum
1733 1980 1974 2040 ceperunt

404 2055 504 2124 lilii
537 2054 716 2122 Iuda,
767 2066 814 2110 et
863 2057 1193 2111 adduxerunt
1233 2057 1302 2111 ad
1338 2067 1659 2127 praeruptum
1698 2059 1975 2128 cujusdam

403 2156 582 2216 petrae,
611 2149 1162 2219 prtecipitaveruntque
1193 2165 1281 2203 eos
1308 2150 1372 2203 de
1418 2165 1620 2204 summo
1645 2150 1698 2204 in
1724 2167 1970 2222 prazceps.

406 2235 509 2301 Qui
530 2238 756 2292 universi
778 2248 1105 2307 crepuerunt.
1137 2240 1374 2310 Denique
1396 2240 1448 2294 in
1471 2240 1676 2310 Regum
1699 2241 1766 2297 de
1783 2243 1975 2298 eodem

399 2326 622 2383 Amasia
666 2329 740 2383 ita
786 2330 1044 2400 scriptum
1090 2339 1212 2386 est:
1250 2331 1372 2401 Ipse
1413 2335 1664 2403 percussit
1705 2334 1876 2389 Edam
1920 2336 1975 2391 in

400 2417 536 2472 ualle
561 2416 864 2472 Salinarum
895 2420 1072 2474 decem
1101 2420 1290 2486 millia,
1325 2431 1374 2475 et
1404 2423 1741 2493 apprehendit
1774 2435 1974 2494 petram

400 2506 460 2563 in
487 2509 671 2578 pra-lio
698 2549 714 2574 ,
760 2511 1056 2580 vocavitque
1093 2528 1276 2566 nomen
1311 2513 1426 2583 ejus
1462 2512 1691 2570 Jecteltel
1726 2533 1889 2587 usque
1918 2518 1974 2572 in

401 2607 704 2668 praesentem
731 2598 868 2653 diem
890 2599 997 2670 (IY
1020 2599 1146 2672 Reg.
1171 2603 1304 2674 xlv).
1337 2603 1504 2659 Vallis
1528 2603 1836 2661 Salinarum
1859 2618 1974 2664 erat

401 2685 494 2742 ubi
534 2687 699 2742 salem
730 2688 1034 2758 faciebant,
1076 2691 1162 2747 vel
1211 2694 1337 2751 leno
1363 2695 1613 2756 videlicet
1648 2697 1967 2768 salsuginis,

401 2787 462 2835 ut
487 2778 669 2835 multis
705 2781 756 2835 in
785 2780 937 2847 locis,
967 2783 1171 2849 deciso,
1200 2785 1493 2848 exsiccato,
1525 2795 1581 2841 et
1605 2787 1856 2849 incenso;
1888 2790 1971 2844 vel

399 2867 667 2938 aliquibus
693 2878 974 2940 puteorum
1005 2873 1195 2939 salsis,
1234 2873 1577 2942 fervefactis,
1621 2884 1678 2932 et
1706 2893 1875 2947 usque
1905 2879 1971 2934 ad

399 2962 525 3018 salis
561 2961 870 3019 ﬁrmitatem
910 2967 1190 3036 coquendo
1228 2969 1536 3038 perductis;
1572 2968 1657 3023 vel
1695 2969 1802 3024 alio
1837 2987 1970 3040 quo-

398 3049 530 3105 libet
555 3051 741 3106 ordine
759 3090 778 3117 ,
823 3068 930 3122 quo
967 3054 1048 3122 sal
1074 3053 1192 3110 ﬁeri
1221 3056 1521 3112 consuevit.
1574 3055 1634 3112 In
1663 3073 1772 3128 quo
1801 3061 1968 3114 etiam

394 3137 547 3204 loco,
590 3148 644 3194 et
670 3139 804 3197 Joab
829 3142 1111 3202 duodecim
1159 3144 1322 3200 millia
1364 3145 1713 3204 [dominorum
1744 3163 1968 3220 percus-

395 3229 534 3286 sisse
557 3230 773 3303 legitur.
805 3233 915 3290 Nec
936 3238 1379 3304 prsetereundum
1407 3239 1549 3308 quod
1575 3254 1676 3310 pro
1702 3242 1841 3296 valle
1871 3241 1970 3297 Sa-

396 3321 629 3378 linarum
657 3332 812 3388 vet—us
849 3325 1015 3388 editio
1045 3325 1209 3396 quasi
1244 3343 1441 3394 nomen
1484 3329 1720 3401 regionis
1747 3330 1968 3388 Gemela

395 3415 595 3483 posuit.
641 3413 801 3482 Petra
839 3425 1018 3480 autem
1054 3417 1249 3475 civitas
1283 3428 1368 3480 est
1394 3419 1610 3486 Arabiae
1638 3423 1864 3490 nobilis,
1913 3425 1967 3479 in

396 3505 586 3560 eadem
628 3515 770 3562 terra
801 3507 968 3570 Edoni
990 3546 1006 3573 ,
1055 3523 1174 3578 qua
1215 3510 1266 3569 in
1305 3510 1442 3566 libro
1478 3511 1834 3576 Numerorum
1864 3513 1968 3570 Re-

395 3610 514 3652 cem
545 3596 761 3663 dicitur.
790 3605 844 3653 et
869 3597 939 3664 ab
968 3599 1206 3672 Assyriis
1233 3601 1500 3672 hodieque
1531 3604 1610 3666 sic
1641 3605 1962 3674 appellatur.

390 3680 633 3751 lectebel
666 3704 796 3751 vero
819 3691 962 3760 quod
987 3690 1238 3754 Amasias
1267 3693 1442 3754 victor
1465 3694 1520 3756 ei
1557 3710 1752 3757 nomen
1789 3698 1966 3766 ίωρο-

391 3781 546 3848 suit,
595 3780 985 3854 interpretatur
1013 3791 1188 3846 alitus
1215 3783 1309 3844 Dei
1333 3824 1348 3850 ,
1397 3784 1484 3846 vel
1525 3786 1788 3846 auxilium
1828 3789 1964 3856 Dei,

388 3881 588 3943 agente
612 3872 723 3928 Deo
748 3873 1028 3940 videlicet,
1065 3882 1125 3934 ut
1153 3889 1250 3943 per
1273 3889 1393 3939 eam
1423 3884 1641 3941 maneat
1672 3880 1962 3946 memoria,

386 3963 537 4034 quod
565 3964 707 4020 hanc
735 3963 822 4021 vel
851 3975 1027 4025 cintus
1054 3965 1234 4036 populi
1262 3966 1385 4032 Dei,
1417 3967 1503 4024 vel
1537 3968 1646 4024 Deo
1677 3969 1965 4039 adiuvante

385 4054 561 4124 cepit.
621 4053 728 4110 Sed
761 4054 1028 4125 Josepbus
1074 4056 1289 4113 Petram
1337 4073 1446 4114 non
1493 4057 1732 4129 aliquam
1775 4061 1966 4116 civita-

385 4150 502 4196 tem
549 4141 654 4198 hoc
697 4143 752 4198 in
793 4142 912 4200 loco
952 4153 1262 4214 nuncupat,
1310 4145 1402 4202 ubi
1429 4145 1680 4211 Amasias
1704 4148 1964 4207 ldumzeos

383 4231 560 4296 vicit,
609 4233 702 4302 sed
731 4240 938 4302 tantum
965 4235 1108 4304 quod
1143 4250 1210 4290 ex
1247 4234 1436 4292 decem
1468 4235 1706 4302 millibus
1732 4237 1958 4304 occisis,

382 4323 614 4392 totidem
641 4323 790 4381 vivos
822 4325 1055 4395 ceperit,
1093 4340 1293 4397 eosque
1317 4325 1588 4384 deducens
1613 4327 1683 4382 ad
1707 4343 1958 4400 magnam

382 4425 630 4484 petram.
659 4431 778 4486 quae
804 4425 890 4476 est
917 4416 974 4474 in
1001 4415 1200 4486 Arabia
1229 4418 1542 4486 constituta,
1571 4433 1639 4474 ex
1673 4433 1736 4476 ea
1763 4420 1959 4492 prisci-

378 4507 658 4580 .pi-taverit.

460 4597 704 4662 Amasias
747 4611 862 4654 vero
903 4605 1020 4665 post
1053 4596 1248 4663 caedem
1276 4594 1636 4654 Idmnazorum
1674 4605 1724 4652 et
1767 4597 1961 4658 allatas

390 4689 514 4757 deos
542 4686 770 4756 ﬁliorum
803 4687 950 4752 Seir,
985 4686 1166 4755 statuit
1218 4685 1336 4746 illos
1375 4686 1433 4739 in
1459 4685 1583 4746 deos
1615 4687 1742 4755 sibi,
1783 4698 1830 4742 et
1861 4690 1960 4746 ad-

390 4779 574 4846 orabat
613 4795 731 4842 eos,
777 4787 825 4832 et
857 4776 962 4832 illis
1002 4774 1242 4844 adolebat
1285 4777 1575 4846 incensum.
1609 4775 1958 4844 Quamobrem

389 4870 556 4936 iratus
583 4867 838 4935 Dominus
863 4877 1046 4922 contra
1069 4866 1370 4932 Amasiam,
1399 4865 1541 4938 misit
1568 4865 1638 4921 ad
1666 4865 1815 4921 illum
1837 4885 1960 4939 pro-

388 4959 594 5028 phetam
627 4961 716 5028 qui
752 4959 943 5012 diceret
977 4959 1026 5012 ei
1057 4972 1076 5010 :
1116 4956 1224 5012 Cur
1270 4957 1508 5014 adorasti
1553 4957 1678 5013 deos
1721 4959 1815 5028 qui
1854 4975 1958 5014 non

388 5049 733 5104 liberaverunt
772 5049 1021 5120 populum
1053 5066 1208 5116 suum
1245 5049 1308 5103 de
1344 5065 1508 5106 ntanu
1545 5059 1635 5106 tua
1658 5049 1684 5102 ?
1728 5047 1956 5124 Cumque

385 5143 496 5213 [quo
533 5139 620 5209 ille
651 5140 968 5214 loqueretur,
1000 5141 1259 5211 respondit
1295 5142 1342 5194 ei
1380 5154 1398 5192 :
1445 5139 1588 5196 Num
1621 5139 1956 5200 consiliarius

385 5239 523 5306 regis
550 5253 602 5291 es
628 5237 652 5289 ?
693 5237 914 5306 quiesce,
946 5252 1009 5290 ne
1034 5235 1346 5304 inter/icium
1373 5245 1441 5289 te.
1491 5233 1726 5290 Narrant
1753 5232 1952 5297 Judaei,

379 5333 535 5400 quod
551 5329 800 5394 Amasias
825 5343 940 5398 rex,
961 5336 1181 5399 propter
1206 5329 1309 5396 hoc.
1331 5326 1540 5392 ablatos
1565 5327 1700 5384 deos
1725 5324 1955 5382 ﬁliorum

376 5421 552 5487 Edoni
583 5428 709 5491 post
727 5435 913 5483 necem
941 5435 1129 5486 eo.er
1157 5419 1410 5488 statuerit
1568 5417 1622 5472 in
1655 5415 1804 5476 deos,
1829 5415 1954 5484 quia

378 5528 506 5572 cum
528 5511 1102 5582 prmcipitarentur-itla
1133 5511 1325 5576 decem.
1346 5509 1536 5576 millia,
1563 5506 1771 5576 (tim-de
1795 5503 1954 5562 Petra

378 5603 596 5662 Arabia:
621 5599 858 5669 projects
888 5611 1046 5664 sunt,
1078 5615 1329 5669 responsa
1365 5599 1486 5654 talia
1516 5595 1814 5654 cultoribus
1841 5598 1950 5652 suis

1986 4370 2040 4430 D

2072 792 2250 846 .quam
2298 778 2460 834 stulte
2503 780 2760 851 gerebat,
2809 781 3000 836 dicunt
3034 782 3202 840 fuisse
3231 786 3461 843 Eleazar
3494 788 3668 845 tilium

2073 865 2275 932 ~Dodoi,
2309 869 2362 923 id
2389 879 2496 937 est,
2521 871 2770 926 avunculi
2797 869 2934 940 ejus.

2158 956 2488 1030 Cessavitque
2519 962 2766 1030 propheta
2796 972 2843 1016 et
2881 961 3015 1017 dixit
3044 979 3063 1016 :
3093 962 3218 1018 Scio
3237 966 3371 1035 quod
3402 977 3666 1039 cogitaue-

2071 1051 2154 1103 .rit
2187 1049 2441 1107 Dominus
2471 1053 2806 1119 occidere-te,
2839 1055 2929 1124 qui
2956 1065 3004 1108 et
3021 1055 3200 1124 fecisti
3231 1058 3589 1127 hocmalum,
3617 1074 3667 1119 et

2073 1141 2299 1209 insuper
2342 1156 2445 1196 non
2487 1142 2787 1213 acquievisti
2825 1143 3044 1201 consilio
3074 1162 3207 1204 meo.
3239 1146 3376 1214 Quid
3405 1160 3491 1205 cst
3521 1155 3666 1222 quod

2083 1232 2344 1300 propheta
2366 1233 2517 1298 dicit,
2531 1233 2821 1288 Dominum
2837 1236 3080 1306 cogitare
3093 1238 3341 1294 occidere
3359 1242 3661 1311 Amasiam,

2070 1337 2205 1375 .cum
2231 1322 2344 1391 ipse
2377 1338 2475 1392 per
2503 1324 2664 1378 alium
2693 1325 3224 1395 prophetam‘dicat:
3256 1330 3402 1386 -Νοιο
3441 1345 3664 1389 mortem

2073 1414 2386 1480 peccatoris,
2415 1415 2506 1468 sed
2537 1425 2590 1468 ut
2613 1417 2779 1486 magis
2810 1428 3140 1473 convertatur
3176 1428 3225 1474 et
3263 1434 3398 1478 vivat
3439 1422 3660 1495 \Eseclt.

2077 1501 2271 1575 xum)
2295 1503 2318 1554 ?
2339 1503 2402 1557 Et
2425 1504 2716 1574 Apostolus
2745 1506 2812 1561 de
2845 1506 2958 1576 ipso
2995 1507 3223 1564 Domino
3253 1510 3330 1565 ait
3359 1529 3374 1565 :
3399 1513 3518 1577 Qui
3557 1516 3660 1570 uult

2078 1607 2255 1650 omnes
2284 1593 2516 1650 homines
2539 1594 2707 1649 salvos
2731 1596 2873 1666 ﬁeri,
2904 1605 2953 1650 et
2982 1597 3052 1648 ad
3076 1599 3393 1666 agnitionem
3427 1603 3668 1656 veritatis

2001 1686 2053 1745 ,Β
2078 1683 2342 1752 pervenire
2388 1683 2459 1752 (I
2496 1680 2630 1737 Tim.
2677 1684 2771 1752 ιι).
2821 1684 3100 1751 Quomodo
3151 1687 3243 1741 hic
3284 1688 3487 1744 dicitur
3527 1691 3663 1744 velle

2075 1772 2341 1836 Occidere,
2368 1773 2458 1842 qui
2487 1775 2758 1830 neminem
2784 1775 2899 1830 vult
2922 1775 3256 1844 perire,.nisi
3281 1779 3409 1848 quia
3436 1781 3579 1847 vult,
3608 1794 3664 1836 ut

2076 1874 2368 1917 conversus
2388 1877 2417 1916 a
2447 1865 2692 1932 peccatis
2718 1864 2863 1924 vivat
2887 1881 2902 1929 ;
2933 1880 3058 1920 eum
3081 1876 3262 1922 autem
3303 1869 3396 1939 qui
3428 1886 3494 1925 -ιιι
3533 1887 3659 1942 pec-

2075 1953 2211 2007 catis
2254 1964 2584 2022 perseverat,
2631 1956 2779 2027 jnsto
2817 1956 3022 2027 judicio
3069 1959 3308 2014 damnat.
3349 1959 3490 2016 Ideo
3535 1978 3666 2032 ergo

2073 2041 2321 2098 Amasias
2376 2044 2599 2111 interiit,
2633 2048 2758 2117 quia
2812 2047 3118 2105 admonitus
3161 2065 3264 2119 per
3307 2056 3657 2124 prophetam,

2075 2140 2134 2188 ut
2179 2135 2404 2190 consilio
2439 2138 2771 2205 pmuitentize
2798 2139 3130 2210 vsibimetipsi
3163 2141 3510 2212 subveniret,
3555 2162 3666 2203 non

2073 2222 2331 2293 obedivit,
2358 2228 2465 2284 imo
2490 2229 2800 2302 inincmpto
2813 2231 3039 2300 scelere,
3065 2249 3236 2305 usque
3262 2237 3317 2292 in
3333 2239 3517 2295 linem
3539 2242 3660 2297 vita

2071 2317 2387 2384 permansit.

2143 2405 2315 2474 Igitur
2365 2408 2606 2464 Amasias
2642 2428 2733 2466 rex
2764 2411 2930 2481 Iuda,
2972 2416 3098 2470 inito
3138 2420 3364 2485 pessimo
3411 2424 3656 2489 consilio,

2072 2496 2209 2550 misit
2241 2498 2309 2551 ad
2329 2497 2459 2552 Joas
2497 2499 2667 2568 ﬁlium
2694 2499 2932 2558 loacltaz
2961 2504 3062 2574 ﬁlii
3087 2504 3226 2560 Iebu
3257 2524 3428 2578 regem
3459 2509 3655 2579 Israel,

2071 2587 2247 2644 dicens
2278 2603 2296 2640 .'
2340 2589 2480 2659 Veni,
2526 2595 2794 2651 videamus
2833 2614 2926 2653 nos
2968 2609 3171 2655 mutuo.
3218 2601 3286 2655 At
3326 2602 3415 2659 ille
3456 2608 3657 2662 remisit

2072 2680 2281 2734 nuntios
2309 2681 2486 2738 dicens
2517 2697 2534 2735 :
2562 2682 2805 2742 Carduus
2832 2690 2922 2758 qui
2947 2701 3020 2745 est
3057 2692 3110 2744 in
3142 2691 3338 2748 Libano
3386 2698 3536 2752 misit
3587 2698 3658 2750 ad

2070 2771 2282 2825 cedrum
2304 2771 2488 2828 Libani
2516 2775 2692 2832 dicens
2715 2794 2735 2833 .'
2760 2777 2845 2834 Da
2867 2780 3036 2849 ﬁliam
3064 2791 3210 2836 tuam
3237 2785 3350 2852 ﬁlio
3373 2803 3490 2842 meo
3522 2805 3656 2843 m—

2071 2877 2200 2916 rem.
2229 2862 2296 2917 Et
2323 2880 2438 2918 ecce
2469 2869 2644 2922 bestia
2672 2887 2789 2941 qua
2825 2881 2974 2926 erant
3009 2874 3064 2928 in
3104 2873 3235 2929 silva
3260 2875 3451 2931 Libani
3478 2890 3657 2936 trans-

2068 2954 2262 3018 ierunt,
2297 2965 2344 3010 et
2375 2958 2807 3016 conculcaverunt
2830 2963 3110 3018 .carduum.
3138 2965 3327 3021 Dixisti
3357 2981 3378 3019 :
3403 2966 3656 3026 Percussi

1995 3025 2039 3088 (ἶ
2074 3040 2263 3110 Edam,
2289 3055 2336 3098 et
2367 3045 2562 3100 idcirco
2587 3050 2808 3119 erigitur
2827 3067 2918 3106 cor
2936 3062 3085 3107 tuum
3114 3056 3169 3108 in
3192 3057 3512 3127 superbiam,

2067 3135 2124 3190 in
2147 3134 2300 3190 domo
2327 3146 2436 3203 tua,
2463 3155 2559 3193 cur
2587 3141 2785 3195 malum
2811 3142 3086 3199 adversum
3111 3155 3158 3198 te
3181 3163 3459 3216 provocas,
3485 3161 3546 3203 ut
3564 3167 3654 3206 ca-

2067 3225 2164 3280 das
2188 3236 2234 3280 et
2260 3237 2318 3280 tu
2340 3238 2387 3282 et
2409 3229 2555 3283 Juda
2575 3242 2763 3286 tecum.
2791 3233 2928 3300 Quid
2945 3250 3040 3305 per
3059 3235 3218 3290 istam
3237 3237 3654 3296 similitudinem

2067 3333 2165 3372 rex
2204 3319 2367 3374 lsrael
2397 3321 2639 3378 ’Amasize
2667 3324 2779 3394 rcgi
2810 3325 3016 3389 innuit,
3046 3327 3151 3384 nisi
3181 3329 3323 3397 quod
3357 3328 3499 3399 ipse,
3529 3331 3656 3388 licet

2067 3424 2097 3464 a
2141 3409 2408 3466 nobilibus
2444 3414 2776 3482 parentibus,
2815 3416 2919 3471 hoc
2947 3425 3031 3474 est
3075 3433 3106 3472 ιι
3139 3417 3306 3474 David
3332 3422 3486 3491 regia
3516 3421 3651 3477 fuis-

2066 3505 2150 3552 set
2167 3499 2332 3568 stirpe
2354 3509 2531 3566 natus,
2557 3509 2734 3557 tamen
2752 3515 2970 3576 prepter
2991 3507 3307 3564 idololatriae
3325 3506 3649 3575 fmditatem,

2066 3590 2302 3660 degener
2339 3602 2395 3646 et
2427 3593 2548 3649 vilis
2582 3593 2826 3661 eﬁ‘ectus,
2869 3599 3145 3668 propriam
3192 3614 3510 3656 mensuram
3541 3618 3649 3658 non

2065 3685 2451 3751 consideravit,
2483 3687 2580 3742 sed
2605 3688 2811 3759 majora
2844 3689 2985 3744 ultra
3014 3691 3233 3748 modum
3255 3706 3356 3762 per
3379 3696 3654 3763 uperbia:

2064 3776 2266 3836 fastum
2292 3787 2571 3848 appetens,
2605 3781 2895 3836 mediocria
2924 3797 3046 3852 quae
3069 3784 3113 3839 si
3142 3783 3332 3850 vellet,
3361 3790 3654 3842 comnode

2064 3877 2249 3927 tenere
2272 3879 2476 3940 posset,
2503 3873 2754 3942 perdidit.
2771 3872 2924 3930 Unde
2946 3883 3001 3929 et
3023 3873 3210 3945 Esopi
3235 3874 3428 3937 fabulae
3450 3892 3653 3946 gracu-

2062 3961 2198 4028 lum,
2220 3963 2310 4032 qui
2327 3964 2548 4034 pavonis
2562 3978 2768 4034 pennas
2787 3964 2888 4020 sibi
2915 3980 3175 4034 usurpare
3186 3967 3255 4021 ad
3279 3975 3538 4022 ornatum
3551 3984 3653 4037 per

2063 4053 2306 4122 rapinam
2333 4054 2607 4121 voluerat,
2643 4057 2870 4112 aliarum
2907 4056 3085 4112 avium
3124 4057 3478 4125 laceratione,
3517 4075 3651 4129 pro-

2063 4148 2181 4218 prio
2228 4145 2424 4201 decore
2464 4154 2685 4210 exutum
2733 4155 2974 4204 narrant.
3021 4147 3206 4219 Neque
3248 4150 3393 4205 enim
3441 4150 3652 4205 bonum

2062 4244 2146 4292 est
2175 4235 2334 4294 alieni
2357 4236 2575 4304 propria
2600 4236 2739 4292 bona
2767 4236 3060 4308 negligere,
3095 4247 3150 4293 et
3171 4238 3348 4295 aliena
3375 4256 3478 4311 per
3495 4240 3654 4296 frau-

2063 4325 2187 4390 dem
2217 4334 2380 4396 atque
2417 4325 2701 4382 avaritiam
2727 4328 2953 4388 ambire.

2135 4413 2378 4469 Ascendit
2407 4431 2528 4486 ergo
2555 4415 2686 4472 Joas
2711 4433 2802 4470 res
2834 4416 3020 4482 Israel,
3050 4427 3096 4473 et
3134 4429 3341 4474 mutuos
3374 4421 3479 4476 sibi
3499 4438 3650 4492 prce.

2064 4505 2218 4560 buere
2253 4515 2577 4576 conspectus.
2622 4507 2864 4564 Amasias
2906 4519 3081 4564 autem
3119 4527 3212 4565 rea:
3243 4510 3390 4566 Juda
3429 4523 3544 4567 erat
3593 4515 3650 4568 in

2061 4595 2363 4651 Bethsames
2399 4597 2565 4652 Iuda.
2601 4596 2912 4669 Corruitque
2939 4599 3111 4656 ludas
3140 4617 3317 4655 coram
3349 4600 3524 4658 Israel
3543 4643 3565 4668 ,
3597 4614 3648 4658 et

2061 4685 2195 4756 fugit
2224 4687 2279 4740 in
2298 4687 2632 4742 tabernacula
2653 4705 2772 4744 sua.
2799 4689 2968 4745 Porro
2987 4689 3255 4746 Amasiarn
3273 4707 3442 4761 regem
3464 4691 3646 4758 Iuda,

2060 4775 2230 4844 ﬁlium
2269 4775 2402 4830 Joas
2435 4776 2535 4846 ﬁlii
2585 4775 2841 4842 Joachas,
2881 4780 3014 4850 cepit
3047 4780 3176 4835 Joas
3217 4797 3308 4846 rea:
3355 4779 3531 4835 Israel
3589 4783 3647 4838 in

2062 4865 2383 4931 Bethsautes,
2407 4877 2455 4920 et
2477 4867 2695 4921 adduxit
2711 4869 2767 4922 in
2785 4867 3078 4924 Jerusalem
3093 4869 3493 4940 ;de.stru:citque
3517 4887 3646 4926 mu-

2064 4975 2181 5014 rum
2215 4959 2360 5031 ejus,
2402 4976 2438 5013 α
2473 4967 2624 5029 porta
2659 4958 2914 5028 Epitraim
2960 4977 3123 5031 usque
3175 4961 3248 5015 ad
3297 4973 3507 5033 partem
3541 4981 3646 5018 an-

2061 5048 2172 5117 guli
2221 5049 2610 5120 quadringentis
2649 5049 2854 5105 cubitis.
2899 5048 3066 5118 Ontne
3097 5068 3298 5122 quoque
3327 5070 3546 5120 aurum,
3591 5067 3642 5110 ct

2063 5149 2353 5210 argentum,
2400 5151 2447 5194 et
2487 5141 2740 5202 murena.
2761 5159 2882 5197 vasa
2929 5160 3045 5213 qua:
3084 5154 3343 5216 repetet-at
3381 5144 3437 5198 in
3479 5145 3654 5199 deum

2064 5229 2298 5296 Domini,
2321 5241 2369 5284 et
2390 5231 2529 5300 apud
2553 5230 2866 5296 Obededom,
2894 5235 2949 5286 in
2976 5235 3234 5290 thesauris
3257 5249 3418 5288 aiam
3442 5234 3642 5289 domus

2063 5322 2216 5391 regia:
2241 5321 2474 5388 abstulit,
2508 5331 2612 5377 etc.
2645 5323 2961 5380 Batbsames
2981 5325 3175 5382 civitas
3203 5335 3288 5379 est
3315 5326 3636 5380 sacerdota-

2061 5413 2200 5480 lisin
2230 5415 2370 5468 tribu
2400 5415 2698 5484 Beniamin.
2730 5432 2849 5485 tunc
2887 5432 3055 5487 nume
3100 5417 3256 5473 hodie
3295 5415 3643 5472 demonstra.

2059 5516 2150 5560 tur
2193 5503 2262 5559 de
2303 5503 2698 5574 Eleutlieropoli
2740 5522 2836 5574 per
2880 5505 3285 5577 Gennlcopolim
3336 5505 3391 5562 in
3419 5504 3642 5559 decimo

2060 5597 2309 5653 milliaria
2361 5604 2544 5649 contra
2595 5594 2921 5652 Orientalcm
2969 5599 3215 5669 pingant,
3271 5599 3359 5654 ubi
3413 5613 3641 5667 quoque
