3870 6146
92 233 178 289 ωε)
1001 226 1350 284 COMMENT.
1390 226 1456 282 IN
1494 223 1631 280 PAR

1735 223 2041 281 lPOMENA.
2075 258 2145 268 —
2181 227 2307 283 [ΑΒ.
2349 227 2434 283 ιν.

3216 238 3321 294 520

91 349 323 400 Amastas
370 347 428 397 et
474 338 604 395 Joas
651 347 838 395 mutuo
895 348 1082 394 contra
1142 353 1201 393 se
1237 338 1645 394 dimicaverunt.
1676 339 1726 398 Α
1754 343 1874 390 rant
1923 329 2132 390 Hebrzei
2159 328 2330 391 lilium
2370 352 2488 392 esse
2513 337 2790 396 Zachariae
2827 340 2921 396 lilii
2957 340 3181 410 Joiadze,
3229 347 3321 415 qui

94 434 258 489 Altera
303 435 484 486 autem
524 438 608 485 est
649 429 968 484 Bethsames
999 429 1052 484 in
1085 430 1225 484 tribu
1259 427 1541 498 Nephthali
1583 427 1652 482 ad

96 539 297 595 regnum
337 523 526 577 decem
558 522 797 576 tribuum
824 521 878 574 in
909 518 1152 574 Samaria
1173 519 1470 589 pertinens.
1498 517 1652 584 Quod

93 627 253 671 autem
294 615 346 668 in
395 612 601 684 Regum
652 614 850 668 dicitur
892 613 1208 667 Bethsames
1236 611 1487 680 oppidum
1532 625 1650 665 esse

91 708 243 771 ludar,
275 705 546 777 significat
574 706 719 776 quod
751 705 819 759 ad
850 719 1070 775 regnum
1099 702 1269 766 Judze,
1311 704 1413 757 hoc
1435 710 1537 761 est.
1581 703 1648 756 ad

95 799 209 852 duas
237 796 410 850 tribus
441 795 641 864 quibus
677 795 866 850 domus
894 793 1064 849 David
1106 796 1384 865 regnabat,
1420 794 1650 863 pertine-

93 889 171 944 bat
199 907 212 942 :
243 897 499 943 ceterum
527 886 821 942 secundum
850 885 1089 940 locorum
1114 885 1274 940 situm
1296 884 1415 995 ,(ad
1444 895 1646 938 sortem

418 976 691 995 ,ιφ-,ε-
776 975 904 995 mu,
1183 976 1317 995 ,μμ
1365 974 1640 995 o-_.__.____

93 978 376 1049 pertinebat
418 976 719 1046 Benjamin.
775 975 907 1029 Illud
955 983 1134 1030 autem
1177 974 1340 1044 quod"
1365 974 1647 1042 Scriptura

97 1068 266 1133 refert,
297 1063 426 1121 Joas
459 1065 648 1120 tulisse
678 1064 960 1119 thesauros
989 1079 1124 1132 quos
1153 1073 1362 1132 repent
1400 1063 1452 1116 in
1486 1063 1644 1116 domo

96 1160 194 1225 Dei,
230 1169 282 1215 et
324 1158 468 1229 apud
496 1157 822 1222 Obededom,
871 1155 1107 1210 ostendit
1154 1170 1278 1210 eum
1323 1168 1429 1208 non
1474 1153 1644 1206 solum

95 1250 171 1304 illa
195 1264 319 1304 vasa
354 1248 559 1311 tulisse,
600 1263 719 1317 qua:
764 1247 819 1300 in
870 1247 1028 1301 domo
1074 1246 1165 1300 Dei
1206 1246 1426 1314 reperit,
1459 1244 1551 1298 sed
1591 1253 1648 1298 et

96 1341 173 1395 illa
207 1357 323 1410 quae
367 1341 508 1410 apud
545 1339 810 1408 janitores
857 1347 911 1394 et
943 1341 1193 1394 custodes
1232 1339 1428 1408 templi
1465 1353 1646 1392 serva-

93 1432 284 1486 bantur.
351 1430 412 1486 In
465 1431 646 1500 priore
708 1429 846 1485 libro
902 1436 1157 1483 narratur
1208 1429 1349 1499 quod
1405 1429 1472 1483 de
1519 1429 1645 1483 filiis

91 1521 372 1577 Obcdedom
407 1521 712 1592 per‘David
750 1520 982 1576 fuissent
1019 1520 1173 1575 electi
1223 1521 1499 1591 sexaginta
1537 1521 1643 1575 duo

89 1614 173 1666 viri
194 1614 252 1667 ad
283 1612 702 1667 ministrandum
730 1613 781 1666 in
808 1613 968 1667 domo
995 1611 1086 1666 Dei
1117 1652 1132 1677 ,
1171 1619 1225 1666 et
1251 1612 1319 1665 ad
1340 1613 1639 1666 custodiam

90 1704 272 1773 templi.
440 1686 465 1706 ‘

142 1793 349 1864 Reliqua
382 1809 502 1848 vero
535 1809 832 1848 sermonum
857 1793 1086 1848 Amasiw
1111 1796 1345 1864 priorum
1373 1802 1419 1847 et
1460 1792 1636 1846 noris-

87 1885 308 1938 simorum
336 1885 532 1953 scripta
568 1895 686 1938 sunt
718 1886 773 1937 in
809 1884 940 1938 libro
971 1899 1149 1954 regum
1178 1883 1215 1936 Ι
1221 1884 1326 1936 uda
1361 1893 1409 1937 et
1442 1881 1633 1936 Israel.

88 1977 175 2044 Qui
191 1989 460 2049 postquam
484 1978 686 2032 recessit
701 1996 734 2031 a
755 1977 978 2031 Domino
1000 1977 1322 2031 tetenderunt
1347 1976 1396 2030 ei
1417 1972 1636 2029 insidias

85 2070 130 2122 in
149 2067 452 2122 Jerusalem.
491 2067 720 2138 Cumque
754 2067 966 2138 fugisset
992 2068 1047 2121 in
1075 2066 1287 2132 Lachis,
1311 2067 1560 2120 miserunt
1587 2075 1635 2118 et

84 2159 425 2228 interfecerunt
453 2175 572 2212 eum
600 2157 691 2222 ibi,
719 2163 1136 2226 reportantesque
1162 2173 1318 2225 super
1337 2172 1516 2226 equos,
1548 2170 1634 2208 se-

83 2248 308 2316 pelierunt
341 2265 460 2302 eum
506 2264 623 2302 cum
675 2248 908 2318 patribus
946 2248 1056 2302 suis
1102 2248 1158 2302 in
1199 2248 1407 2301 civitate
1439 2245 1630 2309 David,

85 2347 171 2392 etc.
205 2338 370 2393 Recte
397 2339 602 2394 dictum
633 2347 717 2394 est
748 2339 890 2408 quod
919 2353 983 2394 ex
1030 2354 1096 2394 eo
1140 2347 1380 2409 tempore
1406 2353 1512 2407 quo
1551 2352 1634 2392 re-

85 2426 223 2480 cessit
259 2427 511 2483 Amasias
539 2443 570 2481 a
611 2427 868 2493 Domino,
911 2427 1270 2483 insurrexerit
1309 2442 1471 2496 super
1509 2441 1631 2480 eum

84 2514 358 2584 conjuratio
403 2517 460 2571 in
501 2516 820 2581 Jerusalem,
868 2518 993 2586 quia
1043 2534 1111 2573 ex
1158 2533 1224 2573 eo
1259 2526 1497 2588 tempore
1525 2533 1632 2587 quo

83 2607 327 2674 prophetae
345 2606 632 2662 consilium
663 2623 767 2662 non
795 2609 1018 2674 audivit,
1050 2623 1224 2677 neque
1247 2609 1314 2662 ad
1345 2608 1631 2663 Dominum

84 2697 294 2752 converti
323 2698 515 2765 voluit,
547 2700 867 2769 preparatio
897 2698 1288 2767 coniurationis
1319 2699 1462 2755 illius
1490 2699 1631 2753 facta

83 2797 171 2854 est;
205 2797 260 2843 et
295 2798 523 2846 eatenus
561 2790 746 2857 dilata,
797 2791 968 2846 donec
997 2791 1064 2846 ad
1109 2792 1629 2847 consummationem

81 2880 380 2947 perveniret.
426 2879 865 2952 Reportantesque
910 2898 1068 2952 super
1115 2898 1273 2952 equos
1319 2881 1630 2952 sepelierunt

81 2989 193 3029 aut.
225 2975 342 3032 Non
368 2976 517 3032 enim
543 2977 662 3032 sine
690 2992 854 3032 causa
886 2975 1167 3046 Scriptura
1195 2976 1328 3033 dicit
1348 2991 1468 3030 eum
1496 2992 1626 3046 por-

81 3075 224 3121 tatum
258 3083 426 3140 super
463 3081 653 3138 equos,
695 3069 821 3137 quia
860 3068 990 3123 deos
1033 3067 1236 3130 Edom,
1273 3067 1364 3137 qui
1395 3067 1447 3121 in
1475 3068 1629 3138 equis

79 3160 427 3228 portabantur,
481 3159 810 3216 adoraverit.
861 3159 930 3215 Et
970 3159 1176 3214 idcirco
1221 3162 1329 3213 no'n
1360 3167 1629 3229 portatum

79 3265 216 3322 super
239 3255 529 3309 humerum
557 3253 861 3318 hominum,
893 3251 1018 3323 quia
1053 3251 1331 3322 negligens
1361 3259 1481 3306 erat
1509 3265 1627 3306 ser-

77 3341 172 3395 vire
215 3343 323 3398 Deo
368 3342 559 3410 Israel,
606 3343 759 3413 cujus
811 3343 1112 3398 ministeria
1164 3357 1327 3412 super
1376 3343 1630 3400 humeros

76 3428 418 3488 Caathitarnm
445 3433 650 3504 portari
681 3432 835 3501 jussa
892 3443 1017 3488 sunt
1053 3431 1244 3505 (Nam.
1286 3432 1382 3506 tv).

607 3539 836 3600 CAPUT
880 3543 1066 3599 XXVI.

81 3629 286 3705 De
316 3649 458 3704 rege,
482 3644 531 3705 et
575 3636 862 3688 temeritate
905 3637 1021 3704 eius
1039 3675 1054 3700 ,
1083 3652 1186 3705 qua
1217 3635 1516 3705 sacriﬁcare
1539 3652 1629 3691 vo-

133 3702 217 3782 luit
263 3703 317 3757 in
357 3702 550 3774 tamplo
579 3718 599 3758 .'
626 3705 764 3759 unde
793 3721 890 3776 pro
934 3702 1179 3760 uindicta
1230 3702 1375 3777 lepra
1425 3707 1479 3760 in
1507 3722 1628 3762 eum

135 3787 277 3826 παιδία
307 3783 406 3828 εει.
447 3815 450 3820 -

131 3881 189 3951 (ll
214 3882 348 3939 Pu.
379 3883 556 3957 xm.)
587 3884 825 3942 Sedecint
857 3903 1115 3942 annorum
1147 3895 1261 3942 erat
1313 3887 1474 3943 Ozias
1508 3905 1627 3942 cum

75 3983 264 4039 regnare
275 3973 533 4043 cepisset,
547 3983 596 4028 et
613 3975 991 4046 quinquaginta
1005 3976 1208 4031 duobus
1221 3977 1377 4031 annis
1398 3977 1628 4046 regnavit

70 4059 117 4113 in
143 4061 466 4130 Jmsalem;
494 4081 681 4120 nomen
707 4067 892 4120 matris
921 4066 1037 4136 ejus
1061 4066 1296 4123 Jecltelia
1327 4067 1390 4121 .le
1408 4065 1627 4122 Jerusa-

69 4147 173 4204 lem.
196 4150 441 4224 Fecitque
484 4152 624 4224 quod
665 4163 776 4208 erat
827 4164 1024 4209 rectum
1066 4157 1123 4210 in
1173 4156 1340 4211 oculis
1385 4155 1624 4222 Domini,

61 4239 200 4307 juxta
227 4241 406 4296 omnia
437 4258 557 4313 qua
591 4242 784 4311 fecerat
821 4244 1066 4299 Amasias
1092 4253 1244 4315 pater
1275 4247 1413 4317 ejus,
1448 4256 1497 4300 et
1531 4264 1625 4301 ea:-

69 4331 254 4396 quisirit
283 4329 574 4385 Dominum
602 4331 658 4386 in
689 4332 872 4387 diebus
904 4331 1181 4390 lacuaria:
1207 4336 1540 4407 intelligentis
1576 4346 1626 4391 et

65 4421 264 4477 ridentis
313 4422 508 4477 Deum.
560 4420 725 4480 Ozias
760 4425 851 4480 hic
878 4425 1164 4496 dionymus
1187 4437 1323 4494 erat,
1370 4430 1496 4499 quia
1526 4428 1620 4499 qui
1654 4420 1703 4484 ν,

68 4510 113 4563 in
139 4511 580 4582 Paralipomenon
609 4512 791 4580 Ozias,
830 4515 972 4571 idem
1000 4518 1058 4572 in
1085 4515 1287 4587 Regum
1312 4519 1623 4574 nominatur

64 4602 268 4659 Azarias
319 4601 427 4680 (IV
473 4601 602 4676 Reg.
654 4605 787 4679 xv).
843 4605 1004 4663 Ozias
1047 4607 1193 4664 enim
1236 4609 1622 4679 interpretatur

63 4696 203 4752 virtus
225 4698 467 4764 Domini,
499 4706 556 4753 et
574 4697 800 4753 Azarias
827 4697 1088 4752 auxilium
1119 4697 1365 4765 Domini;
1388 4708 1443 4755 et
1471 4709 1619 4756 recte

62 4783 212 4842 virtus
255 4784 475 4841 Domini
504 4785 590 4840 vel
630 4785 892 4840 auxilium
932 4784 1145 4841 Domini
1189 4795 1444 4852 vocatur,
1493 4789 1616 4857 quia

60 4875 278 4941 quandiu
296 4884 446 4930 recta
467 4875 595 4946 egit,
621 4875 799 4930 divina
825 4890 927 4946 ope
954 4873 1191 4943 adjutus,
1220 4875 1450 4950 plurima
1473 4893 1622 4932 com-

57 4966 184 5022 misit
238 4967 478 5022 feliciter
519 4965 678 5030 bella,
732 4976 786 5021 et
811 4967 1010 5036 ubique
1035 4966 1103 5022 de
1147 4967 1392 5023 hostibus
1421 4968 1616 5022 trium-

53 5057 256 5126 phavit;
285 5058 386 5114 sed
406 5066 693 5134 postquam
717 5071 816 5127 per
839 5057 1143 5126 superbiam
1166 5057 1350 5112 illicita
1371 5058 1616 5121 tentavit,

51 5145 184 5216 lepra
208 5162 536 5219 percussus,
571 5155 629 5201 et
658 5147 894 5200 nominis
917 5155 972 5201 et
998 5146 1221 5202 honoris
1245 5146 1405 5202 simul
1433 5147 1615 5203 lusca-

51 5240 115 5292 vit
144 5241 494 5314 dignitatem,
531 5240 658 5310 quia
688 5238 935 5308 lcprosus
980 5237 1173 5304 factus,
1215 5245 1272 5292 et
1303 5237 1552 5294 exclusus
1585 5253 1615 5291 a

49 5333 227 5402 populo
248 5373 266 5399 ,
317 5346 566 5387 seorsum
599 5330 655 5385 in
695 5331 856 5385 domo
894 5338 1144 5398 separata
1172 5344 1343 5398 usque
1371 5328 1437 5383 ad
1474 5327 1615 5382 diem

50 5425 223 5482 mrtis
263 5440 385 5482 sua:
440 5423 724 5479 habitavit.
781 5422 934 5490 Quod
982 5431 1160 5476 autem
1205 5420 1435 5486 dicitur,
1474 5420 1616 5488 quoi

51 5513 188 5572 Ozias
217 5516 556 5587 exquisierit
602 5505 886 5570 Dominum
926 5514 980 5568 in
1021 5513 1199 5568 diebus
1233 5511 1509 5567 Zachariae
1535 5512 1620 5566 in-

52 5609 310 5682 ub’iqsntis
338 5619 383 5662 et
407 5609 626 5664 ridentis
656 5607 960 5670 Dominum,
981 5606 1123 5662 hunc
1149 5604 1466 5660 Zachariam
1486 5619 1614 5657 nar—

1751 435 1874 496 post
1911 437 2137 483 mortem
2166 429 2336 496 patris
2371 439 2529 485 natus
2575 442 2659 486 est
2700 434 3035 502 posthumus,
3072 436 3141 490 ob
3178 438 3318 506 quod

1751 526 1806 572 et
1835 532 2028 572 nomen
2072 519 2242 588 patris
2273 521 2494 575 sortitus
2525 528 2625 575 est.
2671 521 2976 594 Intelligcns
3005 526 3147 578 enim
3195 540 3321 594 pro-

1750 619 1870 678 pter
1889 610 2244 666 sacerdotium
2265 620 2603 681 nuncupatus
2620 620 2725 676 est,
2741 613 2930 668 videns
2954 630 3078 668 vero
3099 627 3315 685 propter

1750 702 2106 770 prophetiam.

1819 794 2047 865 Cumque
2068 799 2346 868 requireret
2371 796 2671 862 Dominum,
2702 800 2890 853 direxit
2924 817 3041 854 eum
3068 802 3121 853 in
3144 802 3308 854 omni-

1749 889 1862 942 bus.
1906 888 2135 958 Denique
2176 906 2408 960 egressus
2450 900 2542 951 est,
2583 902 2630 942 et
2669 893 2915 959 pugnavit
2963 900 3142 944 contra
3187 889 3320 944 Phi-

1746 977 1982 1042 lislhiim,
2011 989 2058 1032 et
2085 981 2348 1033 dextruxit
2375 996 2583 1032 murum
2617 977 2766 1043 Cetlt,
2793 991 2840 1033 et
2872 999 3079 1034 murum
3109 981 3315 1035 Jabnia:

1745 1085 2053 1137 murumque
2081 1070 2250 1123 Azeti.
2283 1069 2690 1138 .Ediﬁcaritque
2728 1071 2916 1139 oppida
2947 1071 3000 1122 in
3032 1070 3193 1124 Azoto
3213 1111 3226 1134 ,
3265 1080 3314 1124 et

1744 1161 1799 1214 in
1819 1159 2156 1222 Philisthiim,
2179 1172 2225 1214 et
2239 1161 2438 1231 adjuvit
2463 1178 2578 1214 eum
2606 1161 2739 1216 Deus
2764 1172 2942 1216 contra
2968 1155 3309 1227 Philisthiim,

1743 1259 1790 1304 et
1834 1261 2016 1304 contra
2063 1252 2258 1304 Arabes
2292 1253 2381 1321 qui
2415 1252 2650 1306 habitant
2689 1253 2744 1305 in
2778 1251 3031 1306 Curbaal.
3075 1252 3308 1307 Gurbaal

1745 1343 1916 1410 ipsum
1945 1343 2130 1396 dicunt
2155 1357 2275 1396 esse
2311 1342 2483 1395 locum
2524 1344 2613 1412 qui
2658 1343 2709 1396 in
2739 1341 2932 1397 Genesi
2971 1353 3192 1397 vocatus
3228 1351 3312 1398 est

1743 1431 1966 1496 Gerara,
2001 1432 2092 1486 ubi
2113 1431 2212 1486 fuit
2238 1428 2543 1487 Abimelcch
2572 1449 2685 1496 rex,
2720 1434 2838 1490 etin
2865 1449 2967 1503 qua
2999 1437 3309 1504 peregrina-

1746 1529 1831 1576 tus
1858 1531 1942 1577 est
1965 1521 2232 1576 Abraham
2259 1537 2383 1576 cum
2420 1538 2586 1577 uxore
2611 1538 2706 1577 sua
2748 1523 2915 1589 Sara,
2947 1524 3087 1579 sicut
3115 1524 3166 1578 in
3206 1522 3311 1579 Ge-

1744 1613 1858 1666 nesi
1885 1611 2098 1681 legitur.
2297 1611 2302 1620 '
2432 1619 2434 1623 '

1664 1681 1712 1739 B
1811 1701 2220 1772 xEdiﬁcavitque
2252 1702 2408 1756 Osias
2429 1711 2596 1757 turres
2617 1705 2670 1757 in
2701 1703 2994 1758 Jerusalem
3021 1723 3175 1775 super
3195 1723 3310 1775 por-

1738 1799 1846 1846 tam
1873 1793 2090 1863 anguli,
2123 1804 2170 1847 et
2197 1791 2354 1863 super
2377 1803 2578 1864 portam
2601 1795 2770 1860 vallis,
2807 1805 2854 1849 et
2883 1796 3105 1866 reliquas
3127 1797 3179 1850 in
3214 1814 3304 1850 eo-

1735 1887 1852 1940 dem
1882 1887 2019 1940 muri
2061 1887 2248 1951 latere,
2280 1887 2604 1958 ﬁrmauitque
2629 1906 2736 1952 eas,
2775 1897 2880 1943 etc.
2917 1889 3131 1944 Portam
3161 1892 3304 1945 enim

1735 1977 1989 2048 Ephraim
2025 1993 2185 2046 quam
2211 1978 2537 2032 destructam
2573 1986 2698 2032 ante
2725 1977 2905 2032 retulit
2935 1965 3030 2047 per
3064 1962 3189 2054 Jnas
3221 1994 3307 2032 re-

1734 2081 1853 2138 gem
1883 2067 2048 2122 Israel
2066 2108 2080 2132 ,
2113 2083 2256 2121 nunc
2281 2083 2377 2136 per
2404 2076 2612 2137 portam
2641 2067 2795 2121 vallis
2824 2069 3080 2122 nominat.
3123 2064 3304 2123 Noluit

1733 2160 1878 2212 enim
1917 2159 2147 2226 scriptor
2181 2156 2420 2211 historiae
2447 2156 2572 2209 illud
2609 2172 2801 2210 nomen
2832 2171 3032 2226 ponere
3061 2157 3114 2210 in
3139 2156 3308 2209 rediti-

1732 2249 1925 2312 cando,
1970 2247 2112 2316 quod
2151 2247 2329 2316 posuit
2366 2247 2421 2300 in
2458 2245 2802 2300 destruendo.
2849 2245 2956 2300 Nec
3007 2247 3301 2312 immerito,

1733 2337 1859 2408 quia
1885 2336 2140 2406 Ephraim
2170 2350 2238 2389 eo
2262 2341 2504 2403 tempore
2531 2333 2688 2388 idolis
2729 2335 3042 2389 immolabat
3059 2323 3154 2396 ,iet
3180 2351 3306 2404 par-

1733 2428 1904 2498 ticeps
1923 2427 2050 2482 JOas
2074 2424 2218 2494 regis
2237 2425 2318 2480 sui
2342 2425 2396 2479 in
2422 2424 2785 2479 destructione
2811 2433 2981 2495 porta:
3002 2423 3302 2480 Jerusalem

1732 2517 1948 2583 fuerat;
1991 2517 2046 2571 in
2075 2515 2430 2571 aediﬁcatione
2466 2516 2632 2584 ipsius
2660 2515 2876 2586 proprio
2905 2516 3166 2571 vocabulo
3203 2531 3303 2571 suo

1731 2619 1792 2664 ut
1818 2609 2190 2663 nominaretur
2230 2622 2338 2661 non
2369 2606 2594 2668 meruit,
2641 2608 2735 2661 sed
2761 2607 2977 2661 nomine
3017 2607 3171 2661 vallis
3211 2624 3307 2662 no—

1732 2698 1934 2752 minata
1984 2705 2088 2760 cst,
2123 2705 2344 2766 propter
2371 2695 2608 2749 auctoris
2643 2695 2725 2748 sui
2773 2695 3197 2750 humiliationem
3241 2711 3306 2751 ac

1732 2791 2011 2845 vilitatem.
2050 2788 2288 2843 Meminit
2313 2794 2368 2841 et
2386 2786 2582 2840 Esdras
2607 2785 2765 2854 hujus
2789 2794 2979 2853 portas,
3012 2787 3064 2839 in
3095 2795 3305 2840 restau-

1733 2880 1942 2935 ratione
1981 2878 2134 2933 urbis
2156 2883 2280 2946 post
2311 2876 2538 2930 reditum
2575 2873 3301 2945 captivitatis-Babylonica,

1735 2970 1823 3025 ubi
1850 2969 1983 3024 dicit
2013 2985 2026 3022 :
2061 2967 2130 3020 Et
2153 2975 2356 3037 portam
2387 2964 2537 3019 vallis
2562 2965 2836 3034 aediﬁcavit
2869 2963 3088 3031 Hanun,
3127 2977 3172 3019 et
3206 2967 3302 3020 lto-

1733 3060 1976 3114 bitatores
2019 3057 2197 3112 Zanoe
2235 3055 2319 3128 (Il
2365 3053 2496 3112 Esd.
2535 3055 2639 3126 ιιι).
2681 3053 2895 3111 Scimus
2931 3055 3120 3110 vallem
3151 3055 3304 3111 J'usa-

1729 3152 1884 3220 phat,
1914 3165 2034 3219 qua:
2068 3157 2123 3204 et
2147 3146 2443 3204 Gehennon
2460 3187 2475 3211 ,
2505 3147 2609 3201 hoe
2631 3153 2714 3200 est
2737 3144 2891 3200 vallis
2916 3145 3125 3211 Ennon,
3151 3149 3301 3202 dice-

1730 3247 1927 3311 batur,
1957 3243 2026 3299 ad
2051 3241 2380 3300 Orientalem
2422 3241 2634 3312 plagam
2663 3253 2784 3294 esse
2812 3239 3044 3298 civitatis
3083 3237 3302 3294 Jerusa-

1728 3338 1864 3404 lem,
1893 3353 1992 3408 per
2014 3351 2178 3406 quam
2218 3345 2430 3390 torrens
2457 3333 2696 3396 Gedron,
2729 3331 2882 3402 cujus
2917 3331 2972 3384 in
3013 3329 3303 3401 Evangelia

1731 3429 1791 3486 lit
1823 3428 2058 3500 mentio,
2099 3427 2145 3482 si
2178 3425 2393 3497 quando
2431 3424 2735 3494 pluviarum
2763 3422 2849 3477 vel
2877 3422 3101 3476 nimium
3131 3436 3302 3492 aquas

1729 3518 1941 3588 recipit,
1972 3534 2001 3572 a
2026 3514 2428 3587 septentrionali
2449 3514 2502 3569 in
2528 3511 2834 3568 Australem
2857 3511 3041 3576 deﬂuit
3062 3509 3294 3581 plagam.

1730 3608 1837 3664 Sed
1884 3616 1942 3664 et
1989 3609 2044 3662 in
2081 3605 2413 3681 Occidentali
2453 3609 2607 3674 parte
2652 3601 2770 3671 ejus
2809 3602 3064 3666 civitatis,
3107 3601 3300 3654 vallem

1727 3695 1904 3754 Gihon
1931 3695 2181 3767 legimus,
2215 3695 2429 3751 dicente
2454 3693 2594 3748 libro
2617 3691 3065 3760 Paralipomenon
3096 3689 3162 3744 de
3191 3689 3302 3742 Ma-

1728 3807 1887 3849 nasse
1925 3802 2054 3861 rege
2080 3789 2216 3846 Juda
2245 3807 2260 3842 :
2292 3785 2420 3854 Post
2447 3788 2582 3841 hanc
2607 3784 2884 3853 a'diﬁcauit
2921 3799 3128 3836 murum
3150 3792 3298 3835 extra

1726 3887 1987 3941 ciuitatem
2017 3881 2187 3936 Dauid
2225 3879 2295 3934 ad
2343 3878 2655 3932 occidentem
2692 3876 2746 3929 in
2792 3874 3022 3928 convalle
3050 3871 3132 3943 (II
3164 3870 3294 3926 Par.

1727 3973 1942 4045 sunt).
1981 3971 2157 4027 Gihon
2184 3973 2364 4024 autem
2389 3977 2470 4022 est
2497 3979 2692 4021 nomen
2723 3963 2888 4019 fontis
2915 3964 3004 4018 ubi
3031 3970 3116 4016 est
3144 3961 3299 4017 Salo-

1727 4081 1855 4122 mon
1897 4069 2094 4118 unctus
2143 4059 2200 4114 in
2241 4072 2418 4130 regem
2464 4055 2609 4112 foras
2657 4055 2950 4110 civitatem.
3002 4051 3128 4107 Sive
3169 4067 3298 4122 ergo

1727 4158 1887 4221 hanc,
1911 4155 2026 4208 sive
2055 4151 2228 4214 illam,
2261 4149 2375 4204 sive
2409 4146 2571 4202 aliam
2595 4144 2891 4214 quamlibet
2916 4142 3156 4214 ejusdem
3185 4142 3300 4195 val-

1726 4247 1830 4302 lem
1865 4244 2068 4300 Esdras
2092 4242 2199 4297 hoc
2227 4241 2344 4296 loco
2366 4235 2653 4310 signiticet,
2685 4241 2833 4304 patet
2870 4240 3294 4298 sacramentum,

1728 4337 1854 4407 quia
1885 4342 2042 4404 porta
2076 4331 2231 4388 vallis
2273 4329 2571 4385 aediﬁcatur
2599 4326 2653 4380 in
2691 4323 2990 4380 Jerusalem
3014 4364 3028 4386 ,
3061 4339 3184 4378 cum
3214 4323 3300 4378 vel

1728 4427 1949 4484 imbutis
1991 4437 2165 4494 nuper
2201 4420 2390 4477 notitia
2427 4416 2612 4472 divina
2654 4414 2777 4471 ﬁdei
2816 4424 2872 4470 et
2907 4414 3169 4477 veritatis,
3211 4413 3300 4469 vel

1730 4514 1996 4585 reparatis
2032 4514 2087 4567 in
2128 4509 2377 4565 castitate
2402 4505 2527 4562 lidei
2553 4543 2568 4570 ,
2616 4504 2702 4560 his
2738 4501 2830 4573 qui
2859 4503 3298 4557 aberraveranta

1729 4606 2040 4666 doctoribus
2094 4601 2340 4658 veritatis
2365 4639 2379 4664 ,
2427 4599 2568 4654 inter
2605 4596 2711 4651 alia
2752 4595 2928 4650 virtus
2980 4594 3298 4650 humilitatis

1726 4696 2057 4755 observanda
2084 4691 2394 4766 praecipitur
2413 4730 2428 4756 ,
2465 4705 2562 4761 per
2585 4703 2746 4758 quam
2775 4686 2977 4756 majore
3000 4685 3095 4740 Dei
3122 4687 3297 4757 gratia

1727 4785 2008 4844 sublimari
2057 4789 2386 4845 mereantur,
2443 4780 2656 4836 dicente
2715 4784 2899 4834 saneta
2964 4775 3292 4845 Scriptura:

1723 4877 1865 4932 Deus
1897 4874 2132 4945 superbis
2157 4872 2379 4936 resistit,
2415 4868 2699 4924 buutilibus
2738 4877 2912 4921 autem
2949 4867 3040 4920 dat
3068 4868 3295 4936 gratiam

1725 4968 1866 5039 (Jac.
1891 4965 1990 5034 ιν).
2191 4973 2194 4976 ν

1792 5054 2117 5126 Prreparovit
2151 5068 2354 5123 quoque
2381 5051 2454 5105 eis
2485 5048 2668 5114 Ozias,
2707 5047 2764 5100 id
2791 5055 2887 5122 est,
2927 5056 3112 5101 cuncto
3146 5062 3294 5100 exer-

1721 5148 1870 5213 citui,
1897 5145 2126 5216 clypeos,
2151 5155 2200 5196 et
2234 5143 2434 5205 hastas,
2464 5153 2512 5195 et
2543 5139 2766 5204 loricas,
2797 5153 3069 5209 arcusque,
3099 5147 3148 5193 et
3171 5138 3286 5208 fun-

1721 5239 1840 5303 das,
1870 5236 1939 5291 ad
1970 5232 2244 5306 faciendos
2279 5231 2495 5301 lapides.
2535 5230 2602 5284 Et
2646 5230 2767 5299 fecit
2797 5231 2850 5283 in
2887 5229 3183 5284 Jerusalem
3218 5229 3297 5282 di-

1721 5330 1853 5386 rersi
1878 5327 2082 5399 generis
2101 5325 2372 5380 machinas
2390 5362 2406 5388 ,
2430 5339 2559 5392 quas
2580 5323 2635 5375 in
2663 5321 2896 5375 turribus
2923 5321 3210 5384 collocavit,
3244 5331 3294 5374 et

1721 5419 1776 5474 in
1812 5417 2019 5488 angulis
2060 5430 2351 5478 mu'orum,
2402 5419 2458 5466 ut
2492 5412 2752 5466 mitterent
2781 5413 2998 5480 sagittas
3019 5451 3033 5476 ,
3070 5420 3120 5464 et
3160 5425 3292 5464 ωτι-α

1721 5510 1963 5579 grandia.
1995 5507 2468 5577 Egressumqueest
2491 5519 2675 5560 nomen
2701 5503 2818 5572 ejus
2839 5503 3042 5572 procul,
3069 5518 3130 5553 eo
3151 5494 3300 5569 qua?!

1723 5599 2076 5656 auxiliaretur
2102 5596 2150 5652 ei
2188 5597 2445 5660 Donum
2479 5604 2526 5648 et
2567 5593 2951 5649 corroborauet
2979 5591 3150 5645 illum.
3181 5585 3306 5641 Sed-
