3876 6136
464 373 470 382 ὴ
519 305 625 368 su

1164 298 1224 352 Β.
1269 297 1521 353 [MBAN]
1557 296 1774 353 MAURI
1812 291 2131 350 ARCHIEP.
2177 288 2479 346 MOGUNT.
2523 285 2805 344 OPERUM
2846 285 3026 339 PARS
3065 285 3102 338 l.

3671 285 3768 338 51-2

522 430 643 470 cum
671 411 943 465 roboratus
976 421 1125 476 esset,
1157 411 1410 464 eleuatum
1449 421 1523 465 est
1563 427 1653 464 cor
1691 411 1805 480 ejus
1848 409 1901 462 in
1938 409 2097 460 inter-
2126 405 2176 464 Α
2202 400 2698 455 consummationem
2734 411 2789 452 tu
2820 401 2952 470 [uris
2986 401 3324 468 reliquiarum
3357 398 3528 452 Israel
3559 399 3764 470 (Ezech.

524 507 656 558 itum
681 519 866 565 suum;
894 512 942 555 et
969 502 1187 571 neglexit
1218 502 1499 556 Dominum
1526 502 1692 555 Deum
1714 516 1887 565 suum,
1904 502 2100 569 ingres-

528 611 716 664 susque
748 592 995 662 templum
1027 591 1237 646 Domini
1273 591 1482 646 adolere
1517 591 1674 645 voluit
1709 593 1978 645 incensum
2008 605 2099 642 su-

528 699 618 752 per
658 681 823 734 altate
868 680 1258 750 thymiamatis,
1308 691 1414 734 etc.
1461 679 1582 733 Fuit
1632 680 1815 749 itaque
1865 678 2100 748 primum

529 771 686 826 Ozias
725 773 804 825 vir
835 771 1034 840 justus,
1083 779 1138 825 et
1163 771 1291 824 fecit
1332 778 1540 825 rectum
1569 770 1622 824 in
1663 777 1953 838 conspectu
1999 767 2102 822 Do-

528 862 679 925 mini,
724 861 997 915 :ediﬁcans
1046 860 1325 930 templum,
1380 861 1754 930 aquaeductum
1811 859 2100 923 fabricam,

527 950 759 1004 offerens
806 965 954 1013 vasa,
987 957 1042 1004 et
1067 965 1163 1018 pro
1193 951 1295 1006 hoc
1338 950 1532 1004 merito
1561 950 1900 1004 adversarios
1943 961 2102 1017 supe-

530 1058 683 1105 rans,
703 1042 847 1110 quod
878 1041 1173 1094 maximum
1201 1050 1284 1095 est
1311 1041 1530 1110 pictatis
1560 1041 1814 1094 indicium
1839 1057 1854 1104 ;
1899 1039 2104 1094 habens

533 1132 727 1186 multos
756 1132 810 1185 in
841 1147 940 1186 suo
968 1131 1192 1198 imperio
1216 1132 1524 1200 prophetas.
1569 1129 1689 1195 llic,
1719 1130 1953 1199 quandiu
1975 1131 2107 1184 vixit

533 1223 822 1278 Zacharias
855 1223 1110 1276 sacerdos
1143 1230 1502 1292 cognomento
1539 1222 1874 1292 intelligens,
1907 1221 2109 1290 placuit

533 1314 662 1377 Deo,
691 1320 744 1366 et
763 1327 886 1366 cum
912 1311 1058 1366 omni
1089 1311 1435 1365 veneratione
1457 1311 1736 1365 delubrum
1761 1309 1877 1378 ejus
1907 1311 2110 1381 ingres-

536 1415 629 1454 sus
658 1409 740 1454 est
759 1399 789 1466 ;'
813 1407 1096 1469 postquam
1131 1415 1260 1455 vero
1300 1400 1594 1456 Zacharias
1621 1401 1774 1464 obiit,
1806 1400 1994 1455 volens
2015 1417 2113 1470 per

535 1507 594 1546 se
621 1490 816 1546 offerre
853 1493 1098 1565 donaria,
1147 1492 1534 1547 sacerdotalem
1573 1492 1819 1548 ordinem
1859 1507 1966 1547 non
2000 1501 2110 1548 tam

536 1583 622 1652 pie
645 1597 806 1652 quam
837 1583 1096 1637 audacter
1119 1582 1336 1647 invasit,
1364 1590 1419 1638 et
1439 1583 1859 1638 reclamantibus
1887 1583 2109 1648 Levitis,

536 1678 591 1725 et
614 1671 824 1725 cmteris
849 1671 1220 1726 sacerdotibus
1253 1686 1269 1724 :
1298 1669 1485 1726 Nonne
1524 1679 1580 1725 tu
1606 1685 1665 1727 es
1695 1669 1856 1727 Ozias
1886 1688 2002 1738 rex,
2053 1682 2109 1728 et

2193 489 2290 563 λι).
2351 488 2408 545 Si
2455 506 2582 560 ergo
2629 491 2896 557 intelligas
2941 491 3007 543 de
3055 490 3206 553 Ozia,
3259 498 3316 543 ct
3352 489 3667 555 Pharaone,
3719 501 3768 545 et

2194 582 2424 647 Pheltia,
2440 589 2492 636 et
2513 582 2721 636 caeteris
2742 583 3377 645 istiusmodi,contrarias
3405 581 3763 650 fortitudines,

2197 671 2402 725 videbis
2427 672 2696 740 quomolo
2725 671 2829 724 illis
2862 672 3166 726 viventibus
3190 712 3205 735 ,
3238 671 3417 725 nullus
3461 682 3756 727 nostrorum

2199 761 2378 815 videat
2418 775 2482 814 ac
2511 760 2748 827 suspiret
2778 768 2833 812 et
2872 759 2922 812 in
2967 761 3336 830 paenitentiam
3382 771 3624 815 corruat.
3660 761 3764 816 Non

2202 860 2396 919 regnet,
2462 851 2539 904 ait
2574 850 2882 919 Apostolus,
2936 862 3204 920 peceatum
3250 853 3305 905 in
3357 853 3572 905 mortali
3617 865 3765 907 uestro

2201 956 2414 1010 corpore
2438 938 2611 1009 (Rom.
2641 939 2738 1010 vi).
2765 940 3042 1010 Reguante
3063 951 3284 1008 peccato
3316 941 3536 1012 Egypti
3559 945 3767 997 exstrui-

2201 1046 2324 1085 mns
2359 1031 2638 1094 civitates,
2675 1031 2726 1083 iu
2759 1031 2940 1086 cinere
2978 1047 3258 1086 versamur
3285 1074 3298 1099 ,
3331 1043 3385 1087 et
3418 1035 3470 1087 in
3503 1037 3758 1098 sordibus,

2203 1135 2302 1189 pro
2327 1120 2665 1175 ﬁrmamento
2698 1120 2902 1190 paleas,
2939 1137 3039 1189 pro
3068 1121 3237 1176 solida
3276 1133 3456 1192 petra,
3496 1125 3590 1178 luti
3620 1142 3762 1195 opera

2207 1221 2498 1266 sectamur.

2278 1303 2633 1373 Dormivitque
2658 1299 2817 1356 Ozias
2849 1319 2966 1356 cum
2995 1303 3232 1372 patribus
3252 1304 3363 1357 suis
3393 1313 3444 1356 et
3479 1303 3771 1371 sepelierunt

2208 1409 2325 1446 eum
2362 1393 2418 1445 in
2449 1407 2574 1462 agro
2607 1391 2860 1461 regalium
2899 1391 3256 1462 sepulcrorum
3292 1410 3353 1446 eo
3382 1393 3526 1464 quod
3559 1403 3682 1446 esset
3711 1394 3769 1446 lc-

2209 1498 2396 1553 prosus
2415 1522 2429 1546 ,
2468 1483 2800 1552 regnavitque
2840 1481 3075 1536 Joatltau
3100 1482 3244 1550 ﬁlius
3270 1483 3384 1553 ejus
3418 1501 3514 1554 pro
3548 1501 3625 1538 eo.
3652 1483 3768 1551 Quid

2211 1585 2308 1640 per
2332 1570 2664 1639 sepulturam
2693 1570 2839 1626 Ozice
2883 1571 3038 1626 nobis
3079 1571 3346 1637 innuitur,
3382 1575 3476 1642 qui
3505 1590 3612 1628 non
3640 1576 3687 1627 in
3707 1576 3769 1628 ci-

2213 1663 2378 1718 vitate
2429 1663 2618 1728 David,
2652 1679 2826 1732 neque
2869 1664 2922 1718 in
2969 1666 3231 1734 sepulcris
3279 1668 3576 1738 regalibus,
3609 1669 3694 1722 sed
3723 1670 3764 1722 in

537 1775 646 1815 non
695 1760 982 1816 sacerdos?
1017 1760 1204 1815 audire
1250 1761 1441 1826 noluit,
1481 1762 1770 1830 statimque
1812 1762 1958 1831 lepra
1986 1779 2108 1832 per-

2225 1767 2340 1821 igro
2373 1752 2628 1823 regalium
2674 1752 3045 1822 sepulcrorum
3083 1755 3324 1825 sepultus
3366 1772 3489 1812 esse
3536 1759 3760 1828 perhibe-

539 1851 691 1907 fusus
733 1853 787 1906 in
836 1852 1010 1906 fronte
1036 1861 1151 1917 est,
1184 1854 1475 1908 secundum
1515 1855 1790 1924 propheta:
1817 1871 2002 1910 vocem
2033 1857 2111 1911 di-

539 1943 714 1996 centis
755 1959 768 1996 :
806 1941 974 2013 Imple
1002 1983 1017 2007 ,
1067 1942 1286 1997 Domine
1313 1984 1328 2008 ,
1382 1945 1542 2014 {acies
1593 1961 1775 1999 eorum
1825 1947 2112 2016 ignominia

541 2032 710 2103 (Psal.
739 2033 968 2104 Lxxxu).
1007 2034 1177 2101 Quam
1202 2038 1442 2106 corporis
1467 2045 1696 2105 partem,
1723 2038 1977 2094 sacerdos
1997 2041 2114 2094 auri

542 2123 738 2177 lamina
774 2126 1126 2194 protegebat,
1158 2141 1318 2194 quam
1348 2126 1400 2179 in
1440 2127 1718 2183 Ezechiele
1754 2128 2012 2184 Dominus
2029 2128 2117 2198 ju-

541 2214 632 2268 bet
661 2223 752 2267 tau
792 2214 984 2268 litterae
1015 2215 1367 2284 impressione
1416 2218 1635 2286 signari,
1681 2219 1748 2273 de
1795 2234 1902 2288 qua
1950 2219 2116 2273 David

541 2302 847 2358 exsultabat
885 2303 1110 2359 dicens:
1146 2304 1423 2374 Signatum
1470 2315 1546 2360 est
1599 2325 1754 2378 super
1807 2326 1901 2363 nos
1944 2308 2119 2364 lumen

541 2393 714 2448 uultus
762 2395 860 2458 tui,
915 2394 1132 2449 Domine
1165 2395 1337 2466 (Psnl.
1390 2399 1505 2467 1v);
1547 2399 1601 2451 in
1649 2415 1755 2468 qua
1805 2400 2119 2471 Allophylus

544 2501 746 2554 procax
791 2486 967 2542 funda:
1008 2489 1185 2557 lapide
1222 2488 1359 2543 ictus
1399 2490 1622 2544 interiit.
1653 2491 1916 2563 Regnavit
1942 2503 2119 2548 autem

545 2577 704 2632 Ozias
726 2579 881 2632 annis
902 2578 994 2643 52,
1017 2595 1125 2648 quo
1154 2588 1392 2650 tempore
1417 2583 1555 2652 apud
1580 2583 1798 2640 Latinos
1828 2585 2120 2654 lEmulius,

549 2667 690 2736 apud
745 2667 1102 2724 Athenienses
1161 2671 1523 2741 Agamncstor
1583 2674 1932 2743 imperabant.
1999 2676 2125 2732 Post

547 2755 700 2824 cujus
723 2767 947 2813 mortem
974 2759 1140 2816 Isaias
1159 2763 1416 2832 propheta
1447 2763 1704 2819 visionem
1730 2769 2120 2836 propheticam,

547 2849 690 2904 sicut
720 2851 831 2920 ipse
862 2858 1110 2918 testatur,
1152 2853 1320 2918 vidit,
1357 2855 1409 2908 id
1452 2865 1566 2920 est,
1604 2872 1670 2912 eo
1704 2873 1847 2914 anno
1884 2874 1990 2928 quo
2017 2859 2124 2914 Ro-

551 2941 729 2996 mulus
762 2942 988 2998 Romani
1016 2944 1227 3014 imperii
1253 2946 1502 3000 conditor
1532 2957 1693 3003 natus
1715 2956 1814 3015 est,
1848 2949 1984 3005 sicut
2013 2966 2125 3005 ma-

551 3030 803 3087 nifestum
827 3049 945 3089 esse
964 3035 1164 3106 poterit
1191 3036 1276 3092 his
1304 3038 1396 3107 qui
1427 3039 1696 3095 voluerint
1722 3041 1899 3113 legere
1919 3050 2126 3112 tempo-

551 3136 676 3177 rum
699 3122 914 3178 librum.

622 3210 842 3283 Reliqua
867 3222 1041 3268 autem
1065 3230 1359 3269 sermonum
1391 3215 1569 3281 Osiar,
1602 3219 1839 3288 priorum
1877 3230 1925 3275 et
1957 3222 2126 3275 novis-

556 3305 810 3358 simorum
845 3304 1051 3374 scripsit
1078 3303 1273 3370 Isaias,
1298 3306 1444 3374 [ilius
1463 3307 1643 3374 Amos,
1678 3310 1947 3380 propheta.
1970 3311 2128 3367 Com-

555 3400 824 3450 memorat
872 3396 1038 3451 Isaias
1089 3397 1143 3451 in
1197 3397 1334 3454 libro
1384 3400 1678 3470 prophetia:
1727 3417 1839 3457 suae
1891 3417 1955 3458 ea
2006 3418 2128 3473 qua:

553 3485 684 3541 Ozia
714 3485 927 3541 vivente
952 3489 1390 3558 prophetaverat,
1429 3505 1531 3546 nec
1553 3505 1659 3545 non
1689 3501 1744 3546 et
1769 3507 1832 3548 ea
1860 3509 1980 3563 quae
2012 3494 2130 3564 ipso

558 3587 772 3633 mortuo
799 3578 1024 3642 viderat,
1065 3589 1124 3633 ut
1165 3588 1249 3634 est
1290 3581 1417 3636 illud
1451 3599 1466 3636 :
1498 3581 1565 3636 In
1598 3599 1738 3637 anno
1764 3600 1866 3654 quo
1893 3597 2130 3640 mortuus

556 3679 630 3723 est
656 3667 816 3724 Ozias
841 3687 948 3737 rex,
975 3671 1080 3724 vidi
1106 3671 1383 3725 Dominum
1410 3673 1670 3728 sedentem
1703 3690 1860 3745 super
1887 3674 2130 3731 thronum

561 3761 822 3815 excelsum
871 3770 922 3815 et
965 3761 1220 3816 eleuatum
1253 3762 1426 3834 (lsai.
1461 3762 1575 3836 vr).
1632 3763 1798 3836 Cujus
1834 3766 2133 3837 Spiritualis

559 3851 784 3907 visionis
843 3852 1147 3907 intellectus
1202 3853 1508 3909 venerabile
1567 3855 1741 3910 innuit
1791 3858 2129 3928 mysterium.

559 3939 785 3995 Vivente
813 3939 1024 4010 leproso
1048 3956 1194 4012 rege,
1213 3949 1290 4008 et,
1313 3951 1573 4012 quantum
1597 3943 1650 3997 in
1675 3959 1735 4000 se
1759 3952 1862 4010 est,
1885 3947 2134 4002 sacerdo-

557 4029 694 4082 tium
720 4029 1036 4099 dissipante,
1066 4031 1232 4087 Isaias
1261 4033 1523 4088 visionem
1560 4033 1744 4092 videre
1783 4050 1891 4090 non
1923 4037 2130 4106 potuit;

559 4120 792 4187 quandiu
826 4120 918 4175 ille
952 4137 1177 4192 regnum
1205 4125 1376 4178 tenuit
1401 4127 1454 4178 in
1483 4123 1688 4192 Iudaea,
1718 4129 1981 4197 propheta
2006 4143 2134 4184 ocu—

559 4211 640 4268 his
663 4229 772 4266 non
794 4213 993 4267 levavit
1020 4214 1086 4268 ad
1107 4214 1326 4281 caelum,
1375 4231 1482 4271 non
1510 4217 1556 4271 ei
1580 4226 1707 4271 sunt
1744 4228 1987 4273 reserata
2015 4233 2130 4274 coe—

559 4305 746 4372 lestia,
775 4323 881 4361 non
911 4310 1164 4378 apparuit
1189 4309 1448 4365 Dominus
1475 4308 1734 4376 Sabaoth,
1769 4327 1867 4366 nec
1897 4313 1950 4366 in
1974 4313 2134 4367 mini~

560 4396 728 4451 sterio
771 4397 1005 4453 ﬁdeliter
1037 4399 1208 4454 sancti
1251 4414 1444 4454 nomen
1491 4401 1731 4455 auditum
1775 4410 1889 4467 est;
1917 4403 2132 4472 quando

559 4501 688 4541 vero
735 4488 823 4543 ille
873 4499 1118 4545 mortuus
1173 4497 1276 4556 est,
1331 4491 1580 4546 universa
1629 4507 1748 4561 quae
1799 4493 2134 4563 subsequens

559 4593 738 4633 sermo
782 4580 1122 4643 monstravit,
1155 4589 1340 4648 aperto
1367 4595 1487 4635 sese
1526 4580 1728 4637 lumine
1764 4585 2129 4642 prodiderunt.

561 4668 690 4724 Tale
718 4670 972 4738 quiddam
1013 4679 1068 4724 et
1093 4670 1146 4723 in
1173 4669 1358 4724 Exodo
1387 4670 1644 4738 scriptum
1673 4679 1758 4726 est
1789 4689 1802 4724 :
1839 4674 1963 4728 dum
1992 4675 2136 4730 Pha-

561 4775 658 4813 rao
682 4760 837 4825 vixit,
868 4759 1096 4830 populus
1132 4759 1293 4814 Israel
1319 4775 1384 4815 ex
1409 4759 1528 4825 luti,
1557 4768 1611 4814 et
1636 4760 1841 4827 lateris,
1869 4773 1926 4818 et
1952 4766 2134 4834 palea-

561 4867 680 4908 rum
701 4867 866 4922 opere
893 4867 999 4907 non
1030 4851 1323 4921 suspiravit
1344 4852 1410 4906 ad
1437 4851 1741 4907 Dominum.
1771 4853 1909 4908 Dum
1935 4855 2024 4911 ille
2049 4872 2136 4913 re-

560 4943 744 5012 gnavit
769 4957 928 4996 nemo
959 4941 1207 5010 quaesivit
1230 4942 1396 4996 Deum
1428 4951 1641 5012 patrum
1665 4942 1957 5012 Abraham,
1985 4946 2136 5005 Isaac

561 5041 616 5084 et
648 5031 848 5095 Iacob;
877 5031 1093 5100 quando
1131 5046 1264 5085 vero
1301 5030 1391 5086 ille
1426 5040 1670 5087 mortuus
1695 5043 1796 5097 est,
1831 5034 2139 5104 suspirave-

563 5127 682 5172 runt
719 5118 835 5182 ﬁlii,
865 5127 925 5172 ut
955 5119 1230 5186 Scriptura
1271 5119 1432 5184 dicit,
1464 5131 1518 5175 et
1542 5124 1788 5177 ascendit
1813 5125 2018 5180 clamor
2046 5143 2139 5184 eo-

562 5223 682 5260 rum
709 5206 776 5259 ad
807 5206 1090 5260 Dominum
1110 5247 1124 5269 ,
1156 5223 1278 5261 cum
1310 5210 1494 5278 utique
1518 5209 1668 5278 juxta
1698 5213 1976 5269 historiam
2007 5225 2136 5274 tunc

563 5298 736 5367 magis
763 5298 996 5365 gaudere
1021 5298 1343 5364 debuerunt,
1383 5307 1436 5354 et
1461 5309 1587 5355 ante
1611 5303 1885 5372 suspirare
1907 5321 2028 5361 cum
2057 5308 2136 5362 vi-

561 5396 716 5442 verat
751 5387 997 5442 Ezechiel
1043 5403 1258 5457 quoque
1297 5389 1676 5460 prophetante,
1718 5394 1954 5452 Pheltias
1996 5399 2137 5455 ﬁlius

564 5475 779 5530 Banaiae
817 5475 1090 5538 occubuit,
1128 5485 1182 5530 et
1225 5485 1348 5546 post
1379 5479 1599 5548 pessimi
1644 5482 1798 5538 ducis
1836 5484 2129 5552 interitum,

565 5567 766 5631 Cecitli,
816 5565 1012 5635 inquit,
1050 5582 1207 5636 super
1241 5567 1428 5636 faciem
1457 5587 1645 5637 meum,
1677 5584 1728 5629 et
1767 5573 1991 5629 clamavi
2018 5592 2136 5633 voce

489 5670 508 5690 δ
564 5673 776 5726 magna,
803 5666 851 5712 et
872 5655 984 5711 dixi
1007 5673 1026 5711 :
1055 5655 1169 5711 Ileu-
1193 5659 1321 5712 mihi
1333 5659 1355 5714 .'
1382 5661 1481 5715 heu
1511 5659 1676 5717 mihi!
1711 5665 1940 5733 Adonei,
1971 5667 2134 5732 Deus,

2213 1851 2320 1908 tur,
2346 1857 2410 1897 eo
2434 1843 2576 1911 quod
2611 1853 2756 1898 esset
2790 1843 3054 1912 leprosus,
3092 1847 3194 1899 nisi
3219 1848 3362 1916 quod
3395 1864 3592 1903 omnes
3622 1850 3764 1903 hzere-

2213 1935 2304 1990 tici
2340 1942 2502 2004 atque
2536 1935 2864 1990 schismatici
2923 1938 3124 2008 indigni
3163 1948 3288 1992 sunt
3331 1943 3591 1997 societate
3629 1952 3766 2010 atque

2214 2023 2591 2078 communione
2637 2025 3034 2091 ecclesiastica,
3069 2044 3168 2083 nec
3200 2045 3386 2084 eorum
3427 2034 3679 2088 memoria
3704 2035 3766 2085 in-

2215 2123 2300 2170 ter
2347 2115 2641 2170 catholicos
2688 2117 2875 2171 haberi
2920 2127 3191 2182 meretur,
3247 2123 3373 2190 quia
3422 2140 3516 2192 per
3558 2125 3772 2178 maculas

2216 2219 2461 2261 errorum
2498 2223 2564 2262 ac
2589 2209 2840 2263 vitiorum
2885 2211 3190 2278 squalorem
3234 2213 3301 2267 ab
3338 2229 3525 2268 eorum
3558 2231 3615 2270 se
3654 2216 3768 2268 divi-

2220 2305 2432 2351 serunto
2452 2313 2679 2353 numero
2749 2308 2910 2369 atque
2959 2303 3272 2358 consortio?
3321 2304 3565 2371 Qualiter
3616 2314 3772 2359 autem

2221 2382 2487 2456 Iosephus
2517 2387 2586 2442 de
2628 2389 2815 2444 eodem
2846 2405 2972 2460 rege
3013 2403 3226 2455 narret,
3266 2411 3372 2448 non
3403 2396 3676 2466 indignum
3714 2398 3776 2448 vi-

2223 2481 2380 2536 detur
2402 2483 2528 2536 huic
2550 2484 2697 2552 operi
2717 2493 2937 2555 propter
2956 2488 3312 2557 cognitionem
3337 2507 3514 2544 rerum
3535 2492 3772 2546 inserere.

2223 2571 2478 2627 Refertur
2500 2582 2679 2629 autem
2721 2577 2822 2632 hoc
2853 2578 3010 2632 modo
3040 2597 3052 2632 :
3084 2579 3290 2650 Lapsus
3320 2582 3498 2652 itaque.
3529 2593 3608 2638 est
3635 2583 3775 2636 felici-

2225 2666 2352 2720 tatis
2387 2678 2604 2731 eventu,
2635 2676 2689 2722 et
2722 2670 2789 2722 ad
2826 2677 3049 2738 paterna
3079 2681 3298 2740 peccata
3325 2675 3632 2738 descendit,
3673 2693 3777 2744 qun

2224 2756 2386 2810 etiam
2417 2755 2564 2811 illum
2595 2768 2880 2829 postquam
2906 2760 3207 2817 claritatem
3235 2764 3498 2819 bonorum
3529 2775 3583 2819 et
3613 2783 3775 2820 rerum

2225 2847 2646 2918 magnitudinem
2677 2849 2961 2919 dereliquit
2989 2853 3478 2921 apprehenderunt.
3519 2853 3615 2909 Hic
3651 2857 3778 2910 enim

2227 2940 2463 2994 instante
2488 2940 2681 3011 insigni
2716 2942 2802 2996 die
2831 2951 2884 2996 et
2907 2944 3141 3013 generali
3169 2944 3483 3012 festivitate,
3505 2957 3559 3002 et
3585 2949 3786 3002 indutus

2231 3030 2366 3084 stola
2414 3032 2770 3097 sacerdotali,
2815 3033 3037 3089 intravit
3090 3036 3143 3090 in
3181 3038 3438 3108 templum
3466 3080 3481 3104 ,
3526 3042 3786 3095 oblaturus

2233 3122 2515 3178 incensum
2548 3123 2599 3178 in
2627 3139 2792 3180 aureo
2813 3125 2968 3181 altari
2999 3127 3137 3191 Deo;
3164 3129 3418 3197 pontiﬁce
3441 3147 3570 3186 vero
3589 3134 3785 3196 Azaria,

2233 3232 2358 3271 cum
2390 3217 2512 3272 aliis
2535 3218 2806 3286 octoginta
2833 3219 3224 3284 sacerdotibus,
3250 3236 3372 3275 eum
3398 3223 3710 3290 prohibente
3733 3241 3788 3278 ne

2235 3303 2484 3372 faceret,
2529 3307 2786 3375 quoniam
2834 3307 2948 3363 haec
2995 3308 3328 3364 solummodo
3380 3311 3464 3366 his
3505 3314 3790 3382 adjacerent

2232 3395 2323 3466 qui
2367 3411 2431 3451 ex
2466 3411 2662 3467 genere
2695 3396 2876 3452 Aaron
2921 3407 3100 3464 erant,
3152 3411 3206 3455 et
3244 3402 3604 3459 clamantibus
3641 3406 3713 3460 eis
3741 3415 3790 3457 ut

2231 3485 2424 3552 exiret,
2457 3495 2511 3542 et
2553 3503 2658 3542 non
2699 3498 2883 3560 ageret
2912 3498 3100 3546 contra
3127 3492 3219 3548 Dei
3246 3492 3412 3563 leges,
3442 3495 3612 3550 iratus
3639 3498 3789 3550 inter-

2231 3577 2467 3632 minatus
2514 3587 2598 3633 est
2635 3579 2716 3634 eis
2765 3589 2994 3636 mortem
3043 3583 3146 3638 nisi
3203 3593 3466 3640 tacerent.
3506 3587 3650 3641 Inter
3689 3589 3788 3641 lure

2233 3675 2412 3722 autem
2441 3676 2599 3724 terrae
2637 3679 2816 3724 motus
2851 3669 3026 3726 factus
3049 3682 3133 3728 est
3171 3689 3417 3745 magnus,
3445 3685 3523 3740 et,
3565 3686 3788 3745 stupente

2232 3759 2428 3831 populo
2449 3801 2462 3824 ,
2492 3761 2712 3816 claritas
2746 3763 2873 3817 solis
2899 3764 3049 3819 valde
3076 3765 3236 3820 nimis
3260 3765 3515 3833 suﬁ’ulsit,
3549 3777 3603 3821 et
3625 3769 3788 3820 invidit

2237 3847 2290 3904 in
2325 3847 2517 3904 faciem
2548 3851 2688 3920 regis
2709 3889 2724 3914 ,
2764 3859 2818 3905 et
2864 3852 2939 3906 illi
2978 3853 3192 3922 quidem
3227 3854 3372 3925 lepra
3409 3857 3657 3911 continuo
3679 3873 3786 3927 pro-

2233 3941 2400 3997 venit.
2430 3941 2569 3997 Ante
2592 3943 2865 3998 civitatem
2889 3961 3036 4008 vero,
3068 3947 3118 3999 in
3150 3947 3265 4002 loco
3287 3948 3376 4016 qui
3403 3949 3599 4003 dicitur
3621 3950 3786 4016 Emge.

2235 4031 2405 4085 scissa
2435 4039 2518 4086 est
2545 4033 2718 4086 media
2746 4048 2874 4102 pars
2903 4035 3104 4090 montis
3133 4036 3199 4089 ad
3229 4035 3600 4102 Occidentem,
3629 4049 3676 4092 et
3709 4053 3789 4090 sua

2231 4123 2566 4177 volubilitate
2599 4125 2665 4177 ad
2694 4135 2926 4194 quatuor
2957 4127 3124 4179 stadia
3168 4127 3469 4196 procirleus,
3523 4129 3588 4181 ad
3615 4127 3788 4182 Orien-

2237 4212 2398 4266 talem
2435 4213 2636 4267 restitit
2677 4224 2946 4278 montem,
2977 4217 3051 4270 ita
3091 4227 3148 4270 ut
3194 4225 3249 4271 et
3279 4218 3394 4272 vias
3433 4219 3716 4281 clauderet,
3747 4228 3791 4270 ct

2235 4301 2412 4368 regias
2436 4301 2600 4356 urbes
2637 4303 2989 4372 Opprimeret.
3034 4305 3276 4374 Cumque
3327 4307 3636 4362 sacerdotes
3666 4307 3790 4377 regis

2161 4438 2210 4497 Β
2237 4389 2429 4444 faciem
2465 4389 2670 4460 lepram
2706 4393 3122 4462 apprehendisse
3153 4397 3494 4464 conspiciunt
3521 4438 3536 4460 ,
3576 4397 3792 4467 pandunt

2237 4480 2286 4534 ei
2317 4479 2683 4535 calamitatem
2708 4497 2882 4546 suam,
2910 4483 3188 4538 hortantes
3211 4493 3268 4538 ut
3299 4495 3556 4556 tanquam
3583 4488 3792 4558 pollutus

2235 4570 2408 4624 exiret
2441 4585 2471 4624 a
2493 4571 2730 4626 civitate.
2761 4572 2853 4626 Ille
2876 4587 3004 4629 vero
3044 4573 3360 4630 confusione
3388 4577 3549 4645 hujus
3567 4588 3789 4641 eventus,

2236 4672 2292 4718 et
2315 4663 2441 4718 dum
2485 4662 2559 4717 illi
2594 4661 2706 4730 jam
2745 4663 2888 4718 nulla
2919 4673 3061 4718 esset
3097 4665 3322 4731 ﬁducia,
3361 4669 3503 4736 quod
3533 4669 3786 4738 jubebant,

2236 4756 2495 4826 implevit.
2539 4756 2640 4823 Qui
2688 4755 2814 4810 licet
2858 4755 3048 4813 fuisset
3104 4758 3244 4812 ultra
3291 4759 3560 4815 humanas
3608 4769 3791 4815 mentes

2236 4846 2508 4912 elatus,et
2524 4856 2744 4917 propter
2772 4848 2888 4902 haec
2907 4848 3070 4918 impie
3092 4851 3322 4920 gesserit
3345 4850 3398 4903 in
3428 4849 3620 4917 Deum,
3650 4851 3790 4904 misc-

2239 4935 2463 4990 rabilem
2503 4945 2684 4990 tamen
2731 4936 2870 4991 hanc
2909 4945 2966 4992 et
3001 4938 3159 4992 vilem
3212 4939 3437 5008 pertulit
3481 4941 3788 5010 passionem,

2237 5039 2292 5086 et
2323 5040 2532 5102 tempus
2570 5032 2788 5101 aliquod
2826 5041 2981 5087 extra
3013 5034 3285 5089 civitatem
3320 5047 3700 5101 commoratus,
3745 5036 3790 5088 in

2237 5123 2347 5177 vita
2405 5125 2624 5193 degens,
2678 5124 2788 5178 ﬁlio
2835 5125 2961 5180 licet
3009 5127 3124 5196 ejus
3176 5129 3503 5198 suscipiente
3557 5146 3789 5202 regnum,

2238 5214 2431 5269 deinde
2481 5216 2737 5271 maestitia
2781 5225 3054 5287 gestorum
3099 5217 3351 5286 faciente,
3387 5221 3668 5277 defunctus
3700 5231 3787 5275 est.

2240 5303 2342 5373 Qui
2382 5306 2517 5360 vixit
2548 5307 2764 5377 quidem
2798 5324 2968 5362 annos
3003 5310 3278 5380 sexaginta
3306 5327 3522 5378 novem,
3555 5327 3584 5367 e
3621 5313 3792 5382 quibus

2237 5397 2485 5466 regnavit
2517 5396 2905 5467 quinquaginta
2935 5398 3100 5464 duos,
3132 5402 3373 5468 sepultus
3402 5410 3485 5456 est
3521 5413 3690 5456 autem
3717 5414 3792 5453 so-

2238 5487 2323 5541 lus
2356 5488 2409 5542 in
2451 5489 2641 5543 hortis.
2686 5488 2856 5557 Hujus
2891 5505 3020 5560 ergo
3056 5500 3216 5545 terrae
3261 5502 3459 5557 motus,
3511 5495 3598 5564 qui
3637 5495 3790 5548 factus

2237 5588 2321 5634 est
2357 5581 2686 5651 temporibus
2715 5582 2876 5644 Ozim,
2906 5583 3052 5648 licet,
3083 5583 3288 5655 Regum
3325 5595 3418 5650 aut
3453 5586 3791 5656 Paralipmue-

2239 5689 2343 5727 non
2382 5673 2618 5728 historia:
2647 5693 2750 5731 non
2795 5674 2995 5732 faciant
3034 5679 3394 5745 mentionem,
3437 5689 3615 5735 tamen
3640 5679 3790 5733 Amos
