3870 6146
115 325 196 379 513
994 326 1346 384 COMMENT.
1390 328 1454 382 IN
1496 327 2042 385 PARALIPOMENA.
2079 357 2152 371 --
2186 327 2315 384 LIB.
2356 327 2440 384 IV.

3229 331 3332 386 5H

117 439 351 506 propheta
384 436 547 505 hujus
572 438 848 503 meminit,
879 424 944 492 in~
962 439 1116 510 cujus
1145 440 1265 494 libri
1299 441 1563 511 principio
1589 441 1663 495 ita
1693 443 1742 502 Α
1770 440 2052 496 lectionem
2076 455 2268 495 nomen
2299 439 2470 509 ipsum
2494 437 2725 494 Joathan
2757 439 3030 509 exprimit.
3067 438 3335 509 Interpre-

117 531 317 598 l.--gimus
347 546 359 580 :
400 527 569 582 Verba
601 527 758 582 Amos
790 529 880 599 qui
903 529 1002 598 fuit
1025 529 1078 581 in
1109 530 1404 598 pastoribus
1429 530 1493 582 de
1525 528 1661 583 The-

113 637 208 682 rue,
227 635 342 688 qua’
365 619 491 672 vidit
517 635 674 688 super
695 617 864 671 Israel
885 619 936 671 in
959 619 1138 672 diebus
1163 617 1308 671 Ozite
1333 620 1465 688 regis
1492 618 1528 672 Ι
1534 619 1662 685 uda,

111 720 148 761 et
182 711 230 762 in
274 709 453 761 diebus
493 707 772 762 Jeroboam
807 708 906 777 ﬁlii
952 707 1084 762 Joas
1130 709 1262 777 regis
1305 708 1492 773 Israel,
1542 719 1661 764 ante

111 800 220 850 duos
260 815 426 851 annos
465 808 793 852 terra'ntotus
823 799 1002 870 (Amos
1036 799 1095 870 ι).
1142 799 1404 854 Similiter
1455 810 1511 854 et
1553 803 1659 854 Za-

111 889 298 942 charias
320 890 583 958 propheta
621 890 688 944 de
715 891 816 944 hoc
837 891 1027 944 eodem
1060 891 1204 945 inter
1225 891 1328 945 alia
1355 900 1542 945 narrat
1577 893 1659 946 di-

112 994 220 1033 cens
271 997 284 1032 :
333 980 648 1049 Egredietur
693 979 949 1042 Dominus
999 990 1046 1034 et
1096 982 1422 1051 pra’liabiiur
1477 994 1658 1036 contra

111 1079 255 1133 gentes
282 1069 420 1130 illas,
465 1069 601 1122 sicut
637 1070 906 1140 prtrliatus
941 1081 1016 1125 est
1049 1073 1102 1124 in
1132 1074 1216 1125 die
1251 1075 1548 1126 certaminis
1568 1115 1581 1138 ,
1611 1084 1657 1128 et

109 1159 292 1212 stabunt
317 1160 472 1229 pedes
499 1160 611 1229 ejus
630 1161 683 1212 in
709 1161 793 1213 die
819 1161 910 1214 illa
931 1179 1087 1229 super
1114 1174 1334 1216 montem
1364 1163 1652 1225 Oliuarum.

107 1253 178 1308 qui
208 1262 278 1304 est
315 1262 500 1304 contra
544 1250 841 1305 Jerusalem
881 1253 951 1305 ad
991 1253 1279 1319 Orientem,
1312 1265 1359 1306 et
1393 1257 1658 1310 scindetur

109 1358 229 1393 mons
263 1340 534 1394 Oliuarum
566 1358 632 1395 ea:
664 1343 833 1396 media
873 1353 1021 1412 parte
1056 1344 1139 1397 sui
1180 1346 1249 1398 ad
1289 1343 1571 1408 Orientem,
1609 1356 1656 1400 et

107 1433 160 1482 ml
177 1431 522 1495 Occidentem,
547 1445 813 1503 pra'rupto
839 1436 1030 1504 grandi
1064 1436 1230 1500 valde,
1258 1447 1305 1489 et
1327 1439 1657 1506 separabitur

105 1523 302 1602 medium
324 1524 516 1576 montis
539 1525 608 1576 ad
636 1524 966 1595 Aquilonem,
991 1536 1039 1580 et
1064 1527 1292 1581 medium
1317 1529 1431 1598 ejus
1453 1530 1522 1581 ad
1546 1529 1655 1582 Me-

103 1613 280 1676 ridiem,
293 1624 338 1667 et
358 1613 574 1682 fugietis
595 1616 669 1668 ad
693 1615 878 1669 vallem
901 1618 1152 1671 montium
1176 1634 1376 1681 eorum,
1407 1620 1653 1688 quoniam

101 1702 420 1770 conjungetur
461 1703 616 1757 vallis
646 1705 897 1758 montium
941 1722 1101 1777 usque
1135 1707 1203 1760 ad
1245 1709 1573 1777 proximum,
1606 1718 1655 1763 et

1767 539 1912 586 tatur
1934 531 2076 585 enim
2114 539 2545 594 consummatus,
2580 531 2692 584 sive
2721 530 3021 600 perfectus;
3057 539 3114 585 et
3132 531 3196 584 de
3228 531 3332 584 Do-

1765 623 1914 676 mino
1944 621 2224 677 Salvatore
2275 621 2469 676 Paulus
2517 621 2583 675 ad
2634 621 2890 676 Hebrmos
2934 623 3177 676 scribens
3213 623 3329 676 ait:

1763 710 1830 764 Et
1853 711 2058 782 quidem
2101 728 2217 765 cum
2259 723 2386 764 esset
2416 710 2587 764 Filius
2622 711 2746 776 Dei,
2788 712 2969 764 didicit
3013 727 3077 764 ea:
3110 712 3192 762 his
3217 727 3333 781 qua!

1759 817 1946 871 passus
1988 812 2060 854 est
2093 789 2434 854 obedientiam
2462 841 2476 865 ,
2521 809 2569 854 et
2617 811 3005 854 consummatus
3050 800 3220 869 factus
3257 809 3331 853 est

1759 892 1996 945 omnibus
2034 892 2499 960 obtemperantibus
2551 893 2652 946 sibi
2685 909 2844 945 causa
2883 893 3070 944 salutis
3098 901 3330 953 arternm,
3405 945 3410 948 _

1759 979 2049 1050 appellatus
2073 998 2103 1032 a
2130 979 2234 1033 Deo
2259 980 2494 1050 pontifex
2506 981 2664 1050 juxta
2689 981 2920 1033 ordinem
2955 979 3328 1034 Melchisedech

1759 1069 1945 1142 (Hebr.
1985 1069 2060 1140 v).
2103 1071 2220 1138 Ipse
2243 1071 2384 1124 enim
2411 1081 2611 1140 portam
2635 1071 2818 1124 domus
2841 1071 3053 1124 Domini
3075 1070 3327 1124 excelsam

1757 1165 2066 1226 construxit,
2112 1163 2236 1230 quia
2281 1163 2666 1217 incarnationis
2714 1179 2823 1218 suae
2868 1165 3182 1233 mysterium
3222 1179 3330 1232 quo

1756 1252 1856 1306 sibi
1887 1252 2178 1307 Ecclesium
2204 1293 2218 1316 ,
2261 1268 2379 1320 qua:
2413 1268 2540 1306 vera
2586 1253 2776 1308 domus
2803 1253 2894 1306 Dei
2928 1262 3033 1316 est,
3078 1253 3326 1317 sociat'et,

1758 1343 1988 1396 mirabili
2018 1344 2257 1412 potentia
2280 1343 2531 1398 confecit.
2575 1343 2722 1409 Quod
2749 1353 2926 1397 autem
2954 1344 3146 1397 merito
3173 1354 3327 1410 porta

1759 1443 1998 1497 vocetur,
2021 1434 2258 1486 ostendit
2281 1434 2393 1502 ipsa
2435 1434 2645 1487 Veritas
2674 1435 2725 1487 in
2758 1433 3046 1501 Evangelia
3075 1448 3196 1486 cum
3219 1433 3324 1485 ait:

1755 1521 1870 1592 Ego
1896 1540 2011 1576 sum
2044 1525 2257 1588 ostium,
2294 1541 2386 1592 per
2412 1541 2492 1577 me
2523 1527 2568 1576 si
2590 1526 2706 1594 quis
2747 1524 3058 1593 ingreditur,
3097 1523 3327 1576 sulcabi-

1754 1622 1842 1663 tur
1864 1611 2043 1682 (Joan.
2076 1611 2151 1682 χ).
2191 1612 2259 1665 Ει
2296 1623 2444 1665 recte
2486 1612 2699 1666 excelsa
2742 1613 2856 1665 haec
2883 1620 3038 1680 porta
3079 1620 3327 1673 vocatur,

1755 1704 1880 1772 quia
1911 1704 1978 1757 de
2015 1704 2115 1758 hac
2143 1705 2332 1757 eadem
2380 1704 2668 1758 Psalmista
2713 1704 2788 1757 ait
2821 1720 2835 1756 :
2883 1701 3134 1756 Excelsus
3177 1720 3331 1773 super

102 1791 283 1860 fugietis
303 1794 438 1847 sicut
467 1794 688 1864 'fugistis
717 1813 750 1848 a
801 1795 937 1866 facie
979 1806 1328 1863 terrwmotus,
1378 1801 1432 1854 in
1472 1802 1650 1854 diebus
1683 1793 1726 1851 Β
1755 1811 1932 1848 omnes
1976 1803 2150 1863 gentes
2191 1795 2448 1848 Dominus
2493 1804 2541 1848 et
2593 1810 2749 1864 super
2793 1794 2946 1848 oculos
2994 1794 3160 1864 gloria
3212 1795 3327 1863 ejus

102 1880 223 1935 Otia
265 1885 399 1952 regis
435 1884 580 1938 Iuda
611 1884 795 1956 (Zach.
827 1885 959 1958 xw).
993 1885 1191 1941 Volunt
1223 1899 1402 1944 autem
1441 1890 1650 1947 Hebraei

100 1986 273 2025 animm
319 1973 488 2028 fuisse
540 1974 858 2043 vigesimum
919 1977 1165 2046 quintum
1216 1979 1381 2046 Ozite,
1433 1985 1650 2050 quando

102 2063 194 2116 huc
232 2065 567 2121 acciderunt.
601 2066 768 2136 Cujus
820 2068 1008 2138 reliqui
1059 2070 1184 2124 anni
1233 2070 1437 2127 faciunt
1463 2074 1646 2144 viginti

99 2165 298 2219 Septem.
336 2154 541 2210 Omnes
577 2157 720 2210 enim
770 2159 1012 2228 regnavit
1052 2175 1223 2215 annos
1259 2162 1645 2237 quinquaginta

97 2244 226 2299 duos.

610 2337 836 2394 CAPUT
883 2338 1093 2394 XXVII.

269 2423 348 2478 De
371 2423 614 2480 Joathan
653 2444 791 2497 rege,
827 2439 874 2482 et
902 2430 1051 2484 bonis
1079 2431 1280 2486 actibus
1305 2433 1442 2502 ejus.

164 2515 342 2580 I'iginti
379 2517 610 2587 quinque
643 2535 900 2574 annorum
935 2531 1047 2575 erat
1089 2521 1357 2588 Joathan,
1405 2542 1522 2580 cum
1560 2545 1644 2581 re-

93 2624 225 2673 gnare
251 2610 486 2679 cmpisset
509 2652 527 2677 ,
571 2623 619 2666 et
657 2615 876 2668 sedecim
917 2619 1072 2670 annis
1101 2621 1327 2688 regnavit
1351 2621 1405 2672 in
1427 2621 1646 2674 Jerusa-

96 2698 192 2750 lein.
219 2700 354 2767 Quid
388 2701 493 2756 sibi
543 2703 660 2757 vult
698 2704 838 2773 quod
877 2704 1154 2777 Scriptura
1204 2725 1375 2764 annos
1416 2709 1643 2766 .Ioathan

90 2791 249 2846 eodem
280 2803 473 2848 tenore
503 2795 558 2848 in
600 2795 776 2865 capite
824 2798 971 2868 regni
1002 2799 1201 2868 ipsius,
1244 2815 1352 2868 quo
1380 2809 1436 2854 et
1459 2803 1508 2855 in
1542 2802 1646 2858 line

89 2891 375 2945 enumerat,
413 2883 518 2937 nisi
561 2885 702 2952 quod
741 2901 863 2940 eum
903 2887 1171 2957 signiﬁcat
1215 2889 1267 2941 in
1303 2891 1531 2960 incmpta
1552 2889 1644 2958 ju-

89 2973 209 3024 stitia
239 2987 412 3042 usque
459 2973 526 3027 ad
567 2974 729 3030 ﬁnem
768 2977 892 3030 vitae
921 2979 1332 3045 perseverasse?
1370 2979 1469 3045 Qui
1501 2981 1643 3033 enim

90 3061 202 3118 bene
225 3065 408 3119 virere
457 3066 697 3132 inchoat,
750 3076 804 3122 et
851 3069 1150 3140 religiosam
1191 3072 1350 3124 vitam
1381 3087 1548 3142 usque
1575 3073 1642 3127 ad

1753 1880 1925 1953 (Psal.
1955 1881 2107 1953 cxu).
2150 1883 2414 1938 Dicuntur
2442 1883 2608 1938 etiam
2632 1883 2804 1938 sancti
2845 1883 3095 1938 doctores
3137 1894 3323 1952 portae,

1749 1975 1874 2044 quia
1895 1989 1994 2044 per
2013 1990 2199 2029 eorum
2232 1975 2670 2045 praedicationem
2697 1975 2822 2030 vita:
2863 1975 3122 2029 discimus
3154 1975 3327 2028 intro-

1749 2067 1915 2133 itum;
1947 2067 2087 2121 sicut
2123 2074 2178 2120 et
2210 2075 2379 2136 porta:
2425 2065 2584 2122 inferi
2633 2067 2883 2122 dicuntur
2925 2067 3188 2132 haeretici,
3227 2067 3319 2135 qui

1747 2167 1937 2211 contra
1980 2156 2275 2212 Ecclesiam
2325 2171 2488 2226 super
2530 2166 2740 2226 petram
2785 2157 3107 2211 mdilicatam
3158 2158 3327 2226 ipsius

1746 2249 1958 2304 Domini
1985 2249 2330 2304 attestatione
2360 2250 2656 2318 praevalere
2689 2264 2794 2304 non
2824 2258 3066 2318 possunt.
3108 2249 3327 2302 Turris-

1745 2354 1849 2408 que
1869 2337 2041 2407 Ophel
2066 2340 2204 2394 bene
2233 2349 2412 2409 potest
2429 2349 2738 2394 sanctarum
2767 2339 3170 2408 Scripturarum
3194 2340 3327 2393 emi—

1744 2432 1985 2486 nentiam
2008 2431 2336 2502 signiﬁcare,
2369 2447 2487 2500 quae
2513 2431 2638 2486 licet
2665 2431 2718 2485 in
2746 2431 2972 2485 historia
2997 2430 3320 2484 fundamen-

1745 2530 1799 2576 ta
1849 2522 2112 2585 collocet,
2167 2532 2334 2592 caput
2371 2530 2552 2576 tamen
2601 2521 2861 2591 spiritalis
2900 2535 3092 2575 sensus
3132 2521 3184 2573 in
3214 2520 3322 2574 alta

1744 2613 1995 2680 provehit
2019 2621 2074 2666 et
2098 2613 2238 2666 inter
2264 2612 2446 2666 nubila
2479 2611 2739 2674 condidit,
2765 2613 2894 2666 dum
2928 2609 3120 2664 divina:
3143 2611 3324 2664 scien-

1747 2701 1834 2756 tia:
1860 2701 2282 2771 magnitudinem
2299 2703 2367 2756 ab
2385 2701 2556 2757 oculis
2575 2701 2827 2755 humanis
2846 2699 3145 2756 abscondit.
3175 2699 3325 2754 Unde

1745 2793 2004 2862 scriptum
2040 2799 2146 2856 est,
2173 2790 2357 2862 Caligo
2383 2792 2478 2846 sub
2503 2791 2721 2861 pedibus
2753 2790 2891 2861 ejus,
2918 2799 2966 2844 et
2993 2791 3164 2860 posuit
3190 2800 3326 2844 tene-

1746 2886 1865 2939 bras
1888 2885 2164 2938 latibulum
2189 2901 2364 2938 suum.
2415 2884 2600 2953 Caligo
2627 2884 2730 2940 sub
2750 2885 2974 2953 pedibus
3001 2883 3148 2952 ejus,
3194 2884 3321 2952 quia

1745 2991 1852 3029 non
1891 2991 1956 3029 ea
2009 2975 2258 3029 claritate
2297 2975 2376 3029 ab
2417 2973 2764 3029 inferioribus
2812 2974 3056 3028 cernitur
3102 2988 3207 3042 qua
3266 2974 3322 3027 in

1747 3067 2112 3138 superioribus
2138 3069 2463 3123 dominatur.
2513 3069 2754 3122 Ascendit
2787 3084 2943 3136 super
2981 3067 3244 3121 cherubim
3271 3077 3320 3121 et

86 3152 257 3209 bonum
279 3157 449 3212 linem
475 3159 808 3226 perduxerit,
835 3163 1027 3215 merito
1052 3171 1296 3233 tempora
1329 3165 1453 3218 vitae
1473 3165 1642 3234 ipsius
1669 3143 1712 3204 Ο
1744 3157 1955 3212 volavit.
1979 3157 2268 3213 Cherubim
2295 3159 2492 3227 quippe
2518 3157 2790 3227 plenitudo
2827 3157 3069 3211 scientia!
3097 3157 3318 3210 dicitur.

85 3243 216 3300 laude
230 3249 604 3316 praedicantur
619 3251 881 3321 condigna
901 3268 914 3315 ;
937 3260 994 3306 et
1011 3252 1146 3308 bene
1171 3255 1367 3308 dicitur
1389 3269 1642 3325 regnasse

87 3334 130 3388 in
154 3336 506 3403 Hierusalem.
535 3341 662 3412 quia
681 3357 906 3411 regnum
927 3343 1027 3398 sibi
1054 3347 1509 3412 commendatum,
1533 3356 1640 3402 tam

85 3426 130 3480 in
150 3445 201 3484 se
223 3447 388 3500 quam
418 3431 473 3486 in
516 3432 620 3487 sibi
644 3434 873 3488 subditis
901 3435 1034 3490 bene
1056 3451 1268 3506 gerens,
1302 3446 1516 3492 aeternae
1543 3453 1639 3508 pa-

86 3518 154 3572 cis
174 3521 428 3575 visionem
459 3523 683 3592 adipisci
717 3525 1032 3594 promeruit.

142 3611 250 3681 Ipse
279 3615 560 3682 cedi/icavit
589 3625 791 3686 portam
835 3618 1019 3671 domus
1064 3618 1274 3674 Domini
1309 3621 1563 3675 excelsam
1593 3633 1640 3675 et

83 3704 130 3755 in
155 3719 291 3757 muro
323 3703 492 3774 Ophel
518 3705 684 3759 multa
706 3708 1016 3762 construxit.
1061 3707 1222 3764 Urbes
1251 3728 1451 3782 quoque
1476 3713 1644 3782 aedifi-

85 3793 204 3845 cavit
247 3795 303 3847 in
350 3795 615 3849 montibus
659 3795 840 3862 Iuda,
887 3808 934 3851 et
976 3800 1032 3852 in
1077 3799 1296 3855 saltibus
1340 3802 1556 3856 castella
1595 3813 1642 3855 et

83 3891 249 3937 turres.
290 3883 514 3939 Portam
541 3886 731 3941 domus
760 3887 968 3942 Domini
993 3889 1286 3954 excelsam,
1318 3890 1488 3960 ipsam
1518 3891 1642 3946 Haa-

85 3974 200 4029 braei
228 3977 416 4031 dicunt
440 3991 595 4042 esse,
631 3992 752 4047 qua:
787 3978 840 4032 in
867 3978 1092 4036 Actibus
1122 3981 1484 4050 apostolorum
1523 3995 1644 4052 spe-

81 4067 213 4122 ciosa
252 4078 499 4124 vocatur.
545 4068 671 4125 Haec
713 4078 769 4126 et
805 4070 875 4125 ab
903 4071 1032 4140 ipsis
1062 4070 1302 4127 Hebraeis
1337 4081 1492 4142 porta
1513 4073 1641 4127 Joa-

83 4154 216 4219 tban,
261 4174 328 4212 eo
372 4159 519 4229 quod
569 4159 683 4228 ipse
726 4175 847 4216 eam
885 4160 1252 4226 tedilicaverit,
1289 4176 1458 4231 usque
1486 4161 1644 4216 hodie

79 4257 424 4318 nuncupatur.
482 4247 654 4319 Ophel
698 4259 878 4305 autem
918 4251 1083 4306 turris
1123 4261 1240 4306 erat
1271 4268 1377 4306 non
1408 4253 1565 4324 longe
1612 4268 1642 4307 a

80 4336 264 4406 templo
313 4339 558 4394 enormis
604 4339 923 4396 altitudinis.
1000 4341 1152 4397 Unde
1197 4353 1250 4396 et
1293 4341 1484 4412 Ophcl,
1542 4345 1644 4398 hoc

76 4434 188 4489 est,
235 4429 602 4493 tenebrarum,
641 4430 756 4484 sive
799 4431 966 4486 nubili
997 4447 1189 4488 nomen
1215 4435 1452 4503 accepit,
1499 4433 1640 4503 quod

76 4530 238 4586 usque
263 4519 334 4582 ad
355 4521 531 4574 nubes
569 4521 802 4591 erigeret
841 4530 1022 4592 caput.
1075 4522 1314 4594 Denique
1341 4525 1431 4578 ubi
1457 4526 1508 4578 in
1543 4525 1639 4580 Mi-

77 4607 220 4661 σιω
253 4611 513 4680 scriptum
543 4619 646 4676 est,
688 4622 734 4665 et
769 4621 826 4666 tu
851 4613 1010 4667 turris
1033 4613 1202 4683 gregis
1233 4613 1478 4669 nebulosa
1511 4614 1639 4684 ﬁlia:

81 4697 210 4750 Sion
235 4699 421 4770 (Mida.
453 4701 562 4772 tv);
597 4703 650 4757 in
676 4702 899 4758 Hebraeo
924 4719 1022 4773 pro
1048 4704 1204 4758 turris
1232 4705 1500 4770 nebulosa,
1531 4715 1641 4760 tur-

81 4789 152 4841 ris
181 4786 346 4859 Ophel
376 4793 576 4863 scripta
600 4802 701 4847 est.
733 4793 973 4848 Meminit
995 4793 1154 4863 hujus
1176 4796 1340 4850 turris
1367 4806 1421 4850 et
1453 4796 1506 4850 in
1536 4811 1640 4865 qua

69 4895 224 4950 parte
264 4887 502 4942 civitatis
535 4888 606 4942 sit
643 4889 880 4944 ostendit
913 4889 967 4942 in
1011 4889 1361 4958 sequentibus
1407 4906 1641 4959 prtesens

67 4975 205 5030 liber
223 4976 687 5046 Paralipomenon,
723 4978 962 5034 referens
981 4980 1046 5035 de
1061 4978 1312 5034 Manasse
1341 4995 1483 5050 rege,
1501 4981 1641 5048 quod

63 5075 115 5118 et
145 5083 307 5137 supra
345 5069 652 5137 posuimus,
703 5069 848 5137 quod
874 5069 1222 5123 aediﬁcaverit
1246 5085 1458 5123 murum
1488 5079 1641 5125 extra

61 5156 339 5210 civitatem
371 5156 572 5222 David,
617 5158 684 5211 ad
715 5157 1052 5212 occidentem
1087 5158 1262 5213 Gihon
1289 5159 1340 5212 in
1376 5161 1638 5227 convalle,

62 5247 130 5300 ab
155 5249 384 5302 introitu
433 5259 604 5318 porta!
643 5249 866 5319 piscium
899 5265 996 5319 per
1037 5250 1326 5304 circuitum
1375 5266 1544 5319 usque
1574 5254 1641 5306 ad

59 5335 250 5406 Ophcl.
314 5334 478 5392 Juxta
527 5339 813 5408 mysticum
843 5354 973 5393 vero
992 5354 1258 5404 sensum,
1295 5341 1423 5409 quid
1451 5341 1636 5397 melius

59 5443 156 5481 rex
182 5429 288 5482 iste
311 5427 564 5490 Joatban.
587 5429 742 5500 cujus
757 5431 866 5486 vita
887 5440 941 5486 et
962 5447 1124 5502 opera
1148 5431 1453 5498 laudantur,
1476 5449 1632 5503 quam

59 5516 478 5589 Bedemptorem
511 5530 754 5576 nostrum
785 5521 1089 5592 signiﬁcat?
1123 5522 1200 5578 De
1229 5539 1338 5592 quo
1360 5525 1638 5593 psnlmista

57 5611 130 5661 ait
162 5631 180 5669 :
207 5608 475 5675 Quoniam
496 5628 716 5679 magnus
747 5611 1002 5668 Dominus
1027 5623 1075 5666 et
1101 5613 1381 5668 laudabilis
1413 5615 1566 5667 nimis
1588 5625 1637 5668 et

55 5708 307 5760 terribilis
331 5724 489 5776 super
515 5725 691 5763 omnes
735 5709 858 5763 deos
885 5705 1058 5780 (Psal.
1102 5709 1248 5780 xcv).
1306 5707 1470 5778 Cujus
1506 5725 1631 5779 pcr-

1739 3249 1973 3304 Proinde
1995 3265 2158 3320 super
2177 3249 2564 3317 plenitudinem
2591 3249 2832 3303 scientia:
2852 3248 3159 3302 ascendisse
3189 3263 3316 3316 per-

1740 3345 1954 3399 hibetur
1971 3352 2027 3398 et
2047 3343 2274 3408 volasse,
2305 3343 2431 3412 quia
2457 3341 2756 3410 majestatis
2794 3341 2910 3410 ejus
2942 3341 3318 3395 celsitudinem

1740 3435 1964 3490 scientia
2017 3434 2162 3488 nulla
2209 3435 2636 3504 comprehendit.
2707 3434 2918 3489 Volavit
2971 3448 3134 3502 ergo,
3186 3433 3313 3500 quia

1742 3525 1897 3596 longe
1921 3527 1975 3580 in
2007 3527 2175 3580 altum
2214 3525 2284 3580 ab
2314 3525 2586 3580 intellectu
2616 3533 2802 3580 nostro
2830 3539 2889 3579 se
2921 3524 3118 3594 rapuit.
3162 3524 3321 3578 Vola-

1740 3619 1816 3671 vit
1842 3633 2006 3686 super
2036 3632 2240 3688 pennas
2261 3657 2276 3680 ,
2317 3617 2444 3686 quia
2488 3615 2768 3671 scientiam
2797 3615 3130 3670 transcendit
3159 3630 3324 3685 ange-

1739 3709 1936 3763 lorum.
1973 3707 2158 3764 Posuit
2209 3708 2458 3764 tenebras
2507 3707 2788 3763 latibulum
2830 3705 2977 3774 ejus,
3025 3706 3148 3774 quia
3191 3706 3318 3759 dum

1743 3801 1972 3872 caligine
2001 3810 2200 3854 nostra;
2245 3800 2576 3854 inﬁrmitatis
2617 3799 2991 3861 obscuramur,
3031 3811 3128 3866 per
3165 3795 3320 3865 igno-

1742 3894 1971 3946 rantiam
2004 3900 2243 3945 nostram
2275 3891 2432 3945 nobis
2466 3891 2816 3946 absconditur
2844 3890 3013 3952 Deus,
3055 3902 3123 3942 ne
3157 3902 3186 3940 a
3218 3901 3320 3940 no-

1744 3983 1828 4038 bis
1870 3981 2029 4035 modo
2082 3981 2135 4034 in
2184 3989 2384 4035 teterna
2443 3992 2498 4034 et
2540 3981 2728 4034 intima
2773 3981 3017 4034 claritate
3051 3979 3316 4033 videatur.

1744 4073 1896 4129 Unde
1920 4073 1968 4126 ci
1993 4080 2047 4126 et
2071 4072 2123 4125 in
2150 4070 2390 4126 Canticis
2423 4073 2756 4125 canticorum
2782 4071 2850 4125 ab
2873 4084 3067 4139 sponsa
3091 4069 3316 4124 dicitur:

1743 4163 1909 4232 Euge,
1945 4162 2128 4216 dilecte
2170 4163 2240 4215 mi
2287 4159 2462 4230 (Cant.
2510 4160 2650 4215 vml.
2692 4160 2822 4214 Item
2852 4175 3014 4228 super
3041 4158 3318 4213 cherubim

1745 4254 2007 4308 Dominus
2046 4253 2287 4305 ascendit
2334 4261 2388 4304 et
2416 4250 2648 4314 volavit,
2691 4252 2817 4318 quia
2845 4265 3007 4318 super
3033 4249 3320 4317 plenitudi-

1745 4359 1870 4397 nem
1900 4342 2136 4396 scientite
2175 4355 2292 4410 quae
2335 4355 2457 4395 esse
2493 4341 2544 4394 in
2575 4340 2883 4394 hominibus
2911 4341 3113 4410 potuit,
3143 4341 3318 4394 incar-

1746 4431 1981 4486 nationis
2011 4445 2121 4485 sua:
2161 4431 2472 4500 mysterium
2512 4432 2580 4484 ab
2611 4430 2884 4485 intellectu
2923 4431 3158 4484 humano
3187 4430 3317 4482 sub-

1745 4524 1917 4579 duxit.
1958 4521 2304 4586 Quantalibet
2331 4522 2475 4575 enim
2527 4522 2914 4576 incarnationis
2949 4521 3172 4576 scientia
3205 4521 3315 4574 vita

1745 4615 2064 4685 spiritalium
2117 4612 2355 4684 fulgeat,
2403 4614 2805 4683 apprehendere
2854 4630 2959 4668 non
2989 4613 3152 4676 valet,
3184 4629 3317 4682 quo-

1747 4707 1905 4760 modo
1938 4705 2137 4759 factum
2168 4705 2271 4769 sit,
2304 4712 2362 4757 ut
2408 4705 2498 4774 qui
2541 4719 2753 4773 semper
2775 4704 2978 4767 existit,
3009 4704 3320 4772 concipere-

1749 4807 1855 4863 tur,
1884 4806 1941 4851 et
1970 4807 2095 4851 ante
2121 4797 2314 4852 saecula
2350 4806 2541 4850 auctor
2565 4796 2840 4850 hominum
2877 4807 3193 4852 nasceretur
3222 4799 3318 4852 ho-

1751 4905 1838 4942 mo
1863 4889 1914 4942 in
1948 4889 2053 4941 ﬁne
2087 4887 2403 4942 saaculorum
2429 4927 2444 4951 ,
2491 4901 2620 4941 caro
2664 4896 2808 4942 esset
2852 4889 3109 4953 Verbum,
3143 4887 3319 4944 infans

1748 4977 1898 5032 ﬁeret
1920 4979 2079 5032 Deus.

1815 5067 2173 5136 Dormivitque
2215 5067 2464 5121 Joatham
2495 5085 2612 5121 cum
2649 5069 2882 5137 patribus
2913 5071 3022 5123 suis
3041 5112 3054 5131 ,
3085 5079 3132 5124 et
3171 5088 3316 5140 sepe-

1744 5158 1932 5211 lierunt
1962 5175 2078 5211 eum
2104 5161 2158 5212 in
2180 5159 2384 5212 civitate
2410 5159 2602 5224 David,
2634 5168 2683 5212 et
2715 5161 2940 5230 regnavit
2969 5160 3148 5214 Achaz
3173 5160 3317 5229 ﬁlius

1745 5247 1858 5318 ejus
1878 5265 1974 5319 pro
2000 5265 2080 5303 eo.

2273 5339 2499 5394 CAPUT
2549 5340 2759 5395 XXVIII

1923 5432 2001 5487 De
2028 5433 2202 5487 Achaz
2229 5449 2365 5503 rege,
2399 5443 2447 5486 et
2479 5433 2680 5486 actibus
2710 5432 2852 5485 illius
2874 5431 3132 5498 nefandis.

1823 5522 2018 5592 Viginti
2041 5541 2298 5577 annorum
2325 5533 2434 5576 erat
2467 5525 2642 5576 Achaz
2669 5539 2787 5575 cum
2811 5537 3025 5590 regnare
3049 5518 3304 5586 cmpisset,

1743 5626 1790 5670 et
1817 5617 2037 5670 sedecim
2071 5617 2220 5668 annis
2252 5616 2477 5685 regnavit
2519 5615 2574 5667 in
2628 5611 2974 5666 Hierusalem.
3027 5609 3148 5660 Non
3189 5606 3308 5673 fecit

1744 5714 1939 5762 rectum
1963 5707 2018 5760 in
2057 5714 2328 5778 conspectu
2361 5704 2570 5759 Domini
2622 5703 2756 5756 sicut
2789 5699 2960 5754 David
2986 5705 3132 5768 pater
3162 5695 3302 5765 ejus,
