3870 6146
443 362 548 418 5·ιὸ

1080 358 1137 412 n.
1181 356 1430 413 RABANl
1469 315 1686 413 solum
1725 317 2384 412 .«nciiler.uocunr.
2424 355 2707 413 opsum
2743 355 2921 412 pass
2957 358 2995 432 ι.
3085 383 3088 386 ι

3587 366 3720 421 ὗὲῧ

439 478 529 531 sed
557 476 835 528 ambulavit
878 473 933 525 in
969 471 1060 524 riis
1092 486 1268 539 regum
1311 445 1500 522 Israel.
1560 465 1784 536 Insuper
1820 477 1867 519 et
1893 475 2001 519 sta-
2034 471 2080 526 Α
2111 464 2164 519 in
2187 463 2465 534 perﬁdiam
2489 472 2543 520 et
2565 463 2743 520 scelus
2766 464 3078 520 idololatria:
3103 464 3356 537 delapsus
3381 479 3491 535 est,
3521 471 3715 540 signi-

441 577 557 619 tuas
586 564 719 634 fudit
746 562 972 614 Baalim.
1015 558 1136 630 Ipse
1169 569 1244 613 est
1285 560 1374 630 qui
1405 558 1626 612 adolevit
1653 558 1920 611 incensum
1955 557 2010 610 in

441 655 572 709 valle
606 653 904 714 Benennon,
928 660 973 704 et
1002 649 1242 703 lustravit
1271 647 1411 718 ﬁlios
1437 664 1560 703 suos
1582 648 1634 701 in
1660 648 1778 716 igne
1797 687 1812 711 ,
1847 646 2007 721 juafta

440 747 596 800 ritum
637 743 885 814 gentium,
928 757 1057 810 quas
1088 740 1344 809 interfecit
1383 736 1640 792 Dominus'
1690 740 1746 790 in
1782 738 2009 791 adventu
2047 799 2051 810 ‘

438 835 668 905 ﬁliorum
699 831 886 887 Israel.
907 830 1179 899 Scriptum
1201 829 1359 884 estin
1387 831 1523 884 libro
1555 828 1759 899 Regum
1782 829 1846 882 de
1862 827 2009 882 losia

439 940 585 994 rege,
632 925 773 993 quod
821 920 1268 977 contaminaverit
1319 920 1601 990 Topheth,
1645 917 1788 988 quod
1828 927 1910 972 est
1955 919 2007 972 in

437 1016 678 1070 convalle
728 1014 821 1067 filii
871 1015 1098 1077 Ennon,
1150 1023 1210 1066 ut
1253 1027 1412 1065 nemo
1457 1016 1806 1078 consecraret
1841 1008 2008 1062 filium

437 1120 590 1158 suum
618 1112 712 1157 aut
738 1102 899 1156 filiam
929 1117 1026 1172 per
1048 1102 1224 1172 ignem
1256 1101 1466 1155 Molocli
1494 1117 1506 1153 :
1536 1099 1804 1168 frequens.
1836 1107 1918 1153 est
1955 1099 2009 1152 in

438 1195 734 1264 Scripturis
764 1195 956 1247 horum
993 1192 1194 1244 mentio
1220 1190 1482 1256 locorum,
1519 1191 1754 1246 maxime
1788 1189 1840 1242 in
1871 1188 2010 1242 libro

433 1287 640 1357 Regum
671 1293 725 1340 et
749 1285 978 1339 Jeremia
1004 1283 1286 1353 propheta.
1326 1282 1423 1337 Est
1454 1290 1634 1337 autem
1679 1279 1832 1334 vallis
1867 1280 2007 1335 Ben-

432 1393 612 1430 eunon
642 1377 756 1431 sive
783 1375 877 1428 filii
906 1375 1116 1437 Eunon,
1137 1372 1292 1442 juxta
1328 1388 1542 1427 murum
1586 1373 1639 1426 in
1669 1371 2006 1426 Hierusalem

433 1478 622 1522 contra
669 1468 976 1530 orientem,
1043 1465 1096 1519 in
1148 1480 1251 1534 qua
1315 1479 1506 1520 nemus
1547 1463 2007 1533 pulcherrimum,

435 1555 594 1610 Siloa:
638 1554 880 1610 fontibus
925 1554 1199 1623 irrigatur.
1257 1551 1500 1621 Tapheth
1536 1559 1718 1605 autem
1764 1551 1877 1606 sive
1905 1550 2009 1605 To-

432 1649 622 1718 pheth,
643 1656 932 1716 utrumque
953 1646 1094 1700 enim
1122 1644 1394 1709 scribitur,
1421 1652 1542 1698 erat
1559 1642 1712 1698 locus
1739 1643 1793 1698 in
1818 1642 2007 1697 eadem

432 1737 677 1792 convalle
713 1735 863 1804 juxta
930 1736 1197 1806 piscinam
1239 1734 1498 1798 Fullonis,
1550 1732 1706 1802 tutius
1761 1733 2008 1788 meminit

2112 554 2549 617 ficathmrcticos,
2565 555 2653 624 qui
2678 570 2745 610 ex
2767 555 3048 610 catholicis
3078 557 3322 625 patrihus
3344 574 3716 616 sacramento

2112 643 2233 698 fidei
2287 644 2476 700 imbuti
2523 653 2686 705 sunt.
2719 646 2814 700 sed
2852 647 2920 700 ad
2963 647 3286 715 apostasiam
3327 651 3711 716 declinantes,

2110 736 2313 790 cultum
2335 737 2573 792 divinum
2609 737 2910 792 simulacris
2932 753 3174 793 errorum
3203 755 3422 795 suorum
3447 744 3715 812 praebere

2110 843 2218 883 non
2241 829 2450 883 timent.
2476 827 2576 895 Qui
2604 827 2837 883 fructum
2867 830 3005 882 uteri
3033 831 3142 894 sui,
3174 831 3275 886 hoc
3301 843 3404 897 est,
3431 833 3709 890 allectum

2110 932 2290 987 pravze
2323 919 2690 973 meditationis
2718 919 2770 972 in
2821 920 2945 990 igne
2986 921 3086 974 zeli
3117 922 3345 976 dannoni
3381 924 3708 988 immolant,

2110 1011 2299 1064 omnes
2324 1009 2686 1064 adulterantes
2712 1024 2940 1078 quorum
2985 1025 3136 1065 mens
3168 1011 3320 1080 juxta
3361 1018 3708 1070 sententiam

2111 1099 2262 1155 Oscae
2286 1100 2439 1170 quasi
2473 1098 2709 1153 clibanus
2749 1117 3026 1154 succensus
3055 1119 3086 1154 a
3109 1114 3356 1170 coquente
3385 1102 3539 1174 (Osee
3567 1107 3703 1176 vn).

2109 1188 2348 1242 Divisum
2369 1199 2442 1242 est
2462 1205 2552 1242 cor
2583 1205 2784 1254 eorum,
2815 1199 2872 1244 et
2903 1191 3165 1247 Dominus
3190 1194 3478 1264 confringet
3523 1198 3710 1250 simu-

2103 1277 2254 1360 lacra
2275 1296 2475 1344 eorum,
2512 1295 2576 1334 ac
2608 1280 3009 1351 deponulabitur
3037 1301 3156 1338 aras
3197 1301 3378 1339 eorum
3419 1285 3578 1357 (Osee
3611 1290 3700 1356 ι).

2111 1369 2211 1434 Qui
2241 1370 2381 1424 sicut
2402 1369 2592 1430 Acha:
2616 1371 2842 1439 spoliata
2865 1371 3027 1426 domo
3049 1373 3280 1436 Domini,
3319 1384 3375 1430 et
3403 1377 3567 1429 domo
3607 1393 3707 1432 re—

2109 1475 2234 1532 gum
2282 1471 2337 1516 et
2379 1462 2706 1532 principum,
2738 1464 2885 1524 dedit
2916 1465 3025 1535 regi
3067 1466 3409 1536 Assyriorum
3439 1483 3701 1535 munera,

2109 1558 2166 1604 et
2191 1558 2372 1608 tamen
2411 1552 2461 1606 ei
2492 1552 2624 1606 nihil
2667 1551 2902 1623 profuit:
2933 1555 3007 1609 ita
3030 1555 3117 1609 isti
3146 1571 3335 1612 aurum
3357 1559 3576 1628 sagacis
3614 1561 3702 1613 in-

2109 1641 2272 1710 genii,
2302 1652 2356 1698 et
2381 1651 2664 1717 argentum
2695 1644 2929 1700 conﬂant
2967 1647 3034 1700 ‘in
3071 1647 3275 1702 cultum
3307 1649 3598 1713 idolorum,
3639 1659 3702 1704 ut

2111 1731 2400 1794 intereant,
2441 1733 2730 1805 J‘Egyptum
2760 1735 3045 1803 invocant,
3091 1747 3147 1792 et
3184 1739 3436 1808 Assyrios
3463 1739 3696 1802 adesim,

435 1829 750 1899 Scriptura;
783 1837 838 1882 et
871 1827 1028 1897 juxta
1078 1843 1264 1896 agrum
1308 1827 1659 1893 Acheldima,
1709 1825 1800 1895 qui
1838 1839 2009 1894 usque
2038 1817 2082 1878 B
2111 1837 2233 1878 cum
2260 1825 2616 1892 potestatibus
2645 1825 2801 1882 istius
2821 1827 3004 1884 mundi
3032 1829 3239 1898 protegi
3263 1837 3546 1898 quaerunt;
3595 1831 3699 1884 sed

435 1922 594 1976 hodie
621 1930 951 1975 monstratur
980 1920 1047 1974 ad
1073 1919 1363 1974 australem
1390 1918 1600 1989 plagam
1625 1918 1827 1974 montis
1854 1917 2006 1984 Sion.

440 2015 696 2070 Solebant
723 2023 902 2067 autem
930 2014 983 2068 in
1009 2013 1246 2082 Tophet,
1281 2011 1406 2081 quia
1437 2011 1588 2066 locus
1610 2018 1727 2066 erat
1752 2009 2012 2072 amoenis.

441 2107 630 2169 simus,
677 2107 820 2162 unde
865 2105 1132 2174 hodieque
1175 2104 1454 2169 hortorum
1511 2101 1716 2170 praebet
1763 2099 2008 2165 delicias,

427 2195 604 2266 posita
627 2210 719 2248 ara
762 2194 1074 2249 sacrificare
1115 2193 1476 2257 daemonibus,
1515 2191 1854 2261 nefandoque
1886 2192 2012 2262 igne

427 2301 557 2341 suos
595 2300 921 2352 consecrare
959 2284 1195 2347 liberos,
1248 2285 1364 2338 sive
1395 2283 1765 2352 holocaustum
1790 2280 2005 2336 oli‘erre.

371 2394 389 2413 ·
429 2378 584 2436 Unde
602 2393 747 2432 nunc
775 2377 1002 2431 historia
1023 2377 1090 2430 de
1112 2376 1292 2431 Achar
1318 2375 1394 2429 ita
1422 2382 1608 2434 narrat
1634 2391 1648 2428 :
1674 2372 1796 2443 Ipse
1825 2383 1899 2427 est
1921 2373 2010 2442 qui

428 2468 657 2523 adolevit
686 2469 950 2521 incensum
973 2467 1027 2519 in
1051 2465 1184 2526 valle
1207 2464 1509 2529 Benennon,
1537 2473 1584 2517 et
1607 2463 1847 2518 lustravit
1868 2462 2008 2531 ﬁlias

430 2575 554 2613 suos
587 2560 644 2613 in
675 2559 812 2630 igne.
893 2557 1180 2611 Benennon
1225 2555 1489 2625 siquidem
1521 2554 1688 2608 illium
1713 2554 1904 2608 Ennon
1936 2553 2010 2608 si-

435 2648 686 2720 gnificat,
741 2647 896 2702 vallis
938 2649 1120 2702 autem
1166 2647 1353 2700 Ennon
1389 2645 1589 2700 dicitur
1618 2644 1879 2700 Hebraice
1904 2641 2011 2699 Ge-

435 2741 671 2796 hennon.
727 2737 890 2808 Cujus
927 2737 1146 2802 nomine
1183 2737 1237 2791 in
1285 2735 1433 2791 Novo
1470 2735 1817 2790 Testamento
1849 2747 2007 2805 pceaa

429 2832 731 2888 inferorum
773 2833 1026 2903 'gehen’na
1077 2830 1511 2902 cognominatur,
1576 2830 1701 2901 quia
1751 2829 2008 2884 nimirum

432 2924 572 2978 sicut
595 2924 647 2977 in
679 2922 924 2978 convalle
949 2922 1162 2986 Ennon,
1191 2921 1283 2990 qui
1316 2920 1470 2974 idolis
1498 2920 1818 2980 servierunt,
1855 2918 1916 2974 in
1944 2933 2006 2972 ea

429 3014 706 3083 prophetis
744 3011 1131 3066 attestantibus
1159 3010 1462 3079 perierunt;
1497 3010 1570 3063 ita
1600 3018 1915 3079 peccatores
1938 3024 2007 3078 ex

429 3101 514 3155 his
541 3116 662 3170 qua!
682 3106 1060 3170 peccaverunt,
1087 3108 1294 3166 aeterna
1319 3099 1663 3154 damnatione
1687 3099 2004 3168 puniuntur.

2110 1915 2164 1969 in
2192 1915 2420 1988 transitu
2451 1930 2638 1970 eorum
2655 1919 2814 1986 reapti
2842 1925 3005 1986 atque
3025 1920 3191 1973 occisi
3217 1928 3362 1985 sunt,
3410 1921 3540 1989 quia
3584 1936 3704 1975 ma-

2109 2006 2344 2078 ledictus
2383 2017 2470 2064 est
2512 2009 2673 2064 homo
2693 2023 2865 2078 super
2886 2010 3235 2079 terram,_qui
3259 2010 3482 2065 conlidit
3509 2012 3565 2065 in
3597 2011 3701 2066 ho-

2109 2104 2255 2156 mine
2289 2109 2342 2164 et
2365 2101 2516 2170 ponit
2541 2115 2759 2156 carnem
2817 2101 3098 2156 brachium
3130 2112 3182 2156 et
3222 2119 3253 2156 a
3285 2103 3512 2158 Domino
3539 2119 3700 2159 rece-

2110 2193 2189 2248 dit
2217 2209 2312 2247 cor
2333 2192 2467 2261 ejus.

2180 2283 2540 2355 Dormivitque
2560 2283 2740 2338 Acltaz
2764 2300 2882 2338 cum
2905 2284 3140 2352 patribus
3161 2284 3294 2349 suis,
3308 2293 3356 2337 et
3373 2285 3698 2353 sepelierunt

2108 2391 2224 2430 eum
2271 2377 2330 2430 in
2373 2376 2582 2440 ciuitate
2609 2375 2966 2440 Hierusalem,
3004 2391 3164 2446 neque
3203 2376 3340 2429 enim
3385 2386 3696 2444 receperunt

2108 2485 2224 2523 eum
2245 2469 2302 2522 in
2325 2467 2577 2539 sepulcris
2616 2485 2796 2539 regum
2828 2467 3017 2522 Israel.
3071 2468 3256 2538 Neque
3282 2467 3430 2525 enim
3463 2467 3693 2538 dignum

2107 2567 2275 2613 estut
2321 2559 2560 2614 haeretici
2607 2558 2922 2614 societatem
2969 2573 3091 2612 cum
3133 2557 3418 2612 catholicis
3452 2557 3702 2610 habeant

2108 2648 2162 2702 in
2193 2648 2371 2703 futura
2397 2648 2598 2718 quiete,
2640 2647 2734 2718 qui
2757 2647 2843 2702 hic
2876 2661 3090 2716 semper
3108 2647 3176 2699 ab
3197 2645 3275 2699 eis
3303 2645 3702 2699 discordabant

2108 2738 2213 2793 fide
2236 2745 2291 2792 et
2313 2739 2748 2798 conversatione.
2787 2737 2944 2793 _Unde
2963 2736 3091 2790 illud
3114 2735 3214 2802 sub
3231 2751 3459 2805 persona
3489 2734 3700 2802 capitis

2107 2830 2188 2884 sui
2215 2844 2314 2899 per
2335 2829 2659 2898 Prophetam
2685 2828 2886 2883 dicitur
2913 2828 2967 2881 in
2995 2826 3204 2897 psalmo
3228 2845 3241 2880 :
3277 2825 3522 2879 υἱιεεὶπί
3569 2841 3696 2876 nu-

2107 2920 2278 2974 litiam
2324 2937 2481 2991 super
2523 2920 2924 2990 benignitatem;
2963 2920 3294 2990 iniquitatem
3321 2917 3490 2986 magis
3526 2932 3698 2983 quam

2107 3011 2247 3082 loqui
2279 3014 2592 3083 (equitatem.
2620 3011 2864 3066 Dilexisti
2887 3012 3064 3065 omnia
3079 3011 3230 3065 verba
3254 3009 3696 3080 praecipitationis

2107 3101 2289 3174 lingua
2315 3101 2498 3157 dolosa
2520 3142 2534 3164 ,
2565 3112 2834 3172 propterea
2858 3104 3087 3156 destruet
3137 3111 3185 3155 te
3224 3099 3485 3160 Dominus
3522 3099 3582 3153 in
3630 3100 3698 3168 ﬁ—

433 3159 967 3262 Deni-qnelleremias
986 3159 1108 3246 cum
1142 3161 1370 3245 referret
1408 3159 1730 3260 pracepisse
1766 3190 1870 3244 sibi
1902 3189 2005 3244 Do-
2032 3159 2075 3222 C
2109 3159 2245 3256 nem,
2276 3191 2456 3248 evellet
2481 3159 2922 3262 te,'etlemigrabit
2955 3193 3092 3258 teda
3124 3159 3463 3246 tabernaculo
3493 3201 3610 3254 tua,
3630 3159 3693 3247 te!

430 3282 636 3337 minem
667 3296 730 3334 ac
755 3281 957 3335 dixisse
991 3297 1007 3334 :
1053 3279 1309 3350 Egredere
1341 3280 1410 3333 ad
1449 3278 1632 3334 vallem
1659 3279 1757 3348 ﬁlii
1789 3278 1999 3343 Ennon,
2029 3325 2034 3332 ε

434 3389 551 3443 qua:
571 3388 636 3426 ea:
654 3372 814 3440 juxta
843 3371 1113 3426 introitum
1145 3380 1308 3441 portis
1351 3370 1552 3439 ﬁctilis,
1590 3369 1750 3440 paulo
1776 3378 1900 3440 post
1927 3371 2008 3428 di-

432 3467 512 3520 xit
539 3480 554 3518 :
585 3464 650 3518 Et
680 3483 782 3520 non
812 3465 1077 3520 vocabitur
1116 3466 1212 3520 iste
1251 3465 1394 3521 lorus
1427 3464 1652 3535 amplius
1681 3463 1929 3534 Topltetlt,
1958 3475 2006 3519 et

431 3555 584 3610 vallis
613 3556 710 3624 lilii
738 3556 960 3621 Ennon,
1008 3556 1096 3609 sed
1132 3555 1280 3610 vallis
1302 3556 1613 3620 occisionis;
1654 3564 1703 3610 et
1741 3555 2006 3627 dissipabo

430 3645 703 3701 Consilium
723 3644 867 3700 Iuda
903 3654 952 3699 et
988 3644 1320 3700 Hierusalem
1346 3644 1400 3700 in
1429 3645 1541 3699 loco
1567 3646 1687 3710 isto,
1719 3654 1767 3699 et
1792 3647 2004 3701 subver-

430 3744 539 3788 tant
565 3751 651 3789 eos
675 3733 854 3808 gladio
881 3733 1014 3806 (Jer.
1037 3730 1188 3806 xm).
1229 3734 1396 3791 lsaias
1423 3750 1641 3805 quoque
1679 3734 2007 3794 manifestis-

428 3825 562 3881 sime
582 3826 788 3896 Tophet
815 3824 1082 3882 infernum
1105 3825 1354 3896 appellat.
1397 3825 1647 3892 Quicum
1687 3833 2005 3896 perpetuum

434 3916 630 3972 diaboli
660 3917 935 3971 interitum
967 3915 1069 3972 sub
1107 3916 1324 3971 nomine
1361 3916 1532 3972 Assur
1559 3917 1896 3973 describeret
1925 3917 2008 3972 di-

431 4023 600 4064 cens:
637 4009 678 4062 Α
701 4025 820 4063 voce
841 4008 981 4062 enim
1010 4007 1222 4062 Domini
1249 4009 1450 4078 pavebit
1491 4008 1656 4064 Assur
1699 4009 1842 4079 virga
1887 4024 2006 4079 per-

426 4115 611 4156 cussus
627 4115 646 4153 :
672 4109 720 4153 et
743 4101 839 4154 erit
863 4099 1117 4172 transitus
1140 4099 1295 4168 virga:
1324 4097 1600 4167 fundatus,
1622 4115 1782 4170 quam
1805 4099 2008 4169 requie-

428 4207 572 4244 scere
597 4190 751 4260 faciet
776 4189 1032 4262 Dominus
1063 4205 1219 4258 super
1257 4205 1376 4243 eum
1400 4205 1417 4242 :
1451 4190 1633 4244 statim
1653 4191 1922 4259 quomodo
1951 4197 2006 4244 et

427 4281 518 4334 ubi
549 4287 694 4336 esset
725 4280 999 4349 periturus
1039 4281 1275 4335 subdidit
1315 4280 1500 4337 dicens
1535 4296 1550 4336 :
1581 4279 1894 4353 Prreparata
1929 4292 2003 4337 est

431 4372 568 4424 enim
595 4370 660 4424 ab
701 4371 812 4425 heri
861 4368 1093 4440 Tltopltet
1124 4388 1157 4425 a
1179 4387 1317 4441 rege,
1355 4381 1654 4442 prmparata
1675 4411 1688 4435 ,
1718 4372 1999 4443 profunda,

429 4469 476 4513 et
501 4458 724 4514 dilatata
753 4459 908 4531 (lsai.
936 4459 1088 4530 xxx).
1122 4460 1353 4516 Pulchre
1386 4462 1462 4514 ait
1506 4471 1553 4515 et
1583 4461 1835 4526 dilatata,
1874 4463 2000 4532 quia

2107 3284 2338 3349 radicem
2367 3293 2512 3338 tuam
2539 3282 2604 3338 de
2622 3292 2763 3337 terra
2792 3283 3068 3337 viventium
3111 3281 3284 3354 (Psal.
3315 3283 3413 3349 ιι).
3455 3281 3600 3337 Hinc
3641 3283 3694 3336 in

2105 3373 2486 3446 Ecclesiastico
2513 3373 2711 3436 dicitur
2739 3390 2752 3426 :
2783 3370 3025 3429 Perdidit.
3043 3419 3046 3424 .
3065 3373 3210 3428 Deus
3247 3373 3558 3426 ntemoriam
3597 3390 3694 3427 su-

2107 3464 2382 3533 perborum
2447 3472 2494 3517 et
2561 3462 2769 3533 reliquit
2831 3465 3138 3518 memoriam
3200 3463 3480 3516 humilium
3531 3479 3697 3518 sensu

2109 3553 2298 3625 (Eccli.
2334 3555 2411 3624 x).
2871 3605 2875 3609 .
2937 3607 2939 3609 .
3266 3599 3268 3602 .

2177 3645 2350 3720 Igitur
2377 3645 2632 3720 Eseclrias
2666 3661 2888 3715 regnare
2926 3645 3076 3712 erepit
3104 3661 3226 3698 cunt
3250 3644 3433 3714 viginti
3458 3646 3696 3716 quinque

2107 3746 2236 3790 esset
2266 3746 2616 3801 annorum,.et
2639 3735 2817 3806 viginti
2847 3749 3025 3796 novem
3049 3737 3202 3789 annis
3234 3738 3465 3807 regnavit
3498 3738 3554 3789 in
3595 3737 3692 3791 Je-

2108 3826 2338 3885 rusalem
2373 3842 2608 3899 :.nomen
2650 3827 2834 3883 matris
2875 3826 2995 3896 ejus
3035 3826 3170 3880 Abiu
3215 3827 3330 3897 [ilia
3370 3825 3684 3883 Zacharias.

2107 3915 2264 3992 Hunc
2309 3915 2626 3973 Zachariam
2651 3918 2825 3988 _cujus
2861 3916 3025 3972 Abia.
3054 3926 3232 3974 mater
3272 3918 3528 3974 Ezechias
3579 3919 3691 3974 tilia

2107 4021 2229 4062 esse
2248 4018 2601 4081 muneratur,
2632 4009 3118 4076 asmruntﬂebrtei
3143 4011 3490 4080 postliumutu
3519 4011 3692 4066 lilium

2106 4112 2225 4153 esse
2243 4098 2522 4170 Zacharias
2541 4101 2816 4170 prophetae
2835 4109 2890 4155 et
2911 4101 3232 4165 sacerdotis,
3261 4117 3421 4171 quem
3436 4102 3568 4157 Joas
3594 4119 3688 4157 rex

2107 4187 2472 4244 interfecerat.

2177 4277 2426 4350 Fecitque
2467 4281 2607 4350 quod
2645 4291 2755 4335 erat
2797 4282 3048 4352 placitum
3085 4286 3146 4339 in
3168 4295 3442 4353 conspectu
3476 4284 3693 4340 Domini

2097 4371 2257 4440 juxta
2284 4373 2458 4440 omnia
2479 4390 2598 4444 quae.
2623 4374 2818 4443 fecerat
2847 4374 3016 4429 David
3056 4386 3204 4446 pater
3225 4377 3366 4446 ejus,
3405 4377 3520 4445 ipso
3547 4395 3692 4431 anno

2107 4473 2152 4516 et
2185 4479 2358 4517 mense
2387 4466 2554 4534 primo
2583 4465 2745 4534 regni
2778 4467 2861 4520 sui
2885 4467 3089 4536 aperuit
3137 4468 3311 4522 valvas
3349 4468 3544 4522 donans
3580 4468 3690 4522 Do-

431 4547 676 4626 Topheth
714 4550 911 4604 dicitur
955 4549 1197 4603 latitudo.
1259 4549 1627 4614 Nutrimenta,
1659 4550 1852 4620 inquit,
1889 4552 2004 4620 ejus
2031 4537 2080 4597 Ι)
2106 4554 2234 4606 mini
2256 4592 2272 4618 ,
2301 4562 2354 4607 et
2379 4555 2692 4618 instauravit,
2729 4573 2836 4618 eqs.
2895 4557 3050 4624 Nota,
3094 4557 3283 4623 lector,
3313 4561 3460 4628 quod
3487 4561 3692 4615 dicitur

428 4638 603 4706 ignis,
642 4647 688 4716 et
731 4637 874 4708 ligna
915 4638 1080 4691 multa
1116 4639 1332 4713 :ﬁatus
1373 4639 1584 4696 Domini
1625 4641 1759 4695 sicut
1800 4649 2003 4697 torrens

428 4730 696 4800 sulphuris
718 4728 996 4783 succedens
1034 4745 1169 4784 eam.
1227 4728 1470 4796 Qualiter
1495 4737 1676 4785 autem
1705 4729 1888 4787 Achaz
1915 4747 2004 4789 so-

431 4826 606 4880 bolem
631 4837 782 4888 suam
818 4822 872 4882 in
910 4823 1034 4893 igne
1054 4823 1366 4878 lustraverit
1385 4822 1621 4880 ostendit
1638 4820 1900 4893 Iosephus
1927 4824 2001 4880 ita

429 4917 614 4971 dicens
638 4933 653 4969 :
690 4932 710 4965 ι
736 4913 904 4968 Porro
922 4911 1153 4968 Joathan
1189 4915 1418 4968 mutavit
1436 4913 1603 4968 vitam
1630 4929 1753 4970 cum
1775 4914 2003 4971 vixisset

431 5020 600 5059 annos
623 5020 786 5058 unum
821 5012 876 5058 et
909 5004 1295 5073 quadraginta,
1333 5019 1403 5060 ex
1423 5005 1619 5074 quibus
1645 5006 1891 5076 regnavit
1916 5019 2004 5060 se-

431 5095 603 5150 dccim
625 5105 680 5149 et
710 5093 948 5163 sepultus
971 5101 1056 5148 est
1083 5096 1135 5149 in
1164 5095 1327 5165 regiis
1351 5099 1730 5162 monumentis,
1748 5098 2004 5166 venitque

375 5173 392 5186 ’
431 5198 656 5255 regnum
686 5181 754 5235 ad
779 5181 894 5250 ejus
923 5181 1089 5236 filium
1119 5182 1320 5237 Achar.
1360 5183 1460 5250 Qui
1488 5185 1684 5255 impius
1718 5186 1864 5244 circa
1898 5185 2004 5240 Do-

432 5273 638 5329 minum
663 5272 922 5336 existens,
953 5280 1008 5326 et
1031 5281 1285 5341 paternas
1309 5274 1693 5342 praevaricatus
1714 5273 1876 5344 leges,
1910 5288 2000 5328 re-

430 5381 524 5438 ges
546 5362 908 5439 lsraelitarum
935 5362 1176 5424 imitatus
1197 5399 1212 5429 -,
1246 5362 1302 5418 in
1327 5363 1711 5433 Hierosolymis
1736 5363 2000 5422 idolorum

430 5472 554 5513 aras
580 5455 892 5520 constituit,
917 5461 976 5509 et
1019 5468 1182 5524 super
1215 5470 1308 5510 eas
1349 5455 1691 5517 sacrificavit,
1726 5455 1781 5510 in
1806 5455 2001 5524 quibus

428 5548 593 5602 etiam
636 5561 789 5601 suum
835 5544 888 5599 in
944 5543 1317 5600 holocaustum
1360 5544 1558 5599 obtulit
1601 5544 1806 5612 ﬁlium,
1851 5559 2003 5601 more

429 5638 877 5703 Chananaaorum,
907 5648 964 5694 et
988 5655 1149 5710 super
1174 5641 1290 5696 haec
1314 5639 1484 5695 multa
1521 5640 1639 5716 alia.
1654 5640 1857 5700 scelera
1879 5656 2001 5712 per-

428 5726 677 5791 petravit.
707 5746 728 5781 ι
758 5729 1000 5801 Denique
1025 5729 1204 5790 Achaz
1239 5731 1332 5802 qui
1352 5745 1420 5784 ex
1447 5728 1589 5794 iusto
1619 5738 1772 5799 patre
1798 5732 1995 5801 editus,

2108 4643 2224 4714 ipso
2255 4659 2398 4699 anno
2441 4653 2496 4698 et
2539 4661 2728 4701 mense
2763 4647 2938 4716 primo
2965 4647 3114 4718 regni
3153 4649 3234 4704 sui
3261 4650 3528 4706 Ezechias
3558 4666 3691 4720 ape.

2107 4738 2282 4790 ruisse
2301 4735 2488 4791 valvas
2511 4736 2704 4792 domus
2727 4737 2960 4804 Domini,
2991 4747 3048 4792 et
3074 4739 3409 4796 instaurasse
3433 4756 3560 4804 eas;
3591 4742 3689 4811 qui

2107 4825 2254 4880 enim
2288 4827 2446 4884 aliter
2488 4843 2584 4898 per
2623 4830 2802 4896 omnia
2833 4831 3074 4886 imitator
3097 4831 3284 4888 fuisset
3312 4833 3483 4889 David
3513 4837 3686 4904 patris

2107 4917 2211 4981 sui,
2253 4919 2344 4986 qui
2387 4921 2454 4974 ab
2473 4918 2706 4975 infantia
2748 4921 2858 4976 Deo
2896 4911 3109 4978 deditus
3150 4923 3203 4978 in
3237 4925 3388 4979 initio
3415 4928 3570 4997 regni
3591 4929 3684 4982 sui

2107 5008 2309 5063 cultum
2352 5009 2447 5065 Dei
2495 5012 2552 5066 in
2592 5011 2788 5082 populo
2817 5012 2981 5068 lsrael
3013 5014 3174 5084 plene
3207 5015 3540 5076 instituebat.
3579 5019 3685 5072 nisi

2104 5099 2270 5154 ritum
2299 5098 2432 5168 legis
2470 5107 2527 5155 et
2565 5103 3010 5157 caeremoniarum
3049 5102 3167 5171 ejus
3189 5143 3204 5167 ,
3241 5117 3340 5172 per
3371 5104 3554 5158 Achar
3583 5121 3684 5174 pa-

2103 5198 2244 5245 trem
2287 5205 2444 5245 suum
2485 5192 2745 5248 abolitum
2770 5194 2952 5250 statim
2995 5195 3161 5265 coepit
3183 5195 3526 5250 instaurare?
3571 5196 3685 5250 Mo-

2105 5281 2293 5336 raliter
2313 5281 2460 5336 enim
2491 5283 2606 5353 ipsa
2631 5285 2926 5339 strenuitas
2971 5284 3235 5350 Ezechiae,
3281 5300 3348 5338 ac
3388 5287 3682 5340 maturitas

2103 5370 2158 5424 in
2197 5371 2406 5438 cultura
2460 5372 2650 5429 domus
2695 5374 2788 5430 Dei
2829 5377 3085 5431 admonet
3128 5379 3367 5432 rectores
3400 5377 3681 5442 Ecclesim,

2103 5473 2162 5517 ut
2189 5478 2297 5517 non
2328 5463 2437 5520 sint
2452 5480 2646 5536 segnes
2675 5482 2850 5537 neque
2874 5467 3096 5524 hebetes
3126 5469 3180 5523 in
3205 5468 3382 5523 ofﬁcio
3416 5467 3522 5523 sibi
3541 5482 3686 5523 com-

2101 5553 2306 5618 misso,
2360 5555 2455 5610 sed
2502 5557 2682 5612 omnia
2725 5558 3012 5628 diligenter
3059 5566 3224 5629 atque.
3261 5559 3456 5614 devote
3494 5567 3680 5629 agant.

2103 5642 2254 5701 L'nde
2284 5643 2484 5716 Paulus
2509 5647 2578 5702 ad
2601 5647 2944 5705 Timotheum
2973 5650 3216 5706 scribens
3243 5651 3317 5705 ait
3359 5667 3374 5704 :
3405 5650 3686 5720 Testiﬁcor

2099 5749 2275 5788 eorum
2309 5734 2532 5792 Domino
2577 5747 2624 5793 et
2666 5738 2871 5797 Christo
2908 5738 3068 5815 Iesu,
3117 5743 3206 5812 qui
3226 5737 3678 5812 iudicaturus?“
