3870 6146
150 361 249 416 sn
1078 363 1431 426 COMMENT.
1470 370 1538 425 lN
1576 348 2127 431 PARALIPOMENA.
2165 405 2238 420 —
2273 378 2402 437 un.
2442 379 2531 448 tv.
3321 397 3445 453 διε·

146 472 294 525 rivos
317 478 364 524 et
386 476 653 537 mortuos,
687 479 737 527 et
757 473 1037 529 adventum
1059 477 1246 548 ipsius,
1281 488 1329 535 et
1360 497 1575 552 regnum
1602 482 1737 553 ejus,
1770 490 1817 547 Α
1842 483 2098 551 rusalem,
2132 488 2303 557 qualis
2338 505 2371 543 a
2415 490 2597 547 diebus
2644 491 2942 554 Salomonis
2965 500 3065 570 filii
3094 502 3266 560 David
3292 510 3426 581 regis

149 560 384 632 prcdica
415 560 654 630 verbum,
684 564 822 619 insta
864 577 1137 637 oportune,
1172 576 1356 642 argue,
1393 573 1623 641 obsecra,
1653 575 1739 629 in-
1843 570 2017 627 Israel
2037 572 2091 628 in
2115 589 2177 629 ea
2196 577 2324 631 urbe
2344 593 2450 633 non
2492 580 2687 650 fuerat.
2740 583 2839 640 Cui
2880 560 3174 648 concordat
3212 560 3457 654 et

144 669 303 722 crepa
327 668 381 706 tn
411 653 560 707 omni
582 656 839 725 patientia
860 667 908 712 et
937 659 1199 715 doctrina.
1240 662 1305 717 Et
1344 680 1560 720 rursum
1599 683 1613 720 :
1661 666 1740 721 Tu

146 758 265 796 vero
296 742 481 814 vigila,
511 743 569 799 in
598 745 841 802 omnibus
871 747 1053 803 labora
1071 791 1085 814 ,
1118 768 1246 822 opus
1271 754 1359 823 [ac
1385 756 1735 826 evangelista’,

146 831 498 887 ministerium
553 843 701 889 tuum
732 835 910 907 imple,
949 839 1153 895 sobrius
1190 852 1297 897 esto
1335 842 1423 909 (II
1459 845 1595 900 Tim.
1638 847 1735 921 tv).

147 922 372 994 Mys-tice
404 933 590 980 autem
627 926 890 983 Ezechias
935 930 1026 998 qui
1073 946 1180 986 non
1227 940 1338 987 tam
1368 950 1465 1005 per
1500 950 1558 989 se
1587 953 1741 992 suos-

146 1030 284 1083 que,
328 1031 469 1087 opus
520 1017 616 1073 Dei
655 1027 876 1074 strenue
919 1023 1120 1090 gessit,
1170 1023 1279 1079 imo
1307 1040 1405 1095 per
1429 1027 1648 1080 nuntios
1672 1027 1738 1081 ad
1772 1040 1773 1043 ‘

148 1107 321 1162 simile
366 1108 615 1163 studium
661 1109 796 1165 alios
822 1120 1111 1181 provocat,
1152 1122 1335 1185 typum
1358 1117 1496 1186 gerit
1526 1117 1736 1172 Domini

148 1199 486 1267 Salvator-is;
536 1201 680 1271 quod
710 1209 765 1257 et
803 1203 1037 1259 nominis
1059 1203 1229 1273 ipsius
1257 1205 1632 1277 interpretatio
1661 1217 1738 1263 te-

148 1298 339 1345 statur.
398 1288 798 1362 Interpretatur
836 1294 983 1348 enim
1030 1294 1292 1351 Ezechias
1347 1298 1736 1369 apprehendens

156 1380 459 1446 Dominum,
493 1381 579 1436 vel
617 1382 872 1453 fortitudo
909 1383 1142 1441 Domini.
1183 1385 1321 1442 Hinc
1343 1386 1545 1443 Paulus
1574 1387 1734 1444 Chri—

151 1480 290 1526 stum
318 1473 457 1528 dicit
477 1487 600 1530 esse
641 1473 742 1530 Dei
781 1477 1040 1543 virtutem,
1071 1488 1120 1532 et
1147 1479 1245 1533 Dei
1279 1480 1613 1551 sapientiam.
1659 1482 1735 1537 De

149 1576 251 1632 quo
275 1570 331 1618 et
366 1565 501 1620 alibi
528 1565 635 1628 ait,
693 1567 817 1637 quia
854 1568 908 1622 in
940 1568 1052 1639 ipso
1083 1569 1342 1625 inhabitat
1368 1571 1539 1625 omnis
1567 1570 1737 1643 pleni-

148 1654 268 1708 tudo
294 1654 596 1712 divinitatis
623 1658 990 1729 corporaliter,
1030 1671 1087 1717 et
1105 1671 1182 1717 est
1214 1672 1370 1734 caput
1396 1664 1564 1718 omnis
1590 1664 1737 1735 prin-

148 1747 344 1817 cipatus
368 1759 419 1803 et
436 1752 709 1821 potestatis
739 1751 876 1825 (Col.
972 1755 1050 1827 tt)
1074 1773 1087 1810 :
1111 1757 1203 1828 qui
1223 1755 1480 1815 Dominus
1514 1757 1667 1828 fortis
1689 1765 1736 1812 et

1842 663 1987 731 quod
2013 674 2137 735 post
2162 678 2345 737 pauca
2362 671 2727 741 subsequitur.

2387 759 2615 820 CAPUT
2664 765 2852 824 XXXI.

2327 849 2581 922 Sequitur
2596 856 2660 909 de
2687 856 2932 919 Ezecltia.

1908 932 2168 1005 Egressus
2196 942 2271 994 est
2298 944 2470 997 "omnis
2501 943 2695 1013 Israel,
2743 953 2833 1020 qui
2870 954 3106 1013 inventus
3147 960 3319 1030 fuerat
3355 966 3412 1022 in

1844 1025 2059 1127 prbibus
2091 1028 2320 1094 Juda,et
2357 1030 2621 1103 [regerunt
2650 1039 2960 1108 simulacra,
2981 1025 3418 1127 succideruntque

1837 1112 2006 1180 lucos,
2046 1117 2281 1172 demoliti
2304 1132 2425 1175 sunt
2453 1124 2679 1191 excelsa,
2723 1138 2772 1182 et
2799 1130 2993 1187 altaria
3022 1112 3414 1211 destruxeru'nt,

1836 1214 1941 1257 non
1982 1204 2153 1259 solum
2196 1207 2261 1262 de
2310 1211 2552 1267 universa
2595 1214 2743 1271 Juda
2783 1230 2831 1273 et
2860 1221 3160 1293 Benjamin,
3215 1234 3307 1287 sed
3348 1204 3419 1292 de

1834 1290 2091 1364 Ephr‘aim
2119 1308 2387 1369 quoqu‘e‘et
2402 1303 2841 1375 Manasse,done'c
2883 1290 3090 1381 penitus
3128 1290 3416 1380 everteren;

1834 1393 1938 1450 tur,
1969 1390 2258 1460 reversique
2285 1402 2406 1447 sunt
2449 1412 2627 1451 omnes
2646 1397 2748 1467 filii
2787 1400 2962 1457 Israel
2987 1407 3041 1460 in
3064 1413 3415 1478 possessiones

1834 1483 1885 1527 et
1910 1476 2143 1532 civitates
2172 1495 2320 1534 suas.
2362 1482 2496 1549 Quia
2530 1495 2653 1556 post
2681 1490 2970 1549 adventum
2995 1476 3166 1556 nostri
3190 1502 3417 1561 Redem-

1834 1564 2004 1633 ptoris
2042 1567 2096 1621 in
2144 1572 2405 1627 mundum
2436 1590 2542 1630 non
2587 1577 2759 1634 solum
2806 1583 2860 1638 in
2911 1584 3243 1649 Hierusalem
3274 1606 3329 1652 et
3357 1598 3415 1653 in

1832 1653 2049 1723 Judaca,
2098 1661 2192 1715 sed
2236 1662 2288 1717 in
2317 1666 2526 1722 cunctis
2565 1683 2662 1738 per
2710 1678 2894 1728 totum
2912 1678 3097 1735 orbem
3146 1691 3415 1746 terrarum

1835 1750 2169 1829 nationibus,
2219 1755 2493 1813 destructa
2524 1769 2606 1815 est
2640 1762 3268 1835 idololatria,‘confra¢ta
3319 1796 3412 1838 er-

146 1848 341 1907 potens,
370 1835 631 1897 Dominus
659 1853 840 1915 potens
867 1844 923 1900 in
943 1826 1523 1920 prtelio_(Psal.xxm);_
1545 1865 1722 1920 exspo-

1834 1853 2017 1940 r-orum
2048 1841 2358 1913 simulacra,
2391 1855 2446 1903 et
2486 1851 2686 1921 ubique
2716 1855 2911 1912 diaboli
2944 1826 3415 1940 conciditvsup‘er-

149 1928 278 1983 lians
305 1939 590 2001 potestates
615 1944 666 1987 et
683 1936 1009 2006 principatus
1030 1936 1268 1993 traduxit
1290 1939 1612 2008 conﬁdenter
1640 1957 1734 2011 pa-

146 2018 244 2073 lam
256 2022 588 2093 triumphum
601 2023 719 2080 illos
737 2026 792 2081 in
805 2029 1099 2100 semetipso,
1116 2028 1292 2086 delens
1304 2030 1445 2103 quod
1458 2033 1730 2088 adversum
1764 2048 1773 2057 ‘

148 2125 234 2164 nos
254 2121 365 2166 erat
384 2113 787 2187 chirographum
802 2117 996 2173 decreti
1026 2134 1047 2173 :
1076 2122 1218 2194 quod
1257 2132 1371 2178 erat
1405 2127 1728 2182 contrarium

151 2205 312 2271 nobis,
363 2217 415 2261 et
449 2207 621 2276 ipsum
667 2208 786 2265 tulit
835 2211 900 2266 de
929 2212 1101 2267 medio
1144 2214 1353 2286 a/ﬁgens
1399 2215 1536 2271 illud
1582 2220 1727 2274 cruci

150 2292 280 2366 (Col.
319 2313 382 2365 ιι,
410 2298 524 2370 15).
587 2298 690 2356 Hic
730 2308 863 2374 ergo
910 2305 1371 2375 transgressiones
1412 2318 1627 2378 patrum
1671 2316 1727 2364 et

151 2402 331 2444 omnes
369 2392 847 2462 praevaricationes
881 2409 1000 2465 quae
1030 2394 1251 2452 fuerunt
1288 2397 1388 2453 sub
1416 2398 1558 2470 lege,
1601 2417 1729 2457 san-

151 2478 301 2548 guine
322 2494 425 2537 suo
455 2480 613 2537 diluit
635 2491 688 2538 et
710 2484 914 2550 cultum
946 2485 1165 2557 pietatis
1209 2487 1263 2543 in
1297 2487 1538 2546 Ecclesia
1566 2491 1724 2560 plene

150 2572 482 2629 instauravit.
524 2574 646 2646 ipse
671 2575 879 2649 legatos
901 2593 1028 2637 suos
1049 2581 1117 2637 ad
1136 2582 1513 2638 convocandos
1534 2592 1723 2655 gentes

145 2661 205 2717 ad
223 2662 383 2721 ﬁdem
402 2706 418 2730 ,
449 2664 554 2722 boc
581 2676 697 2735 est,
747 2669 980 2740 primum
1022 2671 1347 2743 prophetas,
1374 2674 1568 2731 deinde
1594 2662 1723 2747 apo-

145 2756 299 2813 stolos
326 2757 520 2825 misit,
567 2761 690 2831 quia
726 2776 833 2817 non
880 2761 1052 2817 solum
1092 2763 1159 2819 de
1198 2761 1408 2832 Iudaea,
1444 2766 1540 2823 sed
1570 2775 1625 2824 et
1654 2768 1721 2823 de

149 2849 258 2905 aliis
287 2850 608 2907 nationibus
644 2851 903 2923 plurimos
936 2852 1001 2908 ad
1028 2854 1348 2910 catholicam
1376 2855 1537 2913 ﬁdem
1572 2864 1625 2912 et
1651 2858 1721 2914 ad

145 2953 315 2994 veram
362 2940 686 3011 religionem
727 2936 825 3012 per
860 2942 1297 3013 praedicationem
1325 2944 1600 3018 Evangelii
1633 2947 1717 3003 sui

144 3029 410 3085 conduxit.
453 3027 567 3085 Hie
594 3031 832 3087 secundo
862 3048 1046 3089 mense
1074 3033 1286 3090 Pascha
1323 3034 1601 3092 celebrare
1630 3037 1717 3092 in-

143 3117 338 3182 stituit,
375 3119 510 3189 quia
535 3120 728 3175 umbra
750 3120 883 3192 legis
902 3123 1099 3192 prioris
1127 3134 1373 3181 cessante
1400 3142 1594 3182 novam
1619 3127 1715 3183 ob-

145 3209 466 3264 servantiam
489 3209 606 3264 veri
632 3209 852 3266 Pascbae
878 3222 1096 3268 servare
1122 3214 1322 3280 docuit,
1353 3217 1419 3272 de
1441 3233 1549 3287 quo
1573 3216 1713 3274 Pau-

144 3296 218 3353 lus
234 3299 313 3352 ait
338 3316 353 3353 :
393 3298 609 3354 Etenim
626 3295 847 3355 Pascha
877 3312 1112 3358 nostrum
1140 3303 1443 3362 immolatus
1464 3317 1541 3363 est
1561 3308 1717 3364 Chri-

142 3401 240 3445 stus
262 3390 311 3463 (1
340 3388 473 3446 Cor.
519 3391 612 3464 ν).
649 3390 760 3449 Nos
799 3393 944 3450 enim
976 3398 1309 3467 temporibus
1336 3398 1468 3472 legis
1512 3404 1714 3474 pascha
1760 3416 1765 3421 ‘

143 3482 367 3551 perfecte
394 3483 481 3555 agi
505 3486 705 3555 potuit,
732 3486 876 3556 quod
902 3487 1014 3543 sola
1046 3503 1177 3561 gens
1213 3487 1397 3545 Iudaea
1422 3499 1548 3548 tunc
1581 3492 1715 3566 ligu-

144 3574 313 3631 raliter
340 3575 666 3643 celebravit,
698 3578 822 3649 quia
859 3581 1095 3636 nondum
1122 3581 1440 3639 sanctiﬁcati
1464 3594 1622 3642 erant
1647 3585 1714 3644 de

143 3669 378 3738 gentibus
396 3702 411 3733 ,
442 3669 537 3739 qui
565 3683 668 3739 per
695 3669 1042 3742 Evangelium
1065 3671 1267 3729 Christi
1306 3674 1374 3730 ad
1404 3689 1590 3731 verum
1618 3691 1714 3749 pa-

142 3755 255 3810 scha
276 3758 670 3814 celebrandum
704 3762 1037 3817 convocandi
1063 3770 1238 3819 erant.
1280 3764 1436 3821 Unde
1459 3766 1513 3823 in
1543 3767 1712 3824 histo-

141 3845 211 3899 ria
234 3846 483 3904 Ezecbize
509 3847 583 3904 ita
609 3848 870 3921 scriptum
897 3860 999 3908 est.

702 3956 930 4020 CAPUT
974 3952 1157 4021 XXX.‘

142 4044 213 4102 De
237 4047 467 4130 Ezechia
490 4067 607 4130 rege
629 4049 796 4130 uda,
827 4062 883 4130 et_
902 4053 1050 4130 bonis
1077 4055 1339 4130 operibus,
1360 4056 1567 4130 quibus
1596 4058 1711 4115 cul-

419 4129 530 4174 tum
549 4120 783 4176 divinum
807 4120 1135 4180 celeberrime
1161 4120 1450 4201 exhibuit}.

198 4208 351 4267 Inito.
380 4228 505 4284 ergo
534 4213 753 4269 consilio
784 4214 919 4286 regis
944 4223 1016 4270 ‘et
1056 4217 1349 4289 principum
1388 4229 1436 4274 et
1478 4220 1711 4276 universi

139 4310 284 4357 catus
332 4301 674 4359 Hierusalem
695 4345 711 4371 ,
766 4304 1106 4362 decreverunt
1152 4316 1209 4362 ut
1252 4308 1486 4379 facerent
1532 4308 1707 4366 Phase

136 4407 298 4449 mense
335 4394 591 4450 secundo;
634 4393 761 4450 Non
799 4396 938 4451 enim
967 4406 1242 4467 potuerant
1268 4398 1451 4469 facere
1479 4401 1536 4457 in
1569 4410 1703 4457 tem-

1833 1925 1951 2022 bia,
1996 1933 2346 2006 quotidieque
2378 1938 2612 1996 fidelium
2652 1960 2877 2002 numero
2902 1950 3195 2022 crescente,
3226 1925 3413 2019 decre-

1832 2017 1936 2073 scit
1979 2030 2034 2074 et
2081 2024 2383 2080 minoratur
2432 2029 3104 2111 cultura‘daemorniorum,
3154 2017 3325 2108 donec
3353 2017 3411 2110 in

1830 2108 1937 2165 tlne
1964 2114 2150 2168 mundi
2182 2115 2296 2187 ipsa
2321 2119 2584 2177 obruetur
2616 2140 2764 2182 mors
2806 2108 3130 2203 novissima,
3170 2150 3225 2196 et
3259 2108 3408 2200 com-—

1825 2199 2061 2296 ple'bitur
2106 2204 2236 2262 illud
2271 2211 2412 2279 quod
2448 2215 2710 2284 scriptum
2737 2228 2838 2286 est,
2867 2199 3126 2296 Regnabit'
3148 2199 3410 2293 Dominus

1825 2292 1970 2396 s‘olus
1992 2296 2047 2350 in
2067 2297 2152 2352 die
2177 2299 2304 2366 illa;
2338 2308 2392 2358 et
2418 2304 2556 2360 idola
2584 2310 2799 2378 penitus
2827 2292 3202 2387 conterentur,
3233 2341 3407 2396 quan-

1827 2383 1897 2438 do
1939 2398 2165 2455 peracto
2212 2392 2501 2449 universali
2541 2397 2746 2467 judicio
2797 2407 2967 2461 sancti
3017 2424 3136 2466 cum
3188 2383 3407 2476 Christo
3456 2450 3467 2463 ι

1823 2473 2044 2531 cmlcste
2065 2478 2345 2536 intrabunt
2371 2498 2595 2557 regnum
2625 2496 2678 2542 et
2696 2503 3011 2560 peccatores
3039 2515 3163 2557 cum
3190 2473 3405 2565 diabolo

1823 2561 1880 2617 in
1915 2563 2114 2622 inferni
2138 2569 2524 2644 demergentur
2547 2577 2891 2647 profundum.

2372 2705 2602 2765 CAPUT
2638 2706 2852 2771 XXXII.

1821 2809 2477 2910 θξὲςξίιαξξοξζξξίξρελ
2510 2823 2711 2910 ‘quallia
2743 2834 3089 2910 comminatus
3123 2848 3199 2891 est
3229 2839 3403 2910 facere

1892 2893 2083 2981 conisu.
2101 2886 2400 2981 Jeru's‘alem
2427 2900 2477 2945 et
2506 2886 2755 2981 templum
2777 2897 3006 2981 Domini,
3041 2886 3399 2981 gelidai};

1890 2954 2180 3042 vindictae
2210 2954 2667 3042 Dominoprola'ta
2693 2976 2804 3042 εει.-
2826 2968 2906 3023 De

1889 3022 2405 3118 ch'iague‘tusaunitate
2438 3022 2649 3118 ipsius.‘
2684 3034 2762 3090 De
2785 3022 3400 3118 legati‘di’te‘xs'sgrvio-ru‘m

1889 3092 2426 3184 fg‘Eserhiaero;
2447 3092 2704 3183 portento,
2750 3092 2890 3178 quod
2926 3092 3400 3184 aeélcié}bi}'2}"ié
3432 3123 3439 3129 ’

1739 3188 1784 3250 C
1890 3162 2039 3218 obitu
2060 3166 2236 3235 ipsius
2263 3162 2545 3225 EMR‘.‘

1886 3295 2015 3353 Post
2043 3317 2160 3371 quae
2179 3311 2229 3356 et
2256 3303 2562 3375 hujusmo‘di
2594 3308 2859 3368 veritatem
2881 3317 3016 3371 venit
3040 3310 3398 3382 Senuaclterib

1815 3394 1922 3443 res!
1933 3388 2287 3462 Assyriorum,
2318 3406 2367 3450 et
2390 3396 2654 3468 ingressus
2676 3401 2898 3472 ludam,
2932 3408 3131 3466 obsedit
3162 3416 3397 3475 civitates

1813 3484 2046 3540 munitas
2076 3486 2249 3543 volens
2290 3507 2379 3545 eas
2411 3509 2610 3563 capere.
2670 3496 2824 3564 Quod
2855 3517 2973 3554 cum
3012 3505 3221 3562 vidisset
3255 3508 3391 3565 Esc-

1813 3573 1959 3628 cltias
1989 3576 2187 3632 venisse
2214 3578 2409 3636 scilicet
2439 3576 2794 3665 Senna'cherib
2828 3600 2878 3645 et
2907 3602 3074 3649 totum
3096 3597 3217 3651 belli
3239 3599 3397 3665 impe-

1812 3673 1923 3719 tum
1955 3667 2301 3725 verti’contra
2347 3660 2717 3745 Hierusalem,
2761 3680 2891 3735 inito
2929 3701 3046 3738 cum
3070 3660 3397 3758 principibus

1812 3755 2282 3832 consilio'virisque
2311 3760 2611 3833 fortissimis
2647 3778 2704 3822 ut
2736 3756 3036 3827 obturarent
3062 3755 3389 3847 capitavfon-

1811 3844 1942 3898 tium
1968 3847 2213 3917 quierant
2234 3858 2383 3906 extra
2408 3853 2672 3921 urbem,et
2696 3859 2793 3912 hoc
2823 3864 3054 3918 omnium
3082 3844 3395 3926 decernente

1809 3937 2065 3990 sententia
2085 3942 2412 4011 congregavit
2445 3942 2731 4014 plurimam
2778 3940 3171 4008 multitudinem
3220 3965 3269 4010 et
3297 3958 3389 4012 ob-

1809 4034 2116 4082 turaverunt
2170 4034 2405 4087 cunctos
2429 4033 2600 4104 fontes
2658 4047 2706 4092 et
2762 4040 2930 4095 riuum
2971 4044 3064 4114 qui
3105 4046 3299 4115 [luebat
3331 4048 3386 4105 in

1808 4121 1979 4175 medio
2025 4131 2179 4178 teme
2221 4125 2451 4182 dicentes
2476 4169 2491 4195 ,
2538 4146 2602 4185 ne
2630 4134 2842 4187 veniant
2875 4151 3018 4207 reges
3046 4136 3388 4210 Assyriorum

1748 4224 1755 4231 '
1805 4221 1857 4266 et
1886 4212 2151 4269 inveniant
2184 4222 2443 4288 aquarum
2486 4218 2884 4280 abundantiam.
2937 4228 3089 4297 Quod
3127 4231 3390 4292 Ezechias

1808 4301 2190 4363 infest‘aritlbus
2250 4307 2389 4365 bello
2440 4310 2680 4384 Assyriis
2734 4324 2931 4373 terram
2979 4319 3285 4379 Iudaeorum
3332 4336 3389 4384 et

1808 4402 1996 4452 contra
2026 4394 2364 4456 Hierusalem
2392 4404 2785 4474 pugnantibus,
2829 4408 2992 4480 jussit
3020 4410 3197 4470 fontes
3223 4416 3385 4472 obtu-

134 4497 247 4550 pore
267 4499 395 4550 suo,
437 4484 564 4556 quia
592 4484 901 4540 sacerdotes
924 4486 1016 4557 qui
1041 4496 1249 4557 possent
1280 4488 1534 4560 suﬁcere,
1578 4504 1704 4544 san-
1731 4534 1785 4596 υ
1808 4498 1932 4541 rare
1975 4503 2041 4545 ac
2078 4489 2261 4545 rivum
2303 4493 2394 4565 qui
2439 4492 2643 4552 ﬂuebat
2681 4497 2734 4554 in
2775 4502 2953 4558 medio
2985 4502 3162 4572 term,
3192 4522 3262 4561 ne
3288 4523 3383 4566 ve-

139 4572 469 4596 _._..__.,___
496 4575 706 4596 ,______.
794 4583 833 4596 ,.
865 4575 1328 4596 μηηιήηηημω
1379 4595 1411 4596 η
1452 4586 1457 4591 .
1623 4590 1636 4596 -
1808 4576 2065 4596 ,εωμᾈ
2150 4595 2182 4596 κν
2235 4580 2251 4596 .
2392 4582 2404 4596 .
2591 4586 2603 4596 .
2754 4589 2766 4596 -

134 4572 469 4642 dilecti—non
491 4575 738 4645 fueram,
782 4583 833 4631 et
860 4575 1331 4646 populus-necdum
1359 4586 1701 4651 congregatus

133 4663 295 4734 furat
314 4667 374 4723 in
398 4666 758 4724 Hierusalem.
798 4666 914 4724 Hoc
939 4683 1069 4741 ergo
1086 4667 1224 4725 illud
1246 4668 1362 4738 jam
1385 4670 1701 4743 pmﬂgura-
1744 4686 1747 4689 ·

135 4763 235 4811 tum
256 4765 345 4813 est
368 4758 424 4814 in
452 4757 546 4814 illo
570 4758 829 4814 mandato
849 4758 1003 4830 legis,
1030 4773 1139 4830 quo
1162 4759 1699 4835 Dominusprtecepit

130 4859 217 4913 per
236 4846 459 4919 Moysen
475 4854 536 4902 ut
561 4847 634 4902 illi
656 4847 952 4919 quiessent
980 4858 1146 4920 super
1171 4850 1406 4907 animam
1436 4851 1697 4923 immundi
1740 4858 1747 4871 ‘

130 4935 231 4989 sive
258 4937 314 4991 in
346 4937 437 4992 via
480 4938 677 5008 procul
712 4936 971 4996 fecissent
1006 4940 1185 5010 phase
1216 4952 1401 4998 mense
1436 4944 1692 5000 secundo;

127 5024 266 5092 Quod
290 5026 555 5082 nimirum
581 5027 635 5083 in
663 5035 850 5099 typum
870 5028 1193 5100 intelligitur
1212 5029 1488 5102 prolatum
1503 5030 1695 5104 populi
1740 5040 1751 5055 ⁴

126 5118 378 5186 gentium,
407 5120 657 5189 quicum
682 5119 1295 5177 omnibusdaemonibus
1312 5120 1569 5178 fornicati
1595 5123 1697 5178 lm-
1736 5132 1743 5143 ‘

126 5211 299 5266 mundi
318 5211 647 5267 videbantur
660 5211 713 5266 in
737 5210 1183 5278 anima;‘salubri
1209 5226 1338 5269 vero
1359 5211 1698 5273 confessione
1739 5220 1747 5235 '

125 5300 384 5364 mandati.
407 5301 477 5356 ad
504 5301 798 5357 secundam
820 5301 1179 5369 nativitatem,
1198 5303 1436 5373 ‘quasi'in
1459 5307 1705 5363 secunde“
1736 5316 1745 5327 ‘

125 5403 300 5448 meme
325 5392 569 5447 transire
600 5393 1005 5463 praecipiuntur.-
1026 5412 1039 5425 ι
1067 5392 1222 5449 Unde
1258 5393 1311 5449 in
1348 5397 1717 5466 sequentibus

125 5492 232 5551 post
262 5483 755 5540 sanctiﬁcationem
800 5484 1140 5540 sacerdotum
1166 5492 1221 5541 et
1249 5484 1699 5544 Levitarum'om-
1737 5482 1747 5510 ’

125 5574 219 5637 cia,
239 5583 297 5630 et
321 5574 653 5629 hilaritatem
678 5573 852 5645 plebis
877 5574 1296 5642 Judaeorum,-ita
1319 5576 1743 5651 subiungitur!“

189 5665 589 5739 Proselgtorum
622 5683 822 5739 quoque
859 5667 926 5722 de
960 5679 1108 5723 terra
1142 5669 1317 5724 Israel
1356 5681 1405 5726 et
1452 5671 1696 5727 habitans
1720 5680 1743 5693 “

125 5756 247 5811 tius
264 5761 316 5813 in
338 5757 831 5828 ludamyfacteque
857 5768 929 5813 est
950 5759 1459 5831 grtmdis'celebritas
1480 5759 1743 5817 inﬂict-1‘“

1808 4576 2019 4634 nientes
2036 4586 2197 4652 reges
2221 4580 2564 4655 Assyriorum
2589 4586 2894 4645 invenirent
2921 4607 3185 4665 aquarum
3211 4597 3383 4653 abun-

1807 4669 2046 4726 dantiam
2067 4713 2082 4738 ,
2118 4673 2386 4744 signiﬁcat
2424 4676 2567 4748 quod
2595 4689 2784 4735 contra
2825 4690 3064 4753 paganos
3091 4694 3252 4757 atque
3278 4689 3385 4745 ha}-

1804 4759 2004 4815 retieos
2030 4771 2398 4834 repugnantes
2426 4774 2588 4837 atque
2628 4767 3064 4850 blasphemantcs
3103 4776 3379 4848 diligentia

1803 4858 1965 4918 atque
1980 4851 2205 4906 'caulela'
2216 4853 2520 4910 adhibenda
2541 4856 2641 4922 est,
2664 4866 2718 4913 et
2743 4858 3042 4916 divinorum
3069 4879 3383 4923 sacramen-

1803 4946 2199 4997 torum‘eorat‘n
2222 4942 2302 4999 eis
2336 4949 2462 5000 sunt
2492 4945 2717 5004 velanda
2749 4952 3027 5020 mysteria,
3064 4968 3166 5009 nec
3198 4956 3378 5028 impu-

1801 5029 1992 5085 denter
2053 5033 2277 5088 verbum
2345 5030 2461 5091 Dei'
2489 5036 2821 5109 blasphemis
2883 5042 3234 5115 ingerendum
3284 5051 3379 5120 qui

1799 5120 2050 5176 nesciunt
2077 5123 2373 5180 doctrinam
2404 5132 2647 5184 sanctam
2674 5131 2779 5201 piis
2801 5132 3042 5191 moribus
3066 5130 3375 5208 honorare;

1798 5213 1893 5268 sed
1919 5214 2093 5288 magis
2122 5216 2341 5273 student
2361 5220 2457 5275 are
2481 5232 2744 5299 venenato
2767 5220 3026 5284 lacerare.
3082 5229 3237 5289 Unde
3266 5234 3376 5290 Do-

1797 5303 1976 5384 minus
2000 5306 2056 5361 in
2095 5305 2387 5380 Evangelio
2416 5309 2693 5383 discipulis
2732 5316 2846 5371 suis
2872 5310 3117 5390 pmcipit
3143 5323 3329 5379 dicens
3357 5341 3371 5357 ο

1802 5395 1979 5450 Name
2007 5406 2247 5454 sanctum
2272 5400 2400 5456 dare
2425 5402 2641 5459 canibus
2659 5445 2673 5470 ,
2708 5416 2871 5478 neque
2907 5410 3127 5465 mittatis
3154 5429 3368 5481 marga-

1799 5488 1926 5541 ritas
1956 5490 2308 5546 vestras‘ante‘
2334 5506 2538 5562 porcos;
2572 5506 2636 5548 ne
2680 5496 2816 5566 forte
2842 5498 3144 5553 conculcent
3175 5516 3264 5552 eas
3288 5516 3376 5568 pe-

1795 5577 1951 5632 dibus
1971 5579 2139 5645 suis‘,‘
2168 5590 2217 5636 et
2246 5583 2479 5636 conversi
2510 5583 2840 5655 disrumpunt
2876 5603 2963 5640 vos
3002 5584 3216 5652 (Matth.
3245 5587 3368 5642 ml.

1796 5669 1934 5726 Hinc
1949 5668 2260 5726 Paulus'a‘d
2286 5670 2466 5726 Titum
2494 5673 2843 5751 scribensait
2881 5692 2895 5728 :
2935 5673 3251 5728 Hareticum
3275 5675 3374 5730 hoc

1795 5761 2402 5831 mittertt‘post‘ttnant‘et
2442 5762 2729 5815 secundant
2755 5762 3137 5830 c'orreptionem’
3172 5763 3368 5833 desita,
3424 5766 3433 5787 ‘
