3928 6176
413 326 521 383 519

1057 308 1119 363 Β.
1162 301 1416 361 RABANI
1453 298 1668 356 MAI)!“
1707 291 2026 353 ARClZIEP.
2067 288 2376 347 HOC-EST.
2415 283 2699 343 OPERUH
2738 280 2914 337 PARS
2953 279 2994 334 l.

3547 269 3666 325 510

412 437 580 494 sciens
599 426 727 503 quia
751 421 1050 496 liujusmcdi
1082 419 1354 473 subversas
1391 390 1487 503 est,
1513 421 1560 466 et
1586 408 1838 503 delinquit
1862 421 1979 463 cum
2008 411 2060 471 Α
2084 402 2250 475 potuit
2282 400 2420 503 Deus
2451 406 2757 503 cunctarum
2780 381 3680 503 gentium-atquel'lgi-

407 523 472 579 sit
502 518 711 591 proprio
748 512 955 584 judicio
996 507 1367 562 condemnatus

412 585 741 683 psalmistam
787 600 1020 656 dicitur:
1067 595 1232 650 Posui
1259 593 1337 647 ori
1365 608 1477 646 meo
1519 588 1813 644 custodiam
1858 585 1985 683 dum

414 670 720 751 consisteret
752 697 987 763 peccator
1005 684 1278 738 adversum
1293 697 1393 745 me,
1408 677 1639 733 obmutui
1662 685 1710 729 et
1740 670 1989 727 humilia-

414 799 497 841 tus
525 802 639 840 sum
667 793 714 837 et
740 761 863 834 silui
893 796 924 831 a
955 777 1099 830 bonis
1126 771 1297 845 (Psal.
1331 765 1583 840 xxxvm).
1630 764 1771 819 Hinc
1793 771 1849 818 et
1885 761 1987 815 Sac

415 878 593 932 lomou
620 874 675 926 in
702 865 1179 935 Proverbiisjuhet
1210 880 1223 914 :
1252 860 1377 913 Bibe
1423 873 1614 929 aquam
1659 855 1725 908 de
1765 854 1991 906 cisterna

414 977 504 1019 tua
555 972 600 1017 et
645 962 840 1033 ﬂuenta
883 954 1023 1027 putei
1051 953 1151 1017 tui,
1199 950 1387 1004 habeto
1438 965 1501 1002 ea
1575 944 1751 1009 solus,
1798 941 1991 995 nesint

418 1057 578 1111 alieni
612 1051 888 1124 participes
909 1048 982 1099 tui
1008 1042 1188 1116 (Prov.
1217 1039 1294 1112 v);
1326 1039 1446 1093 ﬁdis
1479 1036 1700 1091 auribus
1739 1033 1993 1087 universa

418 1120 804 1203 committenda
850 1144 1004 1201 sunt,
1049 1142 1104 1188 et
1129 1146 1309 1186 coram
1346 1126 1566 1199 perﬁdis
1595 1120 1990 1179 abscondenda.

485 1234 789 1306 Afdificavit
823 1245 1024 1303 quoque
1055 1242 1211 1297 agens
1247 1221 1503 1278 industrie
1542 1233 1744 1273 omnem
1783 1228 1994 1269 murum

413 1329 502 1398 qui
541 1305 711 1394 fuerat
746 1322 1051 1392 dissipatus,
1084 1326 1132 1371 et
1164 1312 1455 1369 construxit
1485 1317 1653 1362 turres
1686 1305 1907 1376 desuper
1946 1311 1995 1357 et

417 1395 711 1491 forinsecus
779 1412 999 1467 alterunt
1031 1423 1261 1470 murum,
1300 1401 1712 1470 instauravitque
1734 1395 1908 1451 'Mello
1941 1395 1999 1449 in

419 1511 622 1566 civitate
653 1503 816 1559 David
850 1511 895 1556 et
928 1500 1048 1572 fecit
1088 1497 1315 1552 universi
1351 1492 1551 1565 generis
1591 1496 1915 1544 armaturam
1948 1492 1999 1539 et

419 1599 651 1667 clypeos,
700 1590 1068 1659 constituitque
1109 1585 1367 1658 principes
1407 1579 1715 1635 bellatorum
1760 1578 1815 1630 in
1852 1590 2000 1629 exer-

1408 474 1534 574 (Tit.
1568 499 1673 570 tu).
1723 474 1862 552 [line
1887 510 1985 565 per
2084 474 2204 547 rare
2238 489 2485 562 populum
2506 501 2659 541 suum
2691 484 2756 537 de
2783 497 2943 536 manu
2966 495 3081 532 mea
3111 486 3158 530 et
3179 474 3243 529 de
3270 490 3437 574 manu
3456 483 3682 542 patruus

2086 594 2341 644 meorum,
2377 582 2748 645 consequenter
2776 587 2867 625 nec
2897 569 3038 623 Deus
3072 575 3237 620 vester
3266 564 3457 633 poterit
3489 578 3683 618 eruere

2087 686 2175 723 vos
2198 669 2260 723 de
2286 669 2383 721 hac
2417 681 2578 719 manu
2612 679 2747 716 mea.
2780 659 2886 715 Sed
2921 672 2970 713 et
3005 657 3114 711 alia
3141 653 3307 708 multa
3348 653 3508 707 locuti
3546 662 3682 709 sunt

2088 760 2224 816 servi
2245 759 2358 829 ejus
2378 765 2560 811 contra
2582 753 2864 806 Dominum
2886 748 3076 812 Deuin,
3110 756 3159 800 et
3181 753 3362 797 contra
3387 741 3684 795 Ezechiam

2090 865 2294 905 servum
2316 846 2451 918 ejus.
2478 842 2742 915 Epistolas
2769 855 2971 913 quoque
2993 837 3198 905 scripsit
3221 833 3399 905 plenas
3427 831 3680 901 blasphe-

2092 941 2211 995 mia:
2247 942 2302 994 in
2324 937 2607 992 Dominum
2631 934 2795 988 Deum
2828 930 3022 997 Israel,
3050 938 3099 984 et
3138 928 3342 983 loeutus
3380 936 3456 980 est
3489 926 3683 980 aduer-

2092 1048 2208 1087 sum
2231 1047 2387 1086 eum:
2411 1027 2560 1083 Sicut
2589 1025 2664 1079 dii
2684 1024 2913 1095 gentium
2935 1030 3244 1077 ca'terarum
3270 1034 3373 1072 non
3391 1027 3683 1088 potuerunt

2094 1122 2315 1175 liberare
2353 1116 2601 1189 populum
2655 1130 2809 1168 suum
2852 1113 2917 1166 de
2952 1127 3112 1166 manu
3139 1126 3275 1174 mea,
3320 1109 3394 1162 sic
3442 1116 3490 1162 et
3535 1106 3682 1161 Deus

2096 1211 2338 1266 Ezechiae
2374 1224 2554 1264 eruere
2584 1222 2690 1260 non
2721 1204 2907 1277 poterit
2940 1200 3189 1273 populum
3221 1215 3375 1254 suum
3407 1198 3471 1252 de
3509 1214 3679 1252 ntanu

2096 1304 2219 1357 ista.
2251 1300 2476 1372 Insuper
2500 1308 2548 1353 et
2577 1296 2805 1352 clamore
2828 1310 3018 1367 magno
3038 1291 3221 1364 lingua
3242 1290 3472 1345 Iudaica
3494 1298 3682 1353 contra

2097 1391 2347 1465 populum
2377 1389 2469 1462 qui
2502 1387 2711 1442 sedebat
2743 1386 2800 1439 in
2831 1384 2995 1438 muris
3014 1379 3313 1437 Jerusalem
3340 1378 3681 1451 personabat,

2100 1493 2156 1537 ut
2194 1490 2406 1536 terreret
2461 1487 2512 1534 et
2544 1475 2871 1549 perturbaret
2912 1490 3000 1528 eos
3045 1481 3094 1526 et
3141 1481 3347 1542 caperet
3394 1469 3681 1523 ciuitatem.

2100 1573 2429 1645 Locutusque
2462 1578 2536 1626 est
2571 1576 2753 1623 contra
2774 1565 3056 1621 Dominum
3075 1562 3395 1628 Ierusalem,
3425 1561 3566 1616 sicut
3590 1558 3686 1614 ad-

420 1654 547 1752 (filii,
577 1654 682 1739 etc.
708 1683 909 1739 Urbem
933 1654 1175 1735 sanctam
1200 1676 1266 1731 de
1282 1654 1399 1746 qua
1425 1672 1689 1741 scriptum
1716 1676 1801 1724 est
1822 1682 1837 1720 :
1864 1663 1998 1720 Urbs
2101 1682 2277 1722 uersus
2297 1664 2423 1718 deos
2432 1659 2745 1733 populorum
2759 1669 3106 1728 terra,opera
3125 1654 3685 1710 manuumliomim.

420 1743 745 1850 fortitudinis
797 1784 988 1827 nostra:
1032 1769 1279 1825 Salvator
1312 1743 1464 1838 llsa.
1518 1761 1691 1835 xxw).
1755 1759 1890 1828 Quia
1940 1758 1997 1812 in
2025 1767 2072 1827 Β
2099 1755 2225 1811 Haec
2261 1754 2443 1811 omnia
2481 1751 2693 1825 plenius
2730 1750 2784 1806 in
2819 1749 3027 1820 Regum
3061 1747 3297 1850 historia
3338 1753 3396 1802 et
3436 1745 3490 1800 in
3531 1743 3686 1847 Isaia

421 1834 604 1924 incute
630 1867 730 1921 sita
759 1865 930 1919 latere
966 1876 1074 1916 non
1101 1865 1295 1929 potest,
1330 1834 1396 1911 de
1420 1870 1526 1926 qua
1555 1861 1611 1908 et
1648 1852 1703 1907 in
1740 1850 1847 1905 alio
1884 1847 2001 1903 loco
2099 1846 2376 1919 propheta:
2399 1843 2674 1900 volumine
2702 1841 3028 1899 referuntur.
3061 1839 3196 1895 Nam
3225 1840 3281 1894 in
3311 1839 3521 1910 Regum
3549 1834 3689 1891 scri-

423 1962 686 2030 scriptum
733 1963 815 2011 est
849 1974 862 2010 :
910 1951 1171 2006 Fluminis
1209 1949 1431 2019 impetus
1475 1943 1707 2014 lietiﬁcat
1742 1940 2003 1996 civitatem

423 2052 522 2106 Dei
549 2048 722 2119 (Psal.
763 2044 909 2118 ην).
950 2042 1018 2098 Et
1046 2055 1262 2097 rursum
1293 2057 1306 2093 :
1333 2034 1575 2091 Gloriosa
1608 2034 1750 2088 dicta
1784 2040 1904 2086 sunt
1938 2030 2005 2084 de

425 2155 494 2208 te,
525 2143 706 2196 civitas
731 2140 827 2194 Dei
871 2134 1045 2211 (Psal.
1076 2131 1320 2205 LXXXVI).
1367 2129 1462 2184 llle
1507 2126 1689 2184 condit
1733 2134 1788 2180 et
1811 2122 2004 2188 munit,

426 2233 492 2287 de
537 2247 643 2303 quo
690 2228 950 2299 loquitur,
1001 2223 1162 2279 Pater
1202 2241 1215 2276 :
1255 2221 1359 2276 Iste
1405 2216 1692 2274 aediﬁcavit
1731 2216 2006 2269 civitatem

427 2336 623 2384 meam,
656 2327 710 2374 et
751 2319 866 2389 ipse
904 2329 1119 2372 omnem
1164 2325 1378 2367 murum
1418 2323 1565 2364 sanie
1604 2305 1724 2362 ﬁdei
1762 2319 1827 2361 ac
1866 2317 2009 2358 verat

428 2410 724 2481 religionis,
760 2408 853 2478 qui
883 2405 1060 2460 fuerat
1087 2401 1291 2457 malitia
1322 2412 1656 2470 paganorum
1693 2395 1807 2451 sive
1833 2394 2010 2449 haere-

431 2501 657 2554 ticorum
684 2498 738 2555 in
775 2497 1043 2568 aliquibus
1068 2494 1377 2563 dissipatus,
1400 2494 1690 2554 restaurat,
1706 2495 1761 2541 et
1781 2483 2013 2541 exstruit

434 2600 610 2646 turres
634 2597 917 2653 Virtutum,
937 2585 1093 2657 ponit
1116 2591 1170 2638 et
1196 2581 1497 2637 forinsecus
1519 2579 1748 2632 alterum
1776 2590 2009 2639 murum,
2052 2586 2059 2597 '

438 2684 542 2737 hoc
577 2689 695 2748 est,
750 2676 1085 2734 antemurale
1122 2674 1263 2746 quod
1306 2673 1361 2728 in
1396 2670 1755 2727 aediﬁcatione
1800 2675 2012 2724 castro-

438 2788 555 2828 rum
584 2756 760 2827 solent
796 2770 990 2826 loricas
1027 2765 1319 2838 appellare,
1347 2778 1473 2819 cum
1497 2762 1760 2817 honorum
1787 2771 2016 2828 operum

438 2872 616 2917 tenere
646 2863 803 2917 docet
829 2858 1099 2915 effectum.
1130 2856 1246 2911 Non
1278 2854 1421 2909 enim
1446 2851 1642 2908 sufﬁcit
1664 2864 1881 2906 murum
1915 2848 2015 2903 ha-

434 2954 564 3010 bere
590 2954 736 3018 lidei,
760 2952 864 3007 nisi
892 2952 1006 3023 ipsa
1027 2949 1162 3005 ﬁdes
1187 2947 1342 3004 bonis
1369 2945 1620 3016 operibus
1646 2941 2014 2999 conﬁrmetur.

440 3042 541 3099 Hic
565 3057 751 3098 murus
779 3049 835 3095 et
867 3040 973 3095 hoc
1001 3034 1338 3093 antemurale
1366 3035 1434 3090 de
1455 3033 1593 3089 vivis
1621 3032 1889 3103 lapidibus
1924 3045 2018 3087 ex-

2101 1946 2253 2008 ptum
2278 1944 2361 1992 est
2388 1936 2530 2007 quod
2554 1950 2698 1990 anno
2725 1934 2886 1989 tertio
2911 1932 3049 1989 Osee
3066 1931 3159 1987 lilii
3187 1931 3306 1996 Ela,
3323 1929 3467 1999 regis
3494 1926 3684 1994 Israel,

2104 2024 2413 2096 regnaverit
2439 2023 2721 2089 Ezechias,
2744 2022 2887 2078 ﬁlius
2902 2021 3082 2077 Achaz
3111 2019 3256 2091 regis
3280 2017 3419 2071 Juda
3442 2035 3456 2070 :
3491 2013 3688 2086 Viginti

2104 2118 2354 2188 quinque,
2381 2112 2578 2184 inquit,
2605 2129 2867 2168 annorum
2892 2120 3006 2166 erat
3029 2127 3147 2165 eum
3182 2124 3399 2180 regnare
3428 2107 3685 2178 coepisset,

2106 2208 2288 2278 viginti
2314 2214 2362 2262 et
2391 2222 2573 2261 nouem
2610 2205 2764 2259 annis
2797 2202 3028 2276 regnavit
3063 2204 3121 2256 in
3144 2198 3466 2266 Jerusalem,
3490 2208 3541 2253 et
3569 2198 3689 2268 fecit

2105 2297 2244 2369 quod
2268 2305 2381 2351 erat
2404 2296 2596 2351 bonum
2614 2312 2793 2350 coram
2808 2294 3051 2359 Domino,
3061 2292 3219 2364 juxta
3239 2292 3417 2348 omnia
3440 2306 3563 2361 qua:
3576 2288 3692 2344 Da-

2109 2386 2196 2442 t‘ld
2221 2396 2369 2458 pater
2390 2388 2505 2460 ejus
2527 2387 2742 2458 fecerat.
2791 2385 2860 2441 Et
2882 2393 3004 2457 post
3025 2385 3296 2456 pauiulum
3323 2403 3336 2440 :
3373 2384 3443 2439 In
3463 2384 3691 2439 Domino

2110 2475 2220 2532 Deo
2242 2477 2412 2533 Israel
2432 2477 2656 2549 speravit
2694 2487 2743 2531 et
2765 2486 2878 2547 post
2904 2490 3023 2531 eum
3057 2493 3159 2531 non
3182 2476 3280 2542 fuit
3302 2475 3488 2530 similis
3522 2476 3604 2530 illi
3632 2475 3696 2530 de

2113 2569 2313 2623 eunetis
2342 2568 2546 2639 regibus
2567 2568 2733 2622 Iuda.
2767 2566 2874 2623 Sed
2908 2583 3072 2639 neque
3102 2566 3159 2621 in
3190 2567 3270 2621 nis
3296 2567 3388 2637 qui
3419 2576 3545 2620 ante
3576 2581 3696 2620 eum

2115 2658 2348 2728 fuerunt.
2382 2658 2613 2713 Adhcesit
2644 2658 2889 2725 Domino,
2914 2668 2962 2713 et
3006 2674 3112 2713 non
3159 2658 3367 2712 recessit
3409 2673 3443 2711 a
3470 2655 3698 2727 uestigiis

2114 2750 2250 2819 ejus,
2275 2748 2500 2821 fecitque
2532 2748 2782 2803 mandata
2808 2749 2923 2819 ejus
2956 2764 3074 2821 qua:
3092 2757 3409 2819 prceceperat
3436 2747 3699 2801 Dominus

2118 2837 2311 2908 Moysi.
2341 2835 2493 2892 Unde
2520 2848 2633 2892 erat
2670 2848 2717 2892 et
2745 2837 3000 2893 Dominus
3035 2855 3155 2893 cum
3192 2854 3275 2905 eo,
3315 2848 3364 2894 et
3406 2838 3463 2891 in
3497 2838 3701 2892 eunetis

2118 2931 2189 2986 ad
2228 2949 2346 3004 qui:
2384 2932 2696 3004 procedebat
2744 2934 3008 3005 sapienter
3025 2951 3082 2988 se
3104 2936 3354 3007 .gerebat.
3408 2931 3704 2987 Rebellaeit

2121 3036 2297 3082 autem
2347 3037 2529 3083 contra
2587 3046 2759 3101 regem
2803 3028 3142 3101 Assyriorum
3172 3039 3221 3084 et
3250 3046 3356 3084 non
3386 3029 3599 3084 servivit
3632 3030 3700 3083 ei.

437 3134 689 3198 struitur,
723 3131 814 3202 qui
843 3130 996 3201 juxta
1039 3127 1353 3199 prophetam
1383 3123 1673 3179 volvuntur
1714 3137 1879 3193 super
1908 3131 2018 3177 ter-
2044 3115 2089 3179 C
2119 3116 2189 3173 In
2223 3117 2377 3190 cujus
2402 3129 2546 3174 sexto
2578 3137 2717 3175 anno
2750 3121 2955 3192 imperii
2990 3121 3075 3175 sui
3102 3120 3453 3176 Salmanasar
3489 3119 3707 3175 τεκὼ-

440 3238 576 3279 ram.
617 3222 761 3277 Idem
787 3235 882 3275 rex
924 3217 1051 3273 fecit
1081 3216 1318 3271 universi
1354 3215 1571 3287 generis
1605 3220 1937 3269 armaturam
1963 3218 2021 3266 et

440 3313 681 3384 clypeos,
716 3324 839 3366 cum
870 3310 1179 3364 sanctarum
1212 3304 1619 3377 Scripturarum
1642 3303 1854 3359 diversa
1893 3317 2023 3359 con-

441 3403 521 3458 dit
552 3399 882 3464 testimonia,
910 3404 967 3452 et
996 3395 1299 3452 doctrinam
1336 3392 1714 3464 Evangelicam
1745 3392 1812 3447 ad
1841 3390 2023 3446 muni-

443 3502 686 3549 mentum
716 3505 827 3546 sum
850 3488 1105 3544 Ecclesiae
1144 3485 1439 3557 componit.
1479 3482 1813 3554 Ordinatque
1836 3481 2025 3537 docto-

446 3601 535 3642 res
581 3584 673 3655 qui
726 3583 1000 3654 principes
1052 3578 1365 3652 specialium
1410 3575 1733 3634 bellatorum
1788 3574 1917 3640 sint,
1972 3579 2030 3627 et

448 3678 755 3733 universam
803 3674 1049 3730 militiam
1099 3683 1246 3728 recte
1294 3685 1359 3726 ac
1407 3667 1804 3725 rationabiliter
1847 3674 2026 3738 agant,

450 3777 739 3839 castraque
763 3766 1018 3822 Ecclesiae
1044 3750 1253 3821 contra
1293 3763 1479 3819 hostes
1512 3760 1796 3817 universos
1832 3774 2032 3831 oppor-

452 3860 580 3913 tune
620 3856 930 3912 defendant.

524 3949 656 4017 Qutc
696 3958 969 4019 postquam
1011 3956 1154 4018 gesta
1191 3954 1334 4013 sunt,
1385 3944 1523 4000 misit
1555 3928 1904 3999 Sennacherib
1943 3959 2035 3998 res:

456 4041 792 4112 Assyriorum
817 4054 991 4093 servos
1018 4054 1141 4092 suos
1176 4038 1231 4090 in
1251 4033 1570 4100 Jerusalem,
1603 4033 1711 4105 ipse
1741 4033 1878 4088 enim
1917 4048 2037 4088 cum

453 4137 695 4190 universo
738 4134 965 4187 exercitu
1002 4131 1268 4187 obsidebat
1298 4128 1505 4196 Lachis,
1540 4128 1609 4182 ad
1630 4127 1913 4182 Ezechiam
1959 4143 2039 4182 re-

454 4243 568 4298 gem
609 4224 756 4279 Juda
795 4233 842 4279 et
884 4223 955 4278 ad
994 4240 1196 4278 omnem
1232 4220 1484 4294 populum
1528 4220 1619 4293 qui
1662 4229 1774 4274 erat
1812 4220 1868 4274 in
1914 4218 2041 4274 urbe

457 4317 632 4370 dicens
658 4335 670 4369 :
700 4313 829 4370 Hcce
884 4315 1009 4368 dicit
1051 4312 1402 4370 Sennacherib
1449 4329 1542 4367 rex
1571 4311 1942 4382 Assyriorum:
1973 4308 2042 4365 In

458 4423 560 4479 quo
600 4407 841 4461 habentes
873 4406 1124 4475 ﬁduciam
1168 4404 1356 4460 sedetis
1399 4403 1591 4458 obsessi
1623 4403 1677 4455 in
1700 4399 1994 4457 Jerusalem
2018 4399 2045 4454 7

464 4497 622 4552 Nunc
645 4496 900 4552 Ezechias
937 4495 1124 4566 decipit
1164 4512 1275 4561 vos,
1320 4504 1377 4549 ut
1414 4494 1590 4549 tradat
1628 4493 1784 4547 morti
1816 4493 1869 4547 in
1900 4492 2041 4562 fame

459 4600 507 4643 et
533 4588 642 4651 siti,
668 4587 931 4657 afﬁrmans
958 4585 1207 4657 quoniam
1229 4582 1485 4638 Dominus
1506 4582 1647 4636 Deus
1674 4591 1836 4637 vester
1864 4582 2041 4636 liberet

461 4698 548 4735 vos
571 4680 634 4733 de
658 4695 817 4732 manu
844 4679 976 4749 regis
997 4675 1351 4747 Assyriorum.
1379 4673 1633 4746 Nunquid
1660 4690 1764 4728 non
1788 4674 1885 4728 iste
1907 4673 2044 4729 Eze-

464 4772 608 4826 chias
636 4768 724 4842 qui
745 4769 999 4823 destrurit
1025 4766 1227 4823 excelsa
1254 4764 1397 4820 illius
1421 4777 1469 4820 et
1495 4764 1706 4829 altaria,
1729 4774 1778 4819 et
1799 4764 2045 4835 prtrcepit

467 4860 624 4913 Judte
653 4868 700 4913 et
717 4858 1013 4913 Jerusalem
1046 4857 1223 4911 dicens
1247 4870 1266 4911 :
1289 4854 1479 4911 Coram
1521 4853 1681 4909 altari
1722 4871 1826 4909 uno
1851 4854 2045 4909 adora-

468 4949 607 5011 bitis,
653 4957 703 5001 et
746 4947 799 5000 in
838 4948 949 5017 ipso
993 4944 1304 5000 comburetis
1352 4943 1659 4999 incensum?
1687 4941 1769 4996 An
1792 4943 2045 5014 ignoratis

469 5059 586 5114 qua:
622 5059 714 5112 ego
749 5042 956 5113 fecerim
994 5051 1042 5097 et
1076 5050 1248 5113 patres
1288 5039 1390 5093 mei
1421 5039 1620 5093 cunctis
1661 5049 1921 5092 terrarum
1953 5054 2048 5110 po-

469 5133 646 5206 pulis?
691 5132 943 5202 Nunquid
966 5131 1346 5204 prcevaluerunt
1375 5132 1449 5185 dii
1468 5132 1696 5202 gentium
1720 5131 2050 5203 omniumque

473 5234 732 5279 terrarum
758 5222 977 5279 liberare
1004 5224 1261 5294 regionem
1292 5239 1441 5277 suam
1463 5222 1527 5278 de
1554 5239 1713 5276 manu
1736 5222 1891 5277 mea?
1918 5221 2048 5288 Quis

473 5326 548 5370 est
574 5322 637 5369 de
665 5315 917 5368 universis
947 5315 1047 5369 diis
1076 5314 1303 5385 gentium
1339 5330 1467 5387 quos
1513 5322 1839 5368 vastaverunt
1874 5323 2048 5384 patres

474 5407 607 5472 mei,
661 5406 751 5478 qui
795 5406 1022 5476 potuerit
1085 5422 1264 5460 eruere
1307 5403 1554 5477 populum
1598 5422 1751 5461 suum
1784 5403 1848 5459 de
1889 5420 2052 5458 manu

475 5517 615 5567 mea,
656 5508 716 5554 ut
745 5499 906 5571 possit
938 5499 1095 5552 etiam
1127 5497 1268 5552 Deus
1308 5508 1471 5553 vester
1509 5514 1689 5552 eruere
1729 5512 1817 5550 vos
1855 5495 1920 5550 de
1953 5495 2052 5550 hac

478 5596 678 5648 manu?
725 5593 845 5649 Non
888 5611 974 5648 vos
1018 5609 1139 5664 ergo
1179 5593 1400 5663 decipiat
1448 5591 1740 5657 Ezechias,
1789 5608 1881 5646 nec
1921 5607 2056 5655 uana

473 5689 813 5758 persuasione
834 5685 1072 5754 deludat,
1100 5700 1262 5755 neque
1291 5682 1514 5739 credatis
1540 5683 1609 5737 ei.
1636 5680 1695 5739 Si
1718 5679 1856 5739 enim
1880 5679 2057 5743 nullus

2119 3210 2383 3280 syriorum
2421 3210 2553 3282 cepit
2593 3210 2896 3268 Samariam
2945 3220 2994 3267 et
3037 3212 3216 3267 decem
3255 3212 3421 3266 tribus
3451 3227 3577 3283 quin
3611 3228 3703 3282 ap-

2119 3300 2385 3373 pellantur
2408 3299 2600 3369 Israel,
2634 3312 2683 3357 et
2709 3302 2977 3357 transtulit
3009 3319 3097 3357 eos
3126 3302 3183 3357 in
3210 3302 3453 3372 Assyrios
3476 3301 3704 3357 colloca-

2122 3394 2293 3464 uitque
2325 3409 2412 3448 eos
2458 3395 2515 3448 in
2536 3392 2715 3448 Hanla
2746 3403 2794 3449 et
2838 3395 2895 3447 in
2938 3392 3141 3460 Habor,
3181 3393 3354 3464 ﬂuviis
3382 3389 3606 3457 Gosan,
3652 3393 3709 3446 iu

2124 3486 2422 3541 civitatibus
2445 3485 2740 3542 Medorum.
2785 3485 2915 3543 Post
2958 3502 3124 3542 annos
3168 3497 3346 3542 autem
3390 3496 3611 3558 septem,
3653 3486 3708 3540 id

2125 3585 2226 3642 est,
2274 3576 2475 3631 decimo
2517 3586 2705 3647 quarto
2760 3593 2899 3632 anno
2943 3575 3206 3642 Ezechiae,
3246 3591 3340 3631 rex
3368 3575 3710 3647 Assyriorum

2130 3667 2486 3724 Sennaclterib
2506 3668 2770 3740 ingressus
2791 3678 2867 3724 est
2886 3667 3155 3737 Iudicum,
3177 3678 3227 3723 et
3240 3668 3453 3729 obsedit
3475 3669 3712 3723 ciuitates

2128 3761 2244 3832 ejus
2286 3761 2515 3817 munitas
2560 3760 2734 3816 volens
2772 3778 2861 3816 eas
2904 3777 3111 3832 capere.
3175 3760 3410 3833 Cumque
3453 3759 3712 3815 obsideret

2135 3852 2346 3920 Lachis,
2377 3853 2519 3908 misit
2553 3852 2624 3907 ad
2647 3869 2767 3908 eum
2789 3851 3045 3908 Ezechias
3082 3854 3293 3907 nuntios
3321 3852 3500 3907 dicens
3520 3867 3542 3906 :
3584 3851 3715 3907 Pee-

2132 3946 2268 4012 eavi,
2306 3947 2486 4002 recede
2519 3963 2552 4002 a
2578 3963 2682 4013 me,
2707 3952 2757 4002 et
2791 3962 2944 4001 omne
2964 3945 3105 4018 quod
3134 3946 3446 4018 imposueris
3477 3944 3613 3999 mihi
3637 3941 3721 4016 fe-

2135 4056 2271 4095 rant.
2319 4039 2552 4112 Cumque
2604 4041 2803 4096 talenta
2863 4051 3094 4097 trecenta
3153 4042 3357 4113 argenti
3411 4050 3459 4095 et
3499 4041 3716 4111 triginta

2136 4131 2257 4185 auri
2309 4130 2379 4186 ad
2429 4132 2563 4203 regis
2620 4133 2898 4203 imperium
2939 4132 3290 4204 persolt'isset,
3317 4132 3500 4202 fractis
3533 4130 3718 4201 jauuis

2137 4222 2313 4294 templi
2328 4223 2543 4278 Domini
2567 4232 2615 4278 et
2646 4222 2857 4278 laminis
2885 4224 3001 4295 ejus
3024 4223 3297 4290 detractis,
3321 4239 3453 4292 quas
3476 4223 3588 4293 ipse
3612 4221 3719 4293 aﬂ-

2138 4325 2310 4383 xerat,
2363 4316 2503 4370 misit
2551 4331 2644 4370 rea:
2687 4315 3024 4386 Assyriorum
3055 4314 3325 4369 Thartltan
3364 4323 3411 4369 et
3450 4312 3719 4383 Rapsaceu

2144 4408 2209 4462 de
2232 4406 2423 4462 Lachis
2458 4407 2528 4461 ad
2565 4424 2733 4479 regem
2759 4407 3042 4463 Ezechiam
3074 4425 3196 4463 cum
3226 4423 3386 4462 manu
3415 4406 3596 4461 ualida
3626 4404 3711 4460 Je-

2145 4498 2395 4555 rusalem.
2435 4499 2538 4566 Qui
2568 4516 2687 4555 cum
2728 4500 3104 4567 ascendissent,
3131 4509 3383 4555 venerunt
3418 4499 3475 4551 in
3499 4496 3722 4552 Ierusa—

2144 4587 2246 4643 lem
2270 4599 2318 4645 et
2356 4599 2604 4646 steterunt
2634 4601 2817 4645 contra
2844 4590 3213 4660 aquazductum
3240 4591 3456 4662 piscina:
3490 4589 3721 4659 superio-

2145 4679 2239 4744 ris,
2261 4695 2378 4750 qua:
2399 4688 2474 4735 est
2507 4680 2564 4735 in
2586 4681 2671 4735 via
2694 4682 2811 4751 agri
2837 4679 3102 4746 Fullonis,
3132 4694 3541 4753 roeauerunrque
3575 4680 3643 4735 ad
3669 4695 3721 4735 se

2146 4785 2337 4841 regem.
2360 4767 2614 4841 Egressus
2648 4778 2725 4824 est
2754 4781 2929 4826 autem
2957 4770 3027 4824 ad
3055 4788 3140 4825 eos
3164 4770 3410 4836 Eliacim,
3433 4771 3579 4840 ﬁlius
3602 4769 3723 4824 Hel-

2150 4859 2272 4926 eice,
2292 4860 2602 4931 prcepositus
2624 4860 2833 4926 domus,
2883 4870 2933 4914 et
2964 4859 3144 4917 Sobna
3185 4861 3378 4926 scriba,
3418 4871 3465 4916 et
3491 4860 3662 4915 Joalte
3689 4878 3721 4914 ο

2148 4954 2561 5029 commentariis.
2597 4952 2845 5024 Dixitque
2884 4952 2954 5007 ad
2985 4970 3074 5008 eos
3097 4953 3357 5024 Rapsaces
3387 4970 3407 5009 :
3431 4952 3725 5025 Loquimini

2152 5039 2400 5098 Ezechiae
2421 5059 2441 5098 :
2476 5041 2606 5097 Haec
2632 5043 2761 5096 dicit
2797 5059 2890 5098 rea:
2920 5059 3141 5114 magnus
3286 5045 3650 5114 Assyriorum.
3674 5052 3727 5096 et

2153 5144 2370 5200 ctetera,
2398 5149 2518 5204 qua:
2547 5134 2614 5188 ad
2642 5133 2857 5205 longum
2898 5134 2951 5188 in
2978 5134 3166 5189 eadem
3195 5133 3420 5188 historia
3446 5133 3738 5190 contini-nc

2154 5231 2243 5279 tur
2296 5222 2403 5296 (IV
2432 5223 2562 5296 Reg.
2605 5224 2783 5295 xviii).
2853 5224 3047 5281 Postea
3101 5233 3282 5280 autem
3352 5225 3469 5295 ipse
3514 5239 3726 5295 quoque

2157 5313 2526 5371 Sennacherib
2578 5315 2802 5370 audiens
2850 5314 3151 5371 Tharacam
3203 5330 3385 5385 regem
3411 5314 3728 5385 IEthiopum

2155 5406 2357 5462 inferre
2389 5406 2492 5464 sibi
2520 5406 2740 5471 bellum,
2766 5407 2976 5462 occurit
3001 5407 3257 5471 venienti,
3286 5413 3344 5461 et
3381 5405 3730 5461 nihilominus

2157 5496 2324 5577 mittit
2368 5496 2586 5552 nuntios
2631 5497 2698 5552 ad
2726 5496 3012 5553 Ezechiam
3060 5504 3117 5552 et
3162 5496 3439 5565 epistolas,
3488 5502 3551 5549 ut
3598 5506 3732 5563 quos

2160 5590 2392 5648 necdum
2422 5589 2629 5645 viribus
2668 5598 2908 5661 ceperat,
2937 5604 3185 5651 sermone
3225 5595 3477 5651 terreret,
3507 5597 3565 5642 et
3597 5598 3734 5656 quo-

2117 5754 2121 5757 _
2161 5678 2320 5738 modo
2342 5677 2541 5763 populo
2564 5678 2814 5762 dixerat:
2843 5678 2961 5738 Non
2989 5688 3043 5740 te
3071 5678 3305 5752 decipiat
3327 5677 3616 5746 Ezechias,
3650 5688 3741 5731 ea-
