3870 6146
195 290 288 345 521

1141 275 1492 332 ΟΟΜΜΕΝΤ.
1533 275 1600 330 lN
1641 274 2194 332 PARALIPOMENA.
2238 305 2304 316 —-—
2345 275 2469 330 LIB.
2507 277 2591 335 IV.

3357 277 3466 334 5952

196 409 312 462 dem
339 397 674 470 blasphemia
707 393 944 462 loquitur
971 393 1036 446 ad
1065 394 1287 461 regem:
1315 388 1431 443 Non
1463 397 1516 444 te
1541 389 1776 459 decipiat
1803 393 1850 452 Α
1879 387 2114 450 cederet,
2155 395 2494 456 contemptor
2518 385 2628 439 veri
2671 384 2763 438 Dei
2805 385 2859 439 in
2901 384 3026 439 fano
3066 384 3187 441 falsi
3231 387 3472 445 numinis

197 495 334 547 Deus
369 501 517 545 tuus.
564 486 831 555 Ponitque
873 482 1118 552 exempla
1165 480 1429 550 majorum
1473 479 1617 547 quod
1645 494 1780 548 quo-

197 581 350 638 modo
374 590 605 635 caeteras
627 587 802 634 terras
832 592 938 631 non
966 581 1216 646 poterant
1235 573 1468 627 liberare
1496 571 1568 625 dii
1607 572 1688 626 sui
1713 571 1781 625 de

199 673 443 728 manibus
491 685 703 735 eorum,
755 669 836 724 sic
881 681 980 721 nec
1024 663 1324 720 Jerusalem
1355 661 1631 716 liberetur.
1671 660 1780 715 Pu-

197 781 383 837 gnasse
409 772 596 819 autem
619 759 990 817 Senoacherib
1017 773 1197 828 regem
1217 754 1566 826 Assyriorum
1590 763 1781 807 contra

200 857 496 929 ﬁgyptios,
528 862 585 911 et
604 853 882 909 obsedisse
906 850 1198 914 Pelusium,
1223 849 1445 919 jamque
1491 847 1783 902 exstructis

199 953 478 1024 aggeribus
516 950 652 1005 urbe
694 947 974 1018 capienda,
1014 944 1229 999 venisse
1253 943 1555 997 Tharacam
1602 953 1782 1010 regem

202 1043 553 1112 Ethiophum
595 1040 649 1094 in
683 1037 962 1099 auxilium,
995 1051 1064 1091 ex
1100 1049 1208 1088 una
1243 1042 1404 1088 nocte
1435 1033 1587 1102 juxta
1624 1028 1783 1084 Jeru-

201 1136 357 1191 salem
383 1131 618 1196 l85,000
639 1130 911 1185 exercitus
938 1127 1142 1199 Assyrii
1177 1126 1483 1196 pestilentia
1514 1123 1786 1179 corruisse

201 1234 377 1282 narrat
407 1223 738 1287 Herodotus,
766 1229 820 1275 et
849 1218 1162 1290 plenissime
1201 1218 1435 1272 Berosus
1486 1213 1786 1270 Chaldaicze

204 1318 429 1386 scriptor
481 1312 746 1377 historiae,
797 1324 1029 1379 quorum
1079 1307 1212 1363 ﬁdes
1246 1307 1313 1362 de
1357 1305 1592 1376 propriis
1633 1302 1788 1357 libris

202 1404 420 1478 petenda
447 1411 550 1459 est.
595 1401 660 1456 Et
685 1400 802 1454 tulit
825 1399 1081 1453 Ezechias
1116 1397 1275 1451 libros
1299 1399 1363 1450 de
1389 1412 1550 1450 manu
1579 1392 1788 1448 nuntio-

203 1517 312 1553 rum
345 1508 393 1551 et
423 1497 546 1566 legit
575 1511 684 1560 eos,
715 1502 762 1546 et
791 1489 1024 1545 ascendit
1058 1490 1112 1543 in
1141 1489 1355 1543 domum
1383 1485 1595 1540 Domini
1626 1493 1674 1538 et
1699 1498 1789 1536 ea:-

203 1589 380 1660 pandit
405 1604 494 1642 eos
515 1600 693 1639 coram
721 1582 961 1644 Domino,
993 1589 1039 1634 et
1071 1579 1237 1633 oravit
1260 1577 1543 1631 Dominum
1576 1575 1795 1654 dicens;

208 1679 421 1734 Domine
453 1676 777 1730 exercituum
798 1671 941 1724 Deus
968 1669 1161 1733 Israel,
1192 1667 1282 1739 qui
1309 1667 1455 1721 sedes
1484 1681 1642 1735 super
1670 1665 1790 1720 che-

1882 478 2210 541 trucidatur,
2243 491 2340 530 nec
2379 476 2554 546 angeli
2597 476 2735 546 perit
2762 476 2959 546 gladio,
2989 477 3131 546 quod
3163 489 3282 532 erat
3319 494 3470 534 com-

1885 583 2046 622 mune
2093 568 2373 638 pluribus,
2421 569 2515 623 sed
2559 569 2851 638 parricidio
2901 567 3157 623 ﬁliorum.
3202 569 3464 638 Quicum

1883 657 2148 728 fugissent
2175 658 2227 712 in
2256 667 2456 713 terram
2482 657 2738 725 Ararath,
2768 659 2912 729 quod
2938 659 3259 731 intelligitur
3282 663 3473 718 Arme-

1884 749 2015 812 nim,
2063 751 2327 805 successit
2371 750 2424 804 in
2466 751 2640 820 patris
2693 750 2869 806 locum
2899 752 3274 820 Asarhaddon,
3307 770 3469 825 quem

1886 837 2164 909 Scriptura
2235 849 2467 896 testatur
2533 842 2747 898 misisse
2807 844 3141 900 habitatores
3188 844 3471 902 Samariat.

1887 928 2174 994 Successit,
2207 947 2274 985 ne
2302 942 2447 986 terra
2471 943 2717 987 maneret
2748 934 2968 989 inculta.
3007 935 3240 991 Ararth
3290 947 3472 995 autem

1887 1019 2036 1088 regio
2071 1020 2124 1073 in
2150 1021 2408 1075 Armenia
2453 1022 2778 1091 campestris
2806 1032 2909 1087 est,
2951 1039 3048 1092 per
3085 1041 3248 1095 quam
3269 1028 3475 1084 Araxes

1885 1107 2004 1163 ﬁuit
2039 1110 2370 1166 incredibilis
2407 1112 2670 1166 ubertatis
2713 1113 2780 1166 ad
2823 1115 3032 1170 radices
3061 1117 3224 1172 Tauri
3251 1121 3470 1185 montis,

1887 1201 1978 1270 qui
2009 1216 2178 1271 usque
2206 1201 2332 1258 illuc
2361 1202 2688 1258 extenditur.
2718 1203 2858 1275 Ergo
2888 1215 2943 1260 et
2969 1222 3093 1262 arca
3123 1208 3174 1262 in
3206 1225 3310 1278 qua
3337 1211 3474 1266 libe-

1891 1301 2041 1347 ratus
2074 1301 2158 1348 est
2188 1292 2301 1348 Noe
2330 1310 2452 1348 cum
2481 1294 2665 1350 liberis
2693 1296 2806 1350 suis
2837 1306 3084 1353 cessante
3119 1300 3342 1368 diluvio,
3368 1318 3474 1356 non

1889 1384 1957 1438 ad
1987 1392 2198 1438 montes
2230 1385 2553 1454 generaliter
2573 1384 2842 1442 Armeniae
2868 1388 3046 1443 delata
3087 1399 3188 1456 est,
3221 1407 3340 1461 quae
3385 1409 3478 1462 ap-

1889 1476 2158 1545 pellantur
2183 1476 2435 1531 Ararath.
2485 1476 2591 1532 Sed
2626 1479 2692 1533 ad
2725 1488 2936 1535 montes
2959 1481 3123 1535 Tauri
3161 1482 3475 1550 altissimos,

1893 1567 1986 1636 qui
2014 1568 2250 1622 Ararath
2281 1569 2563 1624 imminent
2589 1571 2812 1639 campis.

1964 1660 2030 1714 In
2054 1661 2234 1715 diebus
2257 1660 2362 1715 illis
2383 1664 2652 1732 (egrotavit
2679 1663 2933 1718 Ezechias
2957 1681 3120 1733 usque
3143 1668 3212 1720 ad
3237 1676 3474 1735 mortem,

207 1769 394 1832 rubim,
428 1777 487 1819 tu
523 1781 576 1819 es
596 1763 737 1817 Deus
771 1760 916 1815 solus
950 1759 1182 1812 omnium
1221 1771 1498 1826 regnorum
1533 1763 1706 1818 terra',
1734 1764 1789 1806 tu
1819 1746 1866 1804 Β
1893 1762 1940 1805 et
1967 1753 2131 1806 oravit
2159 1752 2468 1819 Dominum,
2506 1755 2870 1826 exaudivitque
2913 1774 3052 1823 eum,
3081 1767 3128 1812 et
3154 1759 3300 1813 dedit
3330 1761 3375 1814 ei
3406 1763 3481 1816 si-

209 1859 368 1929 fecisti
402 1855 589 1911 caelum
617 1864 664 1907 et
697 1862 911 1914 terram,
949 1847 1145 1902 inclina
1167 1860 1350 1899 aurem
1385 1854 1531 1896 tuam
1562 1852 1610 1896 et
1636 1841 1782 1899 audi.

208 1950 379 2020 aperi,
411 1945 659 2008 Domine,
703 1939 880 1996 oculos
923 1949 1040 1991 tuos
1081 1945 1129 1989 et
1170 1935 1317 2000 vide,
1364 1943 1413 1987 et
1453 1933 1579 1986 audi
1611 1933 1787 1985 omnia

208 2038 353 2094 verba
383 2031 737 2091 Sennacherib
765 2045 882 2101 qua:
924 2027 1065 2081 misit
1102 2024 1172 2078 ad
1197 2021 1660 2093 blasphemandum
1686 2019 1791 2074 Do-

210 2130 402 2184 minum
434 2126 707 2181 viventem.
751 2119 878 2174 Vere
919 2117 1079 2181 enim,
1108 2115 1351 2179 Domine,
1386 2112 1617 2166 desertas
1656 2110 1792 2180 fece-

209 2231 323 2275 runt
369 2234 513 2289 reges
535 2215 872 2285 Assyriorum
917 2220 1084 2263 terras
1129 2217 1177 2262 et
1222 2206 1458 2276 regiones
1498 2218 1701 2266 earum,
1742 2209 1791 2254 et

210 2288 459 2364 dederunt
501 2306 624 2359 deos
658 2318 840 2357 earum
883 2299 1013 2370 igni.
1057 2295 1182 2351 Non
1209 2295 1348 2349 enim
1382 2301 1530 2346 erant
1562 2291 1656 2345 dii.
1688 2288 1790 2344 Sed

209 2414 359 2469 opera
382 2408 639 2449 manuum
666 2388 934 2444 hominum
959 2402 1024 2440 ea:
1047 2385 1187 2456 ligno
1209 2391 1255 2437 et
1282 2379 1477 2451 lapide,
1503 2388 1550 2433 et
1579 2377 1793 2432 commi—

212 2468 428 2544 nuerunt
463 2501 571 2539 eos.
606 2482 674 2535 Et
699 2496 860 2544 nunc,
886 2476 1106 2531 Domine
1129 2474 1272 2529 Deus
1299 2481 1495 2536 noster,
1529 2468 1674 2524 salva
1700 2485 1792 2522 nos

209 2577 448 2630 demanu
483 2574 623 2642 ejus,
651 2581 706 2624 ut
736 2576 1048 2639 cognoscant
1085 2564 1261 2619 omnia
1298 2578 1458 2632 regna
1491 2569 1644 2614 terra:
1667 2559 1793 2629 quia

210 2679 264 2723 tu
282 2685 335 2722 es
355 2666 617 2722 Dominus
641 2663 782 2717 Deus
809 2669 984 2714 noster
1006 2657 1168 2713 solus.
1199 2655 1399 2711 Contra
1424 2651 1794 2708 Sennacherib

212 2759 351 2829 regis
385 2752 756 2824 blasphemias
791 2747 1097 2818 hujusinodi
1135 2745 1399 2800 Ezechias
1427 2756 1579 2796 arma
1617 2738 1793 2795 corri-

210 2850 342 2921 puit.
377 2847 575 2904 Oravit
606 2853 662 2900 et
683 2843 848 2900 Isaias
875 2841 1162 2913 prOpheta,
1190 2837 1331 2892 sicut
1357 2833 1641 2906 praesentis
1671 2831 1795 2888 libri

210 2942 434 2998 historia
460 2938 702 2995 ostendit
722 2937 935 2993 dicens:

279 3032 579 3088 Oraoerunt
617 3046 738 3100 ergo
763 3028 1020 3083 Ezechias
1061 3042 1153 3080 rea:
1190 3036 1236 3079 et
1267 3024 1440 3079 Isaias
1470 3021 1615 3092 ﬁlius
1639 3024 1794 3076 Amos

1891 1860 2071 1912 gnum.
2118 1845 2220 1899 Sed
2267 1861 2370 1898 non
2399 1846 2561 1915 juxta
2596 1847 2844 1917 beneﬁcia
2875 1865 2994 1918 qua:
3026 1863 3294 1921 acceperat
3331 1855 3482 1908 retri-

1892 1934 2022 1999 buit,
2056 1938 2182 2005 quia
2215 1937 2468 1990 eleuatum
2503 1947 2578 1990 est
2620 1954 2710 1991 cor
2748 1938 2880 2008 ejus,
2917 1949 2966 1993 et
3005 1939 3150 2008 facta
3177 1952 3251 1996 est
3293 1953 3477 1998 contra

1890 2040 2006 2078 eum
2039 2024 2122 2077 ira
2160 2033 2211 2078 et
2251 2034 2432 2078 contra
2466 2024 2667 2079 ludam
2709 2043 2770 2080 ac
2804 2027 3136 2096 Jerusalem,
3181 2040 3287 2087 etc.
3354 2033 3480 2090 Haec

1891 2114 2073 2170 omnia
2111 2113 2322 2183 plenius
2361 2113 2414 2168 in
2454 2114 2596 2193 libro
2620 2115 2823 2187 Regum
2868 2118 3072 2187 scripta
3105 2120 3474 2188 inveniuntur,

1892 2209 1982 2264 ubi
2034 2208 2231 2278 legitur
2277 2209 2421 2277 quod
2467 2208 2733 2264 Ezechias
2783 2210 3128 2281 aegrotaverit
3181 2227 3352 2282 usque
3414 2215 3482 2269 ad

1893 2309 2146 2365 mortem,
2193 2308 2250 2355 et
2290 2300 2562 2356 introierit
2605 2301 2673 2356 ad
2723 2316 2846 2356 eum
2907 2303 3074 2359 Isaias
3133 2303 3274 2360 ﬁlius
3313 2303 3482 2361 Amos

1892 2394 2150 2463 propheta
2174 2391 2358 2446 dicens
2375 2391 2457 2445 ei:
2483 2390 2610 2446 Haec
2635 2392 2761 2446 dicit
2781 2393 3032 2448 Dominus
3050 2393 3212 2449 Deus.
3239 2392 3476 2466 Prazcipe

1894 2486 2074 2540 domui
2113 2495 2238 2551 tute,
2267 2483 2508 2538 morieris
2532 2484 2669 2538 enim
2699 2495 2746 2538 et
2779 2468 2883 2539 non
2912 2486 3066 2540 vives.
3101 2485 3205 2551 Qui
3229 2487 3478 2540 convertit

1895 2577 2083 2646 faciem
2107 2593 2261 2631 suam
2293 2576 2361 2630 ad
2385 2576 2654 2646 parietem,
2688 2584 2736 2630 et
2772 2576 2936 2630 oravit
2962 2575 3241 2630 Dominum
3271 2575 3480 2630 dicens:

1904 2669 2162 2734 Obsecro,
2197 2669 2450 2734 Domine,
2507 2679 2763 2723 memento
2804 2667 3065 2739 quomodo
3109 2668 3484 2723 ambulaverim

1896 2776 2075 2814 coram
2127 2769 2177 2814 te
2215 2760 2271 2813 in
2321 2757 2539 2812 veritate
2586 2767 2632 2810 et
2675 2758 2730 2811 in
2773 2757 2928 2811 corde
2973 2756 3221 2827 perfecto,
3261 2766 3309 2811 et
3343 2757 3484 2827 quod

1896 2848 2143 2920 placitum
2173 2858 2246 2902 est
2274 2863 2450 2902 coram
2479 2857 2528 2900 te
2557 2844 2786 2915 fecerim.
2830 2843 2994 2900 Flevit
3022 2848 3198 2916 itaque
3222 2846 3478 2900 Ezechias

1898 2939 2024 3009 ﬂetu
2048 2954 2236 3009 magno
2265 2935 2371 3008 (IV
2394 2933 2518 3006 Reg.
2549 2935 2657 3005 xx).
2711 2933 2882 3002 Quem
2914 2935 3058 2990 enim
3088 2935 3262 3006 diligit
3291 2936 3473 2990 Domi-

1899 3045 2002 3084 nus
2029 3028 2273 3099 corripit,
2303 3036 2356 3084 et
2385 3027 2612 3097 castigat
2639 3041 2856 3080 omnem
2883 3025 3049 3080 lilium
3072 3040 3231 3095 quem
3261 3026 3470 3096 recipit.

207 3125 482 3195 Ρνορίιειεδ
519 3121 796 3176 advenam
828 3119 963 3172 hanc
998 3115 1404 3186 blasphemiam,
1443 3120 1493 3166 ει
1529 3107 1800 3180 vociferati
1828 3101 1872 3162 (ἶ
1902 3119 1980 3175 Ne
2004 3120 2245 3175 elevetur
2266 3134 2362 3175 cor
2387 3117 2634 3174 Ezechiae
2663 3125 2786 3188 post
2816 3117 3157 3172 incredibiles
3183 3116 3482 3187 triumphos

209 3223 330 3267 sunt
361 3227 533 3283 usque
561 3210 618 3264 in
651 3208 856 3264 calum.
893 3206 959 3260 Et
992 3205 1130 3259 misit
1158 3201 1415 3257 Dominus
1441 3199 1686 3272 angelum
1712 3198 1801 3269 qui

207 3306 462 3376 percussit
508 3318 714 3357 omnem
767 3301 936 3356 uirum
990 3298 1259 3352 robustum
1317 3304 1364 3350 et
1411 3293 1709 3349 bellatorem
1754 3301 1801 3346 et

207 3396 500 3464 principem
523 3393 779 3447 exercitus
809 3392 942 3461 regis
962 3389 1331 3459 Assyriorum;
1370 3399 1706 3454 reversusque
1726 3393 1802 3436 est

210 3498 330 3535 cum
377 3481 673 3553 ignominia
709 3480 766 3534 in
811 3488 1005 3533 terram
1044 3493 1217 3531 suam.
1267 3475 1502 3544 Cumque
1538 3474 1802 3542 ingressus

208 3579 342 3625 esset
365 3571 585 3624 domum
612 3568 696 3623 dei
722 3567 830 3632 sui,
852 3566 971 3636 ﬁlii,
994 3567 1083 3637 qui
1104 3565 1298 3636 egressi
1320 3563 1530 3634 fuerant
1560 3561 1624 3614 de
1659 3570 1805 3614 utero

210 3660 352 3729 ejus,
373 3658 749 3728 interfecerunt
769 3673 886 3711 eum
907 3656 1107 3727 gladio,
1127 3663 1232 3710 etc.
1263 3654 1514 3724 Egressus
1535 3659 1609 3706 est
1631 3659 1805 3704 autem

207 3750 432 3819 angelus
469 3748 686 3803 Domini
743 3761 791 3802 et
830 3747 1084 3818 percussit
1141 3747 1198 3799 in
1239 3745 1426 3799 castris
1470 3742 1806 3813 Assyriorum

208 3850 420 3893 centum
469 3847 519 3892 et
560 3838 824 3908 octoginta
862 3837 1086 3907 quinque
1136 3833 1338 3901 millia,
1380 3843 1428 3887 et
1469 3840 1806 3886 surrexerunt

205 3948 391 3996 mane,
432 3939 481 3984 et
513 3946 629 3984 ecce
655 3928 833 3983 omnia
864 3928 1124 3982 cadavera
1163 3937 1509 3981 mortuorum.
1538 3923 1607 3976 Et
1642 3938 1807 3993 egres-

204 4040 300 4076 sus
332 4034 414 4078 est
441 4034 490 4076 et
517 4022 666 4086 abiit,
693 4031 740 4075 et
772 4037 1006 4075 reversus
1043 4029 1118 4074 est
1141 4016 1494 4074 Sennacherib
1536 4032 1627 4070 rex
1649 4015 1808 4085 Assy-

205 4111 443 4177 riorum,
465 4110 781 4165 ethabitaeit
813 4109 867 4161 in
909 4109 1119 4162 Ninire.
1148 4107 1216 4160 Et
1240 4107 1438 4177 factum
1469 4114 1542 4159 est
1567 4122 1686 4159 cum
1708 4103 1807 4157 ad-

203 4215 394 4258 oraret
418 4205 474 4256 in
499 4201 692 4272 templo
715 4201 952 4255 Nesroch
985 4200 1254 4253 dominum
1270 4215 1445 4265 suum,
1467 4196 1807 4252 Adramelech

201 4303 253 4348 et
290 4292 537 4347 Sarasar
575 4291 678 4360 [ilii
715 4289 830 4359 ejus
877 4296 1246 4360 percusserunt
1274 4303 1394 4342 eum
1425 4285 1624 4358 gladio,
1659 4286 1810 4356 fuge-

199 4395 446 4454 runtqsse
491 4383 547 4436 in
595 4391 789 4435 terram
833 4380 1220 4433 Armeniorum.
1266 4377 1334 4431 Et
1372 4377 1600 4448 regnavit
1646 4382 1809 4430 Λεαν-

199 4474 440 4527 haddon
468 4471 614 4540 ﬁlius
648 4471 764 4540 ejus
807 4487 900 4540 pro
943 4485 1003 4523 eo
1043 4466 1150 4540 (IV
1172 4467 1299 4538 Reg.
1343 4468 1480 4538 xix).

195 4561 494 4633 octoginta
529 4559 768 4630 quinque
798 4557 962 4612 millia
1003 4557 1420 4613 fortissimorum
1457 4557 1700 4611 vivorum
1737 4557 1804 4610 ab

195 4667 317 4705 uno
363 4650 562 4722 angelo
612 4664 720 4704 una
750 4656 909 4704 nocte
935 4649 1230 4712 czeduntur,
1260 4657 1316 4704 et
1343 4647 1546 4716 absque
1572 4647 1806 4703 vulneri-

192 4744 311 4799 bus
343 4741 659 4796 occisorum
692 4754 838 4794 mors
866 4754 1008 4794 saeva
1041 4737 1319 4804 discurrit,
1354 4737 1654 4793 excludens
1681 4753 1806 4792 cor-

193 4834 449 4903 poribus
483 4833 694 4888 animas
721 4831 935 4887 Domini
971 4830 1274 4896 voluntate,
1319 4830 1575 4899 solusque
1623 4845 1717 4885 rex
1743 4845 1808 4885 eo

192 4935 472 4995 tempore
509 4923 713 4979 idcirco
742 4930 1053 4978 reservatus
1085 4931 1190 4986 cst,
1220 4931 1279 4976 ut
1316 4923 1478 4976 sciret
1511 4922 1808 4990 potentiam

1902 3220 1957 3268 et
1985 3211 2051 3266 de
2090 3211 2262 3266 media
2308 3210 2624 3282 captivitate
2658 3209 2964 3274 victoriam,
3007 3209 3316 3264 inﬁrmitate
3356 3225 3481 3264 cor-

1902 3302 2048 3371 poris
2073 3302 2344 3366 visitatur,
2377 3310 2434 3357 et
2459 3301 2609 3357 audit
2647 3313 2706 3356 se
2740 3315 2860 3356 esse
2888 3301 3231 3365 moriturum,
3264 3308 3323 3354 ut
3352 3315 3484 3355 con—

1904 3404 2093 3444 versus
2134 3391 2200 3444 ad
2229 3391 2515 3445 Dominum
2554 3389 2736 3446 ﬂectat
2778 3390 3102 3444 sententiam
3145 3389 3280 3460 ejus.
3330 3389 3484 3456 Quod

1904 3481 2122 3552 quidem
2157 3489 2212 3535 et
2241 3482 2292 3536 in
2317 3479 2450 3536 Jona
2494 3482 2755 3552 propheta
2791 3480 3021 3552 legimus
3059 3491 3114 3537 et
3151 3481 3205 3535 in
3252 3483 3480 3537 commi-

1904 3569 2212 3625 nationibus
2262 3579 2451 3625 contra
2524 3569 2728 3634 David,
2784 3585 2904 3640 qum
2973 3571 3226 3626 dicuntur
3273 3567 3475 3634 futura,

1905 3675 2008 3716 nec
2045 3659 2190 3715 facta
2225 3668 2367 3724 sunt,
2413 3675 2521 3715 non
2551 3661 2662 3716 Deo
2707 3670 2951 3716 mutante
2993 3661 3341 3724 sententiam,
3385 3661 3481 3714 sed

1904 3758 2229 3819 provocante
2256 3752 2552 3804 humanum
2581 3764 2748 3820 genus
2785 3752 2850 3805 ad
2885 3751 3135 3806 notitiam
3173 3749 3276 3804 sui.
3306 3749 3486 3804 Domi-

1907 3857 2009 3896 nus
2040 3841 2184 3896 enim
2226 3841 2497 3909 panitens
2534 3848 2618 3895 est
2652 3855 2815 3910 super
2855 3840 3098 3895 malitiis.
3139 3838 3488 3908 Audiensque

1907 3947 1967 3988 se
2007 3947 2128 3987 esse
2169 3931 2492 3986 moriturum
2541 3945 2648 3985 non
2699 3938 2954 4000 precatur
2995 3930 3160 3984 vitam
3215 3939 3270 3986 et
3315 3946 3486 3986 annos

1906 4021 2189 4092 plurimos,
2236 4022 2332 4076 sed
2382 4021 2435 4075 in
2482 4020 2576 4075 Dei
2611 4019 2818 4089 judicio
2862 4021 3006 4090 quod
3048 4020 3177 4075 velit
3230 4029 3490 4091 praestare

1909 4110 2153 4165 dimittit.
2199 4108 2436 4164 Noverat
2475 4109 2619 4165 enim
2663 4109 2865 4165 idcirco
2897 4109 3006 4164 Deo
3039 4109 3306 4179 placuisse
3334 4109 3487 4165 Salo-

1911 4215 2147 4266 monem,
2193 4200 2336 4271 quod
2374 4215 2546 4256 annos
2591 4200 2714 4255 vitae
2763 4215 2870 4255 non
2911 4200 3126 4270 petierit
3178 4201 3490 4271 ampliores,

1909 4291 2004 4346 sed
2033 4304 2328 4344 conversus
2365 4289 2434 4344 ad
2457 4287 2743 4344 Dominum
2783 4298 2970 4344 narrat
3002 4303 3167 4359 opera
3207 4305 3327 4354 sua,
3359 4304 3492 4358 quo-

1912 4382 2072 4437 modo
2107 4379 2467 4436 ambulaverit
2503 4394 2687 4436 coram
2717 4396 2782 4436 eo
2818 4382 2870 4435 in
2903 4381 3130 4436 veritate
3158 4389 3214 4435 et
3246 4381 3300 4435 in
3327 4382 3492 4435 corde

1577 4466 1804 4523 Centum
1834 4451 1886 4511 Ῑ)
1912 4470 2171 4540 perfecto.
2206 4469 2356 4545 Felix
2399 4469 2751 4535 conscientia,
2777 4486 2898 4540 qua:
2923 4469 3224 4525 alllictionis
3253 4478 3493 4540 tempore

1911 4564 2172 4618 bonorum
2230 4575 2451 4631 operum
2506 4560 2842 4616 recordatur.
2914 4561 3066 4615 Beati
3115 4560 3252 4614 enim
3297 4559 3492 4614 mundo

1913 4654 2088 4721 corde,
2127 4654 2376 4726 quoniam
2415 4653 2514 4724 ipsi
2561 4653 2727 4708 Deum
2768 4653 3009 4708 videbunt
3047 4651 3261 4724 (Matth.
3293 4658 3380 4721 v);
3438 4660 3495 4706 et

1914 4746 2185 4816 quomodo
2227 4744 2354 4800 alibi
2398 4744 2653 4800 scribitur
2694 4763 2707 4798 ε
2749 4743 2881 4810 Quis
2933 4743 3252 4814 gloriabitur
3296 4757 3492 4812 purum

1915 4838 2120 4893 habere
2151 4851 2209 4892 se
2243 4836 2370 4891 eor?
2399 4835 2549 4903 Quod
2587 4836 2666 4890 sic
2705 4836 2779 4890 ita
2812 4835 3059 4902 solvitur,
3103 4833 3491 4906 perfectionem

1915 4926 2094 4982 cordis
2130 4911 2189 4980 in
2211 4941 2277 4981 eo
2309 4940 2450 4980 nunc
2475 4924 2601 4988 dici,
2629 4925 2773 4995 quod
2811 4924 2953 4980 idola
2980 4925 3317 4980 destruxerit
3353 4931 3492 4980 tem-

191 5016 304 5070 Dei
346 5022 417 5068 et
451 5013 882 5083 blasphemantia
914 5027 1010 5067 ora
1053 5011 1401 5081 opprimeret,
1434 5011 1694 5082 ﬁeretque
1730 5025 1811 5067 Ie-
1912 5015 2009 5087 pli,
2035 5016 2219 5070 valvas
2247 5015 2539 5086 aperuerit,
2585 5023 2890 5084 serpentem
2925 5029 3132 5070 aeneum
3161 5014 3500 5070 comminue-

182 5109 303 5163 stis
330 5105 491 5160 illius
526 5105 826 5175 majestatis
853 5119 1013 5174 quam
1045 5103 1206 5173 paulo
1229 5113 1355 5158 ante
1391 5111 1809 5174 contempserat.
1914 5108 2007 5170 rit,
2039 5117 2093 5161 et
2123 5115 2316 5161 caetera
2349 5105 2560 5170 fecerit,
2591 5121 2710 5175 qua:
2741 5105 3024 5174 Scriptura
3067 5114 3494 5172 commemorat;

183 5201 294 5258 Sic
317 5199 556 5254 Pharao
589 5198 645 5254 in
674 5197 858 5253 decem
885 5196 1058 5267 plagis
1080 5195 1299 5266 Egypti
1329 5204 1600 5262 servatus,
1630 5204 1690 5250 ut
1715 5212 1811 5251 no-
1915 5195 2059 5253 ﬁevit
2098 5204 2279 5251 autem
2309 5195 2439 5250 ﬁetu
2477 5211 2672 5268 magno
2707 5205 2926 5266 propter
2952 5198 3364 5267 promissionem
3394 5196 3500 5251 Do-

180 5291 486 5347 vissimus
531 5295 736 5358 pereat.
787 5286 940 5354 Quod
986 5295 1042 5340 et
1082 5287 1186 5342 iste
1230 5302 1492 5356 passurus
1535 5296 1638 5342 est.
1674 5287 1807 5342 Cum
1917 5288 2050 5343 mini
2084 5288 2152 5343 ad
2174 5287 2362 5353 David,
2397 5304 2562 5359 quam
2595 5288 2810 5344 videbat
2851 5289 2901 5343 in
2946 5305 3042 5344 sua
3080 5299 3255 5344 morte
3290 5289 3495 5358 peritu-

178 5383 362 5436 enim
425 5391 674 5433 reversus
707 5385 852 5431 esset
895 5377 948 5431 in
987 5376 1213 5431 Niniven
1247 5377 1434 5432 urbem
1466 5378 1696 5446 primam
1729 5394 1814 5434 re-
1919 5394 2054 5434 ram.
2088 5379 2166 5433 Eo
2195 5379 2341 5434 enim
2379 5387 2621 5448 tempore
2646 5379 2907 5434 Ezechias
2933 5378 3072 5434 ﬁlios
3100 5393 3206 5433 non
3239 5377 3494 5430 habebat.

175 5475 288 5547 gni
351 5471 477 5535 sui,
518 5479 575 5524 et
617 5470 870 5525 adoraret
913 5470 968 5523 in
1019 5469 1217 5538 templo
1256 5467 1500 5526 Nesroch
1539 5470 1814 5525 dominum
1920 5467 2056 5522 Nam
2100 5477 2224 5537 post
2271 5476 2503 5523 mortem
2545 5467 2662 5537 ejus
2703 5467 2998 5532 Manasses,
3044 5482 3166 5522 cum
3213 5462 3496 5520 duodecim

177 5581 409 5629 suum,
454 5563 609 5632 quasi
648 5561 934 5616 victoriam
983 5561 1049 5615 de
1097 5561 1344 5616 hostibus
1391 5568 1714 5631 reportaret,
1761 5568 1818 5615 et
1919 5568 2062 5615 esset
2111 5575 2396 5624 annorum,
2441 5575 2669 5628 regnare
2710 5560 2876 5628 erepit
2924 5559 2978 5613 in
3024 5557 3179 5612 Juda.
3223 5556 3363 5625 Ergo
3397 5553 3500 5608 iste

173 5657 518 5716 delubrum
554 5653 680 5709 idoli
706 5653 790 5707 sui
829 5652 1164 5721 triumphans
1192 5662 1245 5708 et
1272 5652 1693 5722 gratulabundus
1737 5653 1816 5706 in-
1924 5662 2005 5706 est
2034 5652 2190 5706 ﬂetus
2237 5651 2429 5714 omnis,
2463 5651 2606 5719 quod
2637 5651 2959 5720 desperabat
2999 5650 3270 5704 Christum
3321 5648 3372 5702 in
3402 5662 3503 5702 suo

601 5749 876 5808 Ps'rnos.
923 5745 1063 5806 CIX
3034 5743 3102 5800 l7
