3928 6176
373 222 377 225 ’
393 217 500 272 525

1043 211 1109 263 'D.
1149 205 1404 262 RABANI
1445 206 1662 263 MAURI
1702 206 2021 262 ARCHIEP.
2065 207 2374 263 MOGUNT.
2417 207 2700 265 OPERUM
2739 208 2920 266 PARS
2956 208 2998 265 l.

3545 216 3655 272 526

392 332 596 384 sentiae
647 329 995 383 nasciturum.
1045 322 1147 376 Alii
1186 329 1434 376 asserunt
1477 322 1697 391 quosvis
1747 332 1968 376 sanctos
1993 320 2042 381 Α
2072 327 2178 385 tur,
2203 323 2344 390 quod
2375 323 2427 376 in
2457 323 2687 378 sublime
2706 323 3054 379 aediﬁcaverit
3080 325 3260 391 Melle,
3284 332 3432 386 unde
3455 330 3658 386 atrium

392 423 538 476 viros
563 428 738 474 morte
766 415 956 471 torreri
986 422 1206 484 propter
1230 413 1499 468 incertum
1522 413 1708 482 judicii
1737 422 1794 468 et
1823 415 1971 483 igno-

393 515 657 569 rationem
681 508 974 564 sententia:
999 507 1112 571 Dei,
1147 521 1309 575 quam
1349 506 1533 561 sedem
1566 506 1804 560 habituri
1840 507 1967 561 sint.

369 626 371 628 ·
391 606 668 673 Simulque
683 603 810 657 facti
827 601 1053 670 qumstio
1066 598 1313 663 solvitur,
1328 613 1392 653 ac
1405 597 1745 653 necessitatis
1759 597 1971 652 vincula

362 737 366 742 .
387 707 549 766 atque
563 708 872 755 causarum,
889 690 1031 759 quod
1049 703 1389 760 nequaquam
1408 687 1522 741 dies
1541 687 1735 741 mortis
1745 686 1970 756 singulis

365 788 686 858 aprmstituta
733 785 823 848 sit,
855 784 948 838 sed
977 782 1252 837 voluntate
1278 780 1372 834 Dei
1411 788 1466 834 et
1493 779 1692 850 ignotis
1729 779 1971 834 mortali-

382 878 484 931 bus
522 876 716 939 causis,
757 873 842 928 vel
869 873 1018 926 vivat
1053 870 1268 940 aliquis,
1303 869 1386 924 vel
1423 869 1707 935 moriatur,
1749 884 1974 938 praeser-

383 967 483 1021 tim
524 981 646 1022 cum
688 973 744 1020 et
773 971 973 1018 statuta
1011 977 1158 1016 nunc
1192 961 1382 1017 mortis
1418 961 1718 1015 necessitas
1757 959 1972 1016 differa-

383 1067 494 1122 tur,
515 1065 569 1112 et
589 1065 712 1127 post
734 1062 963 1109 mortem
985 1051 1334 1106 resuscitatus
1363 1050 1625 1119 plurimos
1653 1049 1964 1122 legerimus.

383 1148 453 1202 Et
475 1149 780 1218 priusquam
805 1143 1134 1215 egrederetur
1154 1141 1327 1195 Isaias
1349 1140 1574 1195 mediam
1597 1150 1800 1210 partem
1819 1141 1965 1206 atrii,

385 1240 556 1307 [actus
593 1247 668 1293 est
705 1252 874 1292 sermo
903 1234 1116 1289 Domini
1149 1233 1220 1286 ad
1262 1249 1379 1287 eum
1418 1232 1595 1286 dicens
1619 1245 1638 1283 :
1674 1231 1966 1297 Revertere,

380 1339 429 1382 et
476 1329 560 1381 dic
587 1327 827 1382 Ezechiae
853 1325 975 1378 duci
1021 1323 1200 1394 populi
1249 1323 1351 1376 mei
1386 1339 1405 1377 :
1448 1321 1638 1375 Audivi
1680 1323 1967 1375 orationem

382 1430 550 1481 tuam,
578 1416 684 1471 vidi
715 1415 1005 1485 lacrgmam
1035 1422 1204 1466 tuam.
1246 1411 1380 1466 Ecce
1411 1411 1596 1465 sanavi
1623 1419 1689 1463 te.
1724 1409 1968 1480 Dixitque

385 1507 638 1561 Ezechias
664 1506 733 1559 ad
759 1505 992 1558 Isaiam:
1020 1502 1172 1569 Quod
1201 1503 1297 1556 erit
1321 1502 1528 1571 signum
1551 1501 1691 1570 quod
1713 1501 1965 1554 Dominus

385 1615 464 1652 me
493 1596 736 1651 sanavit?
769 1591 867 1648 Cui
895 1593 1144 1663 praplteta
1175 1590 1436 1660 respondit
1459 1606 1477 1643 :
1503 1587 1615 1642 Hoc
1635 1589 1731 1642 erit
1760 1590 1966 1658 signum

2072 412 2252 482 templi
2279 413 2626 468 deambulans
2669 415 2722 468 in
2761 423 2897 469 tum
2930 415 3114 486 palatii
3143 415 3431 487 despicere
3465 419 3663 479 solitus

2071 504 2162 558 sit.

2144 593 2264 664 Ipse
2293 605 2370 648 est
2395 595 2650 652 Ezechias
2691 598 2780 668 qui
2809 599 3069 653 obturavit
3104 603 3424 671 superiorem
3462 602 3658 673 {autem

2070 701 2329 755 aquarum
2360 685 2553 752 Cihon,
2597 698 2646 741 et
2685 689 2870 742 avertit
2916 707 3005 744 eas
3046 691 3116 744 ad
3149 691 3482 748 Occidentem
3511 697 3658 750 urbis

2070 774 2271 840 David;
2316 777 2370 829 in
2409 778 2647 832 omnibus
2685 780 2925 849 aperibus
2964 781 3074 835 suis
3109 782 3230 851 fecit
3269 800 3516 855 prospere
3537 802 3660 856 qua

2070 866 2260 930 voluit,
2311 875 2544 921 attamen
2589 869 2644 922 in
2693 868 2952 938 legatione
3002 872 3295 942 principum
3343 873 3657 944 Babylonis,

2068 955 2158 1025 qui
2184 957 2329 1010 missi
2365 956 2571 1025 fuerant
2595 959 2665 1012 ad
2688 977 2807 1016 eum
2837 970 2890 1014 ut
2915 961 3298 1032 interrogarent
3321 964 3386 1017 de
3413 975 3657 1034 portento

2067 1045 2206 1114 quod
2236 1047 2499 1101 acciderat
2542 1065 2697 1118 super
2740 1059 2953 1115 terram,
2997 1051 3272 1122 dereliquit
3307 1069 3428 1108 eum
3465 1054 3656 1108 Domi-

2068 1154 2168 1191 nus
2200 1148 2258 1192 ut
2295 1149 2587 1194 tentaretur
2611 1151 2658 1195 et
2692 1152 2816 1196 nota
2845 1143 3029 1211 ﬁerent
3062 1146 3237 1200 omnia
3257 1161 3376 1216 qua
3408 1157 3558 1201 erant
3597 1148 3656 1202 in

2067 1229 2224 1284 corde
2262 1230 2396 1300 ejus.
2443 1230 2763 1286 Portentum
2813 1234 2955 1302 quod
3005 1234 3139 1289 dicit
3183 1235 3446 1290 accidisse
3489 1251 3658 1305 super

2069 1330 2292 1385 terram,
2342 1320 2470 1376 solis
2517 1322 2784 1393 signiﬁcat
2826 1325 3059 1380 reditum
3101 1341 3202 1395 per
3240 1326 3410 1382 lineas
3437 1327 3654 1394 decem,

2068 1411 2135 1465 de
2163 1427 2270 1480 quo
2299 1413 2666 1482 supradictum
2696 1423 2796 1470 est.
2821 1415 2904 1470 Ad
2930 1417 3034 1472 hoc
3060 1417 3205 1472 enim
3231 1419 3550 1485 mysterium
3577 1420 3656 1472 in-

2067 1502 2389 1571 quirendum
2424 1503 2587 1573 legati
2623 1503 2911 1576 Babylonis
2947 1515 3213 1562 venerunt
3241 1509 3307 1562 ad
3336 1507 3651 1562 Ezechiam.

2067 1590 2178 1646 Sed
2211 1593 2499 1662 dereliquit
2529 1608 2652 1648 eum
2682 1595 2944 1651 Dominus
2979 1606 3038 1652 ut
3066 1606 3388 1663 tentaretur,
3413 1600 3508 1668 qui
3543 1615 3651 1654 non

383 1709 414 1744 a
458 1690 680 1745 Domino
701 1728 716 1754 ,
773 1685 912 1758 quod
962 1685 1201 1755 facturus
1250 1683 1316 1736 sit
1368 1681 1626 1734 Dominus
1673 1695 1957 1733 sermonem
1990 1668 2033 1727 Β
2062 1680 2348 1735 cohibebat
2367 1697 2490 1736 eum
2511 1697 2610 1752 per
2621 1685 2939 1753 prophetam
2957 1699 3023 1739 ne
3040 1689 3350 1742 ostenderet
3366 1689 3654 1744 thesauros

383 1797 534 1852 quem
565 1779 773 1833 locutus
806 1785 900 1830 est.
952 1773 1041 1828 Vis
1082 1783 1137 1827 ut
1175 1771 1422 1826 ascendat
1463 1769 1646 1823 umbra
1683 1779 1754 1822 tot
1794 1768 1961 1832 lineis,

383 1882 474 1928 aut
517 1881 571 1926 ut
618 1878 908 1924 revertatur
957 1867 1171 1920 totidem
1210 1864 1499 1935 gradibus?
1537 1862 1634 1916 Cui
1666 1862 1797 1915 dixit
1833 1859 1968 1914 Eze-

370 1964 527 2017 chias
559 1979 578 2017 :
615 1962 685 2015 Et
723 1959 880 2030 facile
917 1968 990 2013 est
1031 1956 1270 2012 umbram
1308 1971 1537 2009 crescere
1577 1954 1752 2006 decem
1790 1951 1964 2017 lineis,

380 2070 473 2107 nec
495 2054 592 2108 hoc
613 2051 727 2107 vola
748 2060 802 2105 ut
825 2050 942 2119 ﬁat,
964 2048 1055 2102 sed
1078 2056 1134 2100 ut
1163 2054 1455 2101 revertatur
1476 2054 1762 2098 retrorsum
1789 2042 1966 2098 decem

377 2145 652 2216 gradibus.
685 2144 919 2215 Cumque
959 2142 1231 2196 invocanle
1266 2137 1413 2192 Isaia
1441 2137 1726 2207 potentiam
1752 2134 1966 2190 Domini

377 2238 584 2306 signum
613 2244 744 2290 esset
774 2234 1032 2304 eﬂ‘ectum,
1051 2229 1292 2301 prtvcepit
1319 2227 1492 2282 Isaias
1522 2227 1705 2296 a/ferri
1733 2242 1964 2281 massam

384 2329 604 2396 ﬁcorum
628 2326 933 2388 recentium,
964 2339 1122 2394 qnam
1147 2337 1265 2374 cum
1287 2317 1580 2372 attulissent
1603 2327 1652 2372 et
1671 2318 1962 2388 posuissent

379 2435 542 2487 super
571 2416 757 2470 vulnus
783 2413 920 2484 ejus,
952 2421 1166 2465 curatus
1195 2421 1272 2462 est
1301 2406 1405 2478 (IV
1429 2406 1554 2478 Reg.
1585 2406 1698 2478 xx).

455 2505 764 2560 Revertitur
813 2511 994 2557 autem
1063 2500 1131 2554 ad
1178 2514 1358 2568 regem
1432 2499 1696 2568 propheta
1749 2495 1962 2551 Domini

371 2599 637 2668 jussionc,
675 2603 736 2650 ut
767 2595 880 2665 ipse
909 2601 1128 2649 sanaret
1159 2592 1250 2661 qui
1280 2597 1642 2661 percusserat,
1670 2596 1724 2644 et
1741 2597 1964 2643 vocatur

374 2690 638 2748 Ezechias
667 2689 774 2744 dux
801 2685 982 2757 p0puli
1011 2686 1141 2751 mei,
1166 2693 1220 2738 et
1248 2683 1388 2738 tilius
1408 2681 1599 2746 David,
1623 2679 1776 2750 cujus
1800 2694 1962 2751 Opera

376 2781 702 2836 sectabatur.
743 2776 972 2832 Fecerat
1003 2775 1146 2830 enim
1192 2783 1402 2829 rectum
1432 2771 1587 2843 juxta
1627 2773 1808 2828 omnia
1841 2787 1962 2843 quae

376 2868 504 2924 fecit
534 2867 702 2922 David
746 2873 902 2935 pater
950 2864 1085 2934 ejus,
1131 2863 1286 2933 cujus
1321 2877 1486 2932 opera
1533 2863 1862 2926 sectabatur,
1907 2870 1962 2916 et

380 2961 595 3016 auditur
632 2955 750 3026 ejus
790 2957 964 3010 oratio
1002 2955 1361 3022 videnturque
1399 2952 1672 3024 lacrymaa,
1703 2953 1960 3023 quoniam

375 3049 745 3105 ambulaverat
769 3060 966 3116 coram
990 3043 1218 3098 Domino
1245 3043 1302 3096 in
1329 3042 1560 3096 veritate
1607 3050 1662 3096 et
1711 3043 1764 3097 in
1795 3045 1958 3098 corde

375 3141 636 3213 perfecto,
667 3147 722 3193 et
751 3137 974 3192 ﬂeverat
1015 3135 1142 3189 lletu
1188 3149 1408 3202 magno,
1447 3142 1502 3188 et
1529 3134 1672 3203 quod
1701 3133 1958 3202 placitum

376 3241 495 3286 erat
520 3231 574 3283 in
601 3226 773 3282 oculis
794 3227 911 3296 ejus
935 3224 1157 3289 fecerat,
1187 3223 1622 3294 adjiciunturque
1652 3224 1959 3294 quindecim

375 3323 502 3379 anni
528 3322 595 3376 ad
622 3321 812 3385 vitam,
836 3333 972 3390 quos
997 3317 1087 3374 illc
1110 3333 1215 3372 non
1240 3317 1627 3386 postulaverat,
1659 3327 1714 3372 et
1741 3318 1960 3387 insuper

368 3417 590 3472 vivente
620 3431 686 3470 eo
717 3414 870 3486 regni
899 3413 1164 3469 securitas
1190 3410 1603 3482 repromittitur.
1637 3409 1730 3465 Sin
1755 3421 1957 3478 autem,

357 3518 438 3564 .ut
473 3508 691 3579 quidam
737 3513 948 3577 putant,
996 3505 1052 3558 in
1089 3518 1317 3573 corpore
1352 3503 1534 3558 vivere
1581 3503 1959 3560 condemnatio

353 3612 479 3667 .est,
504 3609 578 3666 et,
589 3601 751 3672 juxta
777 3598 908 3653 illud
931 3599 1074 3668 quod
1101 3599 1299 3652 dicitur
1323 3638 1335 3650 .
1360 3595 1647 3660 Revertere.
1675 3599 1874 3665 anima,
1902 3600 1958 3653 in

377 3677 604 3764 requiem
633 3701 777 3746 tuam
807 3687 981 3762 (Psal.
1002 3689 1152 3762 cxv),
1189 3697 1244 3744 et
1291 3689 1345 3743 in
1373 3688 1478 3745 alio
1527 3689 1645 3744 loco
1673 3707 1685 3742 :
1716 3689 1867 3742 Educ
1895 3690 1959 3744 de

351 3829 355 3836 .
377 3801 582 3839 carcere
609 3783 839 3836 animam
864 3795 1035 3834 meam
1060 3778 1233 3851 (Psal.
1253 3779 1420 3852 cxu),
1447 3781 1683 3850 optanda
1703 3787 1786 3834 est
1814 3795 1958 3835 mors

356 3884 436 3928 ut
483 3874 548 3928 de
587 3886 807 3928 carcere
849 3869 1164 3936 liberemur,
1207 3870 1482 3940 quomodo
1531 3885 1674 3924 nunc
1701 3870 1960 3926 Dominus

377 3969 541 4021 donat
577 3981 675 4035 pro
717 3964 978 4020 beneﬁcio
1017 3973 1076 4018 ut
1120 3965 1210 4034 qui
1256 3964 1568 4019 liberandus
1621 3973 1740 4018 erat
1784 3965 1960 4020 adhuc

359 4058 682 4128 quindecim
715 4056 872 4111 annis
905 4056 1054 4110 vivat
1090 4056 1140 4109 in
1168 4056 1436 4111 carcere?
1461 4056 1634 4110 Datur
1674 4065 1854 4111 autem
1885 4056 1958 4110 si-

351 4163 544 4217 ugnum
561 4154 622 4200 ut
639 4146 720 4200 sol
735 4146 926 4209 decem,
937 4145 1192 4215 gradibus
1207 4153 1529 4210 revertatur,
1547 4160 1682 4215 quos
1696 4143 1956 4213 nosjuxta

380 4237 764 4308 Symmachum
807 4238 860 4292 in
886 4235 1074 4292 lineas
1101 4246 1158 4292 et
1178 4237 1516 4309 horologium
1547 4238 1827 4305 vertimus,
1865 4237 1957 4308 qui

378 4327 578 4396 gradus
606 4328 869 4384 intellexit
909 4328 962 4383 in
996 4327 1172 4392 lineis,
1202 4335 1261 4381 ut
1285 4327 1712 4383 manifestiorem
1737 4341 1963 4382 sensum-

360 4417 681 4489 :tegent‘ibus
709 4417 940 4484 faceret;
988 4418 1102 4474 sive
1137 4418 1213 4472 ita
1258 4425 1416 4472 erant
1453 4419 1716 4473 exstructi
1755 4419 1956 4490 gradus

375 4517 493 4563 arte
515 4507 916 4572 mathematica,
944 4515 1004 4560 ut
1022 4521 1119 4576 per
1145 4507 1386 4576 singulos
1411 4507 1600 4562 umbra
1629 4508 1958 4566 descendens

379 4599 638 4654 horarum
675 4598 847 4668 spatia
891 4597 1225 4652 terminaret.
1257 4596 1412 4665 Quod
1453 4598 1666 4668 signum
1710 4609 1795 4654 est
1813 4616 1957 4670 pra:-

364 4691 548 4746 tseutis
579 4690 836 4758 temporis
857 4697 920 4744 ,et
948 4687 1112 4744 futuri
1143 4696 1300 4761 typus
1332 4697 1472 4755 erat,
1505 4697 1561 4744 ut
1583 4691 1853 4759 quomodo
1877 4692 1958 4746 sol

366 4793 743 4839 reverteretur
777 4784 842 4838 ad
881 4784 1157 4838 exordium
1186 4783 1290 4848 sui,
1340 4782 1415 4837 ita
1447 4782 1691 4838 Ezechite
1739 4783 1848 4837 vita
1890 4783 1959 4839 ad

381 4875 600 4929 dextros
647 4889 816 4929 annos
861 4875 1085 4935 rediret,
1127 4876 1386 4944 nobisque
1436 4875 1490 4928 in
1531 4875 1864 4930 hebdomada
1901 4883 1957 4928 et

372 4965 554 5035 .ogdoa
603 4964 906 5018 viventibus
947 4979 1044 5032 per
1073 4963 1547 5019 Resurrectionem
1595 4964 1793 5018 Christi
1833 4964 1955 5019 vita:

373 5055 555 5123 spatia
602 5055 956 5124 protelentur.
1008 5053 1199 5109 Solent
1256 5063 1566 5110 sanctorum
1617 5055 1853 5110 locorum
1900 5055 1955 5109 in

381 5143 784 5215 hacprovincia
815 5153 1202 5201 monstratores
1231 5145 1371 5198 intra
1403 5154 1717 5215 conseptqu
1770 5144 1954 5215 templi

378 5237 667 5292 ostendere
710 5237 910 5309 gradus
955 5237 1142 5292 domus
1189 5237 1431 5291 Ezechiae
1476 5237 1558 5290 vel
1583 5237 1785 5302 Achaz,
1813 5237 1956 5305 quod

381 5331 461 5386 sol
489 5346 586 5401 per
614 5344 710 5384 eos
731 5329 1098 5385 descenderet.
1145 5329 1253 5384 Sed
1286 5343 1559 5399 nunquam
1593 5344 1692 5399 ego
1718 5329 1956 5393 credam,

383 5439 489 5476 non
522 5422 643 5476 dico
670 5421 871 5486 Achaz,
901 5422 990 5491 qui
1031 5437 1124 5476 rex
1160 5420 1355 5488 impius
1395 5418 1514 5482 fuit,
1553 5419 1646 5473 sed
1675 5418 1963 5489 cujuslibet

377 5517 524 5585 regis
561 5517 688 5584 justi
721 5516 938 5570 domum
974 5511 1142 5568 fuisse
1187 5511 1242 5564 in
1275 5509 1472 5579 templo
1504 5509 1620 5574 Dei,
1649 5523 1771 5564 cum
1808 5507 1961 5562 Salo—

381 5618 508 5658 mon
531 5603 740 5661 idcirco
769 5607 1052 5660 Dominum
1085 5605 1227 5658 inter
1258 5610 1451 5656 caztera
1499 5600 1784 5656 oﬂ'endisse
1813 5600 1960 5654 dica-

2067 1783 2196 1823 suos
2231 1778 2286 1822 et
2308 1770 2590 1826 thesauros
2613 1772 2806 1827 domus
2829 1774 3039 1829 Domini
3069 1775 3407 1846 alienigenis,
3435 1785 3494 1831 et
3523 1787 3652 1832 nota

2067 1857 2272 1914 laceret
2309 1861 2490 1916 omnia
2524 1877 2646 1932 quae
2672 1874 2826 1918 erant
2858 1864 2911 1918 in
2941 1866 3103 1920 corde
3128 1867 3264 1937 ejus,
3294 1869 3398 1924 hoc
3426 1878 3531 1934 est,
3570 1885 3653 1923 in-

2066 1950 2273 2005 occulta
2300 1951 2464 2008 elatio
2489 1954 2710 2020 mentis,
2753 1969 2854 2024 qua
2905 1971 3087 2012 coram
3119 1958 3228 2012 Deo
3267 1961 3535 2028 peccavit,
3583 1967 3652 2021 ad

2067 2040 2314 2095 notitiam
2345 2041 2622 2096 hominum
2654 2058 2751 2113 per
2779 2043 3027 2100 effectum
3056 2047 3216 2116 primi
3243 2051 3424 2117 operis
3448 2054 3652 2120 produ—

2064 2140 2298 2186 ceretur.
2349 2132 2502 2189 Unde
2545 2134 2739 2191 merito
2779 2136 2992 2206 prolata
3040 2137 3277 2192 vindicta
3322 2139 3378 2194 in
3424 2156 3551 2196 eum
3595 2153 3653 2199 et

2065 2222 2168 2277 sibi
2197 2223 2560 2294 obsequentes
2595 2226 2918 2283 ostenditur.
2933 2226 3270 2302 lgiturquam
3283 2235 3657 2303 perniciosum

2064 2316 2136 2369 sit
2175 2317 2452 2372 hominum
2492 2319 2775 2375 animabus
2810 2321 3121 2378 cenodoxite
3159 2322 3368 2386 vitium,
3401 2323 3653 2381 Ezechiae

2064 2405 2266 2461 factum
2311 2408 2600 2465 manifeste
2624 2409 2979 2478 demonstrat,
3009 2413 3136 2482 quia
3157 2413 3213 2467 in
3238 2413 3493 2470 omnibus
3515 2431 3651 2471 con-

2063 2506 2343 2552 summatae
2369 2498 2594 2568 justitia:
2625 2508 2684 2556 et
2707 2511 3016 2556 sanctarum
3047 2502 3454 2575 Scripturarum
3499 2506 3654 2560 testi~

2062 2586 2244 2642 monio
2293 2589 2694 2659 comprobatur,
2745 2591 2841 2646 sed
2887 2601 3011 2660 post
3052 2583 3333 2648 innumera
3383 2593 3652 2650 virtutum

2060 2680 2329 2750 preconia
2373 2696 2480 2736 uno
2523 2681 2774 2737 elationis
2820 2683 2925 2738 telo
2971 2682 3148 2739 fuerat
3191 2685 3418 2756 ejectus.
3458 2686 3653 2743 Tanta:

2055 2773 2281 2844 justitiae
2301 2781 2572 2844 tantaeque
2593 2775 2841 2842 virtutes,
2875 2784 3025 2830 tanta
3054 2775 3189 2832 ﬁdes
3214 2785 3378 2846 atque
3405 2778 3650 2846 devotio,

2061 2883 2180 2936 qua:
2208 2875 2458 2921 naturam
2497 2867 2667 2936 ipsam
2695 2876 2750 2922 et
2775 2869 2938 2924 totius
2966 2869 3150 2924 mundi
3179 2869 3324 2941 leges
3355 2871 3652 2925 immutare

2062 2965 2408 3024 meruerunt,
2455 2973 2562 3013 una
2595 2959 2861 3030 jactantia
2900 2961 3215 3031 depereunt.
3261 2961 3338 3016 Ita
3376 2963 3652 3018 universis

1985 3025 2030 3087 (ἶ
2061 3048 2351 3102 virtutibus
2379 3050 2490 3103 suis
2513 3064 2580 3103 ac
2598 3025 2652 3104 *εἰ
2694 3065 2795 3105 nee
2823 3025 3056 3107 fuissent
3103 3053 3359 3108 oblivioni
3409 3055 3650 3120 traditis,

2060 3138 2196 3192 iram
2211 3137 2492 3193 confestim
2508 3138 2718 3195 Domini
2741 3141 3084 3211 suscepisset,
3103 3143 3207 3197 nisi
3223 3158 3344 3197 eam
3368 3153 3653 3214 resumpta

2059 3229 2361 3284 humilitate
2393 3233 2678 3300 placasset,
2720 3241 2780 3286 ut
2815 3235 2905 3302 qui
2936 3236 3002 3288 de
3035 3241 3145 3288 tam
3173 3234 3390 3290 excelso
3421 3237 3653 3290 merito-

2059 3336 2180 3375 rum
2228 3320 2443 3391 fastigio
2478 3321 2711 3377 elatione
2751 3323 3004 3394 implente
3042 3324 3347 3390 deciderat,
3405 3340 3516 3380 non
3544 3325 3651 3380 nisi

2058 3429 2156 3484 per
2185 3415 2400 3469 eosdem
2429 3430 2643 3470 rursum
2674 3415 2998 3472 humilitatis
3023 3416 3221 3487 gradus
3248 3418 3315 3472 ad
3346 3418 3650 3473 admissum

2059 3505 2270 3562 culmen
2319 3507 2657 3562 ascenderet.
2707 3507 2904 3563 Omnia
2954 3509 3082 3563 vitia
3131 3518 3384 3578 superata
3435 3523 3652 3564 marce-

2060 3607 2237 3664 scunt,
2285 3609 2338 3654 et
2367 3599 2574 3654 devicta
2613 3616 2710 3670 per
2741 3601 2980 3671 singulos
3017 3601 3132 3655 dies
3175 3599 3480 3656 inﬁrmiora
3524 3602 3652 3658 red-

2059 3689 2282 3752 duntur,
2302 3697 2356 3743 et
2377 3690 2456 3743 vel
2478 3690 2595 3745 loco
2615 3689 2697 3744 vel
2725 3699 2966 3759 tempore
2992 3691 3330 3755 minuuntur,
3355 3702 3522 3762 atque
3553 3693 3653 3748 de-

2058 3777 2288 3843 fervent,
2321 3795 2415 3834 seu
2453 3789 2600 3836 certe
2638 3796 2667 3834 a
2697 3781 2986 3836 contrariis
3023 3782 3311 3837 virtutibus
3339 3783 3648 3839 desidentis

2058 3871 2142 3926 vel
2172 3881 2431 3926 caventur
2455 3871 2665 3927 facilius
2692 3873 2772 3926 vel
2803 3873 3057 3927 vitantur.
3093 3871 3186 3928 Sic
3209 3888 3344 3929 vero
3369 3873 3647 3945 dejectum

2057 3964 2238 4020 acrius
2277 3973 2524 4036 resurget
2561 3965 2630 4019 ad
2667 3965 2884 4031 luctum,
2914 3972 2968 4020 et
3008 3981 3131 4020 cum
3174 3973 3401 4036 putatur
3433 3968 3650 4023 exstin-

2057 4063 2227 4120 ctum,
2275 4071 2372 4110 sua
2414 4065 2585 4112 morte
2627 4057 2867 4112 vivacius
2905 4055 3249 4111 convalescit.
3302 4053 3510 4111 cetera
3553 4072 3649 4128 ge-

2055 4161 2186 4201 nera
2219 4147 2472 4200 vitiorum
2518 4161 2612 4202 eos
2661 4147 3032 4202 tantummodo
3079 4147 3397 4216 impugnare
3440 4147 3646 4210 solent,

2057 4252 2194 4308 quos
2230 4237 2282 4291 in
2320 4237 2616 4292 certamine
2649 4245 2991 4306 superarunt.
3033 4237 3133 4293 llic
3160 4253 3289 4295 vero
3317 4253 3446 4294 suos
3470 4239 3653 4294 vieto-

2060 4343 2148 4383 res
2181 4327 2364 4383 acrius
2399 4327 2720 4393 insectatur,
2749 4336 3061 4398 quantoque
3090 4326 3258 4382 fuerit
3283 4327 3516 4384 validius
3544 4329 3651 4384 eli—

2058 4434 2178 4475 sum
2204 4460 2220 4485 ,
2264 4425 2416 4473 tanto
2460 4419 2833 4474 vehementius
2883 4418 3127 4473 victoriae
3179 4419 3348 4490 ipsius
3401 4419 3651 4476 elatione

2061 4508 2425 4579 congreditur,
2456 4516 2512 4563 et
2548 4509 2663 4563 lucc
2690 4517 2772 4563 est
2812 4507 3024 4563 subtilis
3056 4509 3260 4563 inimici
3283 4510 3548 4574 versutia,
3589 4518 3653 4564 ut.

2060 4599 2284 4653 militem
2314 4596 2515 4653 Christi
2544 4598 2692 4668 prius
2729 4595 2896 4652 faciat
2922 4597 3042 4652 telis
3077 4597 3451 4662 succumbere,
3477 4613 3648 4666 quem

2061 4691 2307 4747 hostibus
2340 4689 2504 4745 armis
2540 4705 2800 4759 superare
2840 4704 2945 4743 non
2976 4689 3170 4758 potuit.
3209 4687 3327 4742 Alia
3367 4688 3648 4744 interdum

2061 4784 2392 4849 vitia,,sicut
2416 4783 2680 4847 diximus,
2711 4783 2875 4837 etiam
2920 4781 3160 4837 locorum
3208 4780 3475 4836 beneficio
3519 4797 3652 4836 cum

2062 4875 2368 4944 quiescunt,
2397 4883 2451 4927 et
2477 4874 2704 4927 materia
2734 4872 2946 4942 peccati
2971 4872 3055 4925 vel
3087 4873 3493 4941 opportunitate
3524 4876 3652 4944 ejus

2063 4971 2118 5018 et
2152 4963 2436 5017 occasione
2483 4963 2794 5027 subtracta,
2836 4962 3130 5017 lentescere
3168 4961 3306 5017 solet
3351 4971 3406 5016 et
3445 4964 3644 5016 minui.

2064 5050 2178 5106 Hoc
2207 5063 2338 5104 vero
2370 5065 2493 5105 cum
2555 5049 2899 5120 confugiente
2955 5051 3166 5104 deserta
3205 5058 3484 5119 penetrat,
3533 5066 3649 5105 non

2061 5141 2180 5196 loco
2208 5156 2347 5197 novo
2383 5141 2706 5206 excluditur,
2745 5156 2846 5196 nec
2883 5142 3220 5196 extrinsecus
3248 5142 3478 5196 materia
3516 5144 3657 5197 sub-

2067 5241 2239 5287 tracta
2290 5232 2600 5287 marcescit.
2663 5230 2780 5287 Non
2819 5233 2962 5287 enim
3009 5230 3222 5286 aliunde
3274 5247 3439 5301 quam
3471 5232 3655 5284 virtu-

2065 5328 2177 5374 tum
2208 5322 2324 5392 ejus
2354 5337 2513 5392 quem
2562 5325 2768 5393 impetit
2793 5324 3132 5379 successibus
3161 5322 3454 5376 animatur.
3487 5321 3654 5389 Quze-

2064 5412 2186 5466 dam
2215 5413 2376 5466 etiam
2405 5428 2665 5482 processu
2685 5414 2964 5484 temporis,
2990 5421 3050 5468 ut
3077 5409 3285 5484 praefati
3314 5427 3530 5474 sumus,
3565 5407 3659 5461 in~

2065 5507 2273 5560 terdum
2305 5507 2620 5562 molliuntur
2654 5519 2816 5576 atque
2840 5515 3156 5568 vanescunt,
3197 5505 3326 5558 huic
3366 5502 3660 5573 longitudo

2063 5595 2162 5648 nisi
2207 5595 2367 5651 fuerit
2405 5598 2670 5652 industria
2715 5598 2899 5653 solerti
2933 5613 2995 5651 ac
3032 5599 3280 5666 prudenti
3310 5594 3655 5651 discretione
