3928 6176
259 316 368 372 5'25

258 525 503 579 fomenta
533 539 830 597 congeram
853 529 1129 586 vanitatis.
1186 530 1468 591 Postremo
1490 545 1703 594 autem
1729 554 1852 610 per-

257 617 606 673 turbationes
641 633 673 672 a
703 620 996 676 contrariis
1037 621 1142 677 sibi
1191 624 1484 682 virtutibus
1523 628 1852 700 desidentes,

254 717 310 764 et
338 717 570 778 experto
603 717 860 780 tanquam
897 711 965 767 de
1002 713 1151 770 claro
1185 714 1468 784 bellantes,
1509 727 1567 774 et
1593 735 1878 790 superans

257 807 348 854 tur
370 799 592 856 facilius
621 809 676 856 et
698 810 978 858 caventur.
1024 802 1149 860 Haec
1181 814 1362 862 autem
1403 808 1607 865 inserta
1638 812 1856 868 virtuti-

255 891 356 947 bus
383 903 441 947 et
471 892 591 948 acie
629 893 888 963 permista
926 894 1074 950 velut
1127 895 1180 951 in
1212 909 1374 954 nocte
1410 915 1552 956 caeca
1586 903 1852 960 dimicans

255 981 503 1037 atrocius
532 982 839 1052 inopinatos
868 983 1081 1054 decepit
1113 993 1169 1041 et
1196 987 1463 1046 incautos.

323 1070 690 1142 Domivitque
719 1071 972 1128 Ezechias
1023 1091 1143 1130 cum
1192 1079 1430 1146 patribus
1474 1085 1604 1148 suis,
1633 1093 1682 1138 et
1709 1101 1851 1155 sepe-

255 1160 455 1215 lierunt
482 1178 602 1216 eum
621 1179 780 1233 super
802 1163 1043 1234 sepulcra
1066 1165 1300 1235 ﬁliorum
1334 1170 1524 1239 David,
1548 1183 1596 1227 et
1622 1174 1850 1230 celebra-

256 1251 325 1304 vit
357 1252 638 1323 exsequias
662 1252 777 1322 ejus
802 1253 1072 1310 universus
1094 1256 1238 1311 Juda
1262 1269 1313 1313 et
1335 1277 1511 1316 omnes
1530 1263 1850 1322 habitatores

251 1340 576 1398 Jerusalem.
593 1341 749 1412 Quod
771 1353 952 1401 autem
969 1347 1102 1403 dicit
1124 1351 1392 1420 sepultum
1414 1369 1535 1411 esse
1561 1357 1846 1415 Ezechiam

253 1450 420 1506 super
456 1437 703 1508 sepulcra
747 1437 980 1495 ﬁliorum
1035 1441 1229 1510 David,
1258 1448 1497 1504 ostendit
1541 1451 1847 1522 sepulcrum

250 1525 428 1594 ipsius
475 1527 745 1584 excelsius
792 1544 915 1586 esse
961 1530 1286 1589 fabricatum
1317 1551 1480 1607 quam
1525 1550 1847 1599 caeterorum

249 1615 489 1674 ﬁliorum
521 1619 691 1676 David
719 1639 749 1688 ε,
767 1621 947 1678 meriti
977 1627 1336 1698 prmrogativa
1390 1639 1446 1684 et
1489 1631 1699 1688 cultura
1728 1635 1847 1704 pie-

249 1708 380 1762 tatis
409 1709 464 1764 in
496 1711 809 1767 Dominum.

319 1797 673 1873 Regnavitque
697 1801 970 1858 Manasses
997 1805 1142 1873 ﬁlius
1172 1808 1288 1878 ejus
1311 1825 1407 1879 pro
1435 1827 1516 1864 eo.

783 1909 1014 1967 CAPUT
1068 1913 1301 1970 XXXIII.

379 1997 457 2052 De
489 1997 736 2055 Manasse
760 2000 872 2072 ﬁlio
904 2003 1019 2074 ejus
1048 2013 1097 2058 et
1118 2005 1341 2062 Ammon
1368 2012 1486 2080 ejus
1513 2012 1708 2070 sobole.

314 2087 609 2144 Duodecim
632 2107 890 2146 annorum
913 2103 1026 2148 erat
1069 2093 1341 2153 Manasses
1372 2116 1490 2154 cum
1511 2118 1730 2174 regnare
1749 2123 1843 2162 cm-

243 2183 423 2251 pisset,
454 2191 503 2236 et
529 2185 910 2254 quinquaginta
942 2187 1170 2260 quinque
1189 2191 1342 2246 annis
1363 2196 1596 2264 regnavit
1625 2197 1680 2251 in
1711 2195 1840 2252 Ilie-

244 2272 507 2339 rusalem;
535 2273 656 2344 fecit
685 2283 859 2330 autem
884 2277 1081 2332 malum
1103 2296 1280 2335 coram
1295 2281 1523 2341 Domino
1541 2285 1703 2358 juxta
1751 2290 1842 2346 ab-

244 2363 594 2418 ominationes
631 2366 881 2436 gentium,
908 2384 1038 2440 quas
1064 2375 1308 2429 subvertit
1356 2375 1612 2434 Dominus
1660 2397 1840 2436 coram

245 2452 373 2521 ﬁliis
395 2454 589 2521 Israel,
605 2467 652 2511 et
675 2475 948 2515 conversus
975 2463 1286 2521 instauravit
1303 2468 1506 2524 excelsa
1529 2486 1648 2543 quae
1666 2474 1840 2530 demo-

247 2541 361 2598 ’ἕως
398 2544 578 2614 fuerat
633 2544 889 2610 Ezechias
941 2561 1092 2622 pater
1127 2555 1262 2624 ejus,
1297 2541 1690 2633 constt-uritque
1713 2579 1837 2618 aras

240 2632 472 2702 Baulim,
499 2647 547 2692 et
571 2637 690 2707 fecit
712 2638 853 2696 lucos
881 2651 929 2695 et
959 2642 1194 2700 adoravit
1223 2663 1427 2704 omnem
1450 2651 1695 2708 militiam
1720 2654 1836 2709 caeli

238 2735 283 2779 et
302 2727 467 2782 coluit
484 2745 621 2783 eam.
649 2728 958 2800 Ai'diﬁcavit
985 2750 1190 2807 quoque
1211 2735 1464 2794 altariain
1476 2743 1630 2800 domo
1645 2747 1854 2806 Domini

239 2823 298 2872 de
321 2836 429 2891 qua
459 2821 668 2877 dixerat
720 2822 996 2892 Dominus,
1037 2827 1107 2882 In
1157 2828 1490 2886 Hierusalem
1525 2835 1621 2887 erit
1645 2849 1830 2890 nomen

239 2925 408 2962 meum
434 2911 489 2963 in
511 2921 784 2966 aeternum.
814 2913 1125 2985 Ediﬁcavit
1145 2926 1319 2973 autem
1341 2935 1403 2973 ea
1428 2929 1615 2976 cuncto
1634 2925 1831 2978 exerci-

237 3001 312 3052 tui
338 2999 460 3054 cwli
487 3003 542 3056 in
571 3003 773 3058 duobus
809 3007 960 3060 atriis
1009 3007 1196 3063 domus
1247 3008 1461 3065 Domini
1503 3014 1830 3086 transireque

235 3087 354 3158 fecit
381 3089 526 3159 ﬁlios
556 3107 678 3147 suos
701 3110 794 3164 per
819 3095 990 3167 ignem
1039 3097 1097 3152 in
1139 3097 1273 3153 valle
1293 3099 1597 3157 Benennon.
1637 3101 1828 3159 Obser-

235 3179 387 3233 vabat
445 3183 676 3250 somnia,
714 3186 1014 3242 sectabatur
1043 3192 1288 3260 auguria,
1329 3191 1584 3264 maleﬁcis
1625 3197 1828 3252 artibus

233 3269 566 3327 inserviebat.
597 3273 838 3332 Habebat
863 3287 1036 3333 autem
1065 3297 1240 3335 secum
1261 3297 1443 3355 magos
1462 3294 1511 3339 et
1533 3285 1829 3343 incantato—

235 3375 335 3428 res,
361 3363 636 3436 multaque
660 3367 801 3421 mala
831 3380 1075 3440 operatus
1093 3383 1167 3427 est
1187 3389 1365 3429 coram
1388 3375 1614 3433 Domino
1631 3391 1687 3434 ut
1707 3382 1828 3436 irri-

236 3459 365 3506 taret
397 3470 544 3521 eum,
576 3464 681 3512 etc.
711 3457 808 3513 liis
831 3461 1025 3516 similia
1047 3461 1314 3535 Iosephus
1333 3467 1399 3523 de
1429 3467 1676 3528 Manasse
1701 3487 1825 3544 rege

235 3551 443 3608 narrat,
487 3544 693 3601 addens
734 3547 898 3602 etiam
942 3551 1086 3620 quod
1123 3553 1190 3606 ad
1217 3553 1590 3611 crudelitatem
1633 3573 1823 3615 versus

230 3644 418 3688 omnes
445 3632 795 3692 Hebraeorum
818 3639 996 3710 justos
1024 3642 1286 3698 occiderit
1328 3658 1503 3716 neque
1545 3649 1822 3718 prophetis

229 3730 538 3798 pepercerit
558 3744 787 3800 quorum
804 3732 1044 3802 quotidie
1066 3735 1306 3807 singulos
1326 3739 1644 3808 perimebat.
1667 3741 1819 3798 Unde

233 3818 450 3872 tradunt
497 3817 710 3875 Hebrzni
739 3822 805 3878 ab
831 3822 1022 3879 eodem
1054 3824 1300 3882 Manasse
1333 3827 1492 3883 simul
1521 3837 1577 3884 et
1605 3843 1633 3883 a
1662 3831 1816 3900 prin.-

232 3905 443 3975 cipibus
485 3906 794 3965 Judaeorum
842 3910 1036 3966 Isaiam
1066 3916 1386 3986 prophetam
1434 3916 1613 3989 lignea
1663 3933 1814 3974 serra

228 4013 322 4066 per
351 4001 592 4054 medium
633 4012 875 4058 secutum
917 4012 1081 4075 atque
1123 4007 1487 4076 interfectum,
1541 4018 1813 4066 vertentes

225 4085 324 4142 hoc
375 4088 428 4143 ei
481 4089 539 4144 in
585 4090 791 4147 crimen
841 4095 986 4164 quod
1020 4097 1383 4168 appellaverat
1419 4115 1513 4156 eos
1538 4100 1812 4172 principes

227 4175 587 4236 Sodomorum
610 4189 665 4237 et
687 4179 1164 4242 Gomorrhzeorum
1204 4197 1259 4244 ct
1287 4189 1380 4261 qui
1411 4191 1650 4246 dixerit:
1687 4191 1811 4248 Vidi

226 4264 506 4322 Dominum
551 4269 810 4325 sedentem
850 4290 1007 4346 super
1034 4275 1224 4332 solium
1263 4279 1522 4335 excelsum
1546 4280 1682 4352 (Isa.
1706 4284 1803 4355 vi).

223 4357 356 4414 Dum
383 4360 501 4431 ipse
528 4361 787 4418 Dominus
816 4380 914 4435 per
940 4365 1159 4439 Moysen
1195 4369 1328 4426 dicit
1360 4388 1373 4424 :
1400 4371 1527 4427 Non
1569 4375 1707 4428 enim
1728 4374 1806 4428 vi-

221 4449 353 4504 debit
386 4467 469 4504 me
501 4451 659 4506 homo
709 4463 757 4507 et
801 4455 968 4510 vivere
992 4466 1157 4526 potest
1195 4458 1391 4531 (Exod.
1437 4464 1666 4538 xxxm);
1700 4479 1802 4522 nec

219 4553 320 4592 non
359 4547 417 4593 et
443 4537 606 4604 illud,
647 4542 792 4611 quod
830 4543 1029 4600 dixerit
1053 4546 1120 4602 ad
1159 4547 1448 4606 Ezechiam
1476 4553 1644 4608 verbo
1689 4554 1798 4611 Do-

219 4628 344 4682 mini
379 4646 397 4682 :
436 4629 647 4683 Addam
670 4631 740 4685 ad
767 4631 876 4688 dies
899 4643 1016 4690 tuos
1035 4637 1329 4708 quindecim
1351 4657 1518 4696 annos
1539 4641 1646 4714 (IV
1669 4643 1795 4716 Reg.

216 4721 338 4786 xx);
371 4735 498 4775 cum
527 4735 628 4791 per
654 4721 869 4796 Moysen
901 4725 1101 4783 dictum
1128 4729 1470 4788 inveniatur:
1505 4734 1797 4790 Numerum

215 4807 418 4863 dierum
463 4820 677 4866 tuorum
719 4813 957 4885 implebis
1004 4816 1202 4889 (Exod.
1233 4822 1410 4893 xxm).
1450 4822 1714 4881 Similiter
1737 4836 1797 4882 et

215 4898 340 4954 illud
382 4902 530 4972 quod
559 4904 675 4958 ait:
711 4904 943 4970 Quaerite
969 4906 1249 4964 Dominum
1291 4913 1417 4966 dum
1456 4915 1678 4969 inveniri
1701 4933 1796 4986 po-

215 4999 334 5053 test,
362 4991 604 5046 invocata
624 5009 742 5047 eum
765 4994 891 5048 dum
912 5012 1070 5068 prape
1097 5009 1174 5052 est
1198 4998 1332 5072 (Isa.
1365 5003 1485 5073 Lv);
1511 5019 1635 5058 cum
1665 5005 1792 5062 alibi

208 5082 473 5153 scriptum
501 5083 574 5138 sit
609 5102 622 5138 :
656 5083 786 5151 Quis
809 5095 883 5140 est
909 5096 1018 5141 tam
1043 5091 1365 5163 propinquus
1391 5095 1650 5164 quomodo
1681 5095 1791 5150 Do-

207 5174 382 5227 minus
427 5172 574 5229 Deus
622 5185 815 5243 noster,
866 5179 1076 5250 quando
1105 5196 1223 5235 eum
1262 5183 1796 5242 invocamus?Addit

205 5273 470 5334 praeterea
497 5266 767 5340 Josephus
786 5273 930 5341 quod
967 5288 1063 5329 rex
1091 5275 1504 5346 Babyloniorum
1535 5289 1592 5335 et
1624 5279 1789 5337 Chal-

205 5358 445 5415 daaorum
492 5363 660 5418 misso
683 5365 924 5420 exercitu
953 5367 1007 5422 in
1034 5366 1272 5424 Judasam
1300 5372 1575 5442 regionem
1600 5388 1788 5431 eorum

204 5449 566 5523 depopulatus
610 5455 719 5522 sit,
767 5465 822 5513 et
874 5472 1054 5531 regem
1108 5459 1351 5518 Manasse
1402 5465 1526 5521 dolo
1572 5477 1786 5537 captum

202 5552 364 5615 atque
420 5546 489 5599 ad
534 5562 594 5601 se
639 5547 928 5606 deductum
973 5554 1198 5611 haberet
1239 5557 1307 5612 ad
1343 5571 1408 5612 ea
1456 5573 1576 5628 qua:
1621 5561 1789 5615 voluit

205 5640 475 5689 tormenta
522 5634 845 5704 subjectum.
878 5640 1150 5700 Manasses
1190 5654 1369 5702 autem
1413 5655 1539 5703 tunc
1586 5649 1785 5707 intelli-

205 5736 333 5790 gens
364 5725 420 5779 in
469 5727 667 5796 quibus
710 5731 865 5788 malis
915 5745 1079 5802 esset,
1112 5745 1165 5792 et
1199 5738 1390 5793 horum
1441 5741 1682 5797 omnium
1726 5759 1785 5800 se

1191 324 1547 384 COMMENT.
1588 329 1657 386 IN
1697 333 2255 396 PARALIPOMENA.
2296 374 2365 384 -—
2401 344 2527 402 LIB.
2567 348 2654 405 IV.

260 433 486 489 fundata
529 451 640 492 non
682 436 856 492 solum
901 453 1009 493 non
1039 438 1232 508 allicit,
1264 458 1454 498 verum
1492 445 1658 502 etiam
1705 451 1855 505 novit
1886 456 1931 515 Α
1961 454 2258 512 arbitratur
2305 470 2604 532 auctorem,

3436 376 3542 437 526

2635 469 2960 539 supplicaret
3009 477 3119 536 Deo
3157 489 3219 538 ut
3249 485 3298 542 ei
3331 486 3541 550 hostem

1957 561 2114 602 suum
2136 549 2459 608 clementem
2486 555 2688 614 faceret
2717 569 2882 632 atque
2920 567 3344 655 misericordem.
3379 580 3546 655 Cujus

1954 639 2257 696 orationem
2281 641 2425 700 Deus
2450 649 2742 717 exaudivit,
2774 659 3076 716 concedens
3105 664 3157 719 ei
3201 676 3259 722 ut
3277 639 3547 732 remissus

1954 741 1986 781 a
2016 743 2142 800 rege
2162 731 2583 804 Babyloniorum
2607 740 2674 795 ad
2711 757 2808 798 sua
2837 761 2999 818 regna
3031 763 3416 829 reverteretur,

1951 828 2140 889 postea
2167 826 2507 883 emendatius
2536 831 2741 901 vivens,
2765 844 2820 891 ct
2844 837 3081 897 divinum
3109 845 3310 904 cultum
3338 826 3546 913 restau-

1953 925 2099 976 rans,
2139 916 2471 973 anteriorum
2513 920 2794 992 culparum
2819 942 2916 997 per
2935 933 3314 1000 paenitentiam
3343 941 3540 1004 delevit

1951 1015 2169 1069 noxam,
2217 1006 2359 1061 sicut
2414 1009 2642 1066 historia
2693 1029 2932 1083 praesens
2976 1025 3264 1085 manifeste
3314 1031 3546 1093 demon-

1949 1099 2108 1146 strat.
2144 1093 2431 1166 Exemplar
2453 1109 2632 1157 autem
2658 1115 2743 1160 est
2778 1108 2894 1164 haec
2917 1114 3234 1180 pmnitentia
3271 1117 3539 1194 Manassc,

1949 1183 2092 1249 quod
2114 1192 2237 1252 post
2263 1189 2554 1246 commissa
2595 1193 2801 1251 scelera
2828 1199 3007 1258 nullus
3035 1206 3196 1264 debet
3223 1211 3290 1266 de
3316 1211 3413 1270 Dei
3437 1183 3542 1272 mi:

1949 1272 2242 1329 sericordia
2287 1277 2607 1349 desperare,
2640 1287 2733 1341 sed
2792 1291 2964 1362 magis
3010 1309 3111 1364 per
3167 1303 3537 1368 pmnitentiam

1949 1376 2245 1432 congruam
2292 1382 2444 1438 spem
2473 1372 2678 1430 habere
2709 1380 2896 1447 venite,
2925 1383 2971 1439 si
3002 1401 3122 1441 eam
3159 1390 3262 1447 rite
3287 1395 3535 1464 perfecit.

1947 1451 2076 1509 Post
2102 1455 2348 1515 Manasse
2390 1473 2521 1532 ergo
2549 1469 2796 1535 regnavit
2843 1472 2986 1530 ﬁlius
3024 1475 3140 1545 ejus
3162 1451 3414 1552 Ammon,

1947 1546 2114 1602 simili
2142 1549 2412 1608 dementia
2432 1569 2538 1624 qua
2566 1567 2725 1627 pater
2748 1562 2985 1630 primum
3015 1567 3158 1624 idola
3188 1587 3287 1642 pro
3306 1546 3539 1636 numini-

1946 1636 2051 1741 bus
2080 1639 2267 1708 coluit,
2296 1651 2352 1697 et
2377 1645 2553 1703 adhuc
2579 1651 2750 1722 magis
2772 1667 2936 1725 quam
2965 1669 3121 1729 pater
3145 1636 3260 1733 ejus
3289 1668 3531 1741 deliquit.

1949 1727 2150 1786 Contra
2175 1749 2336 1804 quem
2379 1752 2503 1793 cum
2532 1741 2813 1800 venissent
2836 1727 2982 1803 servi
3011 1752 3114 1820 sui,
3144 1727 3536 1820 interfecerunt

1877 1803 1924 1861 Β
1949 1832 2072 1876 cum
2097 1822 2151 1878 in
2183 1803 2343 1881 domo
2366 1842 2486 1896 sua,
2516 1829 2626 1887 Deo
2665 1833 2742 1889 illi
2767 1833 2964 1894 iustam
2997 1803 3406 1906 retributionem
3435 1871 3536 1925 pro

1948 1914 2158 2002 meritis
2181 1919 2416 1990 propriis
2453 1923 2730 1981 reddente.
2756 1927 2885 1986 Post
2919 1933 3151 1992 Ammon
3181 1951 3360 1998 autem
3392 1914 3535 2002 ﬁlius

1946 2001 2062 2071 ejus
2087 2004 2264 2062 Josias
2318 2024 2412 2064 rex
2463 2009 2800 2081 justissimus
2849 2025 3112 2093 regnavit,
3171 2030 3264 2100 qui
3314 2046 3533 2092 omnem

1945 2101 2264 2170 spurcitiam
2293 2103 2556 2161 idolorum
2603 2123 2766 2179 quam
2795 2122 2978 2183 patres
3012 2120 3094 2174 sui
3135 2121 3534 2183 fabricaverunt

1943 2195 2271 2263 emendavit,
2310 2208 2366 2254 et
2399 2216 2458 2256 se
2488 2202 2541 2256 in
2589 2203 2684 2260 Dei
2715 2207 2866 2264 cultu
2911 2219 3133 2270 strenue
3179 2223 3445 2290 exercuit,
3473 2233 3530 2280 et

1941 2285 2156 2388 merito,
2185 2289 2309 2361 quia
2338 2290 2495 2366 longe
2522 2303 2650 2354 ante
2693 2299 2797 2358 hoc
2828 2301 2895 2360 de
2945 2304 3036 2364 illo
3061 2307 3261 2368 dictum
3306 2321 3390 2372 est
3430 2285 3531 2388 per

1940 2376 2280 2462 prophetam.
2325 2381 2716 2454 interpretatur
2762 2400 2944 2450 autem
3001 2397 3195 2467 Josias,
3243 2404 3398 2477 cujus
3430 2376 3529 2464 ἐει

1941 2468 2271 2527 sacriﬁcium
2298 2473 2546 2545 Domino,
2577 2479 2660 2536 vel
2699 2482 2845 2542 salus
2890 2485 3124 2560 Domini,
3151 2493 3235 2551 vel
3265 2468 3526 2556 fortitudo

1940 2555 2153 2617 Domini

2010 2649 2202 2714 Octavo
2233 2668 2406 2714 autem
2431 2678 2571 2719 anno
2595 2668 2738 2737 regni
2761 2669 2845 2724 sui
2865 2688 2980 2727 cum
3013 2676 3184 2733 adhuc
3205 2694 3335 2738 esset
3369 2703 3517 2758 puer.

1936 2744 2084 2813 coepit
2107 2761 2341 2816 quaerere
2382 2749 2550 2808 Deum
2577 2757 2742 2825 patris
2786 2761 2872 2815 sui
2917 2761 3106 2833 David,
3145 2779 3193 2823 et
3241 2744 3519 2834 undecimo

1934 2850 2075 2889 anno
2097 2846 2370 2909 postquam
2398 2856 2621 2915 coeperat
2660 2865 2878 2920 regnare
2928 2863 3196 2915 mandavit
3222 2863 3422 2921 Iudam
3468 2885 3519 2925 es

1936 2925 2267 2986 Hierusalem
2298 2934 2363 2988 ab
2396 2937 2612 2994 excelsis
2637 2951 2686 2996 et
2727 2943 2859 3001 lucis
2881 2948 3282 3024 simulacrisque
3301 2967 3352 3012 et
3371 2960 3512 3015 scul-

1931 3019 2164 3089 ptilibus.
2210 3023 2691 3102 Destruxeruntque
2729 3052 2906 3094 coram
2945 3058 3005 3097 eo
3055 3019 3434 3120 aras'Baalim,
3466 3063 3516 3108 et

1930 3113 2214 3217 simulacra
2238 3134 2356 3189 qua:
2382 3129 2706 3195 superposita
2734 3130 2946 3200 fuerant
2983 3136 3219 3193 demoliti
3261 3152 3402 3211 sunt,
3421 3113 3516 3200 ἰιι-

1925 3386 2220 3458 fragmenta
2248 3393 2511 3465 dispersit.
2558 3396 2695 3455 Ossa
2721 3394 2974 3473 priuterea
3008 3411 3341 3469 sacerdotum
3367 3432 3509 3470 com-

1925 3475 2088 3533 bussit
2103 3481 2159 3535 in
2175 3481 2430 3541 altaribus
2450 3487 2728 3557 idolorum,
2744 3495 3116 3570 mandavitque
3139 3499 3177 3556 Ι
3181 3503 3339 3559 udam
3354 3515 3402 3561 et
3423 3507 3510 3563 Je-

1923 3569 2174 3638 rusalem,
2194 3575 2284 3628 sed
2309 3587 2356 3630 et
2388 3578 2442 3631 in
2466 3580 2679 3636 urbibus
2709 3581 2957 3642 Manasse
2981 3569 3035 3644 et
3059 3590 3314 3662 Ephraim
3339 3607 3386 3652 et
3418 3598 3507 3654 Si-

1920 3673 2073 3713 meon
2111 3677 2276 3734 usque
2320 3664 2623 3737 Nephtalim
2659 3681 2848 3728 cuncta
2891 3677 3157 3734 subvertit.
3189 3681 3299 3739 Cur
3321 3696 3505 3744 autem

1918 3747 2095 3806 Josias
2125 3767 2248 3809 ossa
2298 3766 2632 3816 mortuorum
2666 3778 3016 3824 concremare
3036 3769 3201 3842 jussit
3229 3791 3392 3846 super
3420 3779 3502 3832 al-

1919 3845 2052 3905 tare,
2082 3842 2186 3898 nisi
2217 3852 2275 3898 ut
2299 3850 2610 3906 ostenderet
2637 3855 2780 3924 quod
2806 3855 3018 3914 funesta
3065 3842 3498 3926 fuerunt—eorum

1915 3931 2199 4000 sacriﬁcia,
2231 3944 2285 3991 et
2331 3954 2436 3993 non
2466 3942 2638 3997 solum
2664 3949 2932 4016 pecudum
2980 3951 3184 4010 hostias
3223 3957 3502 4020 daemoniis

1913 4021 2230 4090 offerebant,
2269 4029 2362 4082 sed
2390 4031 2552 4086 etiam
2582 4039 2902 4109 semetipsos
2930 4057 3029 4112 per
3059 4059 3299 4105 errorem
3329 4051 3496 4109 idolo-

1911 4111 2084 4169 latriae
2126 4116 2178 4170 in
2236 4127 2560 4187 potestatem
2619 4111 2946 4185 daemonum
2971 4135 3350 4208 tradiderunt,
3397 4145 3490 4215 qui

1902 4201 2052 4272 justo
2077 4204 2170 4261 Dei
2195 4206 2398 4278 judicio
2424 4212 2582 4268 simul
2606 4229 2729 4271 cum
2771 4218 2927 4277 altari
2953 4227 3097 4295 quod
3127 4227 3283 4286 idolis
3327 4201 3494 4290 fabri-

1908 4303 2183 4362 caverant,
2222 4296 2518 4369 dissipandi
2548 4315 2723 4361 erant.
2760 4307 2982 4380 Mystice
3010 4324 3189 4374 autem
3222 4320 3493 4392 signiﬁcat

1905 4397 2094 4441 omnes
2121 4387 2212 4457 qui
2239 4388 2690 4451 diaboli-servitio
2735 4402 3027 4472 mancipati
3097 4387 3297 4466 vitam-
3313 4417 3487 4471 sacri-

1907 4474 2079 4545 legam
2106 4479 2474 4548 temporaliter
2495 4481 2748 4541 ﬁnierant
2769 4493 2985 4548 aeternis
3006 4497 3334 4557 cruciatibus
3358 4519 3488 4560 con-

1904 4566 2230 4634 sumendos,
2277 4568 2390 4625 Deo
2436 4571 2540 4628 illis
2567 4576 2900 4635 rctribuente
2932 4588 3227 4644 secundum
3271 4595 3488 4666 propria

1903 4658 2098 4713 merita
2141 4674 2366 4731 operum
2409 4663 2643 4721 illorum.
2675 4668 2877 4728 Deinde
2910 4678 3190 4747 sequitur,
3241 4658 3486 4742 eumdem

1903 4763 2115 4820 regem,
2279 4754 2465 4810 audito
2489 4756 2629 4814 libro
2665 4759 2798 4830 legis
2829 4763 3062 4835 Demini,
3082 4787 3240 4841 quem
3274 4773 3489 4836 Helcias

1901 4841 2157 4897 sacerdos
2202 4843 2406 4900 invenit
2434 4846 2489 4900 in
2539 4850 2736 4919 temple
2789 4852 3019 4925 Domini,
3051 4863 3274 4921 scidisse
3312 4870 3483 4926 Vesti-

1901 4939 2082 4985 menta
2123 4947 2218 4987 sua
2248 4941 2301 4988 et
2331 4935 2544 4993 misisse
2587 4939 2825 4999 Helciam
2855 4951 3188 5009 sacerdotem
3219 4964 3274 5012 et
3324 4970 3487 5019 caete-

1898 5032 1988 5073 ros
2010 5021 2100 5089 qui
2132 5022 2526 5092 subsequenter
2551 5043 3004 5105 annumerantur,
3049 5052 3105 5098 ut
3133 5059 3354 5106 orarent
3383 5069 3482 5124 pm

1897 5124 1955 5164 se
1979 5119 2033 5166 et
2060 5126 2159 5182 pro
2181 5113 2422 5185 reliquiis
2448 5117 2612 5176 Israel
2635 5133 2689 5178 et
2702 5122 2859 5195 Juda,
2885 5144 3048 5202 super
3078 5138 3345 5198 universis
3371 5113 3484 5203 ser-

1895 5203 2144 5258 monibus
2170 5205 2288 5261 libri
2320 5209 2412 5278 qui
2459 5224 2705 5282 rcpertus
2743 5229 2829 5275 est
2856 5221 2909 5276 in
2940 5225 3100 5283 domo
3128 5231 3245 5299 Dei,
3272 5235 3479 5309 ipsique

1894 5295 2140 5400 abierunt
2164 5299 2232 5353 ad
2261 5297 2449 5355 Oldam
2481 5307 2793 5375 prophetam
2813 5329 3037 5373 uxorem
3063 5295 3473 5400 Sellum,.qurm

1892 5383 2104 5441 Hebraei
2162 5400 2448 5447 autumant
2495 5402 2821 5458 avunculum
2868 5422 2987 5464 esse
3026 5417 3197 5482 patris
3227 5383 3474 5477 Jeremiae

1888 5474 2186 5545 Ananehcl,
2205 5496 2324 5550 qua:
2338 5483 2613 5542 habitabat
2628 5489 2962 5552 Hierusalem
2983 5474 3042 5554 in
3060 5509 3312 5560 secunda.
3334 5474 3472 5574 Quid

1888 5565 2153 5657 signiﬁcet
2181 5570 2309 5626 illud
2356 5577 2498 5644 quod
2531 5579 2730 5635 dicitur
2781 5586 2833 5638 in
2876 5593 3129 5656 secunda,
3160 5595 3213 5648 in
3243 5565 3435 5657 histori

1889 5652 2013 5712 libri
2044 5663 2327 5729 praesentis
2350 5668 2599 5734 superius
2619 5671 2947 5743 declaratur,
2971 5680 3061 5734 ubi
3085 5652 3340 5754 scriptum
3382 5699 3470 5746 est

1889 5747 1954 5803 de
1979 5749 2206 5819 prscfato
2232 5767 2357 5822 rege
2397 5755 2627 5813 Ezechia
2661 5778 2674 5815 :
2706 5761 3013 5833 Ediﬁcavit
3058 5747 3260 5842 quoque
3307 5794 3469 5850 agens
