3928 6176
398 297 500 353 5‘37

1037 291 1096 345 Β.
1140 287 1392 345 RABANI
1433 285 1650 344 MAUM
1690 282 2004 339 AllCHl-EP.
2051 280 2361 337 MOGUNT.
2402 277 2687 336 OPERUM
2727 274 2905 331 PARS
2943 275 2982 330 Ι.

3551 279 3657 338 523

396 407 651 464 industrie
699 420 901 459 onmem
956 417 1159 455 murum
1200 401 1290 471 qui
1345 398 1516 468 fuerat
1558 397 1860 467 dissipatus,
1887 410 1976 449 επ·
2006 395 2051 453 Δ
2079 400 2126 444 et
2149 389 2404 445 adulteris
2446 398 2496 443 et
2534 388 2786 459 perjuris,
2820 398 2869 441 et
2895 388 2984 457 qui
3029 386 3491 444 calumniabantur
3523 407 3665 448 mer-

394 497 660 566 traxitque
703 504 871 547 turres
923 501 971 545 et
1019 491 1306 559 forinsecus
1356 489 1579 542 alterum
1632 502 1838 540 murum
1871 483 1969 554 (II

401 583 527 641 Par.
571 584 762 654 χχιιι).
813 583 1057 638 Meminit
1107 580 1265 649 hujus
1295 580 1397 633 loci
1445 590 1500 633 et
1549 577 1852 648 Sophonias
1895 576 1972 629 di-

392 690 522 733 cens
546 694 559 729 :
596 674 707 728 νοω
738 673 981 728 clamoris
1005 691 1036 726 a
1062 682 1210 742 porta
1238 672 1457 740 piscium
1490 679 1536 723 et
1562 668 1794 723 ululatus
1823 685 1853 721 a
1890 684 1972 721 se-

392 774 564 821 cunda
589 763 839 837 (Sophon.
888 762 962 833 ι).
994 762 1099 817 Pro
1128 777 1237 832 quo
1263 769 1417 815 vetus
1453 760 1622 814 editio
1665 764 1818 828 quasi
1846 773 1989 835 pro-q

391 857 569 927 prium
619 869 814 911 nomen
869 853 971 909 loci
1009 852 1314 914 transtulit,
1348 851 1403 905 in
1457 849 1693 905 Masena.
1752 848 1968 903 Masena

392 947 590 1018 quippe
645 946 1031 1015 interpretatur
1083 942 1341 998 secunda.
1395 940 1549 1007 Quod
1600 954 1729 1009 ergo
1774 937 1971 991 dicitur

389 1037 726 1107 prophetissa
770 1035 1045 1090 habitasse
1070 1034 1126 1088 in
1153 1031 1409 1094 secunda,
1460 1031 1514 1085 in
1558 1030 1781 1086 secundi
1829 1029 1966 1084 muri

390 1136 546 1197 parte
576 1125 830 1196 intellige.

934 1211 1160 1268 CAPUT
1210 1210 1429 1265 XXXV.

395 1306 637 1364 DeJosia
665 1321 778 1377 rege
793 1314 846 1377 et
869 1302 1240 1377 bonis_actibu_s_
1264 1301 1426 1377 illius,
1454 1317 1606 1377 quem
1633 1300 1850 1357 Nechao
1880 1319 1971 1356 rex

761 1373 980 1446 ngypti
1010 1374 1064 1426 in
1089 1371 1271 1444 prwlio
1304 1372 1583 1442 interfecit.

466 1487 609 1542 Fecit
640 1494 814 1541 autem
851 1484 1028 1540 Josias
1056 1485 1112 1539 in
1156 1482 1491 1540 Hierusalem
1530 1483 1692 1555 phase
1723 1483 1966 1549 Domino,

387 1581 525 1652 quod
552 1578 877 1635 immolatum
907 1588 981 1633 est
1010 1588 1201 1650 quarta
1230 1578 1435 1632 decima
1460 1577 1546 1633 die
1573 1577 1764 1632 mensis
1789 1579 1964 1648 primi,

386 1681 433 1725 et
463 1670 729 1725 constituit
751 1668 1044 1723 sacerdotes
1079 1669 1132 1723 in
1156 1668 1334 1739 ofﬁciis
1363 1668 1495 1735 suis,
1517 1668 1857 1740 hortatusque
1891 1679 1967 1722 est

2074 481 2248 536 cedem
2274 480 2617 545 mercenarii,
2646 488 2693 533 et
2737 478 3017 533 humilium
3042 480 3228 534 viduas
3270 490 3317 534 et
3360 483 3588 551 pupillos
3611 495 3663 541 et

2072 575 2368 646 opprimunt
2408 573 2758 644 peregrinum,
2788 589 2879 626 nec
2906 572 3189 626 timuerunt
3234 589 3350 639 me,
3392 575 3518 629 dicit
3549 575 3663 630 Do-

2070 665 2244 718 minus
2270 663 2590 717 exercituum
2622 660 2705 731 (Η
2709 661 2782 715 al.
2800 660 2906 731 ιιι).
2936 660 3188 715 Celebrat
3208 675 3339 732 ergo
3365 660 3547 723 Josias
3566 679 3665 718 no-

2071 766 2182 809 ster
2208 770 2397 809 verum
2431 753 2600 822 phase
2651 752 2704 806 in
2750 761 2944 807 octavo
2971 750 3184 807 decimo
3209 768 3351 808 anno
3380 754 3533 825 regni
3551 755 3664 821 sui,

2071 845 2287 915 quando
2313 845 2366 899 in
2390 853 2580 899 octava
2610 851 2773 897 :etate
2795 841 3034 911 generali
3055 843 3459 898 resurrectione
3470 859 3667 915 perpe-

2073 947 2215 993 trata
2242 946 2466 994 sanctos
2488 953 2619 993 suos
2632 954 2755 994 cum
2781 937 3116 1008 perfectione
3143 939 3407 994 bonorum
3435 955 3666 1010 Operum

2070 1030 2316 1100 perducit
2341 1031 2409 1085 ad
2431 1040 2649 1087 aeternae
2679 1030 3033 1087 beatitudinis
3060 1030 3344 1086 denarium
3387 1032 3665 1101 accipien-

2071 1120 2220 1185 dum,
2251 1117 2440 1188 ejectis
2467 1121 2618 1190 prius
2662 1121 2916 1176 omnibus
2944 1120 3212 1176 scandalis
3239 1121 3304 1176 de
3330 1136 3498 1192 regno
3523 1122 3661 1191 ejus,

2070 1212 2138 1266 de
2164 1226 2272 1281 quo
2301 1211 2589 1281 praedictus
2618 1212 2884 1282 propheta
2932 1211 3009 1266 ait
3047 1229 3060 1263 :
3092 1211 3229 1266 Ecce
3266 1213 3406 1266 enim
3430 1212 3546 1266 dies
3576 1228 3662 1267 ve—

2071 1305 2174 1358 niet
2195 1320 2449 1358 succensa
2483 1304 2638 1375 quasi
2668 1304 2932 1369 caminus,
2975 1313 3024 1359 et
3072 1315 3223 1358 erunt
3250 1322 3425 1359 omnes
3454 1306 3665 1374 superbi

2070 1405 2116 1448 et
2137 1411 2313 1449 omnes
2349 1394 2600 1464 facientes
2624 1395 2942 1464 impietatem
2975 1394 3193 1464 stipula,
3221 1405 3267 1449 et
3311 1396 3663 1464 inﬂammabit

2070 1502 2159 1540 eos
2185 1486 2297 1540 dies
2328 1487 2557 1549 veniens,
2580 1485 2705 1539 dicit
2733 1484 2992 1540 Dominus
3019 1476 3343 1540 exercituum
3361 1525 3378 1550 ,
3405 1502 3526 1556 qua:
3558 1502 3665 1540 non

2072 1577 2329 1648 relinquet
2375 1578 2451 1630 eis
2479 1577 2710 1630 radicem
2753 1586 2802 1631 et
2834 1593 3065 1643 aermen,
3101 1587 3149 1631 et
3189 1579 3389 1633 orietur
3416 1579 3560 1633 vobis
3600 1580 3666 1632 ti-

2071 1667 2334 1720 mentibus
2362 1683 2549 1720 nomen
2577 1682 2749 1721 meum
2786 1666 2867 1722 sol
2886 1667 3114 1736 justititc
3147 1676 3196 1722 et
3217 1669 3419 1723 sanitas
3460 1670 3517 1723 in
3539 1686 3667 1740 pene

386 1780 472 1818 eos
498 1773 551 1818 ut
580 1763 935 1817 ministrarent
982 1762 1038 1815 in
1080 1761 1235 1816 domo
1281 1759 1512 1815 Domini.
1549 1759 1739 1816 Levitis
1768 1776 1969 1832 quoque
1997 1745 2043 1804 Β
2072 1759 2151 1813 nis
2189 1758 2323 1828 ejus.
2351 1757 2417 1813 Et
2444 1758 2781 1829 egrediemini
2803 1768 2851 1812 et
2893 1757 3091 1813 salictis
3132 1760 3268 1813 sicut
3308 1758 3458 1814 vituli
3480 1760 3546 1813 de
3574 1778 3663 1813 ar-

385 1857 455 1911 ad
479 1870 699 1927 quorum
728 1854 1074 1909 eruditionem
1095 1852 1264 1907 omnis
1292 1850 1464 1906 Israel
1486 1850 1916 1921 sanctiﬁcabatur
1933 1868 1968 1905 a

385 1947 611 2002 Domino
637 1944 846 1999 locutus
866 1953 941 1998 est
970 1960 988 1998 :
1011 1941 1201 1997 Ponite
1230 1959 1417 1997 arcam
1434 1943 1487 1996 in
1511 1943 1814 1997 sanctuario
1839 1952 1968 1997 tem-

382 2041 457 2110 pli
479 2038 620 2111 quod
650 2037 926 2106 a'diﬁcavit
955 2035 1205 2092 Salomon
1239 2036 1384 2105 ﬁlius
1407 2035 1578 2091 David
1620 2051 1712 2090 res:
1755 2034 1968 2102 Israel;

385 2144 711 2199 nequaquam
743 2125 880 2180 enim
926 2125 1069 2179 ultra
1094 2142 1209 2180 eam
1235 2126 1542 2196 portabitis,
1589 2134 1695 2182 etc.
1728 2126 1971 2183 Tradunt

382 2220 593 2277 Hebraei
639 2221 780 2291 quod
809 2234 934 2274 arca
962 2218 1177 2274 Domini
1222 2234 1385 2289 quam
1415 2219 1577 2274 modo
1625 2219 1680 2273 in
1709 2218 1967 2289 templum

380 2312 557 2369 Josias
587 2312 769 2366 reduci
796 2312 1056 2382 percepit
1095 2310 1271 2367 delata
1299 2311 1463 2366 fuerit
1495 2312 1564 2366 de
1592 2312 1793 2383 templo
1827 2320 1965 2367 tem-

380 2418 510 2473 pore
523 2402 727 2468 Achar,
752 2403 969 2472 quando
988 2402 1279 2458 simulacra
1301 2403 1369 2457 ab
1381 2417 1446 2458 co
1460 2404 1513 2458 in
1531 2404 1786 2474 templum
1801 2406 1967 2460 missa

379 2504 525 2558 sunt,
554 2499 610 2545 ct
643 2492 804 2546 ducta
835 2493 888 2546 in
917 2492 1137 2546 domum
1164 2490 1366 2546 Selium
1394 2492 1497 2547 viri
1535 2493 1683 2549 Oldae
1718 2494 1968 2550 avunculi

380 2578 645 2643 Jeremize,
670 2579 758 2634 ubi
778 2579 1079 2649 permansit
1107 2594 1283 2651 usque
1303 2580 1372 2634 ad
1403 2587 1619 2650 tempus
1644 2576 1825 2636 Josiae.
1856 2580 1968 2637 Nec

380 2672 525 2727 enim
550 2679 760 2741 poterat
777 2686 904 2728 arca
934 2672 1028 2728 Dei
1059 2687 1183 2728 esse
1212 2672 1267 2727 in
1298 2673 1420 2729 loco
1452 2672 1543 2728 ubi
1565 2673 1856 2729 simulacra
1880 2673 1965 2728 in-

382 2763 625 2818 troducta
668 2761 902 2826 fuerant,
934 2772 991 2820 et
1030 2764 1311 2836 gentilium
1341 2779 1473 2821 usus
1502 2771 1559 2820 et
1599 2765 1738 2820 ritus
1772 2764 1964 2821 nefan-

380 2853 636 2910 dissimus
680 2853 1091 2910 observabatur.
1123 2854 1278 2923 Quod
1328 2863 1510 2910 autem
1537 2856 1831 2927 praedictus
1870 2871 1966 2911 rex

377 2942 565 3012 ejectis
592 2943 749 2999 idolis
773 2944 839 3000 de
867 2952 1034 3011 terra,
1079 2961 1182 3003 nec
1218 2960 1327 3003 non
1351 2948 1674 3015 pythonibus
1696 2954 1752 3002 et
1779 2947 1967 3003 ariolis

379 3043 436 3090 et
497 3036 749 3091 omnibus
818 3036 1178 3099 immunditiis
1242 3046 1405 3107 atque
1465 3038 1962 3095 abominationibus

380 3126 597 3193 ablatis,
626 3127 678 3181 in
715 3135 907 3182 octavo
943 3098 1085 3182 anno
1128 3127 1281 3199 regni
1308 3098 1390 3183 sui
1412 3127 1642 3183 Domino
1676 3128 1852 3185 Pbase
1875 3145 1965 3185 ce-
1990 3098 2036 3160 δ

386 3216 735 3271 leberrimum
785 3216 978 3273 fecisse
1027 3216 1242 3288 legitur,
1292 3218 1574 3274 moraliter
1598 3221 1758 3276 docet
1781 3236 1882 3277 nos
1905 3229 1968 3280 ut

379 3318 676 3376 purgemus
703 3305 936 3359 primum
963 3314 1164 3361 terram
1192 3307 1373 3363 cordis
1417 3308 1592 3363 nostri
1619 3308 1689 3364 ab
1714 3310 1966 3366 omnibus

380 3393 530 3449 vitiis
554 3400 611 3448 et
635 3392 956 3449 mundemus
995 3404 1150 3451 actus
1191 3405 1409 3453 nostros
1430 3398 1500 3454 ab
1539 3398 1688 3453 omni
1719 3399 1968 3469 inquina-

385 3491 568 3541 mento
591 3491 959 3554 peccatorum,
989 3494 1044 3539 et
1074 3486 1143 3541 ab
1181 3486 1436 3556 operibus
1484 3488 1715 3543 mortuis
1762 3497 1824 3543 ut
1852 3504 1967 3544 ser-

381 3573 501 3631 vire
525 3574 792 3644 possimus
834 3574 943 3630 Deo
968 3575 1191 3640 viventi,
1231 3575 1417 3646 sicque
1468 3586 1682 3648 gratum
1732 3577 1963 3641 Domino

360 3663 719 3721 celebremus
761 3663 1012 3720 Pascha:
1045 3663 1167 3719 Non
1222 3666 1399 3737 utique
1427 3667 1480 3721 in
1524 3667 1778 3737 fermento
1819 3668 1968 3723 mali—

382 3756 470 3809 tia:
490 3764 538 3808 et
565 3755 835 3825 nequitiis,
861 3755 951 3809 sed
979 3755 1034 3811 in
1073 3757 1273 3826 azymis
1314 3757 1632 3812 sinceritatis
1658 3768 1705 3813 et
1735 3759 1966 3814 veritatis

385 3842 448 3916 (1
474 3843 597 3898 Cor.
626 3845 703 3916 v).
738 3843 1043 3902 Secundum
1075 3845 1389 3917 allegoriam
1439 3855 1621 3901 autem
1646 3845 1825 3903 Josias
1865 3849 1967 3904 iste

344 3974 361 3987 .,
385 3943 570 4006 typum
604 3945 749 3991 tenet
803 3936 1016 3993 Domini
1066 3935 1386 4002 Salvatoris,
1420 3936 1511 4007 qui
1561 3935 1710 3993 salus
1738 3945 1793 3993 et
1821 3936 1969 3993 forti-

380 4026 515 4079 tudo
545 4024 755 4081 Domini
795 4027 989 4081 merito
1045 4026 1259 4092 dicitur,
1313 4026 1441 4097 quia
1484 4028 1598 4097 ipse
1636 4035 1721 4082 est
1750 4027 1814 4082 de
1860 4041 1969 4097 quo

388 4113 671 4185 Scriptura
716 4116 848 4173 dicit
900 4135 915 4171 :
956 4115 1215 4171 Dominus
1263 4117 1440 4188 fortis,
1488 4116 1744 4171 Dominus
1786 4128 1967 4188 potens

364 4206 443 4260 in
468 4205 848 4279 prtelio(}1‘sal.
878 4206 1057 4280 xxul).
1078 4207 1158 4264 Et
1185 4207 1315 4265 alibi
1347 4228 1361 4264 :
1408 4207 1530 4280 Ipse
1582 4209 1720 4262 enim
1765 4206 1968 4264 salvum

388 4299 543 4370 faciet
586 4299 837 4372 populum
879 4317 1033 4357 suum
1082 4318 1115 4357 a
1161 4302 1385 4372 peccatis
1426 4318 1607 4356 eorum
1644 4302 1856 4374 (Matth.
1903 4303 1964 4375 l).

2068 1862 2261 1919 mento,
2312 1862 2360 1907 et
2405 1851 2675 1907 calcabit's
2722 1852 2911 1923 impios
2966 1869 3085 1907 cum
3131 1851 3325 1922 fuerint
3371 1853 3507 1907 cinis
3563 1853 3662 1907 sub

2065 1943 2248 2014 planta
2274 1944 2464 2016 pedum
2494 1953 2780 1998 vestrorum
2824 1941 2979 2015 (Mal.
3014 1941 3111 2009 Iv).
3145 1942 3212 1996 Et
3255 1951 3402 1998 recte
3451 1943 3661 1999 dictum

2067 2043 2171 2100 est,
2220 2035 2365 2106 quod
2389 2049 2496 2090 non
2541 2032 2744 2088 factum
2777 2033 2939 2088 fuerit
2962 2033 3131 2102 phase
3159 2032 3265 2087 tale
3293 2048 3325 2087 a
3356 2033 3552 2088 diebus
3573 2032 3661 2101 ju-

2069 2126 2267 2191 dicum,
2312 2126 2403 2196 qui
2425 2125 2806 2194 iudicaverunt
2848 2124 3033 2191 Israel,
3072 2133 3129 2180 et
3168 2126 3409 2181 omnium
3448 2127 3663 2182 dierum

2065 2216 2232 2272 Israel
2260 2224 2316 2271 et
2351 2232 2537 2288 regum
2564 2214 2720 2280 Juda,
2746 2216 2884 2270 sicut
2934 2216 2988 2270 in
3031 2225 3225 2272 octavo
3255 2218 3468 2273 decimo
3518 2233 3664 2273 anno

2068 2307 2214 2380 regis
2237 2306 2399 2363 Josia:
2424 2306 2860 2378 inqllierusalem,
2887 2308 3034 2378 quia,
3058 2308 3255 2365 ablatis
3278 2309 3488 2383 ﬁguris,
3509 2326 3662 2366 vera-

2067 2400 2207 2455 citer
2239 2399 2294 2454 in
2322 2399 2410 2454 die
2448 2398 2642 2470 iudicii
2686 2400 2996 2456 transibunt
3041 2403 3214 2456 sancti
3268 2401 3335 2457 de
3367 2410 3549 2456 morte
3595 2400 3663 2455 ad

2066 2491 2255 2558 vitam,
2293 2492 2360 2548 de
2409 2492 2759 2563 corruptione
2802 2491 2871 2545 ad
2896 2490 3148 2562 gloriam,
3190 2474 3376 2561 sicque
3421 2491 3481 2546 in
3540 2506 3667 2547 con-

2069 2590 2258 2650 spectu
2280 2580 2580 2636 conditoris
2614 2580 2697 2636 sui
2721 2580 2775 2635 in
2803 2580 3015 2636 caelesti
3045 2579 3384 2637 Hierusalem
3413 2581 3469 2635 in
3498 2590 3665 2638 :eter-

2067 2687 2197 2727 num
2237 2671 2597 2743 gaudebunt:
2648 2670 2788 2738 Quia
2841 2672 3099 2727 videbitur
3137 2671 3278 2727 Deus
3330 2673 3553 2729 deorum
3610 2676 3665 2729 in

2069 2759 2202 2817 Sion
2248 2757 2421 2834 (Psal.
2472 2760 2741 2833 unm);
2772 2770 2828 2816 et
2874 2756 3056 2816 civitas
3094 2760 3189 2815 illa
3243 2778 3349 2816 non
3389 2774 3505 2833 eget
3557 2763 3666 2818 sole

2068 2868 2230 2924 neque
2261 2851 2389 2908 luna
2410 2862 2466 2907 ut
2492 2851 2699 2908 luceant
2729 2853 2786 2907 in
2830 2870 2913 2920 ea,
2934 2870 3055 2908 nam
3081 2852 3300 2909 claritas
3342 2854 3442 2909 Dei
3469 2856 3666 2911 illumi-

2066 2944 2213 3000 nabit
2241 2961 2380 3010 eam,
2423 2954 2471 2999 et
2500 2943 2718 2999 lucerna
2745 2945 2861 3016 ejus
2885 2961 3052 3016 agnus
3082 2955 3181 3012 est,
3224 2956 3273 3001 et
3314 2945 3663 3001 ambulabunt

2065 3045 2242 3107 gentes
2267 3036 2324 3089 in
2351 3034 2549 3091 lumine
2571 3036 2687 3107 ejus
2706 3078 2721 3103 ,
2742 3046 2792 3092 et
2828 3054 2971 3109 reges
3001 3048 3158 3094 terra
3180 3039 3400 3109 alerent
3431 3040 3663 3110 gloriam

2066 3142 2219 3181 suam
2245 3134 2294 3180 et
2315 3125 2563 3181 honorem
2589 3128 2644 3181 in
2674 3126 2844 3194 illam,
2870 3146 2962 3184 nec
2987 3130 3209 3184 intrabit
3236 3131 3292 3184 in
3322 3147 3441 3184 eam
3459 3129 3667 3201 aliquid

2066 3219 2462 3290 coinquinatum
2510 3229 2559 3275 et
2606 3220 2806 3290 faciens
2857 3222 3301 3279 abominationem
3354 3234 3403 3279 et
3448 3226 3667 3281 menda-

2067 3308 2227 3374 cium,
2242 3309 2345 3364 nisi
2364 3310 2457 3381 qui
2469 3312 2651 3382 scripti
2668 3321 2790 3367 sunt
2808 3313 2863 3367 in
2883 3311 3017 3369 libro
3038 3315 3156 3369 vita!
3172 3316 3297 3387 agni
3314 3314 3503 3387 (Apoc.
3520 3314 3665 3385 ut),

2065 3406 2122 3453 et
2150 3414 2346 3455 nomen
2366 3401 2602 3458 civitatis
2632 3416 2698 3457 ex
2728 3402 2816 3457 illa
2838 3403 2928 3458 die
2949 3403 3209 3461 Dominus
3230 3406 3430 3460 ibidem
3460 3405 3667 3460 :Bene»

2065 3492 2239 3546 dictus
2285 3492 2567 3561 Dominus,
2596 3495 2846 3565 quoniam
2905 3495 3202 3565 miriﬁcavit
3243 3497 3665 3551 misericordiam

2066 3597 2217 3635 suam
2249 3579 2426 3653 (Psal.
2460 3584 2613 3654 xxx).

2135 3670 2382 3725 Ascendit
2435 3670 2654 3726 Nechao
2710 3689 2803 3728 rea:
2851 3671 3074 3746 ﬂggpti
3116 3674 3186 3728 ad
3224 3675 3569 3746 pugnandum
3605 3674 3664 3727 in

2067 3759 2412 3819 Charchantis
2433 3765 2595 3835 juxta
2626 3765 2961 3837 Euphraten,
2988 3777 3037 3822 et
3068 3768 3321 3838 processit
3366 3768 3424 3821 in
3473 3782 3667 3821 occur-

2066 3868 2182 3907 sum
2207 3853 2322 3923 ejus
2353 3852 2553 3910 Josias.
2599 3854 2665 3909 At
2697 3855 2786 3911 ille
2813 3858 2987 3912 missis
3019 3858 3089 3912 ad
3133 3874 3253 3912 eum
3300 3858 3498 3912 nuntiis
3543 3857 3618 3911 ait
3643 3870 3664 3906 :

2069 3943 2210 4011 Quid
2237 3946 2366 4000 mihi
2399 3956 2446 4001 et
2469 3946 2565 4001 tibi
2602 3956 2702 4014 est,
2755 3958 2849 4002 res:
2893 3946 3080 4002 Iuda!
3119 3947 3243 4002 Non
3296 3947 3576 4002 adversum
3612 3954 3665 3999 te

2066 4036 2220 4092 hodie
2256 4029 2425 4105 venio,
2472 4038 2562 4092 sed
2603 4048 2789 4095 contra
2835 4038 3000 4094 aliam
3046 4055 3223 4110 pugno
3272 4039 3508 4105 domum,
3562 4039 3666 4097 hoc

2066 4132 2178 4192 est,
2207 4133 2399 4181 contra
2450 4126 2671 4182 domum
2715 4128 2859 4200 regis
2912 4129 2982 4183 ad
3022 4128 3285 4184 Remmon
3338 4128 3435 4184 lilii
3481 4127 3667 4185 labri-

2066 4232 2192 4272 mon
2222 4218 2313 4288 qui
2355 4219 2617 4289 regnabat
2658 4221 2712 4277 in
2756 4222 3134 4285 Charchamis,
3165 4237 3285 4291 quae
3334 4236 3400 4277 ea
3456 4231 3665 4292 tempe-

2068 4318 2209 4364 state
2236 4324 2344 4379 qua
2375 4317 2430 4365 et
2467 4308 2674 4367 Josiam
2726 4327 2908 4383 regem
2955 4311 3173 4369 Nechao
3216 4311 3522 4379 interfecit,
3579 4315 3663 4368 Ad

370 4390 504 4460 ipse
527 4391 745 4462 quidem
780 4391 898 4448 zelo
928 4393 1023 4448 Dei
1051 4393 1278 4448 mundat
1311 4400 1522 4494 terram
1551 4390 1687 4448 Juda
1736 4402 1792 4449 et
1836 4393 1968 4448 Hie-
1993 4442 2047 4502 Β
2069 4414 2228 4470 quam
2282 4415 2364 4455 me
2421 4398 2559 4454 Deus
2604 4401 2851 4471 festinato
2894 4403 2972 4458 ire
3007 4403 3274 4474 praecepit.
3312 4402 3508 4459 Desine
3560 4407 3661 4459 ad-

390 4483 627 4538 rusalem
672 4483 741 4537 ab
781 4482 1032 4538 omnibus
1065 4482 1420 4538 immunditiis
1464 4490 1519 4536 et
1558 4483 1970 4540 abominationi-

384 4575 512 4639 hus,
541 4573 634 4644 qui
653 4587 749 4642 per
768 4570 1095 4641 Prophetam
1127 4571 1257 4626 dicit
1282 4569 1469 4626 :'Zelus
1491 4571 1677 4627 domus
1703 4582 1809 4627 tute
1828 4590 1972 4630 com-

386 4664 493 4719 edit
522 4679 604 4717 me
656 4659 829 4735 (Psal.
870 4661 1095 4733 vam);
1127 4662 1194 4717 de
1223 4677 1331 4733 quo
1358 4670 1412 4717 et
1434 4660 1670 4719 Joannes
1697 4663 1775 4718 ait
1818 4683 1832 4719 :
1873 4665 1973 4719 Cu-

379 4758 477 4827 jus
504 4754 847 4812 ventilabrum
882 4754 938 4809 in
967 4770 1127 4809 manu
1155 4771 1252 4808 sua
1282 4763 1331 4808 et
1348 4753 1589 4825 purgabit
1614 4770 1793 4808 aream
1819 4772 1970 4811 suam

391 4846 606 4918 (Matth.
635 4856 682 4901 et
711 4846 839 4901 Luc.
865 4844 985 4917 ιιι);
1013 4847 1078 4902 de
1104 4861 1210 4916 quo
1232 4855 1289 4904 et
1320 4845 1610 4902 Malachias
1640 4846 1809 4901 dicit:
1832 4844 1970 4901 Ecce

390 4941 543 5006 venit,
568 4941 692 4995 dicit
716 4940 968 4995 Dominus
990 4940 1331 4994 exercituum.
1358 4938 1488 5004 Quis
1518 4941 1706 5009 poterit
1741 4939 1969 5009 cogitare

383 5029 529 5085 diem
585 5029 838 5084 adventus
889 5030 1043 5099 ejus,
1105 5038 1151 5082 et
1199 5029 1314 5100 quis
1361 5029 1518 5083 stabit
1567 5029 1635 5084 ad
1691 5029 1967 5084 videndum

388 5116 547 5173 eum?
574 5116 695 5187 Ipse
718 5118 857 5171 enim
886 5118 1037 5187 quasi
1068 5118 1202 5186 ignis
1253 5119 1487 5186 con/laus
1528 5128 1576 5171 et
1603 5118 1755 5187 quasi
1808 5117 1967 5172 herba

387 5206 653 5279 fullonum
674 5219 720 5261 et
744 5207 936 5262 sedebit
958 5210 1192 5278 con/laus
1221 5218 1268 5262 et
1306 5210 1595 5264 emundaus
1623 5220 1895 5279 argentum
1920 5220 1967 5265 et

362 5289 632 5371 'purgabit
675 5298 814 5368 filios
864 5299 986 5355 Levi
1024 5310 1072 5353 et
1119 5300 1365 5370 con/labit
1405 5317 1491 5355 eos
1527 5302 1679 5371 quasi
1705 5319 1893 5357 aurum
1919 5313 1968 5358 et

386 5390 542 5460 quasi
570 5398 862 5460 argentum.
899 5388 1152 5444 Eterunt
1194 5390 1414 5445 Domino
1458 5392 1733 5460 offerentes
1761 5394 1970 5464 sacri/L-

390 5480 473 5533 cia
512 5480 567 5535 in
604 5479 834 5550 justitia,
865 5489 914 5534 et
942 5477 1162 5550 placebit
1206 5479 1317 5535 Deo
1359 5480 1680 5549 sacrificium
1725 5481 1872 5537 Iuda
1921 5494 1969 5539 et

393 5565 898 5635 Hierusalem,sicut
929 5569 1039 5623 dies
1071 5569 1267 5636 swculi,
1283 5579 1329 5625 et
1354 5571 1489 5625 sicut
1512 5572 1640 5626 anni
1662 5574 1882 5645 antiqui.
1904 5574 1969 5630 Et

344 5722 347 5725 Α
386 5658 639 5712 accedam
668 5658 737 5714 ad
763 5677 847 5716 vos
876 5661 930 5714 in
943 5659 1151 5731 judicio
1179 5669 1227 5714 et
1249 5677 1336 5715 ero
1362 5661 1504 5716 testis
1541 5661 1686 5718 velox
1718 5663 1970 5735 maleﬁcis

2072 4507 2275 4546 versum
2319 4490 2485 4548 Deum
2530 4491 2706 4561 facere
2757 4495 2849 4564 qui
2896 4510 3100 4549 mecum
3133 4504 3232 4561 est,
3264 4511 3328 4550 ne
3374 4495 3664 4564 interﬁciat

2070 4590 2137 4635 te.
2194 4580 2310 4636 Rex
2350 4580 2569 4654 Aigypti
2599 4597 2659 4637 se
2688 4582 2976 4639 Dominum
3031 4582 3287 4641 festinato
3335 4585 3417 4640 ire
3458 4600 3664 4656 praece—

2070 4669 2215 4740 pisse
2258 4680 2670 4735 commemorat,
2720 4672 2846 4742 quia
2899 4688 2968 4728 ex
3020 4674 3200 4729 verbis
3246 4674 3660 4745 prophetarum.

2071 4759 2176 4814 hoc
2202 4767 2287 4814 est
2313 4757 2563 4816 Jeremite
2590 4769 2641 4815 et
2691 4760 2940 4828 aliorum,
2982 4763 3157 4833 potuit
3187 4776 3522 4834 cognoscere
3556 4764 3663 4819 Do-

2071 4846 2204 4901 mini
2242 4846 2574 4903 voluntatem
2622 4849 2692 4905 ad
2729 4849 2991 4905 ultionem
3035 4852 3301 4922 agendam
3353 4853 3411 4907 in
3460 4854 3662 4925 populo

2072 4943 2376 5005 peccatore.
2444 4935 2597 4993 Unde
2645 4946 2702 4995 et
2761 4936 3034 5011 Bapsaces
3092 4939 3222 4994 dicit
3285 4938 3661 4999 Sennacherib

2074 5025 2187 5096 regi
2231 5025 2576 5097 Assyriorum
2599 5067 2614 5093 ,
2658 5026 2913 5082 Dominus
2934 5029 3095 5098 jussit
3134 5044 3218 5084 me
3256 5030 3544 5088 ascendere
3591 5033 3661 5086 ad

2071 5126 2266 5172 terram
2302 5118 2489 5184 istam,
2531 5117 2657 5188 quia
2685 5117 2799 5188 jam
2846 5121 3124 5189 propheta:
3158 5118 3324 5176 Israel
3369 5124 3659 5192 propheta-

2071 5220 2265 5268 verant
2314 5212 2438 5279 hoc,
2474 5212 2618 5282 quod
2659 5212 2749 5268 ille
2791 5228 3120 5270 ascensurus
3162 5222 3330 5281 esset,
3380 5215 3513 5284 quia
3558 5216 3661 5272 hoc

2074 5318 2196 5359 eum
2226 5303 2449 5358 minime
2484 5303 2657 5358 latuit.

2146 5391 2332 5446 Noluit
2355 5392 2531 5448 Josias
2571 5395 2786 5459 reverti,
2825 5394 2915 5449 sed
2950 5395 3266 5465 preparavit
3303 5405 3487 5451 contra
3537 5412 3654 5451 aut

2073 5483 2265 5539 bellum
2323 5501 2416 5538 nec
2456 5485 2708 5555 acquievit
2765 5484 3090 5539 sermonibus
3140 5484 3356 5539 Nechao
3406 5488 3543 5556 regis
3591 5502 3660 5541 ea:

2073 5590 2162 5627 ore
2196 5574 2325 5641 .Dei,
2356 5591 2534 5630 verum
2559 5576 2783 5647 perrexit
2824 5585 2882 5629 ut
2930 5574 3200 5628 dimicaret
3242 5574 3297 5627 in
3320 5591 3505 5648 campo
3537 5576 3658 5631 Ila-

2071 5668 2278 5739 geddo,
2312 5668 2484 5740 ibique
2534 5668 2831 5725 vulneratus
2877 5683 2911 5724 a
2958 5665 3245 5738 sagittariis
3284 5664 3422 5721 dixit
3476 5668 3657 5737 pueris
