3928 6176
420 246 516 304 531

1065 241 1126 295 Β.
1169 241 1419 294 ΚΛΒΑΝΙ
1459 240 1676 298 MAURI
1714 243 1992 300 ARClilEl

2095 243 2379 301 IOGUNT.
2422 246 2713 303 OPERU'M
2753 249 2932 304 PARS
2970 251 3010 302 l.

2847 122 2865 156 -l

3575 253 3687 314 δ’ἷῖ

415 365 651 420 douosor
704 361 868 413 alium
932 357 1292 426 intelligemus
1313 396 1330 420 ,
1381 356 1486 410 nisi
1541 357 1792 412 eumdem
1837 372 1997 427 quem
2028 361 2076 420 Α
2102 357 2419 424 Jerusalem,
2445 368 2494 414 et
2529 361 2856 416 circumdata
2895 374 2969 418 est
3005 371 3127 419 urbs
3158 365 3552 424 munitionibus.
3585 368 3684 427 Ve-

416 455 754 509 Pharaonem
781 463 903 504 esse
930 447 1185 512 diximus,
1215 447 1518 518 principem
1565 446 1817 503 videlicet
1862 463 1996 503 con—

417 544 662 608 fusionis,
689 549 744 595 et
777 547 1043 596 rectorem
1072 539 1418 594 tenebrarum
1466 540 1680 594 harum.
1707 539 1851 610 Ergo
1873 556 1996 595 cum

420 634 675 704 antiquus
701 629 875 685 hostis
904 629 1140 698 aliquem
1165 628 1267 683 sibi
1299 643 1518 683 censum
1547 631 1754 698 peccati
1789 629 2001 685 solvere

416 723 722 794 persuadet,
759 735 882 774 mox
915 727 1088 775 totum
1135 719 1188 774 in
1239 719 1536 773 dominium
1570 735 1725 773 suum
1755 719 2001 791 redigere

417 828 470 875 et
507 818 725 888 plenum
751 815 1032 871 servitium
1072 815 1377 884 expendere
1415 813 1686 869 admonet.
1750 813 1890 881 Quid
1919 823 2003 868 est

416 926 545 982 ergo
574 909 717 964 aliud
741 908 881 980 regis
921 907 1213 978 Babylonis
1239 921 1456 961 servum
1484 921 1625 971 esse,
1670 921 1832 977 quam
1880 921 2002 976 per-

417 1001 690 1064 suasione,
719 998 1078 1054 delectatione
1103 1004 1269 1066 atque
1301 1009 1603 1067 consensu,
1638 995 1861 1066 antiquo
1905 995 2001 1052 ho-

416 1089 486 1146 sti
525 1088 797 1146 subditum
843 1087 980 1150 fore,
1011 1095 1066 1142 et
1093 1086 1144 1140 in
1175 1084 1487 1156 cogitando,
1514 1085 1806 1155 loquendo,
1841 1093 2002 1154 atque

417 1183 651 1252 agendo,
683 1189 854 1236 totum
883 1179 1031 1235 vitiis
1052 1179 1292 1235 deditum
1313 1178 1466 1248 quasi
1493 1178 1663 1234 libere
1693 1178 1761 1234 ab
1791 1193 1857 1233 eo
1878 1193 2002 1247 pos-

417 1272 603 1328 sideri.

489 1363 709 1435 Reliqua
735 1375 910 1419 autem
941 1364 1210 1418 verborum
1240 1361 1448 1417 Joaltim
1475 1371 1522 1416 et
1551 1361 1998 1416 abominationum

418 1460 532 1528 ejus
578 1475 711 1529 quas
757 1467 1001 1530 operatus
1035 1469 1108 1511 est
1146 1467 1194 1512 et
1237 1473 1355 1527 qua
1401 1457 1628 1510 inventa:
1671 1465 1791 1511 sunt
1838 1456 1895 1510 in
1941 1472 2000 1510 eo

419 1550 748 1602 continentur
788 1548 842 1601 in
892 1546 1023 1600 libro
1061 1562 1238 1617 regum
1281 1543 1455 1600 Israel
1487 1553 1535 1599 et
1571 1543 1738 1598 Iuda.
1781 1543 1860 1600 De
1897 1545 2000 1600 hoc

419 1648 600 1694 autem
640 1638 849 1694 Joakim
878 1653 1040 1708 quam
1077 1636 1340 1693 scelestus
1383 1634 1547 1690 fuerit
1579 1649 1687 1688 non
1727 1633 1901 1689 solum
1930 1633 1996 1689 li-

418 1731 504 1787 bri
549 1731 750 1800 Regum
795 1707 911 1784 sedi
930 1738 985 1785 et
1014 1727 1462 1796 Paralipomenon
1492 1733 1736 1792 narrant,
1782 1725 1998 1795 quando
2027 1707 2073 1764 Β

419 1821 585 1876 etiam
611 1828 663 1875 et
687 1819 948 1875 Jeremias
982 1825 1197 1888 quanta:
1224 1815 1510 1871 dementiae
1548 1814 1712 1871 fuerit
1741 1815 2000 1885 copiosis-

418 1912 556 1966 sime
581 1911 636 1964 in
667 1909 805 1965 libro
845 1924 944 1964 suo
981 1915 1233 1973 testatur,
1257 1908 1333 1962 ita
1362 1917 1554 1962 utnon
1599 1905 1772 1961 solum
1815 1906 2001 1977 pravis

420 2003 673 2074 operibus
719 2001 1004 2058 Dominum
1059 2000 1356 2055 irritaverit
1402 2001 1604 2065 animo,
1642 2000 1787 2069 quod
1828 1998 2000 2069 major

418 2091 686 2148 calumnia
729 2099 843 2157 est,
890 2091 1276 2162 prophetarum
1321 2090 1414 2159 qui
1462 2090 1528 2145 ad
1576 2105 1636 2144 se
1678 2089 1831 2144 missi
1873 2098 1999 2145 sunt

421 2182 584 2238 verba
623 2182 903 2251 spreverit,
947 2181 1043 2237 sed
1082 2188 1138 2235 et
1170 2180 1365 2235 librum
1409 2179 1676 2246 Jeremim,
1702 2195 1863 2250 quem
1899 2181 1999 2236 Ba-

421 2274 554 2328 rueh
596 2287 664 2328 ex
690 2288 785 2329 ore
824 2273 994 2344 ipsius
1021 2273 1297 2342 prophetae
1321 2271 1630 2337 conscribit,
1659 2287 1781 2326 cum
1815 2287 1996 2327 coram

420 2381 478 2420 se
498 2364 667 2420 lectus
692 2362 902 2428 fuisset,
926 2363 1180 2432 scalpello
1201 2362 1452 2417 scindens
1471 2360 1698 2432 projecit
1718 2362 1772 2416 in
1797 2363 1994 2434 ignem,

421 2456 511 2525 qui
536 2464 654 2510 erat
681 2469 842 2525 super
866 2453 1124 2517 areolam,
1149 2453 1319 2507 donec
1343 2459 1811 2507 consummaretur
1838 2469 1997 2509 omne

421 2547 672 2602 volumen
712 2546 854 2616 igni,
900 2554 955 2600 et
1003 2561 1107 2600 non
1158 2545 1454 2599 timuerunt
1509 2559 1683 2614 neque
1719 2545 1996 2600 sciderunt

424 2639 744 2694 vestimenta
782 2652 898 2692 sua.
939 2636 995 2691 In
1027 2638 1128 2693 hoc
1166 2644 1345 2691 autem
1385 2637 1529 2706 quod
1560 2637 1760 2692 dicitur
1805 2647 1996 2692 contra

424 2729 852 2786 abominationes
866 2744 1002 2798 quas
1016 2737 1270 2801 operatus
1290 2736 1394 2794 est,
1413 2737 1469 2784 et
1488 2744 1607 2799 qua:
1627 2729 1859 2785 inventa:
1871 2741 1998 2786 sunt

423 2823 478 2877 in
499 2837 584 2888 eo,
615 2821 833 2877 tradunt
862 2820 1072 2876 Hebrzei
1102 2820 1246 2890 quod
1290 2820 1432 2874 inter
1477 2822 1670 2874 cmtera
1715 2819 1852 2873 mala
1877 2835 1998 2890 quae

423 2917 605 2988 gessit,
631 2917 793 2971 etiam
824 2917 940 2971 hmo
978 2913 1106 2970 fecit
1137 2915 1192 2969 in
1217 2929 1443 2984 corpore
1471 2929 1568 2969 suo
1593 2930 1712 2983 quae
1738 2915 1997 2970 Dominus

422 3009 699 3078 prohibuit
720 3009 845 3063 dum
875 3009 1113 3063 diceret:
1142 3007 1266 3061 Non
1288 3007 1564 3062 tondebitis
1591 3019 1744 3078 caput
1773 3019 1995 3064 vestrum

421 3103 476 3154 in
513 3100 815 3166 rotundum,
855 3116 1016 3171 neque
1043 3117 1199 3170 super
1224 3109 1484 3154 mortuum
1511 3103 1753 3172 stigmata
1793 3103 1995 3173 facietis

423 3191 477 3246 in
500 3189 801 3259 corporibus
823 3188 1001 3244 vestris
1023 3187 1208 3259 (Leuit.
1228 3188 1325 3260 Ix).
1350 3189 1449 3257 Qui
1471 3205 1729 3260 posquam
1755 3201 1998 3250 mortuus

425 3288 525 3341 est,
553 3279 606 3332 in
635 3293 859 3348 corpore
886 3279 1002 3348 ejus
1029 3278 1243 3333 inventa
1269 3287 1413 3334 sunt.

496 3367 741 3438 Regnavit
769 3385 890 3438 ergo
930 3367 1155 3422 Joachin
1180 3367 1322 3438 ﬁlius
1351 3370 1464 3439 ejus
1508 3387 1601 3441 pro
1634 3388 1712 3424 eo.
1741 3371 1872 3426 Octo
1900 3391 1997 3428 an-

423 3474 611 3514 norum
638 3467 747 3512 erat
791 3457 1018 3512 Joachin
1062 3474 1178 3511 cum
1208 3475 1424 3529 regnare
1464 3461 1715 3530 coepisset,
1745 3471 1792 3515 et
1831 3463 1994 3518 tribus

421 3547 682 3604 mensibus
729 3565 793 3601 ac
838 3549 1012 3603 decem
1067 3547 1247 3604 diebus
1295 3552 1525 3620 regnavit
1572 3551 1628 3606 in
1661 3551 1992 3620 Jerusalem,

420 3640 640 3712 fecitque
674 3638 871 3694 malum
897 3641 953 3694 in
982 3651 1258 3711 conspectu
1282 3641 1515 3697 Domini.
1543 3643 1834 3700 Sciendum
1862 3661 1993 3703 sane

415 3733 563 3803 quod
603 3747 798 3788 nomen
842 3732 997 3787 istius
1020 3731 1267 3799 Joachin,
1301 3734 1391 3804 qui
1427 3743 1482 3789 et
1519 3736 1625 3791 alio
1659 3738 1876 3792 nomine
1905 3738 1993 3794 Je-

421 3822 642 3880 eltonias
683 3822 1000 3892 appellatur,
1050 3839 1156 3878 non
1207 3823 1411 3878 eisdem
1457 3825 1738 3883 elementis
1787 3828 1838 3882 in
1885 3829 1991 3886 line

419 3915 562 3983 apud
607 3913 861 3970 Hebraeos
899 3915 1155 3970 scribitur
1195 3916 1388 3986 quibus
1429 3926 1483 3973 et
1525 3921 1697 3990 patris
1725 3919 1839 3990 ejus
1867 3921 1990 3978 Joa-

416 4006 549 4071 kim,
579 4007 670 4075 qui
715 4007 817 4061 alio
846 4010 1062 4063 nomine
1106 4008 1354 4075 Eliakim,
1397 4013 1693 4082 appellatus
1736 4027 1836 4071 est.
1882 4017 1988 4073 Sed

415 4097 674 4168 priorem,
704 4099 806 4152 hoc
837 4107 938 4164 est,
967 4107 1174 4170 patrem
1204 4102 1255 4155 in
1305 4101 1409 4158 line
1441 4105 1672 4160 nominis
1696 4121 1794 4177 per
1823 4125 1988 4179 cappa

411 4197 466 4242 et
494 4205 606 4256 mu,
630 4190 922 4245 secundum
945 4199 1146 4258 autem,
1175 4193 1225 4247 id
1255 4202 1338 4248 est
1370 4194 1555 4262 lilium,
1586 4212 1683 4267 per
1704 4199 1786 4252 chi
1811 4208 1865 4253 et
1892 4217 1983 4264 nu,

411 4277 692 4334 adnatant.
744 4279 892 4335 Unde
942 4295 1100 4334 nemo
1146 4290 1296 4350 putet
1348 4285 1598 4339 eumdem
1653 4287 1704 4340 iu
1752 4287 1988 4343 Danielis

409 4365 673 4436 principio
701 4381 822 4423 esse
849 4366 1056 4423 Joakim
1085 4370 1175 4438 qui
1202 4371 1253 4424 in
1282 4371 1579 4429 Ezechielis
1607 4377 1831 4431 exordio
1860 4375 1984 4432 Joa-

409 4458 535 4513 chin
565 4458 837 4514 scribitur.
874 4457 979 4514 Iste
1017 4469 1313 4515 extremam
1350 4463 1611 4533 syllabam
1641 4465 1749 4520 kim
1788 4467 1979 4532 habet,

409 4550 498 4604 ille
529 4550 678 4614 chin,
707 4557 762 4603 et
787 4550 855 4603 ob
885 4549 1023 4604 hanc
1047 4566 1266 4605 causam
1293 4553 1346 4606 in
1378 4553 1664 4625 Evangelio
1686 4559 1979 4613 secundum

408 4639 738 4703 Mattbaeum,
754 4653 859 4692 una
873 4639 1276 4696 videturdeesse
1294 4643 1591 4713 generatio,
1606 4646 1730 4713 quia
1746 4648 1979 4701 secunda

408 4728 920 4788 tessarakaidecadis
947 4731 999 4786 in
1025 4731 1340 4790 leehoniam
1368 4735 1566 4790 desinit
1592 4736 1759 4791 lilium
1794 4736 1976 4802 Josiae,

406 4833 460 4880 et
493 4825 648 4880 tertia
687 4824 876 4895 incipit
915 4839 943 4878 a
978 4823 1202 4880 Joacbin
1229 4825 1338 4881 lilio
1368 4825 1612 4881 Eliakim.
1639 4826 1790 4895 Quod
1832 4829 1982 4900 igno-

406 4930 535 4969 rans
571 4914 904 4986 Porphyrius
939 4914 1263 4969 calumniam
1303 4917 1494 4972 statuit
1523 4917 1798 4984 Ecclesiae,
1825 4935 1980 4975 suam

404 5002 691 5058 ostendens
717 5003 1063 5073 imperitiam,
1094 5004 1221 5059 dum
1247 5005 1599 5078 Evangelistm
1631 5007 1865 5065 Matthmi
1893 5025 1980 5064 ar-

403 5106 574 5163 guere
595 5091 784 5147 nititur
808 5090 1118 5147 falsitatem.

473 5179 705 5250 Cumque
727 5181 852 5235 anni
877 5180 1104 5236 circulus
1131 5183 1440 5252 volveretur,
1462 5187 1601 5241 misit
1626 5187 1979 5244 Nabuchodo-

401 5286 560 5328 nosor
601 5285 691 5324 rex
728 5271 936 5324 numios
965 5272 1054 5342 qui
1091 5281 1137 5326 et
1171 5273 1501 5330 adduxerunt
1539 5293 1658 5330 eum
1705 5279 1761 5332 in
1805 5279 1978 5350 Baby-

399 5367 568 5417 lonem
618 5361 898 5430 asportatis
946 5362 1104 5417 simul
1159 5366 1544 5434 pretiosissimis
1599 5369 1732 5423 vasis
1789 5370 1976 5426 domus

2100 449 2277 519 nitque
2320 448 2812 506 Nabuchodonosor
2843 471 2936 509 rex
2983 455 3268 526 Babylonis
3313 459 3385 512 ad
3426 461 3682 520 civitatem

2099 555 2218 593 cum
2247 541 2411 595 servis
2433 541 2564 606 suis,
2597 551 2654 595 ut
2679 555 3035 614 oppugnarent
3060 563 3200 602 eam.
3225 547 3589 623 Egressusque
3613 565 3684 608 est

2098 627 2326 684 Joachin
2353 647 2446 685 rex
2468 631 2613 686 Iuda
2647 633 2718 687 ad
2746 651 2917 705 regem
2955 634 3264 708 Babylonis,
3305 641 3415 710 ipse
3443 651 3492 696 et
3519 655 3687 699 mater

2100 722 2237 792 ejus,
2261 732 2311 776 et
2349 725 2486 778 servi
2513 724 2628 794 ejus
2662 734 2710 781 et
2738 727 2999 798 principes
3035 729 3152 798 ejus
3194 739 3244 784 et
3283 733 3508 788 eunuchi
3545 736 3684 805 ejus,

2100 821 2147 865 et
2183 813 2406 884 suscepit
2438 831 2556 868 eum
2583 831 2673 869 rex
2703 815 2988 888 Babylonis
3031 833 3174 873 anno
3200 829 3394 884 octavo,
3408 825 3554 892 regni
3579 826 3686 890 sui,

2101 912 2148 956 et
2192 903 2407 974 protulit
2455 905 2578 960 inde
2621 923 2796 961 omnes
2836 907 3111 963 thesauros
3153 909 3339 965 domus
3381 911 3596 968 Domini
3641 925 3687 969 et

2101 997 2371 1051 thesauros
2403 997 2590 1052 domus
2627 999 2802 1068 regite,
2837 1007 2887 1054 et
2910 1000 3137 1054 concidit
3163 1002 3402 1057 universa
3425 1020 3552 1059 vasa
3592 1022 3688 1060 au-

2103 1102 2190 1141 rea
2233 1104 2349 1159 qua:
2393 1087 2587 1158 fecerat
2628 1087 2882 1146 Salomon
2920 1107 3013 1146 rex
3055 1090 3224 1147 Israel
3247 1091 3305 1146 in
3344 1095 3536 1166 templo
3583 1096 3686 1150 Do-

2101 1179 2231 1232 mini
2262 1179 2422 1248 jua'ta
2459 1180 2668 1233 verbum
2710 1179 2944 1244 Domini,
2969 1191 3018 1236 et
3049 1183 3317 1238 transtulit
3361 1202 3570 1241 omnem
3600 1187 3687 1242 Je-

2103 1270 2348 1338 rusalem,
2379 1282 2428 1328 et
2453 1274 2717 1330 universos
2743 1277 3025 1346 principes,
3051 1287 3100 1333 et
3128 1294 3306 1334 omnes
3332 1279 3495 1349 fortes
3533 1297 3682 1335 exer-

2100 1363 2234 1417 citus
2273 1363 2445 1418 decem
2475 1363 2640 1418 millia
2677 1366 2733 1419 in
2771 1366 3140 1436 captivitatem,
3182 1377 3231 1422 et
3267 1384 3473 1423 omnem
3509 1371 3682 1439 arti/i-

2100 1471 2211 1510 cem
2251 1465 2300 1511 et
2350 1454 2666 1511 inclusorem
2688 1497 2705 1522 ,
2749 1456 2978 1528 nihilque
3028 1457 3265 1513 relictum
3318 1469 3416 1524 est,
3456 1462 3686 1530 exceptis

2098 1546 2412 1618 pauperibus
2455 1547 2636 1618 populi
2662 1558 2836 1603 terrm.
2881 1547 3172 1604 Transtulit
3215 1566 3418 1621 quoque
3451 1552 3684 1607 Joacliin

2099 1638 2153 1691 in
2189 1637 2533 1708 Babylonem,
2574 1648 2621 1693 et
2660 1647 2882 1694 matrem
2918 1640 3076 1712 regis,
3112 1649 3163 1695 et
3208 1657 3396 1695 uxores
3424 1642 3586 1711 regis,
3633 1651 3678 1696 et

2099 1729 2363 1784 eunuchos
2393 1730 2527 1799 ejus,
2560 1739 2608 1784 et
2643 1730 2842 1798 iudices
2873 1741 3027 1786 terra:
3067 1731 3216 1786 duxit
3252 1733 3308 1786 in
3332 1734 3686 1802 captivitatem

2099 1817 2164 1871 de
2189 1816 2485 1873 Jerusalem
2514 1819 2568 1872 in
2608 1818 2952 1889 Babylonem,
2985 1829 3034 1875 et
3064 1837 3237 1876 omnes
3271 1822 3406 1877 viros
3447 1822 3689 1877 robustos

2099 1917 2290 1978 septem
2314 1908 2502 1974 millia,
2535 1917 2586 1964 et
2617 1910 2864 1979 artiﬁces,
2911 1919 2960 1966 et
2988 1910 3275 1967 inclusores
3309 1912 3476 1976 mille,
3510 1929 3685 1968 omnes

2099 2000 2238 2053 viros
2282 1997 2438 2053 'ortes
2477 2011 2525 2054 et
2555 1999 2851 2066 bellatores,
2879 2001 3130 2072 duxitque
3164 2018 3250 2057 eos
3277 2019 3370 2057 rex
3398 2002 3688 2073 Babylonis

2099 2091 2328 2159 captivos
2357 2091 2410 2143 in
2443 2089 2779 2160 Babylonem,
2815 2100 2862 2145 et
2903 2093 3173 2148 constituit
3204 2092 3556 2148 Hathathiam
3594 2113 3688 2165 pa-

2101 2187 2277 2232 truum
2322 2179 2438 2250 ejus
2481 2198 2576 2252 pro
2619 2198 2702 2248 eo,
2745 2182 3088 2255 imposuitque
3122 2201 3311 2240 nomen
3347 2188 3395 2240 ei
3438 2185 3691 2242 Sedecias

2100 2265 2206 2339 (IV
2233 2265 2355 2340 Reg.
2379 2270 2552 2344 xxiv).
2589 2271 2811 2344 Mystiee
2839 2282 3020 2329 autem
3057 2275 3342 2346 captivitas
3384 2276 3504 2332 haec
3545 2279 3690 2349 regis

2097 2361 2343 2426 Joaehin,
2373 2376 2469 2432 per
2509 2377 2673 2432 quam
2703 2361 2964 2418 deductus
2996 2371 3080 2418 est
3127 2364 3180 2418 in
3213 2362 3575 2434 Babylonem,
3615 2366 3687 2420 si-

2098 2453 2320 2524 gniﬁcat
2340 2453 2550 2523 lapsum
2573 2463 2735 2523 atque
2757 2454 2965 2508 ruinam
2984 2461 3255 2510 rectorum
3279 2454 3555 2519 Ecclesiae,
3571 2457 3690 2526 qui,

2098 2545 2210 2600 veri
2235 2543 2747 2614 Nabuchodonosor,
2773 2547 2876 2602 hoc
2902 2555 3012 2614 est,
3034 2547 3250 2614 diaboli,
3275 2558 3394 2606 arte
3413 2549 3612 2617 delusi,
3636 2550 3685 2604 in

2098 2636 2466 2693 confusionem
2496 2639 2836 2694 adducuntur
2863 2655 3110 2696 errorum
3136 2651 3297 2712 atque
3324 2643 3607 2709 vitiorum,
3635 2653 3690 2699 et

2097 2728 2190 2798 qui
2239 2744 2334 2800 per
2381 2729 2595 2785 Domini
2635 2730 2870 2800 gratiam
2914 2745 2979 2785 ac
3022 2732 3259 2788 studium
3306 2733 3510 2790 bonum
3548 2734 3690 2790 alios

2098 2833 2351 2874 sermone
2376 2819 2636 2875 doctrina:
2665 2827 2721 2875 et
2746 2820 2902 2876 bonis
2926 2822 3188 2892 exemplis
3224 2824 3290 2878 ad
3333 2839 3524 2879 veram
3557 2827 3686 2880 reli-

2097 2909 2313 2981 gionem
2341 2910 2607 2965 suscitare
2641 2911 2957 2979 debuerant,
2999 2912 3101 2983 ipsi
3129 2914 3296 2969 variis
3317 2915 3539 2986 judiciis
3570 2925 3682 2971 tru-

2099 3000 2265 3056 cidati
2309 3009 2485 3058 morte
2517 3003 2756 3072 absorpti
2808 3012 2933 3060 sunt
2979 3015 3345 3076 peccatorum.
3384 3007 3498 3062 Hoc
3533 3009 3687 3064 enim

2100 3107 2294 3148 nomen
2312 3091 2560 3159 Joachin,
2585 3096 2676 3164 qui
2701 3097 3032 3161 resuscitans,
3057 3098 3139 3152 vel
3157 3098 3249 3168 qui
3272 3109 3346 3153 est
3368 3115 3687 3171 consurgens

2098 3184 2508 3256 interpretatur,
2554 3185 2840 3258 signiﬁcat.
2875 3187 3010 3243 Cum
3050 3204 3157 3258 quo
3205 3189 3364 3246 simul
3404 3193 3688 3260 pretiosis

2129 3273 2233 3330 ima
2269 3290 2395 3330 vasa
2430 3275 2641 3331 Domini
2668 3276 2722 3330 in
2758 3277 3126 3347 captivitatem
3150 3287 3526 3349 asportantur,
3553 3282 3686 3352 quia

2097 3367 2174 3422 illi
2198 3368 2291 3437 qui
2333 3368 2536 3438 ingenii
2564 3368 2814 3424 acumine
2845 3368 3200 3435 excellebant,
3232 3370 3316 3424 vel
3346 3386 3560 3426 morum
3590 3373 3687 3428 bo-

2097 3468 2304 3514 nestate
2331 3458 2624 3530 fulgebant,
2655 3459 2924 3516 malorum
2966 3461 3377 3532 praepositorum
3403 3463 3684 3533 depravati

2094 3547 2373 3619 exemplis,
2415 3549 2577 3605 simul
2603 3565 2728 3604 cum
2777 3549 2908 3620 ipsis
2937 3551 2990 3606 in
3035 3551 3277 3622 prtedam
3306 3566 3526 3610 cessere
3573 3556 3686 3610 dia-

2094 3640 2220 3695 boli.
2251 3639 2404 3706 Quod
2441 3640 2605 3695 etiam
2633 3639 2901 3697 Jeremias
2945 3643 3203 3715 propheta
3231 3643 3287 3698 in
3313 3643 3684 3702 Lamentatio-

2093 3729 2254 3786 nibus
2279 3729 2393 3785 suis
2421 3728 2619 3785 deﬂere
2653 3731 2888 3798 videtur,
2917 3731 3007 3786 ubi
3031 3732 3203 3787 dicit:
3237 3732 3495 3804 Egressus
3533 3746 3614 3790 est
3648 3755 3682 3791 a

2090 3818 2205 3888 ﬁlia
2237 3816 2369 3874 Sion
2395 3820 2563 3874 omnis
2593 3819 2750 3874 decor
2778 3819 2914 3890 ejus,
2951 3820 3078 3891 facti
3114 3831 3235 3876 sunt
3269 3826 3530 3896 principes
3562 3827 3683 3897 ejus

2090 3909 2227 3963 velut
2251 3909 2438 3965 arietes
2482 3926 2585 3966 non
2618 3911 2932 3966 invenientes
2965 3929 3182 3982 pascua,
3213 3923 3260 3968 et
3287 3915 3526 3972 abierunt
3556 3919 3680 3973 abs-

2088 4017 2188 4073 que
2243 4001 2552 4072 fortitudine
2609 4012 2731 4057 ante
2792 4001 2980 4071 faciem
3031 4005 3406 4076 subsequentis.
3451 4007 3680 4065 Manum

2087 4109 2239 4148 suam
2279 4095 2420 4148 misit
2461 4095 2626 4148 hostis
2668 4095 2737 4148 ad
2771 4098 2948 4152 omnia
2977 4097 3344 4153 desiderabilia
3375 4099 3510 4170 ejus,
3549 4105 3680 4174 quia

2087 4183 2216 4237 vidit
2260 4193 2435 4254 gentes
2479 4186 2741 4255 ingressas
2783 4189 3144 4242 sanctuarium
3195 4189 3309 4258 ejus
3359 4189 3579 4260 (Thren.
3608 4194 3674 4264 ι).

2088 4275 2224 4330 Hinc
2265 4283 2321 4330 et
2348 4275 2631 4332 Psalmista
2669 4279 3006 4334 subitaneam
3034 4281 3204 4336 vinem
3248 4281 3460 4338 Domini
3496 4283 3676 4338 admi-

2087 4381 2216 4421 rans
2239 4366 2687 4435 devastationem,
2725 4369 2792 4424 ad
2837 4370 3013 4440 ipﬁum
3057 4369 3342 4426 Dominum
3381 4371 3515 4427 dicit
3552 4392 3565 4426 :
3605 4372 3678 4428 Ut

2084 4458 2209 4529 quid
2257 4458 2542 4529 deposuisti
2582 4461 2864 4514 maceriam
2911 4462 3029 4532 ejus
3074 4472 3123 4516 et
3179 4463 3498 4518 vindemiant
3555 4482 3677 4520 eam

2083 4563 2259 4601 omnes
2297 4549 2387 4618 qui
2435 4557 2706 4604 transeunt
2747 4550 2923 4604 viam?
2966 4550 3346 4607 Exteminavit
3383 4569 3500 4607 eam
3547 4569 3678 4624 aper

2085 4633 2256 4706 (Psal.
2286 4638 2490 4707 Lxm).

2162 4744 2360 4815 Viginti
2401 4757 2450 4801 et
2488 4750 2646 4804 unius
2682 4752 2810 4805 anni
2854 4761 2966 4806 erat
3010 4749 3256 4807 Sedecias
3298 4770 3416 4806 cum
3449 4771 3673 4825 regnare

2084 4837 2316 4908 coepisset
2367 4847 2416 4892 et
2464 4839 2704 4894 undecim
2747 4843 2902 4896 annis
2954 4843 3186 4913 regnavit
3221 4843 3277 4896 in
3322 4843 3628 4899 Jerusalem
3652 4887 3667 4912 ,

2081 4926 2304 4997 fecitque
2329 4926 2522 4981 malum
2553 4928 2606 4982 in
2639 4929 2803 4984 oculis
2827 4930 3037 4985 Domini
3063 4930 3158 4985 Dei
3185 4933 3289 4998 sui,
3327 4949 3421 4987 nec
3450 4936 3664 4990 erubuit

2081 5016 2270 5086 faciem
2315 5018 2558 5074 Ieremia:
2607 5021 2870 5091 propheta:
2925 5021 3178 5093 loquentis
3229 5023 3298 5078 ad
3346 5041 3402 5077 se
3455 5041 3524 5079 ea:
3579 5043 3666 5080 ore

2080 5103 2310 5159 Domini.
2339 5106 2383 5158 Α
2412 5123 2526 5178 rege
2559 5124 2762 5179 quoque
2788 5109 3302 5166 Nabuchodonosore
3336 5115 3549 5168 recessit
3578 5117 3666 5186 qui

2079 5196 2418 5264 adjuvaverat
2451 5215 2544 5270 per
2584 5200 2752 5255 Deum
2776 5211 2824 5256 et
2853 5203 3188 5258 induraverat
3224 5207 3477 5260 cervicem
3511 5225 3664 5262 suam

2077 5296 2125 5340 et
2165 5303 2275 5352 cor,
2323 5298 2378 5342 ut
2420 5301 2899 5346 nonreverteretur
2926 5293 2996 5347 ad
3042 5293 3325 5349 Dominum
3362 5295 3536 5350 Deum
3583 5297 3663 5352 ls-

2079 5378 2205 5431 rael.
2245 5378 2352 5434 Sed
2393 5389 2442 5434 et
2490 5382 2716 5436 universi
2761 5385 3019 5454 principes
3077 5386 3409 5440 sacerdotum
3464 5398 3516 5440 et
3567 5405 3661 5458 po-

399 5451 631 5507 Domim'.
678 5451 752 5507 De
801 5453 902 5508 hoc
947 5453 1164 5522 qnidem
1217 5455 1428 5524 plenius
1471 5457 1525 5511 in
1577 5457 1716 5513 libro
1768 5459 1973 5531 Regum
2074 5471 2227 5539 putus
2255 5475 2585 5542 pra'varicati
2611 5486 2731 5530 sunt
2771 5451 2946 5547 inique
2963 5479 3124 5546 juxta
3159 5481 3430 5535 universas
3459 5451 3659 5536 abomi-

401 5555 672 5611 narratur,
701 5546 789 5600 ubi
824 5545 896 5600 ita
939 5547 1195 5616 scriptum
1240 5559 1361 5605 est:
1400 5550 1466 5605 In
1505 5562 1731 5621 tempore
1768 5553 1858 5606 illo
1888 5573 1974 5608 as-

2075 5563 2308 5616 nationes
2334 5566 2563 5634 gentium
2592 5576 2640 5620 et
2664 5565 2961 5636 polluerunt
2985 5570 3199 5624 domum
3229 5571 3466 5636 Domini,
3497 5591 3658 5644 quant

397 5633 676 5690 renderunt
723 5637 854 5691 servi
899 5635 1382 5695 Nabuchodonosor
1412 5643 1542 5711 regis
1583 5640 1865 5713 Babylonis
1918 5647 1970 5699 in

2095 5633 2484 5720 nancti/icavcrat
2520 5656 2619 5710 sibi
2647 5633 2700 5710 in
2726 5656 3040 5714 Jerusalem.
3081 5657 3318 5715 Mittebat
3345 5633 3524 5716 autem
3553 5662 3656 5717 Do-
