3928 6176
392 280 496 336 533

1026 277 1084 329 B.
1127 271 1376 328 RABANI
1417 272 1633 326 MAUlil
1673 267 1994 326 ARCHIEP.
2039 271 2342 328 MOGUNT.
2383 275 2670 332 OPEHUM
2706 275 2886 333 PARS
2925 278 2964 332 l.

3539 280 3642 336 536

390 401 511 460 post
547 391 880 460 septuaginta
925 401 1094 441 annos
1137 384 1469 447 liberantur,
1513 397 1576 436 ac
1625 383 1841 437 domum
1876 381 1969 435 Dei
2000 384 2049 443 A
2076 382 2342 447 Desolare,
2377 395 2423 438 et
2461 386 2683 454 ﬂumina
2722 396 2814 440 tua
2847 387 3165 454 arefaciam;
3202 388 3300 456 qui
3317 389 3432 442 dico
3469 389 3645 458 Cyro:

388 490 443 536 et
467 481 738 535 civitatem
766 485 1007 532 sanctam
1057 471 1405 536 readitlcant,
1445 472 1570 540 quia
1601 486 1870 539 nunquam
1904 470 1958 524 hi

391 587 486 640 per
517 585 609 624 sua
637 576 855 637 peccata
896 580 925 618 a
963 564 1337 619 communione
1370 572 1426 616 et
1469 561 1727 616 societate
1762 569 1961 615 sancta

389 662 639 719 Ecclesia
668 658 896 728 separati
925 657 1217 712 inﬁdelium
1241 657 1372 710 sorti
1397 671 1460 710 ac
1483 669 1706 709 numero
1727 653 1961 722 copulati

389 764 533 820 sunt,
558 766 878 820 rursumque
903 767 1000 822 per
1021 751 1218 806 donum
1240 751 1411 804 sancti
1439 748 1698 818 Spiritus,
1722 748 1962 802 studiose

387 846 540 898 bona
567 841 896 912 operationis
924 849 1077 896 actus
1105 848 1378 905 exercent,
1404 855 1466 894 ac
1493 854 1590 908 per
1614 840 1716 892 hoc
1747 853 1964 892 consor-

390 934 521 987 tium
551 931 786 986 lidelium
821 932 1010 986 domus
1035 929 1280 985 videlicet
1303 939 1358 982 et
1387 928 1620 983 civitatis
1645 927 1853 981 Domini
1900 927 1964 980 de

388 1037 492 1092 qua
524 1021 732 1076 fuerant
758 1020 914 1090 ejecti
937 1020 1223 1089 recipiunt.

458 1112 608 1165 Anno
652 1120 826 1165 autem
863 1100 1032 1181 primo
1072 1108 1194 1179 Cyri
1241 1110 1372 1178 regis
1419 1105 1737 1169 Persarum,
1769 1104 1838 1158 ad
1874 1121 1965 1158 ea:-

385 1203 630 1274 plendum
659 1219 944 1257 sermonem
969 1200 1180 1255 Domini
1218 1215 1372 1270 quem
1413 1198 1618 1253 locutus
1665 1196 1836 1266 fuerat
1876 1210 1968 1263 per

388 1310 444 1348 os
475 1294 716 1349 Ieremia
751 1291 964 1364 (Jerem.
1002 1307 1130 1356 xxv,
1177 1290 1350 1362 xxrx),
1391 1288 1658 1344 suscitavit
1707 1285 1966 1339 Dominus

387 1384 631 1453 spiritum
673 1380 796 1452 Cyri
839 1381 970 1452 regis
1013 1381 1322 1446 Persarum,
1354 1375 1445 1450 qu‘i
1477 1377 1638 1449 jussit
1685 1373 1968 1447 praz'dicuri

396 1473 638 1526 universo
683 1488 838 1543 regno
887 1488 1004 1536 suo,
1046 1472 1202 1524 etiam
1247 1487 1338 1540 per
1382 1471 1714 1538 scripturam,
1746 1465 1921 1519 dicens
1947 1477 1966 1514 :

392 1563 521 1618 Hcce
559 1565 684 1616 dicit
723 1563 890 1634 Cyrus
922 1579 1010 1616 rex
1050 1559 1372 1615 Persarum:
1402 1558 1592 1614 Omnia
1623 1573 1780 1627 regna
1814 1564 1968 1608 terra:

394 1653 534 1708 dedit
569 1653 694 1706 mihi
728 1653 982 1706 Dominus
1010 1651 1148 1706 Deus
1186 1649 1326 1716 cali,
1352 1659 1400 1704 et
1431 1650 1539 1717 ipse
1563 1647 1802 1718 pracepit
1840 1643 1967 1697 mihi

2066 473 2260 528 Pastor
2287 491 2432 530 meus
2455 494 2528 541 es,
2560 487 2608 531 et
2637 495 2839 532 omnem
2862 481 3173 533 voluntatem
3214 495 3384 532 meam
3427 482 3650 550 comple-

2065 562 2173 626 bfs;
2214 563 2301 632 qui
2335 563 2452 617 dico
2500 565 2790 619 Jerusalem
2821 580 2839 618 :
2869 566 3276 635 zEdiﬁcaberis;
3319 577 3367 622 et
3414 571 3605 638 templo
3630 590 3648 627 :

2064 648 2413 706 Fundaberis.
2467 651 2592 706 Hac
2630 655 2753 708 dicit
2787 654 3043 708 Dominus
3091 654 3284 708 christo
3323 672 3440 710 meo
3489 655 3648 727 Cyro,

2065 742 2216 810 cujus
2257 743 2572 813 apprehendi
2600 745 2860 812 dextram,
2901 755 2956 799 ut
2995 746 3273 816 subjiciam
3311 758 3434 803 ante
3459 750 3648 818 [aciem

2064 829 2177 898 ejus
2207 841 2399 901 gentes,
2431 842 2480 886 et
2505 833 2662 888 dorsa
2687 851 2865 906 regum
2893 845 3110 901 vertam,
3134 845 3182 889 et
3210 839 3443 906 aperiam
3468 856 3649 894 coram

2065 935 2124 972 eo
2150 921 2374 989 januas,
2404 931 2453 977 et
2481 933 2648 993 portae
2687 941 2790 978 non
2819 924 3154 980 claudentur.
3199 925 3314 996 Ego
3350 929 3559 983 anteibo
3599 940 3648 984 et

2066 1011 2322 1081 gloriosos
2374 1024 2526 1070 terra:
2571 1015 2877 1070 humiliabo.
2919 1014 3112 1072 Portus
3145 1035 3308 1072 meas
3343 1029 3644 1087 conteram,

2067 1109 2116 1153 et
2147 1111 2310 1155 vectes
2351 1103 2548 1172 ferreos
2591 1105 2939 1176 confringam,
2984 1116 3034 1160 et
3067 1108 3202 1161 dabo
3237 1109 3330 1162 tibi
3369 1115 3646 1166 thesauros

2067 1189 2396 1245 absconditos
2424 1203 2473 1247 et
2512 1211 2716 1248 arcana
2753 1205 3091 1260 secretorum,
3134 1206 3192 1250 ut
3223 1198 3358 1252 scias
3395 1200 3519 1268 quia
3547 1217 3644 1271 ego

2067 1277 2326 1334 Dominus
2357 1283 2446 1349 qui
2479 1299 2602 1337 voco
2632 1300 2816 1338 nomen
2840 1293 2988 1338 tuum
3028 1285 3168 1340 Deus
3207 1286 3400 1352 Israel,
3434 1300 3646 1358 propter

2067 1385 2269 1423 servum
2322 1387 2494 1425 meum
2545 1371 2714 1428 Iacob
2769 1384 2818 1429 et
2868 1374 3039 1429 Israel
3085 1377 3302 1432 electum
3363 1396 3536 1433 meum
3593 1393 3642 1436 et

2067 1461 2241 1514 vocavi
2262 1470 2312 1515 te
2345 1463 2400 1516 in
2434 1464 2642 1519 nomine
2665 1474 2775 1530 tuo,
2812 1465 3096 1521 assimilavi
3135 1479 3185 1523 te
3228 1479 3278 1524 et
3312 1487 3416 1524 non
3451 1488 3645 1542 cogno-

2067 1551 2186 1604 visti
2248 1568 2346 1606 me.
2403 1551 2516 1623 Ego
2576 1553 2832 1609 Dominus
2893 1565 2942 1609 et
3020 1573 3124 1610 non
3191 1558 3447 1627 amplius,
3492 1572 3644 1616 extra

2068 1656 2150 1694 me
2188 1657 2290 1695 non
2327 1652 2400 1696 est
2448 1641 2609 1698 Deus.
2653 1642 2870 1698 Accinxi
2905 1654 2952 1700 te
2993 1657 3040 1699 et
3087 1663 3192 1700 non
3233 1649 3520 1718 cognovisti
3564 1667 3643 1704 me

395 1752 450 1795 ut
495 1743 813 1812 cudi/itarem
849 1742 897 1796 ei
936 1743 1147 1795 domum
1184 1741 1236 1796 in
1279 1739 1602 1804 Jerusalem,
1643 1753 1758 1810 qua:
1796 1745 1870 1790 est
1908 1735 1964 1788 in
1993 1725 2040 1784 Β
2069 1730 2224 1802 (Isai.
2251 1733 2396 1804 κων).

393 1829 618 1895 Juda'a;
649 1831 764 1901 quis
803 1847 867 1885 ex
913 1830 1051 1884 vobis
1085 1840 1160 1884 est
1195 1832 1247 1884 in
1278 1831 1417 1884 omni
1457 1827 1646 1900 populo
1683 1827 1839 1897 ejus?
1881 1823 1961 1880 Sit

389 1921 642 1975 Dominus
675 1921 816 1976 Deus
839 1938 964 1976 suus
995 1938 1112 1975 cum
1136 1939 1215 1987 eo,
1246 1930 1292 1974 et
1317 1919 1581 1974 ascendat.

457 2013 601 2068 Finis
641 2014 758 2068 libri
789 2013 1232 2084 Paralipomenon
1272 2013 1466 2068 similis
1492 2020 1576 2067 est
1606 2011 1870 2082 principio
1895 2011 1958 2065 li-

387 2103 467 2157 bri
515 2103 697 2159 Esdra
747 2103 1040 2159 sacerdotis
1087 2119 1102 2157 :
1153 2119 1313 2174 quem
1370 2102 1578 2158 Hebrai
1638 2101 1956 2156 Malacbiam

384 2195 629 2250 ultimum
667 2196 946 2252 duodecim
992 2197 1374 2266 prophetarum
1417 2210 1540 2251 esse
1568 2202 1869 2256 autumant,
1901 2193 1955 2248 in

383 2301 488 2356 quo
523 2288 757 2342 edictum
794 2286 916 2360 Cyri
952 2289 1092 2358 regis
1125 2287 1412 2343 Persarum
1442 2297 1495 2343 et
1541 2287 1747 2341 reditus
1775 2285 1952 2355 populi

381 2377 590 2432 Judaici
622 2377 675 2430 in
707 2385 904 2432 terram
947 2377 1082 2432 Iuda
1115 2377 1456 2433 describitur.
1489 2376 1640 2432 Unde
1669 2376 1829 2432 simili
1868 2391 1957 2430 ex-

387 2468 652 2537 positione
691 2468 776 2522 hic
803 2465 954 2522 locus
984 2467 1188 2521 exsolvi
1227 2475 1422 2536 potest,
1455 2467 1526 2520 ita
1559 2473 1618 2519 ut
1645 2481 1762 2534 qua
1795 2479 1954 2534 expo-

387 2559 580 2613 sitores
607 2557 774 2628 ipsius
803 2557 1075 2626 propheta:
1117 2557 1181 2611 de
1220 2556 1363 2611 illius
1407 2556 1544 2610 libro
1590 2557 1643 2610 in
1687 2555 1950 2624 principio

385 2647 666 2714 dixerunt,
714 2649 830 2704 hac
874 2650 1056 2704 eadem
1093 2665 1189 2703 nos
1235 2649 1288 2704 in
1332 2649 1438 2704 ﬁne
1473 2648 1626 2702 istius
1666 2661 1947 2716 ponamus,

382 2735 615 2792 Narrant
644 2745 854 2794 veteres
879 2740 1136 2804 historia,
1166 2739 1360 2809 quibus
1384 2747 1438 2792 et
1464 2737 1738 2808 propheta:
1762 2737 1953 2792 Danie-

382 2827 449 2883 lis
488 2827 767 2899 Scriptura
811 2831 1132 2893 concordat,
1178 2829 1375 2901 Cyrum
1416 2841 1594 2898 regem
1638 2825 1947 2890 Persarum,

378 2919 565 2991 juncto
588 2920 691 2974 sibi
711 2919 856 2974 socio
881 2919 1038 2974 Dario
1067 2934 1191 2990 rege
1218 2917 1512 2983 Medorum,
1538 2914 1949 2986 Babyloniorum

382 3011 724 3065 dextruxisse
770 3011 1085 3080 imperium,
1131 3010 1312 3064 occiso
1361 3009 1548 3062 ultimo
1584 3023 1771 3062 eorum
1823 3021 1948 3078 rege

2135 1820 2211 1874 Ex
2252 1836 2360 1890 quo
2406 1822 2559 1878 lsaia
2604 1825 2877 1894 prepheta
2923 1826 3249 1881 credendum
3299 1835 3382 1882 est
3426 1843 3527 1898 pro
3573 1841 3640 1883 eo

2063 1912 2297 1966 maxime
2329 1912 2531 1984 Cyrum
2559 1928 2740 1984 regem
2768 1916 3018 1970 dilexisse
3045 1916 3183 1972 ﬁlios
3211 1917 3396 1983 Israel,
3431 1933 3638 1988 eosque

2060 2001 2128 2056 de
2163 2002 2474 2071 captivitate
2501 2012 2782 2074 exemptos
2807 2003 3024 2059 domum
3071 2005 3362 2071 remisisse,
3398 2021 3465 2061 ac
3499 2016 3638 2060 tem-

2059 2091 2206 2162 plum
2244 2092 2571 2148 readilicare
2604 2094 2854 2164 jussisse,
2885 2096 3026 2164 quod
3067 2095 3298 2150 audierit
3344 2093 3637 2165 prophetas

2057 2195 2242 2236 eorum
2272 2196 2369 2251 per
2414 2180 2676 2251 Spiritum
2719 2184 2816 2238 Dei
2857 2185 2922 2239 de
2957 2199 3056 2239 suo
3097 2199 3282 2255 regno,
3321 2195 3372 2239 et
3401 2183 3633 2254 Babylo-

2057 2271 2269 2326 niorum
2294 2273 2658 2330 destructione
2685 2274 2854 2331 fuisse
2891 2275 3228 2345 pralocutos.
3255 2276 3390 2330 Nam
3419 2288 3474 2329 et
3511 2290 3636 2345 spe-

2055 2362 2266 2417 cialiter
2302 2363 2478 2433 ipsum
2509 2379 2677 2436 genus
2715 2366 3120 2437 expurgationis
3148 2381 3254 2435 quo
3281 2365 3636 2436 Babyloniam

2055 2453 2200 2522 cepit
2233 2463 2616 2523 expresserant
2643 2455 2803 2510 iidem
2846 2456 3144 2525 propheta,
3171 2469 3399 2524 quorum
3427 2454 3594 2510 Isaias
3619 2475 3632 2509 :

2057 2542 2160 2608 Qui
2187 2543 2324 2608 dico,
2351 2543 2542 2612 inquit,
2574 2543 2836 2612 profundo
2863 2557 2882 2594 :
2909 2543 3180 2609 Desolare,
3214 2555 3262 2597 et
3287 2546 3507 2614 ﬂumina
3543 2555 3638 2599 tua

2053 2631 2338 2701 arefaciam
2384 2632 2517 2701 (lsa.
2567 2630 2734 2702 xuv).
2778 2631 2947 2686 Porro
2981 2631 3244 2687 Jeremias
3282 2633 3359 2687 ait
3394 2653 3407 2687 :
3446 2635 3634 2689 Murus

2049 2722 2334 2793 Babylonis
2384 2721 2472 2777 ille
2520 2722 2803 2778 latissimus
2851 2723 3161 2792 stt/fossione
3220 2725 3534 2794 su/j'odietur
3589 2738 3637 2780 et

2049 2823 2214 2883 porta:
2246 2814 2359 2884 ejus
2389 2813 2603 2868 excelsa:
2645 2814 2751 2884 igni
2779 2813 3141 2868 comburentur
3183 2813 3333 2885 (Jer.
3365 2815 3470 2884 ιι).
3500 2814 3638 2868 Nar-

2053 2913 2173 2972 rant
2201 2905 2344 2960 enim
2376 2904 2629 2968 historia,
2660 2905 2783 2974 quia
2811 2903 2982 2958 diviso
3003 2913 3162 2974 atque
3199 2905 3475 2960 exinanito
3527 2922 3627 2976 per

2051 2996 2312 3065 plurimos
2335 2997 2476 3050 rivos
2505 2995 2722 3050 ﬂumine
2763 2993 3071 3065 Euphraten
3123 2997 3212 3065 qui
3252 3011 3350 3066 per
3393 2997 3631 3051 medium

382 3101 685 3166 Βθιιιιαετιιο,
717 3109 773 3154 ει
803 3073 915 3170 ipsa
948 3073 1079 3154 ιιι-δέ
1117 3099 1290 3153 dirum
1321 3113 1384 3152 ac
1419 3104 1650 3150 vastata,
1679 3095 1783 3162 Qui
1812 3073 1959 3150 νίιίθ-
1986 3073 2031 3136 C
2061 3087 2350 3157 Babylonis
2371 3086 2644 3152 inﬂuebat,
2673 3101 2770 3157 per
2791 3086 3084 3142 arefactum
3111 3103 3175 3142 ac
3200 3088 3499 3142 desolatum
3521 3087 3638 3156 ejus

384 3190 510 3244 licet
551 3187 725 3258 Cyrus
753 3188 928 3242 sciens
969 3203 997 3241 a
1045 3187 1153 3242 Deo
1181 3188 1342 3241 Israel
1388 3201 1611 3254 regnum
1645 3185 1748 3240 sibi
1793 3185 1959 3239 tradi-

390 3289 525 3344 tum,
554 3294 678 3333 mox
710 3286 770 3331 ut
798 3293 1018 3348 regnum
1055 3277 1182 3332 illud
1209 3277 1348 3346 quod
1378 3275 1630 3346 populum
1661 3276 1959 3345 captivarat

391 3387 452 3424 ac
499 3369 758 3424 servitute
806 3370 1083 3438 premebat
1129 3367 1422 3438 superavit,
1456 3366 1601 3421 dedit
1650 3365 1955 3421 facultatem

385 3462 560 3516 cidem
589 3461 784 3532 populo
825 3461 1056 3532 patriam
1099 3459 1376 3523 redeundi,
1405 3474 1470 3512 ac
1497 3459 1715 3512 domum
1747 3459 1840 3512 Dei
1872 3457 1953 3512 sui

387 3569 506 3622 qua
536 3553 588 3606 in
638 3568 701 3607 ea
741 3561 858 3608 erat
907 3551 1124 3607 incensa
1172 3548 1558 3613 readiflcandi,
1607 3549 1955 3617 eamdemque

385 3643 651 3698 libertatis
681 3643 998 3698 sententiam
1026 3659 1130 3696 non
1166 3649 1370 3696 tantum
1403 3640 1571 3695 verbo
1597 3640 1954 3710 prasentibus

389 3735 672 3798 intimavit,
704 3749 890 3788 verum
929 3733 1089 3788 etiam
1121 3733 1198 3787 eis
1240 3732 1332 3802 qui
1375 3732 1588 3802 longius
1628 3746 1725 3801 per
1765 3745 1954 3786 omnes

387 3827 537 3898 regni
568 3828 649 3882 sui
696 3826 1004 3898 provincias
1029 3826 1251 3880 aberant
1296 3814 1476 3882 missis
1518 3823 1760 3894 epistolis
1803 3839 1952 3878 man-

387 3918 550 3981 davit,
580 3917 750 3985 ipsum
791 3917 882 3985 qui
908 3923 990 3972 est
1017 3916 1158 3969 Deus
1201 3914 1364 3969 lsrael
1404 3930 1592 3970 verum
1631 3930 1751 3970 esse
1781 3914 1950 3968 Deum

385 4018 439 4060 et
470 4006 752 4061 Dominum
788 4006 908 4061 cali
956 4005 1301 4074 omniumque
1345 4021 1629 4076 regnorum
1677 4013 1950 4060 auctorem

385 4100 596 4167 publica
627 4113 757 4152 voce
786 4096 1083 4153 confessus.
1125 4097 1254 4163 Qua
1280 4097 1458 4151 omnia
1499 4097 1576 4151 sic
1619 4094 1796 4149 futura
1827 4111 1950 4165 pro-

385 4191 562 4260 pheta
590 4189 759 4244 sancti
801 4189 964 4244 lsaias
987 4197 1040 4244 et
1067 4187 1330 4243 Jcremias
1357 4195 1538 4256 aperte
1565 4186 1946 4256 pradixerunt.

387 4281 630 4348 Quorum
659 4276 920 4334 Jeremias
945 4285 999 4333 et
1036 4292 1316 4332 numerum
1350 4291 1614 4330 annorum
1649 4277 1844 4346 quibus
1872 4293 1951 4331 es-

2056 3178 2376 3248 profundum
2413 3179 2598 3233 urbem
2637 3177 2826 3232 ‘hostis
2860 3177 3155 3232 intraverit.
3185 3176 3308 3231 Hac
3349 3177 3416 3231 de
3461 3177 3634 3232 histo-

2058 3269 2138 3326 ria
2164 3269 2352 3338 paucis
2380 3269 2691 3323 dixerimus.
2717 3267 2785 3322 At
2818 3283 2946 3323 vero
2977 3267 3130 3336 juxta
3166 3269 3423 3341 mysticus
3444 3285 3637 3326 sensus

2055 3356 2228 3428 Cyrus
2251 3373 2344 3413 rex
2368 3357 2654 3412 Dominum
2677 3355 3012 3411 Salvatorem
3041 3365 3096 3412 et
3133 3359 3349 3412 nomine
3392 3359 3638 3429 designat

2053 3458 2109 3505 et
2129 3450 2284 3505 actis.
2316 3448 2468 3516 Quod
2490 3464 2595 3502 non
2618 3464 2683 3502 ex
2712 3456 2893 3503 nostra
2914 3448 3220 3518 conjectura
3265 3450 3358 3503 sed
3403 3465 3472 3503 ex
3518 3467 3634 3506 ma-

2054 3538 2585 3594 nifestissimislsaia
2610 3538 2786 3592 verbis
2828 3537 3114 3592 didicimus
3163 3537 3357 3607 quibus
3399 3555 3465 3593 ex
3513 3557 3635 3611 per-

2053 3646 2184 3688 sona
2214 3629 2422 3685 Domini
2452 3629 2665 3684 dicebat
2697 3646 2708 3681 :
2739 3627 3034 3682 Assimilavi
3061 3637 3110 3682 te
3146 3637 3192 3680 et
3237 3644 3341 3681 non
3389 3631 3634 3698 cognovi-

2051 3723 2118 3776 sti
2144 3738 2223 3776 me
2263 3720 2404 3793 (Isa.
2456 3718 2629 3790 κων).
2673 3717 3001 3773 Assimilavit
3050 3732 3280 3788 namque
3324 3736 3450 3774 eum
3499 3721 3639 3775 Deus

2051 3813 2188 3868 Filio
2223 3828 2352 3877 suo,
2379 3811 2626 3882 quamvis
2673 3811 2788 3879 ipse
2828 3809 3085 3865 Dominus
3135 3824 3192 3864 se
3247 3811 3634 3865 assimilantem

2051 3905 2270 3960 minime
2296 3903 2626 3975 cognoverit,
2673 3903 2906 3972 primum
2951 3901 3006 3955 in
3049 3916 3114 3956 eo
3168 3900 3310 3970 quod
3356 3902 3631 3956 Christum

2052 4009 2207 4050 suum
2231 3992 2612 4064 cognominare
2644 3991 2892 4060 dignatus
2925 3996 3030 4054 est,
3078 3989 3271 4044 deinde
3317 3991 3460 4058 quod
3513 4006 3632 4045 eum

2049 4083 2270 4156 Cyrum,
2295 4083 2435 4150 quod
2482 4081 2868 4148 interpretatur
2912 4079 3098 4143 hares,
3146 4079 3315 4134 multo
3345 4090 3633 4150 antequam

2050 4182 2362 4230 nasceretur
2389 4171 2684 4227 vocandum
2719 4185 2841 4226 esse
2868 4171 3138 4240 lisposuit.
3165 4171 3277 4225 lloc
3300 4172 3444 4225 enim
3478 4188 3631 4227 voca-

2051 4266 2232 4321 bulum
2261 4273 2404 4319 recte
2439 4263 2685 4332 congruit
2714 4262 2806 4326 illi,
2837 4263 2922 4317 cui
2949 4263 3081 4317 dicit
3110 4262 3248 4317 idem
3281 4263 3420 4316 Deus
3441 4261 3629 4322 Pater:

384 4382 501 4428 sent
547 4371 600 4425 in
644 4370 932 4442 Babylonia
967 4369 1238 4435 servituri,
1279 4380 1334 4424 et
1373 4369 1586 4438 quando
1625 4369 1681 4423 in
1721 4371 1948 4439 patriam
1979 4419 2026 4442 ἡ
2053 4352 2271 4408 Postula
2299 4371 2331 4406 a
2372 4369 2452 4406 me
2490 4360 2538 4405 et
2570 4351 2703 4404 dabo
2735 4351 2826 4442 tibi
2867 4360 3038 4421 gentes
3084 4351 3438 4442 [nereditatem
3487 4362 3630 4406 tuam

385 4419 501 4428 η.--
644 4419 932 4442 πηγῇ---
967 4419 1238 4435 ---η-τη,
1285 4419 1332 4424 η
1379 4419 1578 4438 rw-“
1722 4419 1948 4439 r----____-

385 4463 702 4527 revocandi,
750 4461 1029 4532 pracinuit
1073 4459 1288 4531 (lerem.
1330 4459 1500 4530 xxix).
1550 4457 1716 4514 lsaias
1762 4467 1941 4513 autem

2057 4446 2231 4518 (Psal.
2265 4449 2358 4515 ιι).
2404 4443 2478 4497 De
2522 4457 2628 4512 quo
2679 4450 2733 4495 et
2772 4419 3101 4512 Apostolus:
3153 4440 3316 4507 Quem
3365 4444 3629 4497 constituit

380 4555 542 4609 etiam
572 4567 766 4606 nomen
803 4551 945 4619 regis
975 4550 1098 4618 Cyri
1141 4563 1240 4616 per
1282 4563 1440 4617 quem
1482 4563 1510 4600 a
1547 4547 1768 4600 servitio
1809 4547 1941 4602 libe-

383 4645 555 4711 randi,
599 4645 651 4699 in
682 4642 911 4712 patriam
953 4640 1269 4704 revocandi,
1313 4638 1468 4707 cujus
1507 4639 1773 4706 permissu
1815 4649 1947 4693 tem-

383 4739 527 4808 plum
551 4741 734 4789 essent
761 4730 1134 4794 restauraturi,
1159 4729 1276 4782 sine
1302 4727 1422 4782 ullis
1450 4729 1776 4797 pr0phetica
1799 4729 1948 4782 locu-

384 4825 545 4880 tionis
598 4822 970 4893 anigmatibus
1023 4819 1274 4875 ostendit.
1322 4818 1413 4872 Ait
1455 4819 1598 4872 enim
1641 4817 1948 4873 Jeremias:

381 4916 512 4970 Hac
538 4916 662 4968 dicit
686 4915 938 4968 Dominus
963 4911 1279 4965 exercituum
1303 4925 1392 4964 rea:
1412 4907 1579 4964 Israel
1608 4911 1748 4964 omni
1775 4919 1943 4963 trans-

381 5004 680 5074 migrationi
723 5009 888 5072 quam‘
919 4998 1162 5054 transtuli
1192 4999 1256 5051 de
1291 4999 1583 5052 Jerusalem
1623 4999 1676 5052 in
1717 4999 1943 5068 Babylo-

383 5109 520 5146 nem.
563 5091 848 5159 zEdiﬁcate
891 5090 1071 5142 domos
1102 5097 1164 5140 'et
1212 5087 1468 5152 habitate,
1507 5091 1632 5158 quia
1676 5091 1786 5142 hac
1818 5088 1944 5141 dicit

382 5180 636 5236 Dominus
661 5179 1010 5232 exercituum:
1036 5175 1166 5230 Cum
1200 5177 1439 5245 coeperint
1465 5177 1664 5247 impleri
1696 5180 1750 5232 in
1777 5178 1947 5247 Baby-

384 5272 500 5325 lone
539 5269 862 5338 septuaginta
897 5267 1045 5331 anni,
1072 5266 1287 5320 visitabo
1317 5284 1402 5321 vos
1430 5275 1478 5321 et
1507 5267 1767 5321 suscitabo
1792 5282 1946 5336 super

382 5376 470 5414 vos
510 5358 715 5414 verbum
747 5371 917 5410 meum
961 5356 1147 5410 bonum
1188 5367 1235 5412 et
1266 5357 1509 5412 reducam
1537 5374 1626 5412 vos
1669 5357 1737 5411 ad
1778 5355 1948 5410 locum

382 5453 559 5505 istum.
587 5448 754 5505 Porro
791 5447 991 5502 Isaias:
1030 5446 1156 5502 Hac
1181 5449 1306 5502 dicit
1342 5448 1597 5503 Dominus
1637 5447 1948 5516 Redemptor

385 5551 503 5596 tuus
531 5551 575 5595 et
617 5541 873 5610 formator
900 5551 1019 5592 tuus
1063 5555 1126 5593 ea:
1168 5549 1334 5593 utero.
1379 5538 1491 5610 Ego
1533 5555 1648 5592 sum
1694 5535 1946 5590 Dominus

385 5632 580 5698 [ueiens
624 5647 816 5684 omnia.
869 5629 934 5683 Et
967 5629 1123 5696 paulo
1157 5638 1312 5695 post:
1352 5629 1453 5695 Qui
1487 5628 1603 5681 dico
1641 5623 1902 5693 profundo
1929 5637 1945 5673 .'

2049 4537 2303 4592 haredem
2333 4535 2708 4596 universorum,
2733 4549 2827 4602 per
2854 4549 3008 4602 quem
3028 4532 3145 4600 fecit
3165 4542 3210 4586 et
3231 4531 3423 4586 sa’cula
3440 4532 3626 4602 (Hebr.

2074 4630 2145 4701 l).
2176 4628 2252 4683 De
2281 4642 2387 4697 quo
2416 4626 2580 4680 etiam
2612 4625 2662 4678 in
2697 4640 2862 4679 carne
2909 4632 3203 4692 apparente
3251 4622 3454 4677 inimici
3504 4639 3626 4690 per-

2055 4725 2337 4787 sequentes
2378 4712 2629 4768 dicebant
2661 4731 2672 4764 :
2707 4711 2807 4765 Hic
2853 4721 2926 4765 est
2977 4712 3140 4764 [acres
3168 4727 3185 4762 :
3213 4711 3395 4774 venite,
3422 4711 3631 4764 occida-

2058 4822 2172 4859 mus
2197 4820 2335 4866 eum,
2357 4813 2404 4856 et
2427 4812 2602 4855 nostra
2646 4801 2741 4854 erit
2771 4800 3046 4854 hereditas
3096 4799 3314 4871 (Matth.
3343 4815 3429 4853 ut
3449 4799 3489 4870 ).
3524 4801 3629 4855 Sed

2046 4906 2102 4952 et
2131 4896 2183 4950 in
2213 4909 2278 4948 eo
2309 4893 2449 4946 Deus
2482 4891 2639 4945 Pater
2673 4890 2814 4959 quod
2859 4889 3086 4959 subjecit
3133 4897 3257 4943 ante
3293 4888 3486 4942 faciem
3505 4889 3629 4958 Cyri

2047 4995 2236 5059 gentes
2270 4994 2323 5037 et
2345 4983 2502 5036 dorsa
2532 4997 2715 5051 regum
2741 4980 2922 5045 vertit,
2976 4990 3161 5050 portas
3207 4994 3377 5034 areas
3428 4983 3632 5034 contri-

2048 5080 2123 5132 vit
2153 5084 2208 5131 et
2238 5081 2422 5129 vectes
2466 5071 2670 5126 ferreos
2715 5069 2997 5140 confregit,
3046 5068 3295 5123 videlicet
3341 5068 3634 5139 Babylonis

2047 5165 2131 5220 vel
2157 5163 2382 5217 aliarum
2406 5174 2540 5230 quas
2572 5159 2713 5227 cepit
2736 5159 3029 5220 civitatum,
3072 5158 3215 5228 quod
3238 5158 3382 5212 dedit
3414 5159 3464 5211 ei
3506 5160 3630 5211 the-

2048 5270 2239 5310 sauros
2268 5250 2610 5306 absconditos
2654 5257 2709 5303 et
2755 5263 2952 5304 arcana
2995 5257 3325 5303 secretorum
3381 5248 3631 5303 videlicet

2041 5359 2174 5416 opes
2201 5344 2408 5412 ignotas
2433 5339 2851 5412 provinciarum,
2883 5339 3198 5394 assimilavit
3230 5355 3354 5393 eum
3400 5339 3630 5394 Domino

2043 5440 2099 5486 et
2139 5430 2405 5486 Salvatori
2455 5438 2658 5493 nostro,
2698 5428 2788 5497 qui
2830 5429 3241 5498 praedicantibus
3291 5444 3387 5497 per
3439 5430 3627 5483 orbem

2046 5527 2318 5597 apostolis.
2354 5524 2593 5596 gentium
2623 5523 2724 5577 sibi
2769 5522 3139 5577 universarum
3191 5523 3327 5578 colla
3377 5524 3622 5592 subjecit,

2046 5623 2188 5691 ipsos
2212 5633 2423 5690 quoque
2465 5632 2642 5672 rerum
2687 5615 2952 5680 dominos,
2981 5624 3035 5669 et
3069 5615 3349 5685 sapientia
3379 5615 3621 5670 surculari
