3928 6176
228 280 367 347 357

1197 286 1549 347 (ΖΟΜΜΕΝΤ.
1588 285 1657 341 1N
1690 283 2246 341 PAMLIPOHENA.
2283 315 2352 326 ——
2388 285 2518 341 ιω.
2550 284 2638 349 ιν,

257 414 538 474 auctores,
587 406 780 464 ditioni
828 405 1139 461 substravit.
1190 403 1294 471 Qui
1337 413 1522 475 portas
1560 402 1855 457 inferorum
1881 408 1934 466 Α
1958 394 2147 463 Israel,
2169 397 2278 466 ipse
2302 407 2379 452 cst
2398 398 2540 453 Deus
2561 400 2649 470 qui
2669 409 2744 454 est
2770 400 2827 455 in
2849 400 3256 477 Hierusalem“
3280 405 3532 480 Esdm).

256 497 556 562 destruxit,
578 506 641 551 ut
665 495 875 550 ablatos
896 495 1021 549 inde
1043 495 1245 549 electos
1264 508 1394 548 suos
1436 493 1504 547 ad
1546 493 1851 548 libertatem

256 589 455 658 patrius
476 587 718 644 caelestis
760 587 1143 643 introduceret.
1199 585 1300 653 Qui
1345 598 1559 639 errores
1601 582 1855 639 contrivit

256 680 529 752 gentium,
558 688 614 733 et
643 679 918 735 doctrinas
945 679 1180 733 humana
1211 677 1420 732 ratione
1459 675 1714 742 munitas,
1756 688 1858 744 per

258 769 552 826 humilium
572 784 669 825 ora
696 769 982 833 subvertit,
1015 775 1075 822 ut
1102 768 1304 823 eisdem
1347 766 1631 830 correctis,
1672 765 1853 819 lumen

257 876 373 916 suae
402 859 532 915 ﬁdei
557 868 615 915 et
637 859 882 915 veritatis
897 859 1161 929 aperiret,
1190 859 1245 913 in
1284 873 1393 928 quo
1441 867 1568 912 sunt
1610 855 1854 911 thesauri

256 952 441 1006 omnis
462 951 743 1021 sapientiae
769 957 824 1005 et
847 950 1090 1005 scientia:
1121 950 1442 1005 absconditi.
1491 949 1637 1017 Quos
1665 947 1855 1003 videli-

256 1050 348 1095 cet
385 1041 677 1095 thesauros
695 1049 751 1095 et
773 1040 915 1094 idem
939 1039 1199 1094 Dominus
1222 1048 1410 1093 noster
1435 1039 1491 1093 in
1532 1046 1726 1092 natura
1771 1036 1854 1092 di-

254 1131 510 1187 vinitatis
536 1130 868 1185 :eternaliter
891 1144 959 1186 ex
985 1128 1150 1184 Patre
1166 1129 1374 1195 habuit,
1416 1129 1511 1184 sed
1553 1128 1609 1183 in
1641 1143 1851 1184 assum-

253 1228 347 1288 pta
380 1220 724 1275 humanitate
749 1235 813 1276 ex
837 1228 1080 1289 tempore
1111 1219 1338 1289 accepit.
1362 1217 1695 1272 Assimilavit
1719 1232 1850 1289 ergo

253 1309 464 1383 Cyrum
491 1312 752 1367 Dominus
777 1311 1056 1383 unigenito
1097 1309 1236 1365 Filio
1272 1325 1370 1365 suo
1407 1322 1462 1365 et
1487 1310 1716 1367 Domino
1748 1328 1850 1367 no-

253 1407 373 1455 stro
398 1399 530 1456 Jesu
554 1401 803 1468 Christo;
827 1402 953 1471 quia
999 1402 1141 1457 sicut
1184 1400 1441 1456 nimirum
1481 1417 1550 1456 ex
1584 1417 1690 1474 quo
1736 1402 1852 1474 ipse

250 1507 379 1548 esse
399 1494 565 1549 homo
602 1495 786 1564 coepit,
816 1493 904 1549 ille
924 1494 1199 1549 destructo
1224 1491 1594 1548 Chaldaeorum
1622 1493 1851 1563 imperio

251 1585 515 1652 populum
537 1584 633 1639 Dei
666 1585 914 1640 liberavit
950 1600 1015 1640 ac
1062 1586 1119 1641 in
1162 1586 1394 1656 patriam
1443 1586 1671 1652 remisit,
1711 1596 1848 1641 tem-

251 1673 520 1744 plumque
553 1675 695 1745 quod
723 1683 843 1729 erat
863 1675 1146 1731 incensum
1181 1675 1568 1748 Hierosolymis
1614 1678 1846 1733 remdili-

1955 482 2147 554 Magua
2175 486 2229 538 in
2257 486 2341 540 his
2359 488 2539 541 verbis
2568 486 2703 543 ﬁdes
2720 490 2884 559 regis,
2910 506 3105 562 magna
3126 493 3299 549 claret
3326 495 3522 565 pietas.

1954 571 2090 629 lides
2109 575 2349 644 quidem,
2377 575 2519 644 quod
2549 576 2804 645 populum
2829 592 2943 646 prae
2976 588 3189 635 caeteris
3223 584 3531 642 nationibus

1954 661 2051 715 Dei
2077 676 2198 716 esse
2222 662 2475 733 populum
2503 662 2787 730 intellexit,
2806 665 2982 734 pietas
3012 669 3157 736 quod
3193 670 3342 726 nullo
3382 687 3540 742 pror-

1953 762 2047 803 sus
2072 760 2299 820 excepto
2325 765 2516 807 omnes
2547 753 2638 822 qui
2689 753 2889 808 vellent
2921 754 3119 812 liberos
3171 761 3401 829 patriam
3448 778 3535 819 ro-

1953 836 2071 892 dire
2095 840 2359 908 permisit.
2393 841 2555 897 Fides
2584 843 2732 912 quod
2759 845 3007 900 eumdem
3032 845 3317 904 Dominum
3360 851 3529 910 Deum

1951 935 2008 981 et
2034 927 2279 984 habitare
2304 930 2359 983 in
2383 931 2537 986 caelis
2574 941 2631 986 et
2661 947 2782 988 esse
2827 934 2882 987 in
2923 934 3256 992 Hierusalem
3304 951 3360 995 et
3408 957 3531 998 cum

1953 1017 2176 1088 singulis
2202 1022 2588 1076 revertentium
2621 1023 2688 1078 de
2709 1023 2979 1095 Babylone
3006 1026 3060 1081 in
3083 1026 3417 1087 Hierusalem
3446 1048 3534 1089 as-

1951 1111 2183 1166 cendere
2205 1126 2367 1180 posse
2388 1112 2667 1169 eonl‘essus
2688 1123 2791 1169 est.
2837 1114 2922 1169 An
2951 1132 3059 1172 non
3082 1118 3202 1175 luce
3225 1121 3426 1180 clarius
3449 1135 3533 1181 est

1950 1200 2095 1271 quod
2120 1201 2264 1257 hunc
2284 1217 2394 1257 non
2417 1218 2735 1273 corporeum
2764 1214 2819 1260 et
2839 1206 2958 1262 loco
2971 1212 3532 1284 comprehensibilem,

1949 1291 2045 1346 sed
2082 1292 2333 1361 spiritum
2383 1302 2440 1349 et
2471 1295 2669 1365 ubique
2712 1305 3035 1367 praesentem
3079 1303 3326 1371 credidit,
3372 1322 3533 1377 quem

1950 1382 2028 1437 ita
2064 1398 2121 1437 ιιι
2165 1382 2503 1440 Hierusalem
2547 1394 2603 1442 et
2625 1387 2679 1440 in
2718 1388 2916 1458 templo
2957 1391 3206 1450 habitare
3252 1398 3534 1457 confessus

1951 1481 2069 1540 est,
2088 1482 2148 1529 ut
2174 1475 2334 1529 simul
2362 1476 2484 1531 coeli
2535 1491 2702 1547 regno
2749 1480 3041 1548 praesidere
3091 1499 3199 1539 non
3240 1487 3534 1555 dubitaret,

1950 1559 2025 1615 ita
2045 1562 2101 1616 in
2131 1563 2284 1619 cuilis
2321 1579 2552 1635 regnare
2601 1566 2853 1635 credidit,
2906 1581 2967 1625 ut
3006 1572 3355 1632 nihilominus
3412 1595 3535 1635 cum

1951 1652 2066 1708 suis
2095 1651 2343 1710 ﬁdelibus
2373 1665 2518 1711 esset
2543 1656 2597 1710 in
2622 1665 2790 1726 terra,
2837 1675 3133 1732 eorumque
3155 1676 3209 1721 et
3236 1669 3446 1726 animos
3480 1682 3538 1729 et

250 1764 370 1818 cari
408 1765 682 1837 praecepit,
706 1773 762 1821 et
782 1766 887 1821 hoc
924 1766 1101 1836 ipsum
1140 1767 1375 1822 edictum
1416 1745 1581 1822 etiam
1625 1783 1727 1839 per
1764 1769 1849 1824 lit-
1876 1758 1923 1818 B
1953 1756 2146 1839 manus
2173 1745 2239 1798 ad
2265 1758 2328 1798 ea
2360 1760 2482 1839 quas
2504 1746 2759 1839 salutaria
2788 1761 2969 1806 essent
2992 1751 3234 1810 facienda
3259 1758 3533 1831 dirigeret.

252 1864 408 1911 teras
436 1856 785 1913 manifestare
809 1856 1023 1912 curavit
1060 1866 1120 1913 ut
1160 1856 1513 1927 implerentur
1559 1858 1721 1914 verba
1757 1859 1850 1916 Je-

254 1952 470 2017 remiae,
496 1950 693 2022 quibus
718 1952 822 2007 hoc
842 1950 1084 2007 futurum
1107 1952 1223 2024 ipse
1246 1953 1516 2024 praedixit,
1550 1955 1623 2009 ita
1647 1955 1851 2011 media-

250 2053 341 2098 tor
380 2042 477 2098 Dei
512 2051 568 2098 et
587 2043 887 2109 hominum,
914 2045 1190 2101 destructo
1208 2061 1309 2116 per
1331 2047 1518 2103 orbem
1538 2047 1735 2103 diaboli
1760 2063 1849 2104 re-

251 2150 383 2205 gno,
411 2134 613 2189 electos
639 2150 767 2190 suos
792 2135 884 2206 qui
913 2144 1071 2190 erant
1098 2137 1326 2208 dispersi
1352 2139 1419 2194 ab
1450 2138 1569 2209 ejus
1607 2141 1850 2212 tyranni-

248 2223 318 2278 de
340 2232 633 2280 revocatos
654 2223 709 2278 in
729 2239 884 2279 suam
910 2234 1203 2296 congregat
1227 2225 1546 2294 Ecclesiam,
1574 2243 1693 2298 quae
1716 2230 1850 2285 etin

248 2315 509 2386 praesenti
535 2313 832 2386 justillcata
866 2329 935 2370 ex
974 2314 1078 2370 ﬁde
1119 2330 1308 2385 pacem
1347 2317 1509 2372 habet
1555 2320 1623 2373 ad
1667 2319 1849 2375 Domi-

252 2421 385 2461 num
407 2421 510 2477 per
538 2406 739 2477 ipsum,
769 2413 826 2461 et
848 2405 917 2461 ad
946 2405 1208 2462 visionem
1229 2417 1503 2478 perpetua:
1525 2411 1677 2479 pacis
1698 2409 1848 2467 festio

249 2507 344 2551 nat
378 2498 435 2551 in
459 2496 663 2552 futuro.
693 2496 1027 2553 Hierusalem
1052 2499 1249 2571 quippe
1272 2500 1399 2555 visio
1436 2503 1580 2571 pacis
1627 2503 1844 2559 dicitur.

250 2589 352 2655 Qui
393 2588 564 2642 etiam
593 2588 852 2658 templum
883 2589 1027 2659 quod
1065 2599 1184 2644 erat
1224 2591 1505 2646 incensum
1551 2601 1843 2662 restaurat,

258 2694 383 2732 cum
411 2679 536 2734 illos
560 2678 650 2749 qui
674 2679 885 2734 insidiis
915 2679 1126 2751 antiqui
1161 2681 1334 2737 hostis
1371 2680 1559 2738 ‘lidcm’
1598 2685 1847 2754 perdide-

254 2779 377 2825 rant
403 2771 476 2826 ad
512 2771 744 2826 salutem
789 2771 1077 2840 reducens,
1128 2772 1225 2828 Sua
1269 2772 1606 2831 habitatione
1654 2779 1846 2848 dignos

249 2860 434 2917 edicit.
468 2859 579 2916 Sed
606 2868 662 2916 et
683 2861 996 2932 Scripturas
1016 2872 1232 2919 sanctas
1256 2864 1312 2918 in
1340 2865 1655 2922 universum
1697 2869 1847 2926 misit

247 2954 535 3018 mundum,
572 2954 767 3024 quibus
795 2954 955 3010 ﬁdem
986 2955 1068 3011 sui
1107 2956 1339 3011 nominis
1361 2972 1424 3012 ac
1448 2973 1600 3028 spem
1654 2959 1844 3018 salutis

247 3042 463 3096 cunctis
485 3042 578 3111 qui
608 3040 677 3096 ad
695 3057 851 3097 suum
884 3057 1110 3113 regnum
1130 3043 1425 3113 pertinent,
1471 3046 1575 3101 hoc
1612 3056 1698 3102 est
1736 3048 1845 3104 ele-

1950 1830 2217 1888 Caeterum
2244 1836 2428 1890 omnia
2451 1835 2744 1907 Scripturas
2778 1839 2939 1909 hujus
2986 1843 3150 1899 verba
3196 1830 3530 1915 spiritualem

1949 1937 2167 1979 sensum
2200 1924 2467 1981 redolent.
2498 1926 2631 1982 Cum
2661 1929 2807 1984 enim
2832 1946 2940 1985 non
2962 1930 3120 1988 facile
3144 1946 3351 2004 pareat,
3395 1940 3537 1998 solos

1948 2011 2068 2068 illos
2093 2030 2216 2070 cum
2242 2015 2438 2085 quibus
2466 2016 2611 2073 Deus
2646 2028 2751 2085 est,
2805 2022 2874 2076 de
2920 2022 3260 2080 confessione
3294 2041 3540 2097 peccato-

1948 2117 2070 2157 rum
2108 2104 2177 2159 ad
2201 2105 2459 2160 virtutum
2484 2122 2648 2178 opera
2669 2111 2823 2178 quasi
2840 2111 2909 2165 de
2934 2114 3156 2168 servitio
3177 2115 3243 2169 de
3262 2117 3536 2189 Babylone

1948 2192 2006 2248 in
2032 2191 2426 2266 Jerosolymam
2466 2198 2535 2252 ad
2571 2198 2875 2255 libertatem
2911 2217 3074 2272 posse
3114 2208 3362 2273 transire,
3408 2213 3537 2281 quia

1947 2283 2066 2339 sine
2097 2285 2216 2355 ipso
2245 2286 2380 2342 nihil
2405 2301 2692 2358 possumus
2718 2288 2917 2346 facere.
2949 2293 3081 2361 Quis
3104 2310 3212 2351 non
3258 2299 3403 2355 videt
3447 2318 3535 2358 re-

1949 2375 2300 2432 cteineadem
2328 2378 2599 2434 sententia
2626 2381 2994 2439 ascensionem
3014 2400 3134 2441 esse
3158 2389 3535 2453 nominatam!

1948 2467 2085 2534 Quia
2116 2470 2375 2526 nimirum
2403 2487 2592 2528 omnes
2617 2474 2710 2543 qui
2747 2484 2973 2544 peccant
3001 2474 3125 2532 cum
3161 2482 3344 2536 szeculi
3389 2487 3536 2545 curis

1947 2561 2188 2615 serviunt
2216 2562 2272 2617 in
2294 2563 2405 2619 imo
2433 2573 2590 2631 sunt;
2620 2566 2715 2635 qui
2770 2576 2901 2622 vero
2951 2568 3185 2639 placent,
3225 2575 3294 2629 ad
3342 2576 3537 2636 altiora

1947 2664 2173 2709 necesse
2213 2661 2299 2709 est
2348 2662 2585 2711 mentem
2622 2656 2867 2728 erigant,
2930 2660 3172 2716 caelestia
3244 2666 3534 2736 suspirant,

1944 2756 2169 2814 pompas
2194 2745 2377 2800 mundi
2417 2756 2606 2801 omnes
2654 2754 2816 2817 atque
2863 2747 3147 2807 illecebras
3197 2762 3524 2812 :eternorum

1953 2824 2142 2891 amore
2200 2837 2605 2892 transcendant.
2666 2837 3004 2894 Hierusalem
3053 2855 3268 2912 quoque
3311 2860 3432 2901 esse
3479 2849 3534 2903 in

1944 2923 2149 2993 Iudaea,
2179 2926 2285 2983 hoc
2308 2936 2391 2983 est
2409 2928 2463 2981 in
2487 2926 2824 2984 confessione
2849 2940 3201 3000 memoratur,
3231 2943 3291 2989 ut
3317 2939 3406 3007 qui
3436 2956 3535 3009 per

1946 3017 2272 3074 oblivionem
2294 3019 2391 3073 Dei
2412 3019 2673 3089 captivari
2692 3036 2724 3074 a
2745 3020 3030 3089 Chaldaeis,
3054 3026 3147 3095 qui
3168 3026 3534 3099 interpretan-

245 3131 349 3187 ctis
377 3108 636 3187 omnibus
662 3108 1001 3202 prauiicaret.
1039 3108 1192 3200 Quod
1223 3134 1300 3188 ita
1328 3108 1570 3189 futurum
1607 3151 1715 3191 non
1757 3136 1847 3195 Je-
1872 3113 1917 3177 ο
1950 3118 2040 3202 Ψτ
2058 3110 2213 3179 quasi
2245 3108 2530 3202 @mmm
2555 3109 2658 3165 hoc
2684 3120 2788 3202 est”
2814 3112 3062 3183 malignis
3079 3117 3358 3186 Spiriubus
3380 3136 3535 3179 man'

247 3220 452 3275 remias
482 3219 653 3286 solus,
688 3221 784 3276 sed
813 3228 869 3277 et
909 3223 1183 3277 communi
1227 3238 1390 3278 sensu
1434 3239 1623 3282 omnes
1654 3230 1849 3297 pandi-

247 3328 377 3368 xere
412 3315 698 3385 prophetae
726 3314 883 3385 juxta
926 3318 1031 3374 hoc
1072 3317 1216 3388 quod
1245 3318 1359 3388 ipse
1401 3319 1677 3391 discipulis
1723 3323 1798 3377 ait
1829 3341 1843 3377 :

249 3402 522 3469 Quoniam
546 3421 751 3460 necesse
769 3416 846 3461 est
872 3406 1076 3479 impleri
1098 3409 1276 3463 omnia
1314 3426 1432 3480 qua
1475 3396 1671 3482 scripta
1724 3423 1846 3467 sunt

245 3495 301 3549 in
326 3493 440 3566 lege
460 3494 638 3567 Moysi
659 3506 709 3553 et
722 3498 985 3568 prophetis
998 3508 1046 3553 et
1056 3498 1273 3570 psalmis
1297 3499 1361 3554 de
1381 3516 1463 3556 me
1485 3499 1648 3573 (Luc.
1673 3507 1842 3577 xxw).

247 3581 549 3639 Suscitavit
581 3594 762 3641 autem
790 3585 1049 3643 Dominus
1085 3589 1333 3659 spiritum
1364 3591 1489 3662 Cyri
1528 3593 1670 3665 regis
1717 3594 1847 3650 Per-

245 3687 457 3741 sarum,
479 3684 545 3730 ut
564 3676 745 3746 agnita
768 3687 1036 3749 potestate
1058 3695 1122 3737 ac
1156 3682 1491 3751 providentia
1531 3684 1628 3741 Dei
1681 3687 1847 3745 lsrael

243 3761 454 3820 laceret
479 3781 604 3836 quae
631 3767 697 3822 de
723 3783 788 3823 eo
815 3778 1003 3825 narrat
1036 3770 1335 3840 Scriptura,
1386 3789 1452 3831 ac
1495 3777 1753 3835 Dominus
1787 3781 1844 3836 in

242 3853 545 3928 Evangelia
569 3857 650 3912 ait
675 3856 873 3915 Iudaeis
905 3878 919 3915 :
949 3859 1079 3916 Cum
1102 3862 1459 3920 exaltaveritis
1482 3866 1651 3935 ﬁlium
1674 3870 1844 3925 homi-

243 3947 349 4013 nis,
374 3960 505 4003 tunc
527 3950 844 4019 cognoscetis
866 3950 990 4023 quia
1014 3969 1106 4024 ego
1132 3971 1272 4022 sum,
1295 3965 1342 4009 et
1363 3973 1395 4010 a
1424 3972 1505 4012 me
1551 3960 1661 4029 ipso
1706 3962 1843 4031 facio

244 4038 377 4091 nihil
397 4078 415 4105 ,
461 4039 557 4093 sed
581 4040 717 4093 sicut
758 4040 934 4109 docuit
967 4057 1049 4095 me
1072 4039 1237 4097 Pater
1271 4044 1384 4098 hazc
1424 4044 1609 4117 loquor
1649 4049 1840 4122 (Joan.

241 4142 337 4203 vni
351 4128 395 4200 ).
431 4128 591 4196 Quod
620 4144 748 4187 vero
770 4132 825 4187 in
850 4130 1131 4204 Scriptura
1168 4149 1266 4189 sua
1295 4135 1446 4204 dicit,
1470 4139 1611 4194 idem
1639 4140 1839 4214 Cyrus:

244 4216 440 4274 Omnia
468 4236 633 4291 regna
678 4230 830 4276 terra
868 4223 1009 4278 dedit
1056 4226 1186 4280 mihi
1232 4227 1489 4283 Dominus
1537 4229 1680 4287 Deus
1728 4234 1844 4289 εαξιὶ

241 4307 339 4382 (II
367 4309 508 4365 Par.
535 4326 729 4379 xxxvi;
763 4311 793 4365 I
824 4311 984 4368 Esdr.
1016 4315 1064 4385 ι)
1093 4333 1105 4369 :
1134 4316 1271 4373 bene
1300 4318 1515 4389 quidem
1558 4321 1842 4379 Dominum

239 4400 434 4469 lsrael,
468 4400 759 4457 Dominum
811 4402 978 4459 Deum
1026 4404 1150 4460 cmli
1193 4407 1474 4465 confessus
1523 4419 1628 4477 est,
1677 4428 1839 4483 quem

1948 3201 2117 3272 cipari
2142 3201 2458 3267 meruimus,
2488 3217 2587 3273 per
2610 3201 3004 3259 confessionem
3047 3206 3240 3264 divinae
3286 3212 3527 3283 pietatis,

1947 3290 2015 3345 ad
2039 3290 2302 3345 visionem
2331 3290 2514 3347 liberae
2539 3293 2690 3362 pacis
2720 3301 2776 3348 et
2812 3293 2950 3349 lucis
2993 3298 3298 3368 redeamus,
3351 3304 3535 3374 ibique

1946 3380 2275 3437 aedilicemus
2303 3382 2524 3438 domum
2548 3382 2777 3441 Domino
2794 3383 2907 3441 Deo
2938 3386 3123 3456 lsrael,
3174 3391 3279 3448 hoc
3328 3405 3428 3463 est,
3477 3400 3532 3455 in

1947 3474 2153 3529 unitate
2179 3473 2460 3530 catholica:
2493 3476 2664 3546 pacis,
2690 3477 2747 3531 in
2790 3478 3131 3536 confessione
3171 3483 3286 3539 sive
3334 3497 3535 3545 nostra:

1946 3566 2266 3638 iniquitatis,
2298 3582 2393 3623 seu
2418 3567 2614 3622 divinae
2656 3567 3019 3626 miserationis
3066 3582 3122 3628 et
3166 3576 3354 3645 gratiae
3395 3595 3532 3648 prae-

1944 3674 2199 3729 paremus
2227 3659 2390 3715 corda
2420 3666 2625 3729 nostra,
2653 3659 2707 3713 in
2736 3660 2933 3729 quibus
2955 3661 3213 3718 Dominus
3242 3665 3357 3735 ipse
3399 3684 3525 3738 pro-

1945 3750 2110 3820 pitius
2134 3746 2441 3804 inhabitare
2464 3758 2625 3820 atque
2650 3763 2715 3805 ea
2770 3765 2868 3805 sua
2921 3740 3204 3822 praesentia
3259 3755 3531 3818 illustrare

1945 3840 2215 3912 dignetur,
2246 3841 2341 3896 sed
2370 3850 2427 3894 et
2449 3841 2818 3910 proximorum
2868 3842 3030 3897 corda
3082 3844 3151 3898 ad
3194 3844 3403 3903 laudem
3444 3853 3530 3910 sui

1945 3928 2243 3985 conditoris
2263 3937 2319 3983 et
2338 3943 2500 3998 opera
2524 3929 2741 3998 pietatis
2760 3931 3056 3986 accendere
3075 3946 3343 3991 curemus.
3371 3937 3531 3998 Utro-

1947 4034 2054 4089 que
2080 4019 2282 4074 etenim
2309 4020 2470 4073 modo
2492 4018 2713 4074 domum
2740 4020 2969 4076 Domino
3005 4023 3357 4095 aediﬁcamus,
3401 4047 3524 4090 eum

1943 4115 2031 4169 vel
2058 4113 2419 4183 nosmetipsos
2442 4113 2496 4167 in
2535 4110 2791 4183 operibus
2823 4112 3049 4182 iustitia:
3074 4124 3411 4187 exercemus,
3443 4125 3528 4181 vel

1944 4220 2037 4261 eos
2066 4220 2203 4275 quos
2230 4204 2492 4260 vellemus
2526 4205 2595 4260 ad
2623 4204 2731 4259 iter
2767 4202 2992 4273 iustitia:
3010 4215 3064 4262 et
3088 4212 3347 4281 exemplis
3398 4230 3518 4284 pro-

1943 4311 2200 4353 vocamus
2217 4305 2273 4352 et
2294 4296 2492 4352 verbis.
2521 4295 2835 4366 Sequuntur
2872 4297 3078 4369 reliqua
3112 4302 3351 4372 ejusdem
3391 4308 3529 4363 seri-

1943 4396 2114 4457 pturae
2136 4386 2266 4458 Cyri
2289 4387 2431 4457 regis
2456 4404 2470 4441 :

239 4492 411 4547 etiam
440 4508 611 4564 regna
639 4501 797 4549 terra:
823 4495 1004 4549 omnia
1028 4496 1080 4550 in
1106 4504 1372 4566 potestate
1422 4473 1623 4556 habere
1646 4473 1841 4561 etcui—
1866 4473 1918 4532 Β
2011 4501 2080 4555 Et
2108 4518 2284 4556 omnes
2304 4474 2490 4573 reliqui
2512 4503 2566 4556 in
2589 4502 2788 4556 cunctis
2812 4501 2937 4556 locis
2975 4503 3263 4577 ubicunque
3286 4509 3524 4567 habitant

238 4600 464 4654 cunque
488 4584 651 4640 vellet
674 4585 806 4641 dare
832 4600 992 4657 posse
1021 4591 1290 4660 cognovit,
1322 4592 1416 4647 sed
1446 4594 1625 4649 minus
1650 4611 1834 4652 verum
1941 4593 2187 4663 adjuveut
2214 4610 2332 4648 eum
2362 4594 2459 4647 viri
2480 4593 2545 4648 de
2576 4592 2690 4647 loco
2718 4610 2834 4661 suo,
2868 4606 3080 4666 argento
3110 4606 3156 4651 et
3179 4615 3310 4652 auro
3337 4610 3383 4653 et
3412 4602 3527 4655 sub-

237 4675 713 4743 vidctur'sonare,
739 4677 881 4747 quod
918 4678 1017 4733 sibi
1041 4681 1226 4734 omnia
1266 4697 1429 4753 regna
1472 4692 1633 4739 terra:
1670 4686 1738 4741 ab
1771 4703 1837 4744 eo
1940 4684 2133 4740 stantia
2158 4694 2205 4739 et
2232 4684 2525 4755 pecoribus,
2551 4693 2759 4755 excepto
2786 4687 2923 4756 quod
2971 4686 3260 4742 voluntarie
3301 4692 3520 4760 offerent

237 4766 447 4820 tradita
476 4765 629 4832 dicit,
677 4768 781 4822 nisi
824 4767 965 4824 forte
1007 4770 1411 4842 intelligendum
1455 4785 1538 4830 est
1577 4779 1720 4847 quod
1770 4795 1837 4835 eo
1938 4775 1994 4829 in
2022 4778 2215 4845 templo
2236 4773 2357 4841 Dei,
2394 4774 2536 4846 quod
2566 4785 2639 4829 est
2671 4776 2728 4827 in
2771 4774 3101 4831 Hierusalem
3150 4777 3211 4852 (I
3248 4778 3408 4834 Esdr.
3443 4784 3521 4855 ι).

236 4867 495 4931 tempore
524 4876 631 4931 quo
656 4861 773 4917 haec
795 4862 1011 4932 scripsit
1036 4863 1241 4919 nullum
1267 4865 1368 4921 sibi
1395 4883 1618 4938 regnum
1647 4870 1836 4927 adver—
1938 4865 2185 4922 Notanda
2222 4868 2497 4923 distinctio
2526 4868 2837 4934 verborum,
2862 4869 2985 4938 quia
3029 4871 3279 4928 omnibus
3334 4874 3526 4932 solutis

234 4954 453 5008 sarium
501 4952 771 5019 habuerit,
800 4954 885 5009 vel
915 4964 1061 5010 certe
1103 4955 1307 5011 victore
1358 4958 1655 5015 des‘tructo'
1683 4970 1847 5033 atque
1946 4959 2015 5014 ab
2042 4958 2238 5028 injuria
2266 4959 2594 5029 captivitatis
2621 4960 2765 5014 dedit
2794 4958 3107 5017 facultatem
3147 4978 3264 5031 rex,
3296 4975 3350 5020 ut
3408 4980 3526 5034 qut—

232 5046 518 5100 exhausto
552 5054 661 5099 tam
692 5047 915 5101 robusto
940 5055 1193 5118 tanquam
1220 5047 1444 5119 antiquo
1469 5049 1844 5108 Chaldaeorum
1945 5063 2160 5119 cunque
2212 5048 2375 5103 vellet
2431 5050 2497 5103 ad
2552 5049 2927 5106 aediﬁcandum
2982 5053 3237 5124 templum
3298 5054 3525 5117 Domino

236 5137 505 5210 imperio,
540 5137 744 5193 nullum
772 5138 875 5193 sibi
921 5152 1145 5211 regnum
1176 5139 1229 5194 in
1259 5148 1372 5195 toto
1413 5141 1546 5197 orbe
1588 5144 1845 5201 resistere
1943 5138 2078 5194 duce
2101 5139 2432 5204 ascenderet,
2469 5154 2577 5194 non
2613 5146 2793 5195 tamen
2843 5155 3031 5197 omnes
3077 5143 3202 5200 illuc
3234 5150 3525 5204 ascendere

232 5245 405 5303 posse
433 5229 746 5285 crediderit.
778 5229 1059 5287 Veraciter
1083 5239 1264 5287 autem
1290 5233 1379 5288 hic
1420 5249 1599 5291 sermo
1647 5252 1843 5294 conve-
1934 5228 2116 5299 ,ἱυδδίι-
2149 5230 2252 5298 Ουί
2279 5232 2423 5285 enim
2453 5241 2635 5287 essent
2662 5234 2729 5288 de
2762 5235 2950 5289 ‘30de
2993 5237 3188 5308 Ρορυιο
3232 5239 3351 5304 δεῖ»
3389 5256 3524 5310 (Ιυοδ

232 5323 317 5378 nit
348 5319 630 5396 maiestati
659 5320 776 5391 ejus
803 5324 896 5394 qui
925 5324 1062 5380 dixit
1091 5340 1106 5379 :
1136 5325 1276 5379 Data
1297 5335 1373 5381 est
1395 5327 1523 5380 mihi
1554 5329 1721 5383 omnis
1745 5346 1840 5399 po-

232 5421 407 5467 testas
435 5412 494 5465 in
522 5411 647 5466 caelo
678 5422 727 5467 et
756 5414 812 5467 in
851 5423 993 5467 terra
1034 5413 1055 5487 (
1068 5414 1256 5470 Matth.
1307 5415 1532 5489 xxvm).
1584 5416 1842 5488 Sequitur

234 5505 436 5559 eadem
476 5505 744 5575 scriptura
776 5506 901 5578 Cyri
930 5526 943 5561 :
973 5507 1103 5574 Quis
1137 5517 1213 5562 est
1251 5510 1304 5575 in
1333 5510 1473 5564 vobis
1497 5510 1561 5565 de
1600 5512 1838 5565 universo

234 5595 442 5667 populo
465 5597 622 5667 ejus?
645 5596 723 5653 Sit
755 5598 897 5653 Deus
922 5598 1064 5654 illius
1085 5617 1202 5654 cum
1234 5602 1345 5671 ipso
1367 5611 1413 5656 et
1441 5603 1686 5655 ascendat
1713 5600 1841 5656 Ilie—

238 5688 482 5743 rusalcm
518 5705 637 5759 qua:
664 5700 735 5745 cst
768 5691 822 5745 in
858 5689 1072 5760 Judwa,
1121 5702 1168 5746 et
1224 5693 1444 5759 wdi/icct
1488 5693 1699 5747 domum
1745 5691 1839 5746 Dei

1941 5324 2062 5394 plus
2090 5324 2210 5379 aliis
2229 5325 2531 5395 quibusque
2556 5325 2607 5378 in
2639 5324 2772 5380 locis
2793 5325 3044 5385 libertate
3069 5329 3266 5384 donata
3303 5331 3377 5384 uti
3429 5332 3521 5386 de-

1942 5414 2186 5481 lectaret,
2214 5415 2319 5470 hoc
2345 5415 2760 5471 ascendentibus
2787 5415 2986 5471 auxilio
3013 5432 3133 5473 esse
3162 5418 3228 5471 de
3261 5433 3358 5471 suo
3389 5432 3522 5487 quo-

1942 5521 2046 5576 que
2072 5506 2189 5561 loco
2215 5507 2490 5577 praecepit,
2520 5506 2643 5561 data
2672 5505 2876 5561 scilicet
2908 5506 3010 5562 illis
3043 5508 3096 5561 in
3140 5507 3519 5563 necessitatem

1945 5605 2053 5650 tam
2086 5595 2229 5666 longi
2277 5596 2486 5650 itineris
2532 5584 2761 5666 pecunia
2813 5596 2926 5650 sive
2960 5596 3263 5666 pecoribus.
3321 5595 3427 5652 Sed
3465 5609 3520 5654 et

1944 5688 2047 5744 alia
2079 5688 2184 5743 illis
2218 5686 2357 5742 dona
2386 5702 2477 5743 eos
2501 5687 2628 5743 dare
2658 5696 2714 5742 et
2749 5688 3126 5743 commendare
3167 5686 3517 5755 desideravit,
