3928 6176
417 279 524 336 539

1056 273 1116 329 Β.
1158 273 1413 328 RABANI
1450 274 1668 330 MAURI
1707 274 2024 330 AllCHlEP.
2066 271 2380 329 MOGUNT.
2424 270 2558 326 0P1:
2575 271 2724 327 RUM
2761 269 2942 326 PARS
2980 270 3025 324 Ι.

3567 269 3679 326 540

399 409 521 468 quae
550 390 640 446 illo
671 396 1047 460 pervenientes
1083 389 1134 441 in
1173 387 1430 456 templum
1453 387 1663 441 Domini
1705 402 1804 456 pro
1855 401 1968 440 me-
1999 397 2043 451 Α
2073 384 2238 456 gitate
2277 383 2570 447 subveniri,
2601 391 2661 437 ut
2697 383 2861 437 etiam
2903 382 3003 452 ipsi
3050 382 3244 438 divites
3274 384 3681 451 praedicationis

402 486 576 544 moria
613 480 938 537 mittentium
965 478 1158 534 aliene
1193 477 1474 533 deberent.
1514 478 1716 534 Omnes
1751 493 1882 548 ergo
1912 478 1978 530 de

401 573 711 644 captivitate
742 569 1034 641 Babylonia
1069 568 1282 622 liberati
1328 577 1475 632 sunt,
1522 583 1714 623 omnes
1759 567 1978 638 pietatis

405 665 613 719 actibus
641 668 766 714 sunt
793 658 982 724 dediti,
1011 659 1106 713 sed
1124 659 1478 727 perfectiores
1507 660 1574 714 ad
1608 660 1980 714 aediﬁcandum

405 749 631 806 Domino
660 745 912 815 templum
945 747 1321 812 ascenderunt,
1355 749 1536 802 cmteri
1562 763 1658 802 eos
1680 749 1774 817 qui
1795 763 1983 803 ascen-

402 839 944 908 derantadjuvarunt,
975 839 1098 907 quia
1120 840 1222 894 etsi
1244 855 1432 895 omnes
1448 841 1602 911 ejecti
1628 842 1695 896 de
1715 851 1984 911 potestate

405 927 752 982 tenebrarum
798 927 938 982 eruti
978 927 1047 981 ad
1077 927 1382 984 libertatem
1422 931 1756 1000 pertinerent
1803 931 1986 1002 gloria:

406 1021 637 1074 ﬁliorum
666 1019 782 1084 Dei,
817 1033 1005 1075 omnes
1025 1020 1094 1074 ad
1134 1021 1444 1074 societatem
1490 1029 1692 1076 sanctae
1728 1019 1986 1088 civitatis,

406 1111 456 1165 id
477 1120 580 1176 est,
614 1110 865 1166 Ecclesia:
887 1125 947 1165 se
967 1111 1312 1165 annumerari
1342 1111 1610 1177 laetantur,
1657 1127 1763 1167 non
1808 1121 1987 1168 tamen

405 1201 668 1264 omnium,
691 1201 784 1255 sed
812 1199 1174 1270 perfecturum
1197 1199 1531 1256 solummodo
1565 1208 1647 1255 est
1676 1202 1727 1256 in
1752 1201 1989 1256 aediﬁca-

412 1292 556 1346 tione
594 1293 834 1361 ejusdem
859 1289 1110 1344 Ecclesiae
1130 1289 1293 1343 etiam
1323 1290 1443 1345 aliis
1464 1291 1806 1361 praedicando
1846 1291 1994 1347 labo-

412 1397 549 1435 rare.
587 1381 738 1436 Unde
771 1379 905 1435 tales
935 1395 1046 1450 pra:
1065 1380 1273 1434 caeteris
1294 1379 1540 1436 ﬁdelibus
1565 1381 1763 1452 duplici
1790 1382 1994 1438 honore

413 1473 482 1527 ab
513 1471 768 1541 Apostolo
789 1471 932 1541 digni
973 1484 1096 1525 esse
1138 1477 1444 1535 censentur,
1494 1472 1635 1526 sicut
1673 1481 1728 1527 et
1759 1472 1995 1543 Angelus

416 1561 622 1615 Danieli
651 1579 662 1613 :
691 1559 794 1625 Qui
834 1560 972 1614 docti
1020 1559 1234 1629 fuerint,
1279 1560 1468 1629 inquit,
1523 1560 1793 1631 fulgelaint
1841 1563 1996 1633 quasi

414 1651 657 1722 splendor
698 1651 1034 1720 ﬁrmamenti,
1080 1661 1128 1705 et
1178 1652 1268 1721 qui
1321 1651 1390 1704 ad
1437 1652 1702 1722 justitiam
1750 1653 1996 1706 erudiunt

2080 472 2320 541 ejusdem
2343 474 2550 542 possint
2569 487 2687 528 esse
2711 481 3010 527 consortes.
3053 472 3111 526 In
3163 487 3393 542 quorum
3441 487 3681 542 persona

2079 563 2212 618 dicit
2238 562 2371 618 Gaio
2397 562 2635 617 Joannes
2667 559 2816 615 :Pro
2860 563 3066 616 nomine
3108 563 3248 616 enim
3293 563 3410 632 ejus
3450 563 3682 631 profecti

2079 656 2352 713 suntnihil
2377 656 2686 725 accipientes
2719 671 2753 707 a
2787 654 3045 725 gentibus.
3083 654 3196 708 Nos
3251 671 3375 724 ergo
3428 654 3685 708 debemus

2081 749 2340 816 suscipere
2379 745 2706 816 hujusmodi,
2751 755 2805 799 ut
2838 754 3199 816 cooperatores
3245 746 3409 798 simus
3445 744 3686 798 veritatis

2085 829 2418 921 (urticam).
2471 833 2832 900 Quamobrem
2880 849 3024 888 nunc
3066 833 3290 898 dicitur,
3339 834 3482 902 quod
3507 833 3566 887 hi
3594 834 3686 902 qui

2085 923 2448 977 ascendebant
2482 923 2548 976 ad
2585 922 2956 977 aediﬁcandum
3005 923 3221 978 domum
3260 923 3474 980 Domini
3524 923 3659 992 adju

2086 1013 2202 1066 vari
2231 1011 2491 1067 deberent
2519 1012 2804 1082 largitione
2835 1013 3184 1082 pecuniarum
3220 1013 3289 1068 ab
3326 1013 3522 1068 amicis
3543 1013 3687 1077 suis,

2088 1102 2389 1170 ubicunque
2414 1101 2741 1167 habitarent,
2769 1103 2822 1158 id
2849 1112 2953 1168 est,
2982 1107 3096 1158 sive
3119 1103 3175 1157 in
3199 1102 3471 1168 Chaldaza,
3502 1119 3606 1158 seu
3633 1103 3687 1156 in

2089 1193 2209 1247 aliis
2233 1192 2386 1258 locis,
2420 1193 2473 1246 in
2503 1209 2622 1263 qua:
2659 1194 2729 1248 ob
2765 1203 2968 1248 metum
3011 1193 3373 1264 profugissem
3406 1193 3688 1248 Chaldaeo-

2093 1302 2235 1342 rum.
2292 1287 2529 1356 Excepto
2553 1326 2570 1353 ,
2625 1287 2835 1356 inquit.
2882 1287 3026 1356 quod
3085 1287 3387 1342 voluntarie
3441 1285 3690 1340 offerunt

2092 1377 2296 1446 templo
2317 1377 2436 1438 Dei,
2467 1378 2610 1447 quod
2631 1386 2714 1432 est
2741 1380 2794 1431 in
2818 1377 3176 1444 Hierusalem,
3199 1378 3324 1448 quia
3350 1386 3570 1447 oportet
3594 1392 3690 1431 eos

2092 1468 2183 1536 qui
2209 1466 2594 1537 temporalibus
2621 1468 2896 1523 abundant
2938 1469 3159 1534 divitiis,
3221 1483 3328 1523 non
3376 1468 3558 1524 solum
3620 1482 3688 1522 ex

2095 1559 2180 1612 bis
2211 1557 2540 1628 pauperibus
2568 1556 2772 1613 Christi
2801 1560 3105 1614 necessaria
3137 1560 3468 1624 ministrare,
3491 1574 3690 1614 verum

2096 1647 2260 1701 etiam
2289 1648 2433 1716 ipsos
2455 1647 2613 1713 bona,
2637 1664 2756 1718 qua:
2775 1659 3019 1720 possunt,
3045 1665 3148 1721 pro
3191 1665 3248 1706 se
3287 1649 3519 1705 libenter
3561 1665 3694 1719 ope-

415 1742 966 1813 multos,quasis!ellw
981 1743 1034 1796 in
1044 1752 1318 1811 perpetuas
1336 1743 1652 1797 wternitates
1676 1743 1846 1815 (Dan.
1866 1741 1995 1812 xu).
2028 1735 2074 1792 B
2102 1738 2230 1803 rari,
2257 1745 2523 1806 quatenus
2550 1739 2740 1793 horum
2770 1741 2962 1795 merito
3001 1739 3151 1795 velut
3195 1739 3485 1795 oblationis
3527 1755 3696 1808 spon-

419 1835 519 1902 Qui
545 1836 796 1889 nimirum
822 1836 1128 1890 eruditores
1156 1834 1467 1901 multorum,
1498 1850 1605 1905 quo
1648 1835 1822 1904 magis
1873 1850 1999 1890 suos

2102 1836 2272 1883 tanea:
2292 1835 2345 1883 et
2373 1829 2472 1898 ipsi
2498 1829 2554 1882 in
2585 1829 2787 1900 templo
2823 1829 2939 1898 Dei,
2970 1831 3112 1901 quod
3137 1838 3220 1886 est
3250 1830 3516 1896 Ecclesia,
3568 1845 3694 1900 par-

428 1924 701 1979 auditores
729 1924 795 1977 ad
827 1924 1058 1978 caelestia
1097 1925 1385 1993 quaerenda
1437 1937 1502 1978 ac
1544 1922 1811 1994 diligenda
1848 1923 2004 1978 insti-
2102 1927 2210 1975 tem
2241 1931 2550 1976 mereantur
2578 1923 2794 1978 habere.

419 2024 602 2078 tuunt,
624 2030 690 2068 eo
708 2015 884 2068 minus
906 2014 1002 2084 ipsi
1028 2029 1125 2084 pro
1150 2015 1379 2069 terrenis
1393 2015 1736 2083 acquirendis
1751 2014 1864 2069 sive
1881 2029 1997 2084 pos-

423 2103 663 2158 sidendis
689 2119 872 2158 curam
900 2112 1119 2173 gerunt;
1151 2104 1259 2158 imo
1280 2103 1442 2157 etiam
1474 2104 1771 2174 saepissime
1795 2113 2002 2175 tempo-

423 2195 553 2249 ralia
594 2194 706 2272 jam
751 2195 1016 2264 acquisita
1056 2211 1156 2266 pro
1182 2205 1619 2265 speaaternorum
1672 2197 1995 2266 relinquunt.

426 2284 575 2340 Unde
603 2301 820 2340 necesse
843 2295 924 2341 est
950 2301 1135 2340 eorum
1165 2288 1374 2356 inopiae,
1399 2295 1459 2341 ut
1495 2288 1562 2342 ad
1603 2289 2000 2358 praedicandum

421 2377 739 2444 subsistant,
769 2377 1047 2444 ditiorum,
1087 2378 1177 2447 qui
1213 2379 1504 2448 praedicare
1557 2389 1848 2449 nequeunt,
1896 2381 2004 2433 lar-

1461 2531 1621 2543 ..ς-ινο-
1631 2529 1758 2546 ἰφ-ιω

2104 2033 2331 2105 Explicit
2356 2033 2510 2088 Liber
2536 2033 3130 2105 tvCommentariorum
3175 2033 3374 2089 Rabani
3417 2033 3607 2087 Mauri
3642 2030 3693 2079 in

2527 2104 2764 2159 volumen
2797 2105 3254 2175 Paralipomenon.

2175 2194 2357 2250 Finito
2385 2195 2522 2249 libro
2549 2195 2620 2249 sit
2645 2195 2761 2249 laus
2781 2203 2835 2248 et
2858 2195 3024 2265 gloria
3046 2195 3284 2259 Christo,

2177 2287 2439 2344 Omnibus
2470 2290 2695 2358 inceptis
2725 2298 3027 2358 postremos
3065 2289 3268 2345 cernite
3310 2303 3493 2353 casus,

2179 2379 2526 2450 Omnipotens
2551 2395 2739 2434 omnes
2760 2387 2940 2436 servet
2964 2379 3106 2434 Deus
3127 2379 3216 2434 hic
3239 2379 3575 2434 habitantes.

1004 2668 1576 2780 ΒΕΔΤῙ
1648 2667 2390 2780 ΒΔΒΔΝῙ
2462 2665 3074 2784 ΜΔῙῙΒῙ

1156 2877 1538 2934 FULDEN‘SIS
1575 2876 1862 2932 ABBATIS
1903 2876 1990 2931 ET
2029 2876 2407 2933 MOGUNTINI
2446 2877 2960 2938 ARCIIIEPISCOPI

824 3054 1660 3180 EXPOSITIO
1757 3055 1916 3176 IN
2008 3055 2610 3184 LIBRUM
2699 3063 3323 3189 JUDITH.

1813 3261 2069 3348 (ANNO
2119 3267 2258 3330 sat.
2285 3271 2304 3352 )

1453 3421 1942 3499 EPISTULA
1968 3421 1972 3425 ’
1998 3422 2690 3505 DEDICATORIA

1671 3574 1764 3629 AD
1799 3571 2042 3630 JUDITH
2078 3571 2478 3630 AUGUSTAM.

1416 3706 1640 3771 (Mabill.,
1665 3705 1877 3755 Annales
1892 3705 1981 3756 SS.
2006 3704 2190 3754 ordinis
2211 3706 2363 3754 sancti
2380 3705 2678 3775 Benedicti.)

512 3921 752 3977 Domina:
765 3919 971 3984 electae,
993 3927 1047 3973 et
1067 3918 1261 3973 merito
1288 3933 1496 3989 magnae
1512 3919 1727 3987 pietatis
1746 3919 1814 3973 ab
1839 3919 2011 3973 omni-
2037 3921 2082 3982 Ο
2115 3917 2297 3985 gorico
2333 3930 2490 3970 sensu
2515 3913 2580 3967 ad
2625 3917 2823 3966 sancta:
2857 3910 3106 3966 Ecclesia:
3133 3913 3453 3982 mysterium
3479 3930 3510 3967 a
3543 3913 3697 3969 nobis

433 4019 535 4072 bus
593 4011 914 4068 veneranda
967 4017 1130 4079 atque
1188 4010 1450 4074 amanare,
1489 4008 1686 4064 Jumrn
1726 4010 2008 4081 Augustae,

440 4106 715 4170 RABANUS,
741 4118 1022 4159 servorum
1059 4101 1154 4156 Dei
1181 4116 1393 4168 servus,
1430 4108 1688 4158 aeternam
1713 4103 1767 4158 in
1794 4103 2010 4159 Christo

435 4196 662 4265 supplex
688 4202 840 4264 Optat
865 4193 1111 4247 salutem.

509 4285 640 4341 Cum
665 4283 928 4340 celsitudo
951 4281 1335 4352 magnitudinis
1364 4290 1578 4348 vestra,
1600 4293 1762 4353 atque
1799 4284 2012 4355 largitio

438 4375 808 4447 benignitatis,
827 4390 945 4443 quae
963 4389 1066 4427 non
1089 4372 1261 4428 solum
1289 4373 1501 4439 amicis,
1533 4374 1626 4428 sed
1646 4374 1808 4430 etiam
1838 4374 2015 4428 inimi-

431 4469 533 4531 cis,
563 4468 628 4520 ab
651 4467 818 4535 ipsius
849 4465 1056 4519 Domini
1077 4479 1171 4518 ore
1211 4463 1496 4530 instructa,
1524 4465 1778 4534 prodesse
1806 4464 2010 4530 didicit,

440 4556 698 4627 plurimos
732 4554 892 4608 faciat
917 4553 1017 4607 sibi
1042 4553 1292 4617 devotos;
1311 4567 1410 4607 nos
1437 4554 1599 4607 etiam
1625 4554 2015 4623 quantulacun-

435 4663 544 4716 que
566 4661 690 4715 pars
707 4643 877 4713 plebis
893 4660 921 4696 a
936 4643 1046 4696 Deo
1067 4642 1218 4696 vobis
1240 4642 1559 4706 commissae,
1585 4643 1683 4696 sub
1710 4645 1910 4712 pietate
1925 4658 2015 4699 ve-

435 4747 550 4793 stra
564 4736 730 4804 degen
740 4742 838 4798 tes,
857 4733 1102 4788 devotum
1119 4731 1422 4802 cogitamus
1436 4731 1585 4785 vobis
1598 4732 1850 4786 exhibere
1862 4733 2020 4788 obsc-

437 4830 645 4898 quium.
662 4825 764 4893 Qui
779 4824 899 4880 licet
917 4839 1018 4878 non
1033 4824 1200 4878 simus
1213 4837 1377 4878 censu
1391 4822 1752 4892 pretiosarum
1769 4837 1929 4892 opum
1942 4822 2015 4877 lo-

438 4919 696 4988 cupletes,
712 4927 890 4971 tamen
909 4915 1083 4971 studio
1099 4931 1378 4971 sacrarum
1391 4915 1694 4969 orationum
1713 4930 1816 4968 non
1831 4931 2015 4969 sumus

438 5007 662 5060 omnino
696 5006 866 5070 vacui,
907 5021 1042 5074 quas
1072 5006 1406 5059 incessanter
1442 5006 1679 5074 quotidie
1722 5021 1818 5074 pro
1845 5006 2012 5070 vobis,

443 5106 727 5165 vestroque
738 5096 953 5150 domino
968 5095 1121 5149 simul
1136 5111 1198 5150 ac
1215 5095 1395 5151 sobole
1408 5093 1681 5149 offerimus
1697 5114 1708 5148 :
1725 5096 2016 5164 deprecan-

442 5198 526 5244 tes
551 5188 784 5257 utipsius
812 5189 952 5242 dono
975 5189 1064 5241 diu
1089 5188 1175 5242 hic
1194 5187 1510 5251 incolumes,
1543 5195 1597 5241 et
1618 5187 1671 5239 in
1705 5185 1880 5238 futura
1904 5186 2010 5238 vita

2117 4006 2451 4069 translatam,
2474 4012 2656 4058 vestro
2677 4001 2877 4056 nomini
2900 4001 3081 4056 dicare
3108 4011 3269 4070 atque
3296 4007 3695 4072 transmittere,

2110 4095 2296 4152 Judith
2336 4094 2598 4156 videlicet,
2629 4099 2789 4161 atque
2825 4089 3016 4146 Esther
3051 4111 3063 4146 :
3105 4107 3332 4161 quarum
3386 4111 3552 4150 unam
3597 4114 3698 4151 co-

2109 4187 2336 4258 aaquatis
2358 4185 2596 4250 nomine,
2632 4183 2855 4239 alteram
2881 4183 3158 4254 dignitate.
3191 4185 3320 4251 Quze
3348 4186 3568 4254 quidem
3621 4190 3696 4242 ob

2111 4276 2318 4346 insigne
2342 4273 2596 4329 meritum
2621 4272 2858 4336 virtutis,
2902 4279 3009 4324 tam
3035 4271 3189 4336 viris,
3221 4288 3383 4340 quam
3408 4273 3575 4327 etiam
3607 4273 3696 4329 fe-

2112 4366 2272 4420 minis
2299 4373 2422 4420 sunt
2449 4362 2758 4427 imitabilcs,
2789 4379 2854 4418 eo
2877 4365 3018 4431 quod
3049 4363 3315 4430 spiritales
3336 4364 3538 4418 hostes
3570 4368 3696 4419 ani-

2113 4458 2184 4512 mi
2211 4458 2417 4528 vigore,
2443 4465 2498 4511 et
2523 4455 2830 4526 corporales
2858 4456 3060 4510 consilii
3093 4456 3400 4510 maturitate
3421 4457 3693 4512 vicerunt.

2115 4547 2204 4602 Sic
2237 4557 2292 4602 et
2333 4556 2512 4603 vestra
2539 4563 2682 4602 nunc
2725 4546 3009 4600 laudabilis
3057 4546 3361 4616 prudentia,
3405 4564 3530 4617 qua:
3578 4551 3694 4619 jam

2113 4641 2296 4694 hostes
2341 4655 2466 4693 suos
2489 4653 2592 4692 non
2618 4652 2782 4709 parva
2822 4652 2887 4692 ex
2917 4646 3069 4706 parte
3108 4638 3333 4704 vicerat,
3367 4638 3412 4692 si
3447 4639 3502 4693 in
3549 4640 3696 4694 bono

2114 4741 2289 4801 empto
2311 4747 2655 4800 perseverare
2684 4739 2844 4799 atque
2875 4730 3216 4798 scmetipsam
3249 4746 3466 4801 semper
3495 4733 3691 4786 melio-

2114 4841 2237 4879 rare
2279 4823 2637 4886 contenderit,
2669 4831 2891 4877 cunctos
2917 4823 3256 4877 adversarios
3285 4840 3410 4878 suos
3461 4825 3688 4880 feliciter

2116 4911 2407 4981 superabit.
2439 4911 2629 4965 Adhuc
2669 4925 2797 4979 ergo
2824 4910 2877 4963 in
2911 4926 3078 4980 agone
3106 4913 3423 4978 consistitis,
3472 4930 3537 4970 ac
3572 4916 3692 4970 ideo

2116 5018 2334 5058 necesse
2359 5011 2441 5057 est
2466 5001 2705 5056 divinum
2734 5001 3027 5071 implorare
3069 5001 3346 5068 auxilium,
3381 5012 3442 5057 ut
3477 5006 3570 5073 qui
3597 5022 3693 5060 suo

2117 5094 2374 5164 sanguine
2422 5099 2648 5147 mortem
2674 5092 2899 5157 vicerat,
2936 5093 3232 5161 mortisque
3270 5102 3551 5149 auctorem
3601 5111 3689 5149 ca-

2116 5181 2432 5251 ptivaverat,
2478 5181 2529 5234 in
2574 5181 2868 5235 certamine
2915 5180 3066 5236 istius
3097 5182 3279 5236 mundi
3308 5198 3496 5236 veram
3543 5187 3695 5238 vobis

441 5293 655 5348 semper
681 5277 798 5331 sitis
817 5275 1000 5332 felices
1023 5285 1182 5347 atque
1205 5277 1516 5348 gaudentes.
1545 5275 1618 5329 De
1643 5285 1860 5336 sictero,
1886 5275 2010 5342 quia
2040 5272 2090 5329 D
2115 5271 2391 5325 victoriam
2419 5272 2622 5341 pariat;
2655 5270 2838 5340 sicque
2867 5272 3131 5326 veraciter
3159 5272 3583 5340 triumphantes,
3628 5274 3692 5326 ad

442 5385 540 5425 vos
553 5370 788 5440 comperi
814 5368 1060 5424 laudabili
1079 5369 1343 5423 excellere
1369 5366 1604 5437 ingenio,
1628 5374 1680 5419 et
1703 5375 2010 5418 sanctarum

444 5460 728 5515 mulierum
769 5474 903 5528 quas
941 5475 1093 5513 sacra
1137 5457 1418 5525 Scriptura
1467 5461 1870 5513 commemorat,
1901 5454 2013 5506 vir-

445 5559 586 5605 tntes
607 5567 671 5604 ac
713 5549 945 5604 studium
975 5551 1024 5603 in
1052 5549 1192 5602 bono
1223 5562 1386 5616 opere
1431 5543 1652 5606 imitari,
1684 5557 1787 5594 non
1818 5540 2011 5597 frustra

447 5641 736 5695 arbitratus
768 5656 884 5694 sum
913 5635 1266 5708 quarumdam
1303 5635 1510 5687 illarum
1554 5630 1859 5694 historiam,
1887 5631 2011 5686 alle-

2116 5375 2329 5417 aztcrna:
2372 5361 2718 5416 beatitudinis
2744 5361 2933 5429 gaudia
2965 5377 3058 5416 vos
3088 5363 3369 5430 pervenire
3403 5363 3688 5416 concedat.

2116 5449 2357 5518 Accipite
2383 5465 2511 5519 ergo
2532 5449 2716 5504 Judith
2740 5451 3115 5520 homonymum
3141 5459 3395 5514 vestram,
3426 5452 3690 5505 castitatis

2115 5541 2404 5610 exemplar,
2431 5549 2486 5594 et
2510 5541 2816 5611 triumphali
2853 5540 3006 5594 laude
3035 5542 3304 5610 perpetuis
3327 5557 3450 5594 eam
3486 5558 3684 5612 praeco-

2119 5632 2222 5686 niis
2270 5631 2574 5686 declarate:
2618 5631 2899 5701 ipsumun
2944 5648 3103 5699 super
3144 5632 3320 5685 omnia
3364 5631 3687 5693 benedicrte,
