3928 6176
262 297 360 354 341

1366 283 1733 344 Εχιιοειτιο
1767 283 1835 339 IN
1868 282 2131 339 ιιωιωί
2169 279 2438 338 JUDITH.

3433 277 3540 333 549.

263 413 356 482 qui
385 409 435 464 ei
461 407 722 462 virtutem
763 403 925 461 talem
973 400 1180 467 tribuit,
1211 408 1273 455 ut
1317 401 1578 456 invictum
1605 399 1856 455 omnibus
1881 405 1935 463 Α
1962 405 2068 461 rat,
2096 403 2152 452 et
2179 395 2492 450 universam
2544 391 2840 447 Ecclesiam
2867 347 3025 445 suam
3065 403 3229 460 quam
3250 386 3385 459 ipsae
3415 399 3541 462 typo

266 480 582 558 hominibus
605 497 864 561 vinceret,
883 490 1298 562 insuperabilem
1327 498 1630 560 superaret.
1655 489 1855 544 Esther
1955 485 2320 558 praeferebant
2340 525 2355 550 ,
2386 491 2645 554 perpetua
2687 482 2911 536 victoria
2942 480 3384 550 triumphantem,
3425 494 3544 534 cte-

269 605 484 663 quoque
503 586 758 642 similiter
782 584 1021 654 reginam
1056 581 1262 652 regina,
1293 580 1348 634 in
1376 580 1523 634 omni
1556 579 1773 649 pietatis
1799 586 1856 632 et

269 679 580 738 sanctitatis
636 675 850 731 actione
897 671 1210 728 imitabilem
1235 711 1254 737 ,
1303 670 1456 726 vobis
1499 678 1626 725 ante
1669 668 1855 725 oculos

271 771 452 830 cordis
503 782 723 838 semper
771 751 960 836 ponite
986 804 1001 829 ,
1032 769 1302 833 quatenus
1349 760 1494 815 illius
1550 758 1860 814 sanctitatis

272 864 528 920 meritum
577 861 943 928 adzequantes,
985 857 1052 912 de
1075 861 1294 909 terreno
1328 867 1496 924 regno
1523 850 1592 906 ad
1617 849 1858 906 caelestis

273 955 424 1025 regni
447 952 658 1023 apicem
677 947 1040 1006 conscendere
1057 943 1315 1000 valeatis:
1344 957 1442 1014 per
1464 941 1634 1011 ipsius
1650 939 1859 996 scilicet

275 1045 530 1116 gratiam,
557 1042 650 1114 qui
676 1041 795 1096 illas
823 1045 1041 1095 sanctas
1065 1035 1319 1091 mulieres
1345 1031 1680 1102 triumphare
1707 1029 1854 1084 fece-

1956 576 2107 632 lestis
2131 576 2320 646 patria:
2342 588 2524 630 secum
2548 571 2740 627 elﬁciat
2777 586 3169 641 possessorem,
3197 569 3356 626 Jesus
3390 570 3541 624 vide-

1965 668 2092 723 licet
2118 667 2260 721 Deus
2288 674 2345 721 et
2366 664 2628 721 Dominus
2657 671 2862 728 noster,
2901 662 2992 732 qui
3017 677 3115 717 vos
3136 647 3290 716 intus
3306 668 3362 716 et
3385 658 3545 726 foris,

1965 758 2054 813 hic
2078 765 2133 813 et
2175 757 2374 826 ubique
2396 796 2411 822 ,
2440 771 2583 810 nunc
2621 763 2674 808 et
2702 768 2917 836 semper
2945 753 3218 807 custodire
3273 751 3545 821 dignetur.

1965 850 2229 919 Optamus
2241 864 2336 904 vos
2355 850 2493 904 bene
2507 847 2706 914 valere,
2721 845 2937 901 domina
2961 844 3223 916 Augusta,
3247 856 3542 898 memorem

1965 943 2158 998 nostri.

286 1164 3548 1205 Μηκ-

1625 1316 2185 1398 PRIEFATIO.

1765 1485 2040 1500 —_—

175 1570 177 1572 ’
279 1573 502 1630 Summe
530 1569 694 1626 Sator
709 1581 913 1630 rerum,
937 1565 1032 1636 qui
1053 1563 1222 1620 verbo
1237 1570 1430 1620 cuncta
1455 1564 1676 1629 creasti,

278 1667 453 1735 Atque
475 1677 613 1733 opus
629 1673 790 1716 omne
818 1667 968 1714 tuum
995 1657 1187 1712 dextra
1213 1662 1270 1710 tu
1297 1655 1397 1710 rite
1421 1655 1648 1724 parasti,

281 1757 599 1814 Luminibus
619 1753 815 1810 cmlum
835 1759 890 1806 et
920 1749 1089 1804 ramis
1108 1747 1428 1803 ﬂorentibus
1448 1762 1579 1802 arva

279 1850 515 1913 Ornans,
555 1845 743 1915 sicque
774 1851 880 1896 tute
908 1840 1128 1896 deitatis
1147 1837 1271 1907 jura
1306 1837 1517 1893 revelas

283 1941 452 2006 Divis,
480 1937 626 1992 unde
647 1936 860 1990 Patrem
888 1944 1156 1988 summum
1183 1937 1234 1984 te
1261 1929 1403 1986 scire
1423 1943 1720 1999 queamus;

279 2035 456 2103 Atque
492 2043 682 2100 parem
726 2038 939 2093 semper
955 2022 1052 2076 tibi
1085 2021 1359 2076 Christum
1389 2020 1612 2074 credere
1654 2027 1861 2074 natum.

279 2123 469 2179 ﬂatus
491 2131 689 2189 nempe
713 2129 870 2172 sacer
897 2115 1000 2170 iste
1028 2113 1125 2168 tibi
1153 2110 1385 2166 Numine
1412 2110 1563 2166 claro

280 2215 576 2272 Permanet
591 2209 840 2281 aequalis,
867 2215 1152 2274 tecumque
1178 2204 1232 2258 in
1271 2203 1468 2258 saecula
1494 2205 1646 2258 vivit.

281 2305 356 2362 Tu
388 2304 542 2360 Deus
569 2315 630 2356 es
655 2300 933 2356 hominum
962 2305 1143 2352 rector
1166 2294 1417 2349 Salvator
1444 2302 1500 2349 et
1528 2294 1693 2360 idem,

280 2393 511 2452 Praemia
541 2389 826 2461 quijustis,
855 2399 1180 2458 pmnamque
1205 2384 1542 2441 merentibus
1558 2383 1723 2439 indis.

282 2485 480 2550 Sexus,
505 2494 801 2553 personas,
824 2486 1013 2533 aetates
1032 2477 1298 2548 perspicis
1321 2484 1513 2530 auctor

282 2575 588 2632 Mercedem
617 2580 673 2629 et
708 2570 982 2641 propriam
1013 2569 1182 2624 donas
1197 2565 1720 2638 justissimnsomni.

282 2671 354 2724 'l‘e
381 2681 606 2739 quoque
633 2665 864 2735 deposco
891 2663 948 2718 ni
975 2661 1189 2732 linquas
1225 2661 1417 2716 laedere
1441 2673 1768 2731 quemquam

283 2759 546 2831 Reginam
575 2755 780 2821 fraude,
807 2754 1096 2824 foveasque
1122 2753 1389 2824 benignus
1416 2760 1679 2817 amatam,

283 2853 321 2908 Τ
325 2869 357 2907 ιι
382 2863 444 2906 ut
473 2850 648 2906 facias
676 2848 832 2904 fortis
853 2846 1030 2903 Judex
1047 2861 1274 2918 regnare
1309 2845 1549 2915 quietam

281 2945 431 3010 Istic,
453 2945 646 3014 sicque
665 2942 789 3014 polo
807 2941 991 2998 Iudith
1014 2942 1129 3011 ipsa
1161 2949 1383 3011 paretur
1402 2938 1573 2994 adire.

282 3041 396 3116 Quo
421 3039 724 3108 dignatque
745 3043 935 3092 vocata
969 3035 1084 3106 ipsa
1109 3033 1181 3089 sit
1209 3047 1440 3087 munere
1459 3031 1684 3098 Christi,

283 3132 454 3199 Quam
473 3129 570 3186 hic
593 3142 874 3184 memores
891 3126 1048 3181 laetus
1069 3124 1276 3196 placat;
1306 3123 1382 3178 sis
1401 3132 1457 3177 et
1482 3122 1686 3193 ubique

290 3263 3220 3306 ___________________.._____________.————

1895 3133 1942 3196 C

1965 1559 2040 1623 Illi
2061 1583 2168 1638 quo
2202 1567 2382 1622 valeat
2408 1580 2607 1621 canere
2634 1562 2768 1618 odas
2792 1561 2971 1618 dicere
2997 1567 3054 1616 ct
3081 1567 3268 1624 astns,

1964 1661 2074 1716 Nec
2085 1659 2198 1729 jam
2223 1660 2283 1715 llt
2311 1667 2436 1716 voto
2465 1673 2591 1713 reus
2615 1656 2782 1711 altum
2813 1654 2878 1709 ad
2898 1652 3110 1708 culmen
3132 1651 3345 1722 Olympi

1894 1777 1938 1837 Β
1967 1753 2067 1820 Qui
2100 1752 2273 1807 tendit
2295 1759 2476 1806 mente
2505 1762 2688 1804 casam
2713 1745 2920 1801 ordinis
2943 1751 3104 1812 atque
3127 1742 3268 1796 beati

1965 1845 2148 1900 Ambit
2170 1859 2333 1914 quam
2356 1842 2549 1898 tribuit
2571 1840 2646 1895 illi
2668 1853 2831 1907 super
2853 1838 3055 1891 aethera
3078 1835 3286 1897 sedem,

1966 1935 2186 1990 Arbiter
2207 1935 2567 2005 omnipotens,
2593 1930 2684 1999 qui
2705 1929 2852 1984 solus
2875 1935 3061 1998 regnat
3092 1926 3146 1980 in
3169 1939 3313 1980 arce.

1967 2025 2068 2080 Hic
2097 2032 2176 2091 tu,
2207 2025 2442 2087 Christe,
2468 2022 2543 2076 tui
2565 2035 2750 2076 servas
2774 2034 2872 2089 per
2898 2017 3095 2073 saecula
3115 2031 3335 2087 regnum
3360 2026 3417 2071 et

1967 2117 2114 2184 Quos
2135 2116 2314 2171 salvas
2333 2114 2460 2179 illic,
2488 2113 2578 2167 hic
2599 2111 2828 2180 corripis
2854 2116 2980 2163 ante
3009 2107 3272 2177 benignus

1967 2207 2082 2261 Rex
2112 2221 2355 2270 severus,
2383 2205 2586 2275 justus,
2613 2209 2858 2265 sanctus,
2889 2198 3058 2262 mitis,
3083 2196 3376 2251 amandus.

1967 2298 2081 2353 Fac
2102 2310 2201 2350 nos
2225 2295 2380 2358 velle,
2407 2306 2559 2362 rogo,
2591 2299 2684 2344 tua
2700 2289 2852 2359 jussa
2881 2286 3209 2357 implet-eque
3233 2283 3337 2337 rite

1967 2385 2272 2458 Coudignis
2291 2383 2454 2438 factis
2474 2381 2620 2444 ﬁdei,
2651 2381 2790 2434 bene
2813 2376 2936 2447 jura
2969 2375 3218 2430 tenendo.

1973 2478 2101 2545 Quo
2124 2476 2309 2532 sedem
2337 2487 2592 2543 superam
2621 2485 2804 2541 regem
2838 2477 2890 2522 te
2913 2467 3068 2521 valde
3092 2475 3379 2535 sequentes

1969 2569 2310 2624 Scandamus'
2327 2566 2458 2631 lmti,
2483 2573 2538 2620 et
2555 2565 2834 2634 capiamus
2863 2575 3028 2630 regna
3051 2574 3265 2624 serena,

1969 2660 2086 2714 Lux
2114 2659 2206 2714 ubi
2231 2666 2491 2728 perpetua
2514 2663 2601 2711 est
2623 2655 2764 2719 vitas,
2794 2653 2930 2717 laus,
2962 2650 3130 2722 gloria
3158 2665 3285 2703 vera

1968 2751 2086 2817 Quo
2110 2747 2294 2813 Pater,
2327 2762 2391 2802 ac
2410 2747 2600 2811 Natus,
2629 2753 2820 2815 regnat
2849 2751 2906 2798 et
2935 2741 3172 2811 Spiritus
3195 2740 3396 2803 almus,

1968 2841 2136 2896 Vivus
2151 2853 2383 2909 namque
2409 2840 2552 2893 Deus
2574 2851 2740 2891 verus
2770 2849 3122 2903 summusque
3146 2839 3390 2895 creator,

1966 2932 2170 2986 Parvus
2203 2931 2295 3000 qui
2317 2939 2373 2985 et
2399 2943 2624 2999 magnos
2657 2933 2815 2981 sanat
2836 2940 2935 2995 per
2960 2923 3158 2978 smcula
3172 2921 3370 2990 justus,

1965 3025 2219 3084 Omnium
2256 3032 2313 3078 et
2339 3030 2423 3078 est
2451 3021 2625 3076 factor
2644 3018 2812 3090 judex
2847 3023 3011 3086 atque
3053 3013 3304 3070 munibus
3346 3025 3554 3080 aequus.

3221 3255 3536 3272 ———‘

1777 3383 2070 3448 INCIPIT

781 3552 1543 3722 EXPOSITIO
1628 3549 1773 3663 IN
1863 3546 2388 3660 LIBRUM
2471 3545 3038 3658 JUDITH.

1564 3750 1932 3766 ﬂ

784 3849 1014 3908 CAPUT
1059 3846 1353 3904 PRIMUM.

287 3971 360 4027 De
410 3969 720 4052 Αξηήαςωιξπ
747 3981 864 4052 rege
914 3961 1209 4052 Iledor‘unt,
1247 3954 1870 4052 “numeratis-multis

353 4035 614 4113 gentibus,
672 4035 956 4113 Ecbatanis
989 4035 1256 4113 ciuitatem
1309 4035 1593 4113 exstruxit,
1645 4037 1694 4080 et
1737 4043 1869 4096 quo-

351 4099 507 4165 modo
552 4099 885 4180 postmodum
940 4121 974 4158 α
1037 4099 1528 4157 Nabuchodonosor
1589 4105 1866 4168 superatus

353 4191 446 4237 est.

1941 3747 2204 3764 —_

1977 3845 2146 3906 uisse,
2169 3844 2379 3912 hocque
2405 3838 2584 3895 occiso
2609 3844 2664 3893 et
2687 3837 2804 3906 ipse
2830 3835 3082 3890 decessit.
3113 3834 3244 3889 Post
3271 3848 3432 3904 quem
3461 3833 3560 3891 Se-

1979 3935 2222 3992 miramis
2255 3948 2393 3988 uxor
2431 3931 2552 4002 ejus
2602 3929 2771 3983 totius
2798 3927 2943 3982 Asiae
2993 3927 3182 3998 regina
3225 3924 3563 3996 Babylonem

1976 4031 2167 4086 urbem
2195 4026 2537 4091 instauravit,
2571 4033 2844 4094 caputque
2882 4021 3035 4092 regni
3087 4020 3294 4091 Assyrii
3327 4028 3384 4074 ut
3415 4030 3566 4075 esset;

1979 4121 2238 4187 instituit,
2272 4119 2461 4188 sicque
2498 4129 2725 4185 regnum
2751 4112 3099 4184 Assyriorum
3123 4111 3212 4165 diu
3238 4111 3567 4166 inconcussm

1976 4211 2215 4284 potentia
2246 4209 2416 4266 stetit.
2465 4207 2573 4263 Sed
2611 4221 2734 4261 cum
2763 4203 3019 4269 Arbatus,
3074 4218 3231 4272 quem
3262 4201 3352 4256 alii
3380 4201 3564 4256 Arba-

357 4336 377 4370 ε
415 4313 707 4387 Arphaxad
763 4312 945 4381 itaque
996 4323 1094 4364 rex
1157 4304 1440 4362 Μεάοΐυω
1488 4300 1870 4372 subjugaverat
1896 4380 1938 4387 _
1973 4322 2074 4363 ceu
2123 4312 2341 4369 vocant,
2397 4300 2686 4373 praefectus
2712 4299 3012 4363 Medorum,
3062 4297 3310 4365 idemque
3339 4295 3571 4349 natione-

291 4433 309 4466 ι
345 4380 547 4468 multas
570 4391 757 4482 gentes
784 4405 1012 4476 imperio
1037 4417 1158 4468 suo,
1189 4409 1246 4458 et
1271 4400 1385 4469 ipse
1407 4389 1700 4454 aedificavit
1733 4393 1856 4448 civi-

1974 4399 2178 4464 Medus,
2203 4393 2635 4466 Sardanapalum
2659 4407 2842 4463 regem
2861 4405 3019 4445 suum
3042 4388 3184 4459 apud
3207 4386 3569 4457 Babyloniam-

290 4523 309 4555 ι
345 4511 514 4558 tatem
535 4500 988 4572 potentissimam,
1009 4511 1172 4567 quam
1193 4492 1484 4566 appellavit
1505 4487 1814 4545 Ecbatanis.
1848 4507 1865 4540 ι

283 4595 516 4664 Quidam
573 4592 924 4662 quaerendum
981 4596 1194 4660 putant,
1249 4585 1476 4641 historia
1521 4581 1708 4637 Judith
1763 4594 1872 4650 quo

285 4697 548 4756 tempore,
581 4683 846 4754 quibusve
885 4680 984 4736 sub
1015 4681 1234 4751 regibus
1259 4679 1400 4733 edita
1431 4675 1632 4741 fuerit;
1664 4675 1734 4730 ob
1771 4675 1874 4729 hoc

283 4776 544 4840 maxime,
589 4773 716 4844 quia
763 4771 863 4841 ipsi
919 4785 1074 4840 reges
1113 4770 1169 4824 in
1215 4767 1443 4822 historia
1497 4765 1667 4820 notati
1726 4768 1871 4828 sunt,

281 4867 388 4923 hoc
412 4875 516 4932 est,
546 4861 838 4934 Arphaxad
863 4869 921 4916 et
946 4857 1464 4920 Nabuchodonosor,
1496 4855 1638 4926 apud
1665 4869 1759 4909 eos
1782 4851 1874 4922 qui

281 4958 629 5030 Assyriorum
658 4956 743 5011 vel
773 4954 1052 5009 Medorum
1107 4949 1367 5006 historias
1390 4946 1786 5014 conscripsere,
1816 4942 1870 4996 in

277 5051 475 5105 ordine
497 5061 685 5117 regum
715 5045 998 5112 utriusque
1026 5041 1178 5112 regni
1210 5037 1403 5094 inserti
1434 5051 1544 5090 non
1593 5031 1874 5104 reperiun-

278 5149 390 5194 tur.
425 5136 560 5192 Nam
609 5149 704 5190 rex
757 5134 965 5205 primus
994 5132 1135 5201 apud
1163 5129 1438 5199 Assyrios,
1493 5125 1585 5194 qui
1632 5122 1873 5177 eminere

277 5229 498 5286 caeteris
551 5225 746 5296 potuit,
772 5223 945 5278 Ninus
989 5222 1111 5287 fuit,
1139 5220 1232 5290 qui
1261 5220 1318 5273 in
1354 5215 1575 5287 regione
1620 5212 1873 5284 Assyrio—

275 5335 404 5375 rum
433 5319 708 5374 civitatem
759 5315 995 5371 nominis
1038 5313 1143 5376 sui,
1194 5311 1300 5366 hoc
1328 5315 1433 5372 est,
1466 5305 1682 5367 Ninum,
1711 5318 1873 5373 quam

277 5409 498 5467 Hebraei
525 5417 722 5464 vocant
746 5405 994 5469 Niniven,
1025 5403 1226 5458 dicitur
1259 5399 1588 5455 condidisse.
1618 5395 1717 5451 llic
1745 5411 1873 5467 ergo

274 5522 406 5561 cum
433 5511 624 5574 gentes
653 5501 914 5573 plurimas
965 5498 1108 5554 bello
1135 5495 1420 5567 petivisset
1447 5508 1512 5547 ac
1541 5497 1868 5560 superasset,

275 5607 620 5669 postremum
677 5593 873 5648 bellum
909 5591 982 5644 illi
1012 5589 1111 5644 fuit
1139 5603 1260 5643 cum
1291 5585 1580 5640 Zoroastre
1609 5581 1870 5651 Bactrya—

277 5703 480 5744 norum
511 5701 658 5757 rege,
689 5684 780 5756 qui
817 5683 1024 5753 primus
1053 5680 1227 5734 fertur
1268 5685 1412 5733 artes
1440 5672 1680 5744 magicas
1725 5670 1874 5725 inve-

1974 4488 2354 4550 interl'ecisset,
2397 4485 2547 4556 regni
2606 4497 2803 4538 nomen
2854 4490 2909 4537 et
2957 4494 3223 4536 summam
3273 4479 3328 4532 in
3376 4475 3574 4531 Medos-

1973 4579 2247 4636 transtulit
2277 4597 2290 4632 :
2322 4579 2397 4632 ita
2425 4577 2684 4632 nimirum
2743 4572 3038 4644 Babylonis
3067 4585 3291 4642 regnum
3320 4583 3386 4624 eo
3415 4584 3558 4622 anno

1972 4671 2029 4725 in
2078 4669 2262 4725 Medos
2313 4668 2618 4723 derivatum
2673 4671 2777 4730 est,
2809 4679 2915 4734 quo
2964 4677 3104 4717 anno
3152 4660 3292 4730 apud
3338 4659 3571 4714 Latinos-

1972 4760 2177 4816 Procas
2200 4759 2401 4814 Amulii
2429 4768 2487 4814 et
2511 4757 2810 4811 Numitoris
2863 4765 3037 4824 pater,
3066 4768 3199 4807 avus
3226 4761 3405 4805 autem
3433 4750 3568 4804 Rea:

1975 4852 2176 4916 Silviae,
2206 4866 2326 4920 qua:
2351 4858 2530 4904 mater
2546 4847 2758 4902 Romuli
2789 4845 2910 4910 fuit,
2940 4858 3170 4912 regnare
3195 4843 3380 4912 coepit.
3434 4842 3566 4898 Dis-7

1972 4940 2200 4996 cedente
2229 4947 2413 4994 autem
2437 4937 2644 4992 Arbato
2683 4936 2736 4989 in
2766 4934 2965 4998 Medos,
3016 4941 3226 5003 partem
3275 4934 3426 5004 regni
3458 4949 3558 5002 pe-

1973 5046 2072 5086 nes
2097 5046 2156 5086 se
2182 5030 2454 5084 retinuere
2483 5026 2737 5091 Chaldaei,
2787 5025 2913 5096 quia
2950 5024 3299 5097 Babyloniam
3331 5026 3431 5080 sibi
3463 5026 3567 5079 ad-A

1973 5138 2162 5178 versus
2188 5121 2372 5178 Medos
2401 5120 2832 5175 vindicaverunt.
2863 5117 2941 5171 lta
2976 5117 3285 5189 Babyloniae
3316 5125 3568 5187 potestas-

1972 5215 2113 5285 apud
2138 5213 2342 5276 Medos,
2369 5211 2674 5281 proprietas
2697 5209 2838 5279 apud
2873 5207 3155 5263 Chaldaeos
3175 5208 3294 5274 fuit,
3323 5207 3569 5263 Chaldaei

1972 5316 2150 5363 autem
2206 5313 2428 5376 propter
2480 5302 2759 5371 antiquam
2816 5299 2979 5370 regiae
3039 5300 3189 5354 urbis
3243 5300 3568 5369 dignitatem

1973 5412 2090 5452 non
2112 5395 2258 5449 illam
2291 5408 2468 5458 suam,
2491 5392 2586 5447 sed
2612 5405 2670 5445 se
2720 5388 2860 5444 illius
2893 5404 3088 5444 vocare
3116 5389 3412 5444 voluerunt.
3447 5385 3564 5439 Un-

1973 5487 2042 5543 de
2074 5486 2278 5541 factum
2304 5493 2364 5538 ut
2400 5480 2911 5541 Nabuchodonosor,
2967 5477 3257 5546 cteteriquc
3281 5483 3400 5544 post
3433 5487 3566 5525 eum

1975 5593 2147 5648 usque
2193 5576 2394 5647 Cyrum
2448 5588 2626 5643 reges,
2656 5569 2905 5641 quamvis
2931 5568 3304 5623 Chaldmorum
3354 5563 3566 5616 viribus-

1977 5675 2245 5740 potentcs,
2301 5674 2356 5720 et
2408 5661 2713 5733 Babylonia:
2752 5657 2970 5714 nomine
3024 5654 3154 5710 clari
3185 5649 3234 5704 Ic
3256 5661 3474 5720 gantur,
3503 5651 3568 5705 ἱιι
