3876 6136
356 320 462 378 5ὶὸ

995 315 1056 369 Β.
1097 314 1346 369 RABANI
1388 314 1605 370 MAURI
1641 311 1964 370 ABGlllEP.
2002 309 2310 369 MOGUNT.
2349 294 2635 367 osseus!
2673 308 2853 363 rans
2892 309 2930 362 ι.

3502 310 3602 366 ω

354 447 585 492 numero
628 439 686 486 ct
711 431 900 486 ordine
948 442 1136 498 regum
1166 441 1274 481 non
1298 423 1608 484 habeantur
1622 424 1931 480 ilhistrium.
1961 432 2013 492 Α
2115 440 2135 473 ι
2173 422 2243 477 Et
2296 421 2413 490 ipse
2477 418 2765 474 aedificavit
2823 419 3100 474 civitatem
3156 420 3606 490 potentissimum,

358 526 623 596 Equidem
652 538 718 578 eo
759 530 999 590 tempore
1025 534 1133 588 quo
1163 518 1407 582 Azarias,
1441 519 1534 585 qui
1565 526 1623 572 et
1645 515 1811 573 Ozias
1835 531 1933 571 ne—

361 618 599 672 minatus
626 623 733 676 est,
772 623 934 680 super
957 610 1093 664 duas
1134 608 1307 663 tribus
1329 610 1382 662 in
1409 608 1712 663 Jerusalem
1738 620 1935 678 regna-

362 709 458 770 vit,
495 713 553 759 et
592 702 878 757 Jerobo‘am
913 700 1055 755 ﬁlius
1079 698 1215 755 Joab
1263 700 1405 770 regis
1439 698 1604 753 Israel
1657 712 1822 768 super
1843 698 1938 753 de-

361 812 477 853 cem
506 793 679 848 tribus
704 792 761 845 in
790 789 1038 845 Samaria
1065 796 1403 858 regnaverat,
1428 802 1652 857 regnum
1680 785 1934 857 Assyrio—

362 901 481 943 rum
503 899 600 956 per
619 882 879 937 Arbatum
901 871 1257 944 destructum,
1281 887 1442 948 atque
1471 880 1524 933 in
1556 878 1737 933 Medos
1763 884 1939 932 trans-

361 977 527 1031 latum
557 980 660 1038 est,
689 979 745 1027 et
771 970 986 1024 interim
1031 968 1148 1023 sine
1182 967 1518 1037 principibus
1542 982 1629 1021 res
1656 968 1934 1037 agebatur,

363 1081 533 1137 usque
561 1063 818 1133 Dejocum
846 1076 1051 1131 regem,
1094 1059 1185 1128 qui
1214 1058 1505 1113 Ecbatanis
1532 1057 1773 1112 condidit
1802 1057 1936 1111 civi-

364 1164 571 1220 tatem;
602 1154 657 1207 in
705 1150 883 1206 medio
932 1157 1115 1203 autem
1165 1157 1424 1218 tempore,
1455 1146 1691 1202 Chaldaei
1722 1146 1940 1216 proprie

361 1242 726 1316 praevalebant
752 1256 767 1305 ;
798 1253 1024 1308 quorum
1048 1244 1310 1307 separata:
1340 1237 1582 1306 quaedam
1611 1252 1796 1305 regum
1818 1252 1939 1291 suc-

364 1334 662 1397 cessiones,
701 1338 763 1385 ut
810 1343 969 1398 supra
1006 1326 1208 1382 dictum
1259 1334 1362 1392 est,
1404 1326 1671 1381 feruntur.
1701 1325 1940 1396 Denique

366 1421 923 1496 Thelgathphalnasar
954 1424 1012 1472 et
1063 1415 1410 1472 Salmanasar
1468 1423 1524 1471 et
1571 1415 1941 1471 Sennacherib

367 1532 522 1588 reges
543 1516 913 1587 Assyriorum,
942 1520 1143 1566 terram
1176 1510 1540 1565 lsraelitarum
1570 1510 1762 1565 iisdem
1801 1517 1939 1565 tem-

369 1607 589 1678 poribus
615 1612 881 1668 vastasse,
936 1609 1097 1671 atque
1125 1615 1220 1656 eos
1244 1600 1300 1654 in
1325 1599 1698 1670 captivitatem
1722 1598 1944 1654 duxisse

369 1698 771 1762 describuntur,
803 1696 1091 1763 antequam
1136 1691 1378 1761 Dejocus
1397 1692 1453 1746 in
1482 1689 1657 1746 Media
1685 1690 1938 1760 regnarit.

2039 530 2060 564 ι
2094 526 2261 582 quam
2299 508 2589 579 appellavit
2613 507 2905 563 Ecbatanis
2935 522 3003 563 ex
3032 507 3299 578 lapidibus
3325 510 3610 579 quadratis

2039 621 2058 654 ι
2098 612 2154 657 et
2192 602 2403 656 sectis:
2437 598 2567 655 fecit
2604 613 2787 655 muros
2817 597 2938 666 ejus
2962 599 3017 652 in
3069 597 3411 654 altitudinem
3464 600 3612 656 cubi-

2041 711 2061 746 ί
2098 701 2276 748 torum
2301 690 2661 761 septuaginta,
2689 698 2745 744 et
2772 688 3114 743 latitudinem
3157 689 3469 745 cubitorum
3519 691 3611 745 tri-

2040 798 2061 835 ‹
2096 782 2263 852 ginta,
2288 789 2467 835 turres
2497 793 2628 833 vero
2655 776 2772 846 eius
2803 777 2986 848 posuit
3009 778 3065 831 in
3097 776 3439 833 altitudinem
3458 779 3613 834 cubi-
3644 794 3647 797 ·

2041 889 2061 924 ι
2094 880 2278 926 torum
2301 877 2540 925 centum.
2584 887 2604 921 ι
2648 866 2940 923 Ecbatanis
2965 866 3152 922 Mediae
3188 868 3482 939 provincia:
3504 885 3616 923 me-

2037 961 2264 1032 tropolis
2296 970 2401 1025 est,
2453 975 2613 1029 quam
2657 958 2906 1029 superius
2935 958 3171 1015 diximus
3217 974 3249 1013 a
3278 960 3479 1030 Dejoco
3510 959 3619 1021 Me-

2037 1052 2229 1107 dorum
2258 1066 2385 1122 rege
2409 1049 2705 1115 conditam,
2732 1048 2828 1105 sed
2847 1048 2977 1118 quia
2995 1048 3157 1105 modo
3177 1064 3420 1119 praesens
3445 1050 3619 1105 histo—

2037 1142 2118 1197 ria
2151 1142 2471 1197 azdificatam
2502 1157 2622 1198 esse
2643 1143 2710 1198 ab
2730 1141 3022 1213 Arphaxad
3043 1142 3319 1199 civitatem
3351 1145 3620 1215 potentis-

2038 1235 2232 1290 simam
2255 1250 2532 1290 murorum
2552 1234 2717 1289 nimia
2731 1233 3050 1289 celsitudine
3063 1241 3234 1304 atque,
3244 1234 3617 1305 amplitudine,

2040 1326 2269 1382 turrium
2302 1325 2583 1380 altitudine
2616 1333 2822 1391 narrat,
2866 1340 3153 1395 possumus
3175 1338 3297 1379 eam
3320 1325 3621 1396 intelligere

2040 1432 2071 1470 a
2099 1413 2294 1483 Dejoco
2332 1414 2585 1484 primitus
2622 1413 2915 1479 conditam,
2956 1414 3051 1469 sed
3076 1413 3146 1469 ah
3173 1412 3465 1484 Arphaxad
3507 1430 3623 1468 am-

2039 1506 2369 1578 pliﬁcatam;
2408 1506 2548 1560 sicut
2577 1512 2632 1560 et
2655 1503 2923 1573 Iosephus
2958 1512 3148 1558 narrat
3188 1502 3463 1559 Danielem
3504 1520 3624 1574 pro-

2040 1597 2258 1669 pbetam
2287 1596 2389 1651 sub
2436 1594 2601 1649 Dario
2658 1608 2785 1664 rege
2833 1595 2889 1648 in
2929 1593 3120 1649 eadem
3167 1591 3392 1649 civitate
3434 1593 3625 1650 Media:

2041 1683 2390 1740 mausolzeum
2429 1682 2581 1739 valde
2634 1683 2959 1753 praeclarum
2993 1690 3052 1739 et
3095 1682 3420 1739 mirabiliter
3460 1683 3626 1739 nimis

370 1788 566 1845 Noster
600 1796 783 1841 autem
816 1784 1308 1839 Nabuchodonosor
1331 1780 1722 1851 Jerosolymam
1764 1788 1942 1834 vasta-
1971 1784 2017 1843 Β
2045 1772 2385 1838 instruxisse,
2424 1773 2568 1842 quod
2601 1772 2873 1842 equidem,
2904 1779 2965 1825 ut
3003 1772 3118 1842 ipse
3144 1771 3296 1838 dicit,
3324 1780 3504 1828 manet
3532 1772 3623 1827 ha-

371 1881 468 1935 vit.
501 1879 705 1933 Tamen
729 1876 1033 1945 aliquorum
1084 1887 1270 1942 regum
1296 1871 1574 1927 Medorum
1601 1870 1744 1926 inter
1776 1869 1947 1926 Arba-

373 1982 484 2027 tum
511 1979 565 2026 et
591 1969 845 2038 Dejoeum
876 1967 931 2021 in
982 1964 1265 2021 Chronicis
1293 1962 1600 2018 introducta
1650 1960 1948 2030 reperimus

371 2062 611 2125 nomina,
661 2059 753 2114 ubi
802 2056 1036 2112 refertur
1082 2055 1228 2125 quod
1275 2060 1400 2124 post
1445 2051 1709 2108 Arbatum
1758 2050 1947 2120 viginti

372 2162 496 2210 octo
523 2152 680 2207 annis
710 2156 1048 2219 regnantem,
1106 2146 1374 2201 secundus
1411 2143 1702 2199 Sosarinus
1753 2143 1808 2197 in
1834 2141 1947 2197 Me—

374 2247 459 2302 dis
487 2245 704 2314 triginta
732 2241 891 2295 annis
918 2237 1243 2309 regnaverit.
1277 2235 1407 2290 Post
1440 2246 1603 2304 quem
1633 2233 1817 2288 Medus
1844 2242 1952 2286 ter-

377 2337 486 2392 tius
546 2333 703 2389 annis
751 2329 1145 2400 quadraginta;
1201 2334 1322 2397 post
1362 2326 1506 2380 hunc
1536 2331 1765 2393 quartus
1811 2321 1949 2378 Car-

375 2426 576 2481 duceas
605 2420 761 2476 annis
811 2417 1069 2473 tredecim
1094 2432 1109 2479 ;
1138 2413 1330 2470 deinde
1356 2413 1584 2484 Dejocus
1616 2412 1776 2467 annis
1797 2412 1955 2482 quin-

376 2516 633 2587 quaginta
684 2520 956 2582 quatuor;
988 2516 1109 2579 post
1159 2506 1412 2577 Dejocum
1461 2513 1642 2560 autem
1690 2504 1954 2561 Phraates

379 2606 538 2659 annis
572 2601 761 2673 viginti
790 2601 844 2655 in
867 2606 1164 2654 memorata
1185 2602 1343 2668 gente
1364 2596 1633 2667 regnavit.
1656 2594 1784 2651 Post
1813 2597 1957 2651 hunc

381 2696 660 2766 Cyaxarus
697 2692 814 2747 sive
856 2688 1070 2745 Diocles
1118 2688 1274 2742 annis
1323 2686 1544 2756 triginta
1578 2686 1827 2752 duobus,
1860 2688 1956 2757 qui

384 2785 623 2840 moriens
650 2782 938 2853 imperium
984 2780 1232 2853 Astyagis
1256 2794 1324 2834 ex
1350 2778 1462 2834 ﬁlia
1509 2794 1675 2849 regno
1702 2779 1956 2850 privavit,

383 2888 450 2928 ac
479 2888 701 2945 regnum
729 2871 1006 2927 Medorum
1032 2871 1088 2925 in
1109 2869 1304 2926 Persas
1325 2869 1598 2924 transtulit
1620 2876 1677 2925 et
1786 2869 1960 2941 Baby-

385 2964 583 3019 loniam
606 2961 858 3028 vastavit,
889 2976 955 3017 ac
985 2976 1209 3031 regnum
1258 2960 1401 3016 illius
1424 2960 1641 3032 penitus
1666 2961 1954 3027 destruxit,

382 3055 714 3112 interﬁciens
760 3053 1035 3109 Baltassar
1087 3053 1409 3120 abnepotem
1461 3046 1958 3108 Nabuchodonosor

2048 1871 2260 1928 etenus,
2311 1860 2617 1917 videntibus
2664 1861 2906 1917 creditur
2945 1861 3143 1917 mirum
3165 1861 3517 1935 aediﬁcatum,
3556 1864 3630 1920 ita

2046 1961 2107 2007 ut
2128 1968 2193 2009 ea
2233 1952 2322 2008 die
2344 1967 2452 2022 qua
2481 1951 2811 2022 conspicitur
2838 1960 3058 2022 putetur
3080 1966 3202 2007 esse
3222 1960 3623 2020 constructum,

2048 2042 2127 2099 sic
2160 2042 2209 2098 ei
2238 2042 2585 2112 pulchritudo
2608 2056 2750 2097 nova
2784 2040 2998 2097 videtur
3025 2049 3083 2097 et
3127 2040 3320 2107 solida,
3369 2042 3629 2112 nullaque

2051 2141 2327 2189 senectute
2354 2142 2464 2188 tam
2490 2132 2673 2203 magni
2711 2131 2968 2202 temporis
3002 2130 3339 2204 longevitate
3356 2131 3627 2199 confecta,

2052 2238 2175 2279 cum
2205 2222 2434 2279 aedificia
2465 2222 2655 2297 eadem
2706 2236 2828 2292 qua:
2857 2221 3102 2278 homines
3148 2221 3443 2292 patiantur,
3474 2231 3536 2278 et
3565 2223 3634 2278 ad

2052 2321 2375 2369 vetustatem
2404 2313 2756 2384 perveniant,
2804 2320 2859 2369 et
2882 2327 2982 2367 sua
3025 2312 3339 2373 fortitudine
3370 2313 3632 2384 longaevi-

2055 2411 2167 2459 tate
2205 2410 2448 2470 careant,
2476 2419 2542 2460 ac
2579 2403 2785 2475 proprii
2832 2405 3047 2460 decoris
3098 2406 3389 2462 amissione
3414 2422 3634 2464 marce-

2056 2502 2229 2550 scant.
2276 2494 2548 2550 Hactenus
2583 2495 2728 2550 enim
2774 2495 3104 2565 sepeliuntur
3135 2496 3211 2552 ibi
3244 2496 3528 2555 Medorum
3555 2515 3639 2556 re-

2057 2599 2152 2655 ges
2175 2591 2338 2654 atque
2365 2584 2674 2648 Persarum,
2713 2585 2922 2655 pariter
2961 2594 3019 2642 et
3053 2586 3400 2644 Parthorum.
3452 2590 3525 2646 Et
3551 2594 3640 2648 cui

2059 2673 2177 2729 haec
2206 2689 2337 2729 cura
2391 2674 2763 2739 committitur,
2817 2676 3070 2732 sacerdos
3095 2684 3178 2733 est
3222 2676 3560 2746 Iudaeorum,
3587 2689 3644 2737 et

2059 2766 2163 2821 hoc
2185 2763 2247 2819 ﬁt
2281 2779 2451 2834 usque
2487 2765 2554 2819 ad
2579 2778 2819 2834 praesens
2850 2773 3081 2835 tempus.
3116 2765 3370 2836 Sequitur
3401 2784 3416 2820 :

2139 2883 2157 2916 ι
2195 2865 2265 2920 Ει
2287 2864 2621 2936 gloriabatur
2643 2865 2798 2935 quasi
2823 2873 3015 2936 potens
3062 2865 3117 2921 in
3159 2868 3400 2937 potentia
3426 2873 3645 2925 exerci-

2068 2978 2087 3013 i
2124 2968 2210 3014 tus
2251 2959 2354 3025 sui,
2382 2964 2438 3014 et
2468 2958 2522 3012 in
2548 2957 2719 3027 gloria
2773 2957 3158 3030 quadrigarum
3191 2974 3434 3015 suarum.
3473 2960 3645 3018 Anno

2071 3069 2090 3103 ι
2133 3051 2296 3122 igitur
2327 3049 2647 3106 duodecimo
2703 3050 2855 3121 regni
2890 3050 2976 3106 sui
3025 3049 3520 3108 Nabuchodonosor
3548 3069 3644 3111 rex

384 3147 529 3220 regis
555 3145 862 3218 Babylonis,
891 3142 1114 3213 juvante
1137 3142 1241 3197 sibi
1275 3141 1459 3207 Dario,
1495 3154 1555 3195 ut
1581 3139 1847 3212 Josephus
1876 3150 1958 3197 te-
1987 3141 2033 3205 C
2070 3164 2088 3198 ι
2131 3143 2495 3214 Assyriorum,
2524 3143 2617 3212 qui
2648 3142 2909 3214 regnabat
2955 3142 3013 3198 in
3034 3141 3225 3199 Ninive
3266 3143 3491 3200 civitate
3528 3161 3650 3200 ina-

385 3246 576 3300 statur,
607 3234 910 3305 propinquo
939 3247 1057 3298 suo,
1105 3230 1215 3285 tilio
1260 3231 1447 3301 utique
1490 3228 1760 3302 Astyagis,
1791 3246 1961 3286 annos

384 3332 564 3389 aetatis
590 3330 819 3385 habente
865 3327 1146 3398 sexaginta
1175 3327 1329 3383 duos.
1358 3324 1484 3381 Haec
1507 3333 1686 3379 autem
1715 3323 1836 3379 ideo
1865 3337 1962 3393 po-

386 3427 613 3491 suimus,
641 3430 700 3477 ut
728 3422 896 3477 lector
922 3420 1151 3490 diligens
1198 3420 1432 3490 aliquam
1472 3418 1721 3474 notitiam
1770 3431 1958 3487 regum

386 3516 733 3588 Assyriorum
767 3522 930 3583 atque
957 3512 1232 3567 Medorum
1264 3512 1319 3565 in
1352 3510 1607 3582 praedicto
1645 3523 1808 3578 opere
1836 3508 1961 3562 bre-

388 3608 530 3663 viter
553 3621 585 3660 a
615 3605 770 3662 nobis
796 3602 1129 3660 succinctam
1171 3602 1469 3669 inveniens,
1501 3601 1744 3671 paratius
1768 3597 1966 3670 agnitis

389 3713 576 3768 regum
612 3695 1043 3752 successionibus
1068 3694 1310 3749 historiae
1339 3693 1594 3763 indagare
1633 3692 1805 3762 possit
1828 3690 1965 3746 veri-

391 3800 579 3855 tatem,
604 3788 693 3844 cui
717 3788 950 3842 maxime
985 3784 1364 3856 praedictorum
1409 3800 1595 3854 regum
1618 3783 1753 3838 ordo
1775 3797 1965 3836 narra-

393 3885 557 3941 tionis
604 3884 910 3940 conveniat.
963 3882 1232 3938 Caeterum
1282 3880 1544 3935 Eusebius
1592 3879 1648 3933 in
1684 3876 1969 3933 Chronicis

392 3976 506 4031 suis
539 3975 734 4029 asserit
758 3972 1079 4044 Cambysem
1107 3971 1276 4026 lilium
1321 3970 1468 4041 Cyri,
1495 3969 1586 4039 qui
1612 3977 1734 4039 post
1760 3976 1969 4039 patrem

392 4067 618 4137 triginta
669 4066 826 4120 annis
870 4072 1188 4136 regnantem
1218 4072 1344 4119 octo
1378 4064 1535 4117 annis
1559 4063 1615 4116 in
1636 4061 1861 4117 Perside
1884 4075 1971 4115 re-

390 4157 593 4228 gnavit,
626 4157 695 4212 ab
742 4156 983 4211 Hebrteis
1011 4155 1304 4210 secundum
1354 4153 1847 4208 Nabuchodonosor
1873 4165 1968 4206 vo—

392 4247 528 4311 cari,
559 4245 658 4301 sub
681 4260 788 4315 quo
811 4243 998 4300 Judith
1021 4245 1247 4300 historia
1267 4245 1573 4313 conscripta
1596 4244 1684 4298 sit.
1713 4242 1820 4297 Sed
1841 4242 1968 4311 quia

395 4338 511 4408 ipsa
542 4338 771 4393 historia
801 4337 1094 4407 Arphaxad
1125 4337 1257 4392 dicit
1279 4352 1402 4391 esse
1436 4351 1619 4406 regem
1670 4333 1966 4399 Medorum,

391 4437 449 4484 et
471 4429 968 4487 Nabuchodonosor
995 4444 1177 4501 regem
1202 4429 1570 4501 Assyriorum,
1601 4428 1696 4499 qui
1720 4433 1971 4498 regnaret

2068 3251 2087 3285 ι
2129 3250 2257 3305 gna,
2286 3232 2544 3306 pugnavit
2573 3240 2764 3288 contra
2788 3233 3103 3304 Arphaxad,
3151 3240 3207 3290 et
3244 3235 3479 3291 obtinuit
3515 3252 3649 3292 eum

2068 3342 2087 3376 ι
2124 3324 2182 3378 in
2207 3338 2400 3395 campo
2437 3337 2653 3393 magno,
2677 3322 2772 3393 qui
2798 3324 3098 3395 appellatur
3132 3323 3320 3395 Ragau
3360 3326 3509 3382 circa
3537 3327 3652 3382 Eu-

2068 3435 2088 3469 ‹
2130 3417 2360 3487 phraten
2387 3425 2441 3470 et
2462 3415 2685 3487 Tigrim,
2713 3423 2769 3469 et
2809 3413 3069 3482 Jadason,
3109 3417 3166 3471 in
3216 3432 3409 3486 campo
3438 3416 3648 3473 Erioch

2071 3527 2089 3560 ε
2136 3508 2279 3580 regis
2302 3507 2596 3563 Elicorum.
2629 3528 2648 3560 ι
2688 3492 2793 3561 Per
2824 3507 3042 3562 nomina
3091 3507 3332 3563 locorum
3376 3507 3519 3563 situs
3547 3509 3649 3565 de-

2066 3609 2323 3657 notantur
2369 3600 2633 3673 gentium,
2669 3600 2795 3671 quia
2837 3608 2893 3654 et
2926 3599 3300 3672 cosmographi
3343 3600 3591 3669 produnt
3619 3616 3650 3654 a

2065 3692 2287 3748 ﬂumine
2326 3692 2476 3758 lndo,
2515 3692 2659 3764 quod
2706 3698 2791 3748 est
2834 3692 2902 3746 ab
2932 3689 3171 3758 Oriente,
3220 3707 3391 3762 usque
3443 3691 3515 3745 ad
3553 3692 3654 3746 llu-

2066 3800 2191 3840 men
2216 3783 2444 3856 Tigrim,
2464 3784 2608 3854 quod
2632 3791 2715 3839 est
2738 3782 2805 3837 ab
2830 3780 3057 3850 Occasu,
3082 3781 3329 3853 regiones
3348 3791 3475 3836 sunt
3492 3783 3649 3839 istae:

2065 3876 2345 3943 Aracusia,
2377 3875 2619 3939 Parthia,
2659 3873 2904 3944 Assyria,
2953 3872 3175 3928 Persida
3199 3879 3255 3927 et
3294 3871 3490 3938 Media,
3536 3874 3651 3928 situ

2068 3976 2334 4022 terrarum
2390 3974 2674 4021 moutuoso
2724 3973 2780 4021 et
2815 3979 3028 4036 aspero.
3083 3963 3178 4019 Ha:
3203 3979 3234 4018 a
3265 3962 3657 4035 Septentrione

2067 4058 2267 4112 habent
2288 4066 2525 4112 montem
2551 4055 2869 4121 Caucasum,
2897 4071 2927 4109 a
2953 4053 3172 4109 Meridie
3196 4070 3346 4111 mare
3374 4054 3652 4121 Rubrum,

2069 4158 2122 4204 et
2159 4152 2337 4203 sinum
2382 4147 2680 4202 Persicum.
2743 4135 2802 4200 in
2839 4146 3015 4202 medio
3065 4153 3243 4200 autem
3299 4146 3381 4200 sui
3418 4145 3655 4201 ﬂumina

2067 4240 2335 4310 praecipua
2373 4238 2588 4308 ldapcm
2619 4246 2675 4293 et
2709 4237 3034 4293 Arbiminin.
3088 4237 3145 4292 ln
3180 4237 3262 4293 eis
3290 4246 3418 4293 sunt
3456 4248 3658 4310 gentes

2071 4332 2293 4403 triginta
2322 4330 2459 4385 duae.
2490 4329 2597 4385 Sed
2622 4330 2945 4401 generaliter
2967 4329 3185 4384 Parthia
3216 4331 3434 4394 dicitur,
3458 4346 3661 4401 quam-

2070 4423 2153 4477 vis
2199 4420 2493 4490 Scripturm
2545 4428 2748 4476 sanctae
2787 4419 3091 4475 universam
3119 4434 3262 4490 saepe
3292 4411 3530 4476 Mediam
3562 4438 3661 4478 vo-

401 4519 454 4574 in
485 4518 696 4586 Ninive,
727 4522 1008 4591 ipsumque
1031 4516 1528 4575 Nabuchodonosor
1568 4530 1856 4587 superasse
1884 4528 1972 4570 re-
1997 4503 2048 4563 Ι)
2078 4521 2202 4568 cent
2245 4527 2277 4566 a
2300 4510 2518 4566 [lumine
2544 4511 2692 4582 Tigri
2730 4525 2901 4580 usque
2926 4511 2995 4565 ad
3049 4509 3247 4566 flumen
3307 4511 3655 4582 Euphraten.

394 4624 513 4680 gem
543 4608 839 4674 Medorum,
866 4618 924 4662 et
949 4608 1243 4662 obtinuisse
1268 4622 1412 4671 eum,
1442 4620 1548 4660 non
1598 4607 1813 4661 invenio
1838 4621 1970 4675 quo-

395 4698 558 4754 modo
583 4711 804 4768 regnum
828 4696 1176 4766 Assyriorum
1211 4710 1241 4749 a
1278 4694 1447 4753 Medis
1479 4702 1643 4762 atque
1668 4694 1849 4750 Persis
1878 4696 1973 4751 de-

395 4799 664 4845 structum
700 4798 863 4857 atque
883 4794 1151 4843 vastatum
1198 4802 1389 4841 rursus
1439 4785 1785 4856 praavaluerit
1838 4788 1971 4857 ipsis

397 4880 588 4947 Medis,
617 4880 664 4935 si
700 4878 995 4951 Cambyses
1023 4878 1521 4934 Nabuchodonosor
1561 4893 1684 4933 esse
1707 4878 1971 4950 intelliga-

395 4981 505 5036 tur,
536 4972 642 5027 nisi
680 4971 819 5026 forte
872 4972 1116 5025 dicamus
1164 4971 1306 5040 quod
1335 4971 1450 5041 ipse
1496 4970 1812 5042 Cambyses,
1842 4973 1969 5043 quia

394 5071 588 5133 gentes
635 5062 892 5117 ﬁnitimas
930 5062 1246 5133 impugnare
1272 5071 1328 5116 et
1357 5060 1650 5132 Egyptum
1681 5078 1971 5133 superasse

392 5152 744 5219 describitur,
772 5168 893 5208 cum
926 5167 1148 5223 regnum
1195 5153 1538 5223 Assyriorum
1579 5163 1744 5224 atque
1774 5154 1971 5211 Persa-

395 5258 515 5299 rum
540 5258 606 5298 ee
639 5252 877 5314 tempore
902 5243 1108 5298 unitum
1133 5251 1271 5309 erat,
1302 5244 1536 5313 aliquem
1573 5258 1782 5315 regem,
1802 5245 1967 5300 nomi-

393 5350 464 5390 ne
498 5334 809 5405 Arpliaxad,
841 5334 895 5387 in
930 5334 1101 5388 Media
1128 5343 1513 5405 repugnantem
1538 5335 1750 5399 vicerit,
1782 5350 1846 5390 ac
1867 5350 1967 5391 suo

393 5424 623 5497 imperio
648 5424 1033 5495 subjugaverit.
1077 5423 1185 5479 Sed
1238 5424 1305 5478 ad
1357 5425 1497 5479 hanc
1539 5424 1849 5494 opinionem
1879 5440 1967 5480 sc-

390 5517 659 5587 quendam
712 5515 982 5571 neminem
1015 5515 1242 5570 invitum
1275 5514 1559 5577 trahimus,
1601 5515 1764 5584 eligat
1817 5516 1966 5585 quis-

389 5622 497 5675 que
520 5607 664 5677 quod
691 5607 795 5662 sibi
822 5605 953 5661 utile
992 5605 1237 5661 videatur
1288 5613 1493 5659 tantum
1533 5614 1592 5658 ut
1635 5621 1823 5661 sensus
1849 5605 1964 5675 ejus

377 5699 603 5768 .veritati
636 5714 741 5754 non
775 5696 1069 5753 discordet.

2077 4603 2462 4674 Mesopotamia
2487 4611 2573 4657 est
2594 4602 2854 4671 incipiens
2873 4618 2903 4654 a
2932 4602 3307 4672 Septentrione
3334 4603 3483 4659 inter
3501 4621 3662 4660 mon-

2077 4704 2184 4751 tem
2212 4694 2448 4748 Taurum
2490 4703 2545 4748 et
2563 4692 2886 4759 Caucasum,
2926 4693 3013 4747 cui
3043 4693 3113 4748 ad
3155 4692 3434 4749 Meridiem
3464 4711 3662 4752 succe-

2077 4787 2155 4843 dit
2187 4784 2498 4855 Babylonia,
2534 4784 2732 4839 deinde
2783 4783 3055 4848 Chaldaca,
3105 4784 3396 4841 novissime
3446 4785 3660 4843 Arabia

2076 4875 2372 4940 Eudemon,
2401 4889 2522 4943 qua:
2551 4873 2690 4929 inter
2713 4874 2887 4928 sinum
2909 4872 3185 4928 Persicum
3214 4882 3271 4928 et
3307 4875 3486 4930 sinum
3517 4876 3663 4933 Ara-

2056 4967 2256 5022 -bicum
2282 4973 2508 5035 angusto
2553 4972 2712 5020 terra:
2759 4972 2955 5033 tractu,
2986 4973 3041 5020 et
3069 4972 3306 5021 montem
3330 4981 3522 5022 versus
3557 4984 3663 5023 ex-

2076 5060 2331 5114 tenditur.
2362 5059 2420 5112 ln
2463 5058 2549 5113 his
2576 5065 2702 5113 sunt
2727 5065 2913 5128 gentes
2939 5058 3125 5128 viginti
3171 5066 3316 5123 octo,
3348 5058 3541 5129 sicque
3570 5061 3658 5116 fa-

2073 5158 2222 5205 ctum
2261 5157 2319 5203 ut
2344 5150 2450 5204 duo
2476 5148 2848 5219 potentissima
2895 5164 3060 5219 regna
3101 5148 3243 5203 inter
3268 5165 3327 5203 se
3358 5147 3662 5221 conﬂigen-

2076 5251 2157 5297 tes
2200 5240 2554 5310 plurimarum
2582 5240 2823 5311 gentium
2877 5240 2929 5294 in
2960 5238 3264 5309 conﬁnibus
3289 5240 3403 5295 suis
3429 5256 3662 5312 compa-

2073 5330 2315 5385 raverint
2359 5330 2667 5395 exercitus;
2700 5329 2792 5383 ubi
2842 5328 3056 5383 demum
3112 5329 3337 5385 victoria
3387 5332 3457 5386 ad
3487 5329 3662 5386 Chal-

2072 5421 2237 5485 dieos,
2267 5420 2381 5475 sive
2434 5420 2688 5492 Assyrios
2733 5417 3026 5475 concessit.
3078 5418 3301 5489 Mystice
3349 5428 3529 5475 autem
3553 5437 3661 5491 per

2071 5510 2360 5579 Arphaxad
2386 5511 2757 5581 arrogantium
2785 5522 2943 5581 typus
2971 5518 3132 5580 atque
3168 5502 3523 5582 snperhOrum
3553 5529 3663 5583 po-

2073 5611 2175 5657 test
2203 5602 2451 5671 exprimi,
2491 5618 2719 5671 quorum
2766 5612 2909 5659 totus
2933 5606 3085 5660 nisus
3123 5614 3179 5661 et
3227 5606 3399 5667 labor,
3430 5607 3523 5676 qui
3555 5623 3661 5676 per

2073 5695 2268 5750 fastum
2298 5696 2520 5750 tumoris
2549 5704 2709 5764 atque
2760 5712 2855 5766 per
2883 5696 3169 5754 elationem
3208 5698 3405 5753 mentis
3446 5699 3656 5769 agitur,
