3928 6176
292 302 393 358 εις

1392 303 1756 360 EXPOSITIO
1793 306 1858 360 IN
1895 307 2154 365 LIBRUM
2194 312 2458 369 JUDITH-

3447 328 3508 386 51
3515 331 3551 392 ὅ

294 419 447 474 facile
475 418 530 472 in
554 425 764 488 partem
811 415 1108 486 spiritualis
1159 415 1680 484 Nabuchodonosor,
1711 420 1764 473 id
1793 428 1879 474 est
1905 425 1953 482 Α
1987 440 2005 472 ι
2047 424 2360 492 gitatiouem
2392 441 2543 480 suam
2572 427 2626 482 in
2648 441 2714 483 eo
2737 442 2879 496 esse,
2903 439 2962 485 ut
2984 446 3203 488 omnem
3228 441 3427 492 terram
3451 457 3551 495 suo

290 509 513 571 diaboli,
544 509 707 563 cadit.
741 507 856 576 ipse
886 508 1030 561 enim
1087 519 1191 572 est,
1221 516 1280 561 ut
1310 508 1591 576 Scriptura
1623 517 1873 574 testatur,

294 618 384 656 rex
413 616 580 670 super
607 599 886 653 universos
914 597 1052 652 ﬁlios
1095 600 1382 667 superbiae.
1421 599 1572 654 Unde
1597 601 1762 654 etiam
1794 615 1878 656 se-

292 691 521 758 quitur:
559 707 578 738 ‹
618 688 770 742 Tunc
799 687 1094 742 exaltatum
1138 697 1222 742 est
1248 703 1472 758 regnum
1522 689 1879 746 Nabuchodo-

295 795 479 844 nosor,
512 788 568 834 et
595 795 689 834 cor
718 777 833 844 ejus
866 779 1064 832 elatum
1091 787 1195 844 est,
1235 799 1254 831 ι
1302 780 1425 850 quia
1456 783 1673 850 quando
1698 781 1878 851 prodi-

295 879 471 922 torum
503 869 904 922 multitudinem
949 869 1268 938 decipiendo
1297 885 1360 924 ac
1406 873 1750 940 prmvalendo
1775 889 1877 926 an-

297 959 477 1028 tiquus
502 958 674 1012 hostis
703 973 812 1012 suae
842 957 1058 1026 subjicit
1079 959 1360 1025 voluntati,
1396 969 1522 1015 tunc
1567 963 1768 1016 elatum
1793 971 1877 1018 est

295 1066 388 1103 eor
419 1047 559 1115 ejus,
611 1049 842 1117 propriae
881 1049 1009 1102 illud
1061 1049 1338 1105 ascribens
1387 1050 1714 1118 fortitudini,
1765 1069 1870 1112 non

295 1139 562 1208 promisso
618 1139 786 1193 divini
835 1137 1044 1208 judicii,
1097 1150 1153 1194 et
1183 1155 1248 1194 eo
1283 1145 1456 1213 magis
1481 1145 1783 1199 exardescit
1807 1145 1874 1199 ad

295 1230 645 1297 plurimorum
673 1229 1145 1294 .interfectionem,
1177 1246 1282 1301 quo
1357 1248 1416 1287 se
1469 1234 1612 1287 videt
1645 1235 1872 1304 quihus-

295 1322 413 1374 dam
440 1319 733 1390 prznvalere
773 1333 870 1389 per
896 1335 1118 1388 pravam
1168 1322 1588 1390 suggestionem,
1638 1331 1692 1378 et
1738 1325 1875 1378 mul-

301 1419 384 1464 tos
454 1411 710 1464 interitus
749 1411 831 1464 sui
886 1409 1084 1464 habeat
1139 1413 1430 1482 principes,
1466 1415 1531 1468 de
1588 1430 1693 1483 quo
1743 1416 1871 1468 sub-

297 1501 441 1554 ditur
462 1519 478 1555 :

371 1609 389 1637 ε
432 1589 500 1644 Et
529 1591 675 1646 misit
702 1593 768 1646 ad
794 1606 982 1646 omnes
1025 1591 1116 1660 qui
1170 1591 1483 1647 habitabant
1526 1593 1579 1647 in
1609 1592 1792 1648 Cilicia
1819 1601 1875 1648 et

298 1697 316 1726 ε
361 1678 646 1745 Damasco,
697 1693 750 1733 et
781 1681 849 1734 ad
902 1690 1107 1750 gentes,
1152 1697 1271 1751 quae
1315 1692 1437 1737 sunt
1461 1685 1513 1736 in
1540 1683 1786 1739 Carmelo
1817 1695 1870 1740 et

1986 529 2005 561 ι
2059 513 2372 583 subjugaret
2403 516 2646 586 imperio.
2681 538 2700 569 ι
2746 518 2884 585 Quid
2907 529 2991 574 est
3027 524 3169 590 quod
3196 523 3545 584 Nabuchodoc

1977 615 2142 656 nosor
2185 603 2369 658 furore
2416 606 2676 674 repletus,
2726 616 2780 661 et
2808 608 2946 662 fastu
2991 615 3314 681 arrogantia:
3355 615 3552 683 elatus,

1976 693 2243 759 promittit
2281 708 2340 748 se
2371 693 2658 749 ulcisci‘in
2690 697 2774 751 his
2800 698 2891 767 qui
2942 701 3266 755 resistebant
3300 704 3422 769 sibi,
3466 703 3551 772 ja-

1979 791 2195 851 ctatque
2223 779 2280 839 se
2329 799 2542 839 onmem
2589 797 2787 841 terram
2835 804 2931 842 suo
2984 791 3208 860 imperio
3262 793 3553 865 subjugare

1975 872 2133 937 velle,
2169 874 2274 927 nisi
2307 875 2449 942 quod
2509 875 2754 929 diabolus
2797 878 3011 946 propria
3066 880 3316 948 superbia
3348 884 3543 937 excita-

1977 973 2082 1027 tus,
2139 966 2302 1019 totius
2347 966 2494 1020 orbis
2522 967 2620 1020 sibi
2665 968 2892 1036 spondet
2923 969 3228 1038 imperium,
3257 981 3542 1043 certatque

1975 1070 2073 1122 pro
2096 1055 2318 1118 viribus,
2347 1063 2457 1108 uta
2485 1055 2629 1108 cultu
2674 1057 2890 1125 pictatis
2933 1060 3222 1125 abstracto,
3255 1063 3550 1132 impietatis

1977 1159 2088 1198 sua:
2123 1143 2286 1196 faciat
2343 1153 2641 1198 consortes.
2689 1146 2788 1212 Qui
2847 1162 2903 1201 se
2936 1150 3200 1216 quondam
3240 1150 3452 1218 jactans
3484 1157 3549 1209 de

1975 1234 2210 1303 potentia
2242 1234 2393 1304 regni
2425 1235 2526 1300 sui,
2563 1233 2716 1302 juxta
2767 1239 3039 1306 prophetae
3070 1243 3416 1308 sententiam,
3446 1246 3546 1299 sub

1976 1323 2145 1394 ﬁgura
2177 1324 2317 1391 regis
2345 1324 2627 1394 Babylonis
2663 1325 2843 1379 taliter
2890 1327 2946 1379 in
2993 1329 3151 1383 corde
3200 1346 3295 1383 suo
3337 1331 3546 1387 locutus

1974 1424 2058 1470 est
2084 1417 2266 1472 dicens
2295 1431 2308 1469 :
2344 1435 2361 1466 ι
2397 1417 2453 1470 1η
2483 1418 2675 1471 omium
2713 1420 3020 1485 ascendam,
3049 1436 3209 1490 super
3234 1424 3408 1478 sidera
3439 1424 3543 1480 Do-

1981 1522 1999 1553 r
2042 1506 2173 1559 mini
2217 1505 2466 1559 exaltabo
2509 1507 2701 1560 solium
2756 1524 2973 1572 meum;
3011 1510 3207 1565 sedebo
3254 1512 3306 1565 in
3363 1524 3545 1569 monte

1981 1614 1999 1647 ι
2039 1599 2343 1652 testamenti
2374 1600 2426 1652 in
2473 1599 2734 1654 lateribus
2780 1600 3101 1670 Aquilonis;
3136 1605 3424 1658 ascendam
3454 1621 3542 1658 su-

1982 1703 2000 1736 ‹
2037 1701 2134 1756 per
2157 1687 2492 1744 altitudinem
2519 1690 2756 1754 nubium,
2788 1699 2841 1744 et
2867 1707 2960 1746 ero
2975 1693 3164 1747 similis
3188 1693 3485 1750 Altissimo.
3518 1718 3534 1747 ι

304 1792 321 1822 ε
365 1772 561 1837 Cedar,
586 1781 640 1826 et
668 1774 1031 1829 inhabitantes
1057 1774 1330 1830 Galilaeam
1364 1778 1415 1830 in
1449 1793 1640 1847 campo
1676 1795 1868 1848 magno
1897 1775 1942 1832 B
1971 1776 2070 1843 Qui
2115 1785 2168 1830 et
2208 1779 2261 1832 in
2294 1779 2585 1850 Evangelio
2635 1781 3043 1852 Redemptorem
3089 1794 3332 1839 nostrum
3377 1787 3542 1841 dedu-

299 1882 316 1914 ι
363 1864 658 1929 Esdredon,
690 1873 745 1918 et
765 1865 832 1918 ad
857 1879 1066 1930 omnes,
1095 1866 1186 1934 qui
1214 1875 1370 1920 erant
1411 1867 1464 1920 in
1514 1866 1780 1934 Samaria,
1813 1877 1866 1923 et

298 1972 318 2003 ‹
357 1962 504 2008 trans
534 1952 730 2006 ﬁumen
763 1953 1054 2008 Iordanem
1096 1970 1266 2024 usque
1293 1955 1614 2022 Jerusalem,
1661 1967 1716 2012 et
1745 1975 1863 2014 om-

299 2066 316 2097 ι
350 2061 472 2100 nem
504 2055 702 2100 terram
733 2044 901 2111 Jesse,
933 2062 1214 2117 quousque
1239 2050 1590 2118 perveniatur
1611 2051 1678 2105 ad
1710 2067 1863 2106 mon-

298 2157 314 2188 ε
351 2147 431 2192 tes
457 2137 765 2206 .Ethiopiaz.
814 2159 833 2191 ›
866 2138 969 2194 Per
996 2141 1238 2195 diversas
1275 2142 1584 2210 provincias
1615 2143 1867 2212 spiritua-

293 2227 352 2282 lis
382 2225 875 2284 Nabuchodonosor
903 2229 1112 2300 legatos
1147 2246 1272 2285 suos
1311 2231 1498 2296 mittit,
1526 2246 1646 2285 cum
1679 2232 1866 2286 turbas

292 2317 645 2389 malignorum
672 2319 956 2389 spirituum
993 2321 1059 2374 ad
1089 2321 1420 2376 seducendas
1447 2329 1634 2391 gentes
1658 2321 1865 2391 disper-

289 2407 382 2476 git,
435 2421 537 2460 nec
562 2407 737 2475 parcit
761 2416 1020 2477 quantum
1062 2409 1393 2477 permittitur
1433 2408 1660 2478 alicujus
1687 2409 1862 2478 digni-

290 2497 384 2550 tati
411 2508 508 2551 scu
561 2497 776 2564 honori,
833 2499 929 2552 sed
977 2513 1166 2553 omnes
1200 2513 1383 2554 secum
1411 2499 1528 2554 vult
1551 2500 1620 2554 ad
1661 2501 1862 2570 gehen-

289 2603 410 2641 nam
453 2589 706 2653 trahere,
751 2597 806 2644 et
833 2591 1007 2644 socios
1035 2589 1214 2646 facere
1260 2591 1492 2660 propriae
1526 2592 1860 2660 perditionis.

287 2675 362 2730 Ad
385 2677 536 2747 ipsos
567 2694 781 2749 quoque
806 2680 990 2748 fideles
1036 2691 1190 2736 actus
1221 2683 1303 2736 sui
1340 2683 1634 2751 nequitiam
1689 2683 1864 2754 porri-

288 2769 383 2836 git,
409 2783 514 2824 nec
539 2784 633 2824 eos
659 2785 879 2826 securos
907 2779 963 2826 et
1005 2773 1215 2842 quietos
1256 2789 1374 2829 esse
1403 2775 1690 2844 permittit,
1721 2776 1864 2844 quod

287 2872 478 2912 nomen
503 2856 756 2913 Jordanis
779 2868 938 2930 atque
957 2858 1255 2917 Jerusalem
1283 2862 1581 2934 ﬁguraliter
1601 2865 1857 2918 ostendit.

285 2947 465 3019 Neque
485 2950 592 3005 sibi
622 2951 752 3006 satis
777 2961 860 3006 est
883 2953 1129 3008 ethnicos
1154 2969 1252 3023 per
1281 2969 1524 3010 errorem
1562 2957 1857 3024 captivare,

285 3043 390 3097 imo
432 3052 494 3099 et
520 3045 720 3108 studet,
747 3046 792 3100 si
827 3046 1082 3114 possibile
1104 3057 1209 3113 est,
1238 3049 1439 3105 electos
1471 3049 1617 3118 ipsos
1639 3051 1861 3104 subver-

1968 1883 2096 1922 cens
2144 1868 2196 1922 in
2251 1879 2486 1924 montem
2538 1875 2805 1926 excelsum
2866 1874 3042 1937 valde,
3089 1875 3323 1928 ostendit
3359 1877 3539 1930 omnia

1967 1960 2150 2013 mundi
2176 1975 2337 2030 regna
2365 1969 2420 2015 et
2443 1961 2666 2032 gloriam
2697 1978 2901 2028 eorum,
2928 1973 2982 2017 et
3004 1964 3078 2017 ait
3103 1982 3116 2016 :
3150 1983 3168 2015 ‹
3206 1964 3332 2019 Hme
3357 1968 3538 2020 omnia

1973 2067 1992 2100 ‹
2026 2049 2121 2103 tibi
2152 2049 2312 2114 dabo,
2339 2052 2382 2104 si
2408 2051 2691 2120 procidens
2733 2053 3046 2107 adoraveris
3077 2069 3198 2119 me;
3238 2074 3256 2106 ›
3286 2071 3540 2125 arrogan-

1967 2138 2040 2193 tia
2064 2139 2207 2193 enim
2235 2140 2286 2193 ei
2312 2155 2416 2194 non
2443 2155 2540 2208 per
2569 2141 2810 2205 modum,
2843 2141 2934 2194 sed
2970 2141 3181 2195 inﬁrma
3211 2151 3418 2196 certum
3443 2144 3539 2196 ha-

1964 2228 2056 2283 bet
2085 2244 2290 2294 casum,
2315 2232 2456 2298 quod
2489 2231 2541 2283 in
2567 2230 2672 2284 ﬁne
2701 2230 2942 2285 elarebit.

2041 2338 2060 2371 ο
2105 2321 2326 2376 Vocavit
2353 2320 2840 2375 Nabuchodonosor
2870 2337 2965 2376 rex
3015 2320 3356 2376 Holofernem
3383 2323 3532 2392 prin-

1969 2430 1987 2464 ι
2034 2412 2208 2481 eipem
2257 2412 2464 2466 militiae
2510 2427 2640 2476 suae,
2674 2421 2727 2466 et
2756 2413 2890 2466 dixit
2915 2413 3003 2468 ei:
3039 2413 3306 2483 Egredere
3348 2417 3534 2470 adver-

1969 2523 1987 2556 ‹
2028 2519 2120 2558 sus
2152 2519 2313 2558 omne
2343 2519 2565 2574 regnum
2601 2504 2912 2567 occidentis,
2965 2512 3021 2558 et
3054 2514 3243 2559 contra
3277 2522 3370 2561 eos
3401 2523 3538 2576 prte-

1968 2613 1986 2646 ‹
2023 2594 2176 2663 cipue
2225 2594 2315 2661 qui
2347 2601 2790 2662 contempserunt
2841 2593 3123 2662 imperium
3173 2610 3374 2649 meum.
3415 2595 3532 2651 Non

1967 2701 1986 2734 ‹
2024 2690 2211 2752 parcat
2239 2682 2428 2737 oculus
2457 2689 2580 2735 tuus
2631 2681 2726 2735 ulli
2756 2697 2938 2751 regno,
2970 2697 3294 2752 omnemque
3344 2684 3533 2738 urbem

1968 2793 1986 2826 ι
2024 2776 2283 2828 munitam
2311 2772 2620 2842 subjugabis
2655 2771 2805 2825 mihi.
2844 2790 2862 2823 ι
2899 2770 3240 2826 l‘iolofernem
3269 2772 3409 2827 hunc
3438 2782 3534 2826 aut

1959 2865 2196 2934 gentium
2234 2864 2613 2932 principatum,
2651 2863 2742 2931 qui
2781 2870 3094 2932 persecutus
3121 2871 3203 2917 est
3233 2863 3530 2918 Ecclesium

1958 2954 2177 3017 Christi,
2208 2961 2302 3007 aut
2350 2953 2525 3023 ipsum
2552 2953 2713 3005 etiam
2738 2951 3042 3020 iniquorum
3069 2952 3308 3006 omnium
3339 2964 3520 3023 caput,

1959 3053 2014 3099 et
2036 3045 2387 3099 novissimum
2438 3042 2755 3113 perditionis
2807 3041 2974 3096 ﬁlium
3016 3058 3297 3112 possumus
3336 3044 3531 3098 intelli-

284 3143 416 3204 tere,
449 3137 523 3193 de
575 3153 681 3208 quo
732 3140 783 3193 in
815 3138 916 3194 Job
960 3142 1220 3209 scriptum
1250 3151 1332 3196 est
1361 3161 1373 3196 :
1408 3159 1427 3194 ι
1460 3143 1729 3198 Ahsorbet
1753 3142 1852 3198 nu-
1885 3129 1928 3190 C
1960 3150 2105 3205 gere,
2133 3135 2224 3203 qui
2251 3133 2526 3188 extollitur
2554 3147 2715 3202 super
2738 3146 2896 3186 omne
2930 3134 3070 3201 quod
3125 3133 3324 3189 dicitur
3359 3135 3524 3200 Deus,

283 3229 446 3293 vium,
498 3237 557 3284 et
600 3246 706 3284 non
756 3231 1056 3296 mirabitur,
1111 3233 1276 3287 habet
1310 3240 1365 3286 et
1422 3232 1672 3288 ﬁduciam
1710 3233 1852 3302 quod

283 3321 471 3376 inﬂuat
512 3320 762 3377 Iordanis
794 3322 850 3376 in
892 3337 956 3378 os
982 3323 1120 3392 ejus.
1157 3342 1175 3374 ›
1211 3324 1279 3377 Ει
1308 3324 1437 3378 item
1471 3341 1483 3377 :
1519 3343 1538 3376 ι
1570 3324 1738 3387 Escae,
1773 3324 1853 3378 in-

282 3413 414 3481 quit,
448 3411 570 3482 ejus
595 3411 778 3467 electte
799 3422 924 3467 sunt
951 3429 965 3478 ;
1006 3433 1024 3466 ι
1085 3413 1180 3468 sed
1213 3413 1337 3481 quia
1365 3412 1491 3467 licet
1521 3413 1716 3468 multos
1766 3428 1855 3468 su-

283 3513 455 3570 peret,
507 3512 686 3557 tamen
717 3503 956 3558 amultis
1009 3503 1388 3568 contemnitur,
1442 3511 1626 3572 atque,
1685 3503 1854 3571 utju-

283 3589 420 3646 s'lum
456 3600 560 3658 est,
617 3608 738 3648 cum
770 3594 952 3662 pravis
995 3593 1424 3664 suggestionihus
1473 3595 1585 3648 suis
1637 3594 1853 3665 indigne

285 3683 559 3754 repellitur
609 3691 768 3752 atque
815 3684 1085 3754 abjicitur,
1136 3685 1274 3740 sicut
1307 3685 1586 3755 sequentia
1632 3684 1854 3740 demon-

283 3783 478 3840 strant,
503 3775 594 3829 ubi
617 3775 813 3830 dicitur
849 3790 865 3830 :

265 3887 268 3890 ⁴
352 3885 372 3918 ‹
411 3867 614 3922 Omnes
636 3883 742 3922 uno
779 3869 958 3923 animo
979 3868 1420 3922 contradixerunt
1451 3874 1504 3921 et
1529 3867 1854 3922 remiserunt

288 3976 304 4008 ι
337 3973 434 4012 eos
457 3971 657 4012 vacuos
678 3973 742 4010 ac
769 3958 885 4012 sine
912 3958 1114 4012 honore
1164 3955 1496 4025 abjecerunt.
1535 3975 1553 4008 ι
1594 3955 1699 4010 Sed
1725 3955 1850 4024 quia

283 4049 548 4120 malignus
596 4049 785 4114 hostis,
838 4049 962 4103 licet
1012 4048 1296 4117 aliquando
1324 4062 1354 4101 a
1387 4047 1493 4116 piis
1545 4055 1849 4116 superetur,

282 4151 459 4196 tamen
499 4157 530 4195 a
561 4150 736 4211 empta
765 4141 964 4195 malitia
999 4155 1104 4195 non
1134 4139 1370 4204 desistit,
1423 4139 1516 4193 sed
1545 4137 1601 4191 in
1636 4146 1849 4206 proter-

280 4232 358 4285 via
390 4246 487 4285 sua
518 4245 866 4300 perseverans
891 4229 1129 4284 rediviva
1181 4243 1394 4282 rursum
1439 4227 1662 4282 suscitat
1687 4225 1848 4292 bella,

279 4337 338 4378 ac
373 4330 552 4376 totum
591 4320 789 4376 furoris
810 4319 894 4374 sui
916 4317 1141 4374 effundit
1187 4317 1508 4381 tumultum;
1556 4316 1698 4370 unde
1727 4316 1851 4370 sub-

272 4412 535 4482 iungitur.
571 4428 590 4460 ι
649 4409 799 4464 Tunc
861 4409 1168 4479 indignatus
1213 4406 1706 4463 Nabuchodonosor
1754 4420 1849 4459 rex

283 4524 300 4554 ι
333 4505 406 4558 ad
425 4517 646 4558 omnem
672 4510 873 4556 terram
1023 4501 1168 4553 illam
1200 4498 1403 4569 juravit
1448 4513 1547 4568 per
1598 4498 1850 4551 thronum

209 4585 212 4589 ’
283 4616 300 4646 ι
335 4609 391 4651 et
447 4611 694 4666 regnum,
733 4594 877 4666 quod
924 4593 1239 4664 defenderet
1279 4607 1337 4647 se
1374 4591 1438 4647 de
1489 4590 1738 4648 omnibus
1766 4603 1851 4645 re-

283 4705 300 4736 c
331 4688 590 4757 gionibus
612 4687 716 4742 his.
752 4706 769 4738 ι

909 4796 1134 4853 CAPUT
1163 4796 1224 4850 Ii.

281 4910 349 4964 De
403 4909 890 4964 Nabuchodonosor
948 4924 1064 4976 rege
1111 4905 1464 4975 Assyriorum,
1517 4906 1610 4976 qui
1636 4913 1846 4976 propter

343 4991 543 5051 spretos
571 4981 923 5051 mtntioshsuos
955 4975 1294 5051 Holofernem
1341 4975 1622 5051 ptjncipem
1644 4975 1844 5051 militia:

340 5044 462 5103 cum
484 5050 713 5103 exercitu
747 5047 962 5110 direxit,
987 5056 1043 5098 ut
1065 5048 1110 5098 ei
1141 5061 1346 5098 omnem
1375 5044 1701 5098 Occidentem
1723 5044 1845 5097 sub-

334 5121 574 5190 jugaret.

348 5253 367 5285 ι
411 5232 571 5286 Anno
605 5229 762 5286 tertio
786 5229 998 5284 decimo
1049 5227 1540 5282 Nabuchodonosor
1574 5225 1739 5295 regis,
1769 5225 1846 5278 vi-

279 5342 299 5375 c
336 5323 544 5394 gesima
578 5331 636 5376 et
673 5321 906 5394 secunda
950 5320 1036 5374 die
1060 5319 1262 5373 mensis
1303 5317 1485 5387 primi,
1525 5315 1722 5370 factum
1763 5322 1848 5369 est

279 5433 298 5465 ι
339 5415 568 5468 verbum
593 5413 647 5466 in
674 5413 833 5466 domo
867 5409 1360 5464 Nabuchodonosor
1406 5406 1548 5475 regis
1601 5405 1848 5476 Assyrio-

278 5522 298 5555 ι
345 5521 470 5559 rum
490 5511 552 5558 ut
586 5502 896 5558 defenderet
923 5516 1000 5556 se.
1033 5498 1365 5566 Vocavitque
1391 5512 1581 5551 omnes
1612 5496 1846 5565 majores

279 5613 297 5644 ι
338 5603 493 5659 natu,
533 5607 829 5663 omnesque
860 5591 1026 5646 duces
1074 5599 1128 5644 et
1165 5589 1448 5642 bellatores
1493 5600 1638 5646 suos,
1670 5594 1726 5639 et
1753 5587 1847 5640 ha-

278 5702 298 5732 ι
342 5685 459 5738 buit
480 5699 604 5738 cum
632 5684 712 5738 eis
743 5681 1059 5752 mysterium
1095 5678 1304 5735 consilii
1335 5677 1454 5742 sui;
1486 5675 1730 5744 dixitque
1757 5691 1846 5731 co-

1876 4466 1928 4524 D

1957 3241 2050 3286 aut
2078 3231 2222 3302 quod
2248 3231 2478 3294 colitur;
2515 3230 2587 3283 ita
2620 3237 2681 3282 ut
2727 3227 2781 3282 in
2809 3228 3005 3296 templo
3049 3229 3260 3283 Domini
3313 3230 3526 3294 sedens,

1956 3321 2207 3377 ostendat
2253 3336 2310 3376 se
2339 3329 2594 3389 tanquam
2625 3320 2736 3390 ipse
2767 3319 2840 3374 sit
2875 3318 3152 3384 Dominus,
3181 3321 3234 3374 in
3267 3336 3425 3391 quem
3452 3331 3532 3376 to-

1959 3421 2045 3468 tus
2069 3412 2293 3466 intrabit
2341 3411 2592 3475 Satanas,
2621 3417 2680 3464 ut
2717 3409 2882 3463 faciat
2910 3424 2974 3464 ea
2997 3426 3117 3480 qua:
3149 3426 3255 3465 non
3282 3411 3528 3467 fecerunt

1956 3513 2137 3572 patres
2169 3503 2272 3567 sui,
2299 3515 2472 3570 neque
2492 3508 2676 3570 patres
2701 3507 2912 3568 patrum
2939 3496 3542 3568 ejus,etDominuuipa-

1957 3604 2101 3649 trum
2124 3609 2344 3648 suorum
2366 3609 2470 3647 non
2510 3591 2798 3661 reputabit,
2827 3604 2926 3644 nec
2954 3605 3277 3660 quemquam
3302 3592 3523 3646 deorum

1956 3685 2189 3740 curabit.
2218 3684 2318 3751 Qui
2339 3681 2491 3752 juxta
2518 3682 2755 3737 Danielis
2775 3682 3108 3752 prophetiam
3131 3681 3386 3736 adversus
3411 3682 3528 3734 uui-

1955 3791 2110 3832 versa
2139 3783 2446 3844 consurget,
2476 3781 2530 3828 et
2570 3773 2748 3828 veniet
2777 3773 2828 3825 in
2860 3771 3201 3828 multitudine
3228 3787 3438 3840 magna,
3468 3779 3525 3824 ut

1955 3875 2202 3922 conterat
2240 3873 2294 3918 et
2327 3863 2617 3917 interﬁciat
2664 3862 2942 3931 plurimos,
2972 3871 3026 3914 et
3050 3862 3177 3932 ﬁgat
3206 3860 3522 3914 tabernacu-

1955 3957 2065 4012 lum
2100 3973 2255 4012 suum
2289 3955 2462 4025 ample
2491 3955 2633 4008 inter
2672 3954 2842 4007 maria
2878 3968 3041 4021 super
3090 3961 3326 4006 montem
3356 3952 3525 4022 incly-

1957 4056 2103 4112 tum,
2158 4056 2213 4101 et
2265 4054 2533 4108 sanctum,
2589 4044 2679 4098 ubi
2715 4053 2767 4098 et
2801 4059 2830 4096 a
2873 4043 3049 4096 divina
3095 4043 3332 4112 potentia
3381 4059 3513 4099 con-

1955 4141 2118 4195 tritus
2146 4143 2380 4190 corruet.
2409 4133 2545 4188 Huic
2566 4133 2754 4197 etiam,
2779 4130 2933 4199 juxta
2955 4130 3332 4202 Apocalypsin,
3361 4133 3523 4188 draco

1954 4228 2100 4284 dedit
2129 4227 2380 4280 virtutem
2405 4233 2460 4280 et
2484 4231 2806 4294 potestatem
2840 4223 3047 4287 bestiae,
3077 4230 3132 4276 et
3163 4224 3522 4278 adoraverunt

1953 4321 2180 4376 bestiam
2209 4318 2450 4372 dicentes
2476 4334 2488 4369 :
2523 4335 2542 4366 ι
2573 4315 2704 4382 Quis
2736 4314 2925 4370 similis
2955 4315 3160 4380 bestias,
3191 4322 3245 4369 et
3280 4315 3400 4383 quis
3428 4331 3521 4384 po-

1955 4409 2079 4464 terit
2115 4422 2354 4477 pugnare
2382 4421 2506 4460 cum
2531 4406 2636 4460 ea?
2722 4406 2792 4460 Et
2818 4407 2997 4460 datum
3024 4415 3107 4462 est
3129 4407 3177 4460 ei
3206 4421 3268 4462 os
3294 4406 3518 4476 loquens

1954 4515 2148 4569 magna
2175 4509 2232 4553 et
2270 4497 2657 4568 blasphemiam
2685 4514 2700 4563 ;
2734 4505 2790 4552 et
2823 4498 2945 4552 data
2969 4505 3051 4553 est
3082 4498 3154 4552 illi
3188 4507 3420 4567 potestas
3441 4499 3517 4552 fa-

1955 4606 2078 4646 cere
2106 4605 2320 4646 menses
2367 4589 2722 4660 quadraginta
2758 4591 2909 4645 duos.
2944 4590 3011 4644 Et
3035 4591 3245 4659 aperuit
3273 4605 3335 4645 os
3362 4607 3517 4646 suum

1955 4686 2010 4740 in
2036 4684 2398 4755 blasphemias
2453 4683 2522 4737 ad
2569 4681 2875 4748 Dominum,
2911 4681 3279 4752 blasphemare
3325 4697 3519 4737 nomen

1957 4780 2075 4849 ejus
2107 4787 2162 4832 et
2191 4773 2593 4831 tabernaculum
2625 4772 2764 4841 ejus,
2817 4780 2872 4827 et
2913 4788 3005 4827 eos
3030 4773 3120 4842 qui
3151 4773 3204 4826 in
3249 4772 3386 4828 cmlo
3422 4772 3518 4827 ha-

1954 4868 2149 4922 bitant.
2178 4867 2246 4920 Et
2273 4866 2458 4918 datum
2495 4870 2578 4916 est
2609 4862 2685 4916 illi
2710 4861 2908 4917 bellum
2939 4861 3119 4917 facere
3146 4877 3267 4916 cum
3294 4864 3517 4928 sanctis,

1950 4967 2006 5012 et
2033 4958 2249 5011 vincere
2293 4955 2430 5007 illos.
2472 4952 2540 5006 Et
2568 4950 2693 5006 data
2721 4959 2806 5006 est
2839 4951 2913 5006 illi
2948 4960 3186 5021 potestas
3230 4952 3280 5006 in
3307 4967 3520 5008 omnem

1951 5047 2149 5101 tribum
2195 5052 2249 5099 et
2281 5043 2556 5112 populum,
2586 5049 2639 5096 et
2667 5042 2900 5111 linguam
2928 5082 2943 5107 ,
2976 5051 3031 5096 et
3059 5051 3269 5110 gentem
3294 5082 3310 5108 ,
3339 5051 3396 5096 et
3423 5043 3521 5096 ad-

1951 5139 2183 5192 orabunt
2210 5150 2331 5190 eam
2359 5149 2548 5188 omnes
2568 5133 2658 5202 qui
2692 5132 2994 5188 inhabitant
3021 5142 3240 5195 terram,
3289 5147 3520 5202 quorum

1951 5245 2057 5283 non
2087 5239 2212 5282 sunt
2247 5225 2446 5294 scripta
2472 5224 2690 5278 nomina
2723 5223 2776 5277 in
2807 5222 2943 5278 libro
2967 5223 3091 5281 vita:
3112 5227 3232 5292 agni
3250 5263 3266 5288 ,
3298 5222 3388 5291 qui
3429 5235 3520 5274 oc—

1954 5320 2099 5373 cisus
2129 5326 2211 5371 est
2235 5317 2301 5369 ab
2325 5315 2534 5384 origine
2567 5312 2802 5366 mundi.»
2822 5311 2928 5366 Per
2961 5311 3207 5366 fraudem
3243 5311 3384 5365 enim
3411 5308 3519 5360 An-

1953 5408 2206 5472 tichristi,
2235 5415 2290 5460 et
2329 5404 2518 5458 falsam
2575 5403 2740 5472 ipsius
2792 5410 3110 5471 potestatem
3147 5400 3390 5455 diabolus
3417 5396 3516 5449 sibi

1955 5497 2118 5552 totius
2161 5495 2308 5550 orbis
2351 5493 2635 5562 pollicetur
2693 5491 3132 5551 dominationem,
3191 5503 3290 5541 nec
3331 5491 3519 5554 parcet

1948 5587 2136 5642 oculus
2171 5583 2286 5651 ejus
2315 5582 2406 5634 ulli
2458 5595 2643 5650 regno,
2695 5579 2820 5647 quia
2871 5579 3293 5647 persecutionem
3343 5571 3516 5626 maxi-

1949 5692 2092 5730 mam
2147 5673 2344 5727 excitat
2393 5671 2444 5724 in
2503 5669 2752 5722 universo
2789 5666 3003 5720 mundo.
3059 5666 3227 5718 Erunt
3267 5661 3431 5724 enim,
3457 5669 3518 5714 ut
