3928 6176
363 334 466 392 547

1035 320 1094 374 Β.
1137 308 1392 370 RABANI
1429 303 1647 362 MAUBI
1686 295 2004 355 ΑΜ]ΗίΕῆ
2045 291 2355 350 MOGUNT.
2397 285 2684 346 OPERUM
2721 280 2902 340 PARS
2938 279 2980 334 1.

3521 271 3630 327 548

364 449 436 504 Et
448 445 714 517 angelium
744 445 988 497 testatur,
1022 425 1404 484 tribulationes
1431 420 1589 484 tales,
1625 415 1814 486 quales
1835 425 1944 467 "0“
1974 413 2020 472 Α
2045 407 2141 478 (1³³⁵
2171 404 2324 461 exuli
2364 399 2719 517 ίθτνθδιξίωξ
2742 396 2909 517 ξυτίξν
2941 401 2999 448 et
3033 388 3328 517 carnali?“
3363 385 3640 517 “lleoebris

1641 509 1673 517 ..
1696 508 1729 517 ι.
1808 507 1844 517 -κ
2049 497 2378 517 _-_l-__n-n-.m
2408 506 2527 517 Anum
2603 503 2697 517 nnc
2726 502 2757 517 Λ
2779 502 2811 517 n
2838 502 2850 517 ι
2877 496 3017 517 mam
3038 495 3234 517 ΜΕΩΙΙΠ
3290 497 3302 508 ⁸
3337 496 3355 517 Ι
3417 494 3448 517 II
3471 489 3640 517 ΡΩΗΙΩ

366 507 586 593 fuerunt
633 531 700 587 ab
759 528 911 582 initio
965 528 1249 582 creaturis,
1298 528 1460 585 quam
1517 508 1758 566 condidit
1808 507 1950 560 Deus

367 644 537 699 usque
568 638 728 686 nunc,
759 631 936 688 neque
967 615 1116 669 flent.
1148 611 1214 665 Et
1236 609 1340 664 nisi
1362 604 1664 662 breviasset
1687 599 1950 656 Dominus

368 692 482 774 dies
513 717 650 777 illos,
681 726 786 765 non
816 708 1007 762 fuisset
1032 703 1178 757 salva
1210 698 1391 755 omnis
1432 709 1582 758 caro,
1610 692 1703 748 sed
1729 696 1953 760 propter

369 812 588 869 electos,
617 818 751 874 quos
796 799 978 868 elegit,
1006 791 1273 850 breviavit
1325 789 1456 845 dies.
1492 784 1648 841 Unde
1681 783 1747 837 de
1784 780 1953 834 histo-

373 903 482 956 rico
515 896 804 952 Holoferue
831 887 1104 957 subiungit
1132 884 1416 953 Scriptura
1449 879 1674 935 dicens:

446 1009 465 1040 ι
503 986 868 1053 Ascenditque
903 978 1081 1034 omnia
1132 973 1354 1030 castella
1405 983 1594 1026 eorum
1635 975 1691 1021 et
1720 963 1955 1020 obtinuit

379 1105 396 1136 ‹
433 1096 649 1137 omnem
674 1076 1054 1134 munitionem,
1093 1091 1110 1122 ι
1149 1068 1220 1122 Ut
1247 1065 1408 1136 typici
1441 1059 1747 1116 llolofernis
1777 1056 1956 1125 expri-

273 1179 280 1188 '
372 1183 552 1229 matur
577 1169 779 1226 saevitia
827 1175 986 1235 atque
1016 1159 1336 1220 crudelitas,
1385 1169 1484 1224 per
1525 1150 1706 1207 omnia
1734 1147 1954 1203 castella

372 1261 636 1326 ascendit,
669 1266 723 1313 et
749 1256 958 1310 obtinet
986 1263 1196 1306 omnem
1255 1243 1632 1305 munitionem,
1680 1253 1802 1293 cum
1834 1235 1954 1320 ple-

374 1367 574 1423 rosque
623 1313 693 1404 ex
745 1347 828 1401 his
868 1342 960 1412 qui
1006 1339 1334 1393 videbantur
1387 1333 1590 1388 habere
1642 1313 1957 1382 firmitatem

377 1417 502 1500 fidei
530 1450 583 1498 et
607 1441 863 1493 virtutum
894 1429 1267 1489 excellentiam
1314 1424 1512 1494 partim
1565 1420 1708 1485 dolo,
1761 1417 1957 1488 partim

378 1536 542 1590 etiam
581 1537 766 1602 aperta
823 1523 1178 1584 insecutione,
1212 1519 1278 1574 de
1320 1523 1462 1571 statu
1492 1528 1636 1567 vera:
1685 1508 1960 1582 religionis

379 1597 764 1692 prtecipit—ando
799 1612 994 1681 dejecit
1036 1617 1197 1678 atque
1255 1603 1573 1676 prosternit.
1633 1600 1701 1654 Et
1760 1597 1961 1668 frangit

381 1689 571 1766 omnes
593 1708 839 1763 civitates
867 1701 1129 1764 excelsas,
1158 1697 1282 1768 quia
1311 1696 1378 1750 de
1405 1692 1606 1748 nostris
1630 1689 1957 1760 pastoribus,

384 1802 474 1871 qui
513 1799 721 1870 praelati
747 1804 872 1851 sunt
899 1793 1044 1865 gregi
1077 1787 1378 1852 Dominico,
1429 1779 1718 1840 nonnullos’
1764 1779 1963 1835 astutia
1996 1772 2040 1831 Β

388 1870 485 1948 sua
512 1891 742 1961 frangit,
770 1903 834 1941 ac
878 1899 1094 1940 onmem
1138 1876 1612 1949 locupletationem
1657 1887 1845 1927 eorum
1872 1870 1963 1925 de-

386 1983 610 2053 praedat,
644 1995 763 2033 cum
795 1975 1038 2032 scientiae
1086 1971 1327 2042 ipsorum
1379 1965 1808 2035 amplitudinem,
1841 1975 1964 2017 cum

385 2051 598 2128 ceteris
636 2065 1029 2130 instrumentis,
1088 2062 1284 2131 quibus
1328 2058 1440 2112 Deo
1512 2055 1720 2111 servire
1771 2051 1969 2107 debue-

387 2173 530 2227 rant,
573 2177 671 2232 per
717 2158 1000 2214 illecebras
1050 2155 1384 2224 voluptatum
1437 2146 1779 2219 captivando,
1805 2143 1890 2198 vel
1916 2143 1970 2197 in

391 2253 733 2309 manifestam
756 2247 1146 2320 blasphemiam
1175 2239 1562 2312 compellendo,
1596 2240 1652 2294 in
1674 2253 1832 2293 usum
1861 2251 1972 2291 ser-

388 2344 507 2398 vitii
537 2343 618 2398 sui
641 2340 928 2396 convertit.
956 2336 1167 2405 Eosque
1191 2334 1281 2404 qui
1313 2333 1576 2388 resistunt
1613 2329 1737 2394 sibi,
1771 2327 1972 2383 occidit

391 2437 445 2490 in
468 2451 564 2491 ore
594 2433 776 2505 gladii,
808 2431 932 2500 quia
970 2444 1106 2498 quos
1127 2427 1411 2482 deflectere
1446 2424 1512 2478 ad
1536 2437 1859 2478 consensum
1886 2435 1976 2476 ne-

391 2527 576 2598 quitiae
613 2540 723 2580 sum
762 2538 866 2577 non
905 2519 1180 2592 praevalet,
1219 2518 1320 2572 hos
1358 2514 1626 2571 comrali
1673 2522 1849 2568 morte
1890 2512 1975 2567 in-

393 2619 648 2674 terimere
687 2614 866 2670 studet

476 2727 494 2759 ‹
543 2704 914 2772 Prmdavitque
950 2715 1139 2755 omnes
1175 2697 1315 2753 filios
1351 2695 1598 2761 Tharsis,
1637 2703 1692 2750 et
1721 2692 1858 2749 filios
1892 2693 1974 2748 ls-

399 2817 418 2849 t
447 2795 625 2860 'mael,
662 2793 755 2865 qui
785 2800 942 2847 erant
978 2797 1165 2845 contra
1203 2785 1396 2842 faciem
1423 2785 1648 2850 deserti,
1687 2792 1744 2838 et
1780 2782 1847 2837 ad
1878 2799 1978 2836 au-

401 2908 420 2940 t
464 2895 636 2942 strum
688 2896 847 2939 terra“:
893 2880 1076 2937 Cellon
1125 2885 1180 2933 et
1243 2875 1495 2932 transivit
1542 2874 1894 2944 Euphratem,
1925 2880 1980 2927 et

403 2995 422 3028 ‹
468 2975 615 3031 venit
653 2974 707 3028 in
766 2970 1228 3041 Mesopotamiam.
1284 2987 1303 3021 ι
1374 2965 1479 3021 Per
1528 2964 1772 3020 diversas
1831 2963 1976 3019 enim

398 3065 725 3136 provincias,
766 3071 821 3116 et
844 3063 1064 3118 nomina
1103 3061 1440 3114 diversorum
1478 3056 1742 3121 locorum,
1773 3071 1892 3125 quae
1919 3056 1972 3109 in

2049 475 2380 564 voluptatum
2405 506 2528 547 cum
2557 486 2812 558 Apostolo
2837 484 3017 539 dicere
3038 487 3264 550 possunt
3290 497 3303 532 :
3337 496 3356 529 ι
3392 475 3449 530 ln
3471 489 3642 531 carne

2049 598 2231 644 autem
2271 584 2612 640 ambulantes
2664 594 2772 634 non
2824 573 3120 631 secundum
3158 584 3382 626 carnem
3437 567 3644 633 milita-

2051 699 2192 747 mus,
2226 690 2282 736 et
2330 687 2516 734 nostra
2556 671 2907 732 conversatio
2947 670 3002 724 in
3053 666 3212 723 cmlis
3261 672 3368 719 est.
3405 659 3562 720 Unde
3589 667 3646 714 et

2054 774 2390 830 Salvatorem
2458 775 2699 822 nostrum
2751 767 3134 831 exspectamus
3195 754 3487 810 Dominum
3545 765 3646 807 no-

2056 877 2228 923 stram
2255 863 2442 919 Jesum
2483 858 2780 919 Christum,
2809 855 2901 923 qui
2959 849 3275 906 reformavit
3325 861 3524 917 corpus
3550 846 3652 900 hu-

2057 955 2304 1012 militatis
2365 959 2567 1007 nostrae
2630 945 3024 1016 configuratum
3093 938 3309 1008 corpori
3377 935 3649 992 claritatis

2057 1064 2191 1113 suae,
2227 1068 2244 1100 ι
2289 1061 2400 1101 non
2455 1049 2727 1097 terrentur
2783 1035 3022 1091 hostium
3081 1029 3358 1101 temporali
3397 1041 3652 1100 persecu-

2060 1122 2224 1202 tione,
2263 1137 2358 1192 sed
2404 1132 2631 1190 elevatis
2691 1127 2860 1184 oculis
2922 1124 3123 1180 mentis
3165 1121 3532 1193 propinquum
3561 1116 3653 1186 ju-

2059 1232 2198 1287 dicis
2235 1231 2316 1285 sui
2356 1236 2412 1282 et
2441 1221 2803 1294 redemptoris
2853 1216 3144 1273 laetabundi
3193 1219 3514 1283 exspectant
3545 1209 3649 1264 ad-

2060 1330 2302 1378 ventum.

2685 1400 2912 1459 CAPUT
2949 1397 3034 1453 Ill.

2062 1524 2164 1580 Ubi
2206 1520 2518 1590 Holofernes
2566 1514 2858 1590 provincias
2894 1511 3168 1590 devastatus
3214 1507 3540 1587 diversarum
3577 1519 3660 1556 re-

2133 1575 2360 1665 gionum.
2396 1575 2592 1665 legatos
2637 1585 2797 1665 (id-se
2841 1583 3026 1635 missos
3076 1577 3322 1658 suscepit,
3367 1575 3461 1646 qui
3509 1591 3576 1656 se.
3609 1582 3658 1626 et

2135 1644 2321 1718 Eiidem
2359 1644 2530 1714 suav-ei
2554 1655 2904 1718 tradiderunt,
2943 1660 2990 1704 et
3020 1660 3193 1703 tamen
3212 1644 3446 1718 ipsorum
3479 1644 3662 1698 civita-

2136 1744 2212 1788 tes
2243 1749 2304 1785 ac
2327 1731 2448 1784 deos
2471 1726 2709 1782 destruit.

2141 1892 2159 1924 ι
2196 1871 2348 1926 Tunc
2397 1865 2663 1921 miserunt
2710 1862 2919 1932 legatos
2949 1872 3075 1914 suos
3125 1855 3508 1911 universarum
3566 1867 3665 1906 ur-

2071 1983 2089 2016 ‹
2128 1963 2276 2018 bium
2299 1974 2363 2014 ac
2399 1955 2803 2028 provinciarum
2850 1965 3004 2022 reges
3045 1963 3109 2004 ac
3149 1946 3423 2017 principes
3464 1943 3665 2014 Syriae,

2071 2074 2090 2106 ι
2125 2052 2332 2108 scilicet
2381 2045 2782 2116 Mesopotamia:
2821 2053 2877 2097 et
2917 2040 3112 2113 Syrize,
3164 2037 3330 2093 Sobal
3368 2045 3425 2092 et
3475 2034 3668 2104 Libya:

2075 2165 2093 2196 ι
2123 2152 2285 2213 atque
2313 2139 2545 2203 Ciliciae,
2577 2135 2671 2208 qui
2709 2134 2990 2190 venientes
3025 2130 3093 2184 ad
3131 2125 3477 2184 Holofernem
3509 2143 3522 2178 :
3557 2125 3668 2179 De-

2074 2256 2094 2289 c
2128 2237 2271 2292 sinat
2298 2231 2594 2304 indignatio
2621 2237 2713 2284 tua
2742 2242 2870 2298 erga
2901 2239 3032 2289 nos;
3061 2221 3254 2278 melius
3293 2226 3377 2275 est
3399 2219 3571 2282 enim,
3613 2225 3676 2270 ut

2079 2349 2098 2382 ‹
2129 2329 2374 2384 viventes
2411 2324 2716 2381 serviamus
2743 2317 3241 2375 Nabuchodonosor
3277 2312 3392 2383 regi
3443 2325 3672 2380 magno,

2081 2441 2099 2474 ‹
2133 2427 2190 2476 et
2231 2415 2432 2474 subditi
2479 2415 2651 2470 simus
2677 2411 2798 2476 tibi,
2821 2423 2983 2480 quam
3014 2405 3311 2461 morientes
3343 2417 3469 2458 cum
3499 2400 3678 2454 inter-

2081 2530 2100 2564 ι
2135 2512 2213 2565 itu
2244 2518 2434 2564 nostro
2463 2505 2564 2577 ipsi
2589 2501 2870 2560 servitutis
2890 2505 3091 2555 nostrae
3114 2496 3312 2551 damna
3332 2491 3636 2564 patiamur.
3653 2510 3672 2542 ι

2077 2603 2404 2658 Devastante
2432 2599 2596 2670 igitur
2639 2593 2927 2650 Holoferne
2960 2598 3162 2646 terram
3187 2586 3574 2656 plurimorum,
3604 2597 3677 2637 ex

2078 2695 2305 2751 diversis
2333 2692 2559 2747 urbibus
2585 2703 2650 2743 ac
2682 2686 2816 2742 locis
2837 2697 2992 2754 reges
3026 2688 3082 2736 et
3106 2677 3380 2750 principes
3405 2672 3677 2730 adulandi

2076 2794 2132 2842 et
2153 2781 2400 2856 placandi
2436 2780 2536 2836 sibi
2567 2794 2691 2834 eum
2721 2789 2885 2831 causa
2911 2773 3117 2843 legatos
3142 2768 3386 2831 mittunt,
3425 2765 3534 2820 hoc
3563 2771 3677 2826 est,

2081 2854 2272 2950 Syriae,
2329 2869 2759 2942 Mesopotamiae,
2810 2866 2991 2936 Libya:
3046 2870 3208 2932 atque
3251 2857 3493 2923 Ciliciae;
3543 2854 3681 2925 quia

2079 2979 2342 3028 aestuante
2385 2968 2440 3022 in
2479 2965 2680 3020 mundo
2720 2967 3070 3032 persecutore
3117 2953 3424 3010 divitiarum
3458 2963 3685 3021 posses—

2084 3075 2255 3125 sores,
2287 3067 2342 3114 et
2368 3063 2618 3127 potentes
2661 3052 2860 3115 saeculi,
2904 3058 3067 3119 atque
3115 3044 3449 3115 voluptatum
3496 3052 3684 3097 terre-

402 3157 627 3211 historia
665 3154 1028 3213 continentur,
1065 3148 1342 3205 distinctio
1390 3146 1707 3216 designatur
1767 3124 1984 3200 octode-
2009 3124 2053 3186 C
2085 3124 2276 3208 striam
2315 3124 2588 3203 amatores
2633 3143 2922 3200 conciliare
2946 3140 3049 3196 sibi
3094 3152 3326 3208 nequam
3371 3133 3686 3206 principem

401 3249 507 3303 cim
531 3259 885 3316 personarum
912 3240 1195 3312 grandium
1233 3253 1297 3293 ac
1335 3236 1676 3306 dignitatum,
1698 3249 1766 3289 ex
1791 3235 1987 3304 quibus

402 3340 653 3394 omnibus
689 3335 933 3392 diabolus
970 3332 1204 3401 aliquam
1254 3328 1530 3384 contendit
1567 3327 1670 3382 sibi
1708 3325 1988 3389 vindicare

404 3431 726 3502 portionem.
791 3426 904 3482 Nec
964 3424 1221 3480 formidat
1280 3420 1508 3492 alicujus
1564 3433 1758 3490 pugnae
1807 3415 1990 3470 subire

407 3520 803 3585 difficultatem,
843 3517 936 3573 sed
964 3515 1180 3588 propria
1218 3513 1424 3568 malitia
1475 3511 1780 3582 instigatus,
1831 3523 1989 3578 grau-

405 3610 489 3665 dis
516 3609 766 3679 potentim
789 3621 1006 3680 gravem
1030 3612 1206 3660 certat
1235 3601 1450 3658 efﬁcere
1472 3601 1710 3656 ruinam.

484 3722 502 3754 ι
551 3704 616 3758 Ει
648 3711 771 3773 post
797 3703 910 3755 haec
959 3697 1235 3755 descendit
1295 3697 1350 3750 in
1390 3710 1609 3766 campos
1660 3693 1907 3748 Damasci
1936 3693 1989 3748 in

413 3811 429 3844 ι
477 3792 665 3846 diebus
701 3789 917 3853 messis,
947 3796 1002 3842 et
1057 3785 1338 3842 succendit
1376 3783 1558 3840 omnia
1598 3790 1738 3848 sata,
1777 3797 1993 3837 omnes-

413 3899 432 3932 ι
477 3895 583 3950 que
607 3881 827 3934 arbores
855 3887 910 3933 et
941 3877 1127 3931 vineas
1157 3875 1287 3930 fecit
1316 3874 1506 3940 incidi,
1531 3885 1587 3928 et
1607 3873 1805 3930 cecidit
1833 3873 1994 3929 timor

414 3989 432 4021 ι
474 3969 615 4023 illius
665 3983 827 4038 super
863 3980 1051 4022 omnes
1107 3966 1476 4020 inhabitantes
1513 3972 1738 4020 terram.
1800 3983 1820 4016 ι
1853 3963 1993 4032 Quid

408 4074 505 4130 per
534 4059 876 4123 Damascum,
917 4056 1011 4126 qui
1068 4056 1456 4125 interpretatur
1493 4053 1766 4124 sanguinis
1817 4061 1990 4124 potus,

412 4150 516 4204 nisi
581 4149 860 4221 gentilium
916 4145 1299 4202 dominationis
1359 4145 1680 4214 exprimitur
1729 4151 1991 4214 potestas,

411 4255 531 4310 quae
559 4238 817 4303 fidelium,
844 4238 946 4291 hoc
974 4244 1078 4302 est,
1125 4243 1426 4306 martyrum
1477 4233 1681 4291 Christi
1721 4235 1995 4290 inhianter

410 4330 526 4384 sitit
563 4326 786 4382 fundere
808 4326 1140 4396 sanguinem,
1179 4333 1236 4379 et
1256 4325 1492 4380 maxime
1517 4325 1571 4379 in
1613 4323 1705 4379 illa
1736 4340 1995 4395 persecu-

415 4420 560 4473 tione
612 4417 927 4483 novissima,
966 4431 1086 4486 quae
1128 4414 1286 4484 juxta
1323 4415 1510 4472 mundi
1559 4415 1722 4470 finem
1770 4424 1992 4471 ventura

411 4519 514 4573 est,
541 4508 755 4578 quando
803 4515 1017 4578 tempus
1047 4507 1260 4572 messis,
1300 4507 1406 4562 hoc
1458 4514 1561 4573 est,
1598 4505 1994 4561 consummatio

413 4599 808 4670 appropinquat
840 4598 1056 4653 seculi?
1085 4597 1237 4650 Tunc
1275 4611 1376 4665 per
1413 4598 1706 4652 secundam
1745 4598 1857 4650 veri
1889 4597 1997 4653 Ho-

413 4690 658 4753 lofernis,
700 4690 803 4742 hoc
840 4696 941 4750 est,
982 4687 1302 4741 Antichristi
1343 4686 1772 4740 crudelissimam
1798 4685 1999 4754 iussio-

415 4797 560 4848 nem,
587 4797 686 4852 per
719 4781 1054 4835 latitudinem
1111 4779 1276 4834 totius
1313 4779 1460 4833 orbis
1497 4779 1769 4833 universa:
1815 4779 1997 4834 Eccle-

414 4875 510 4928 sia
560 4873 877 4945 gravissima
929 4873 1198 4927 excitatur
1261 4870 1586 4940 persecutio.
1632 4869 1698 4924 Et
1737 4869 1998 4939 quidquid

417 4964 471 5016 in
502 4965 635 5016 satis
664 4962 854 5027 viride,
895 4961 977 5014 vel
1003 4960 1264 5030 quidquid
1291 4961 1342 5013 in
1371 4959 1655 5015 arboribus
1674 4958 1996 5025 floriferum,

417 5068 514 5108 seu
571 5055 624 5106 in
660 5054 831 5107 vineis
893 5051 1264 5121 spiritualibus
1315 5050 1671 5116 fructiferum,
1713 5052 1816 5106 hoc
1853 5052 1999 5106 enim

419 5144 624 5199 sanctis
679 5144 808 5198 viris
847 5142 1119 5196 invenitur
1156 5141 1307 5206 utile,
1341 5140 1639 5208 jucundum
1677 5150 1732 5195 et
1766 5141 2000 5197 fructuo-

417 5253 562 5302 sum,
595 5245 768 5290 totum
795 5236 969 5307 gladio
1007 5234 1400 5304 persecutionis
1436 5235 1737 5299 devastare,
1769 5249 1832 5289 ac
1856 5233 2002 5289 flam-

420 5347 507 5384 ma
548 5329 761 5383 invidiae
786 5341 1014 5382 exurere
1057 5325 1353 5381 contendit.
1393 5323 1545 5379 Unde
1607 5327 1808 5392 evenit,
1858 5328 2001 5397 quod

418 5422 762 5492 subjungitur
801 5438 814 5473 :
852 5439 870 5471 ‹
908 5420 975 5473 Et
1005 5419 1200 5474 cecidit
1239 5419 1399 5472 timor
1437 5417 1580 5472 illius
1627 5434 1790 5489 super
1814 5435 2003 5474 omnes

421 5512 788 5566 inhabitantes
839 5519 1084 5573 terram;
1126 5529 1144 5561 ι
1189 5509 1312 5580 quia
1365 5509 1605 5563 carnalia
1655 5509 1836 5570 corda,
1884 5523 2002 5576 quae

421 5617 606 5658 amore
645 5613 980 5656 terrenarum
1011 5613 1189 5654 rerum
1230 5599 1559 5669 obligantur,
1600 5598 1781 5652 audita
1809 5605 1864 5651 et
1886 5598 2001 5652 visa

425 5697 595 5753 hostis
624 5699 789 5768 ipsius
827 5698 1162 5753 immanitate
1214 5695 1653 5751 contremiscunt.
1694 5692 1764 5748 At
1796 5706 1926 5749 vero
1946 5692 2000 5748 hi

2087 3241 2324 3304 student,
2351 3247 2618 3308 quatenus
2637 3234 2828 3288 mortis
2849 3217 3162 3294 discrimen,
3185 3235 3240 3282 et
3260 3223 3688 3294 concupitarum

2088 3345 2269 3388 rerum
2316 3330 2573 3384 damnum
2609 3323 2839 3381 evadere
2887 3327 3133 3392 possunt.
3183 3316 3424 3385 Denique
3458 3311 3691 3368 difﬁcile

2088 3431 2190 3488 est,
2233 3423 2341 3477 imo
2387 3418 2738 3490 impossibile,
2788 3425 2848 3470 ut
2887 3422 3158 3469 amatores
3188 3408 3374 3465 mundi
3398 3407 3515 3463 veri
3546 3405 3695 3461 fiant

2089 3514 2374 3570 dilectores
2419 3509 2670 3575 Domini,
2718 3509 2928 3564 dicente
2973 3503 3257 3574 Scriptura
3294 3519 3309 3555 :
3352 3518 3372 3552 ι
3401 3499 3506 3568 Qui
3564 3498 3692 3552 vult

2088 3607 2300 3660 amicus
2330 3618 2452 3660 esse
2496 3601 2676 3658 sazculi
2708 3598 2890 3668 hujus,
2924 3596 3178 3652 inimicus
3221 3594 3449 3650 Domini
3471 3596 3690 3650 consti—

2090 3701 2281 3755 tuitur.
2315 3720 2332 3750 ι
2366 3698 2434 3752 Et
2455 3695 2692 3752 Joannes
2720 3692 3036 3766 apostolus:
3066 3709 3083 3740 ‹
3117 3688 3175 3744 Si
3197 3687 3342 3758 quis,
3370 3685 3575 3755 inquit,
3607 3684 3693 3738 di-

2092 3793 2208 3865 ligit
2234 3791 2511 3856 mundum,
2543 3807 2647 3844 non
2675 3797 2758 3844 est
2792 3787 3029 3842 charitas
3056 3783 3234 3838 Patris
3259 3782 3315 3836 in
3340 3796 3424 3836 eo.
3458 3799 3476 3831 ι
3509 3777 3692 3833 Simi-

2091 3883 2216 3938 liter
2261 3894 2478 3953 quoque
2521 3880 2781 3935 Dominus
2815 3879 2867 3932 in
2899 3875 3191 3947 Evangelio
3239 3875 3306 3930 de
3343 3872 3534 3936 divite,
3588 3871 3690 3940 qui

2091 3974 2328 4028 habebat
2358 3971 2554 4026 multas
2582 3969 2980 4042 possessiones,
3013 3975 3068 4022 et
3099 3965 3273 4020 tristis
3306 3965 3360 4018 in
3392 3963 3562 4017 verbo
3587 3960 3691 4016 Dei

2089 4062 2316 4118 effectus
2342 4070 2446 4127 est,
2493 4060 2632 4116 dixit
2665 4059 2944 4130 discipulis
2971 4057 3084 4112 suis
3117 4075 3129 4109 :
3161 4074 3180 4106 ς
3209 4055 3379 4108 Amen
3429 4053 3555 4107 dico
3586 4066 3685 4106 vo-

2091 4157 2196 4221 bis,
2224 4155 2349 4226 quia
2371 4155 2522 4210 dives
2545 4151 2760 4208 difl‘icile
2794 4151 3018 4207 intrabit
3043 4149 3096 4203 in
3118 4161 3344 4219 regnum
3377 4145 3649 4201 ctelorum
3673 4162 3690 4197 :

2092 4247 2158 4301 Et
2181 4248 2376 4302 iterum
2416 4245 2539 4300 dico
2569 4243 2724 4299 vobis
2757 4262 2769 4296 :
2803 4241 3040 4297 Facilius
3067 4248 3152 4296 est
3178 4237 3443 4294 camelum
3473 4250 3575 4306 per
3609 4235 3684 4294 fo-

2093 4351 2278 4391 ramen
2314 4351 2443 4390 acus
2489 4334 2724 4389 transire
2745 4373 2760 4399 ,
2811 4347 2975 4402 quam
3005 4331 3225 4386 divitem
3260 4329 3468 4384 intrare
3499 4329 3552 4382 in
3603 4344 3696 4384 re-

2097 4443 2257 4500 gnum
2290 4425 2571 4482 cvelorum.
2611 4445 2629 4478 ›
2663 4425 2797 4480 Item
2837 4423 2964 4479 alibi
2993 4425 3049 4478 in
3096 4421 3387 4492 Evangelia
3423 4421 3494 4475 de
3524 4435 3696 4490 para-

2098 4520 2217 4577 bola
2248 4518 2564 4574 seminantis
2599 4518 2680 4574 sic
2727 4519 2871 4572 inter
2915 4524 3108 4572 caetera
3142 4515 3218 4570 ait
3249 4531 3262 4568 :
3297 4534 3316 4565 ι
3351 4513 3451 4580 Qui
3501 4524 3696 4571 amem

2098 4611 2392 4666 semiustus
2415 4618 2499 4663 est
2530 4608 2582 4662 in
2612 4609 2801 4678 spinis,
2830 4609 2919 4663 hic
2948 4615 3028 4662 est
3051 4607 3140 4676 qui
3175 4606 3396 4661 verbum
3426 4604 3606 4669 audit,
3641 4615 3701 4661 et

2098 4700 2400 4756 sollicitudo
2441 4699 2623 4753 szeculi
2666 4699 2821 4754 istius
2848 4707 2903 4753 et
2928 4697 3136 4752 fallacia
3166 4697 3474 4752 divitiarum
3518 4696 3699 4751 suffn-

2098 4799 2188 4846 cat
2217 4792 2464 4856 verbum,
2491 4797 2546 4844 et
2576 4789 2692 4844 sine
2719 4789 2894 4844 fructu
2920 4787 3165 4843 efficitur.
3199 4806 3218 4839 ι
3254 4786 3482 4842 Nomina
3521 4802 3700 4857 supra

2099 4888 2520 4935 memoratarum
2546 4877 2948 4948 provinciarum
2984 4893 3092 4933 non
3122 4877 3418 4946 incongrue
3447 4875 3698 4944 idipsum

2101 4985 2199 5026 sua
2246 4969 2688 5039 interpretatione
2715 4968 3042 5034 ostendunt;
3083 4983 3206 5022 nam
3236 4966 3392 5037 Syria
3421 4966 3702 5035 interpre-

2102 5067 2248 5112 tatur
2279 5057 2536 5120 sublimis,
2567 5057 2680 5112 sive
2707 5056 2942 5123 dumeta,
2973 5071 3068 5112 seu
3097 5071 3237 5110 vana
3267 5064 3536 5119 vetustas;
3585 5055 3702 5111 Me-

2100 5148 2396 5217 sopotamia
2437 5146 2633 5200 elevata
2654 5163 2672 5211 ;
2723 5145 2891 5216 Libya
2935 5145 3199 5209 venientis,
3257 5144 3370 5198 sive
3414 5143 3700 5199 intrantis.

2100 5239 2283 5294 Cilicia
2318 5251 2498 5302 cretus,
2532 5237 2700 5292 luctus
2729 5237 2814 5292 vel
2844 5238 3066 5292 vomitus
3084 5237 3216 5306 ejus.
3243 5234 3342 5303 Qui
3368 5249 3502 5305 ergo
3524 5237 3703 5292 conte

2107 5331 2160 5384 in
2194 5328 2475 5382 desideriis
2502 5328 2732 5381 terrenis
2758 5325 2961 5392 defluit,
3007 5334 3060 5381 et
3094 5325 3371 5382 extollitur
3412 5325 3705 5382 mundana

2109 5417 2388 5486 superbia;
2438 5416 2744 5485 veterisque
2799 5416 3036 5473 hominis
3079 5416 3369 5470 vanitatem
3417 5415 3703 5484 sequitur,

2110 5509 2418 5580 ingrediens
2470 5516 2671 5562 terram
2713 5507 2920 5561 duabus
2958 5507 3082 5572 viis,
3125 5505 3478 5577 proculdubio
3509 5504 3705 5575 luget.-

2109 5602 2242 5656 tium
2287 5599 2452 5655 coetui
2497 5609 2658 5668 atque
2686 5598 2914 5652 luxurize
2943 5613 3053 5653 suae
3096 5611 3285 5668 pinnas
3327 5595 3597 5651 luentium
3644 5589 3700 5645 in

2110 5692 2320 5748 inferno
2341 5691 2654 5747 sociabitur.
2688 5691 2755 5746 Et
2773 5689 2926 5760 juxta
2954 5691 3082 5745 illud
3117 5691 3238 5745 libri
3261 5689 3362 5744 Job
3389 5707 3404 5745 ε
3434 5707 3455 5740 ι
3491 5687 3580 5743 Ad
3601 5701 3698 5744 ca-
