3876 6136
215 294 318 351 549

1323 285 1684 344 EXPOSITIO
1721 284 1788 339 IN
1823 283 2084 340 LIBRUM
2119 284 2388 341 JUDITH.

3393 290 3497 346 5m

219 418 385 467 iorem
410 407 633 463 nimium
662 405 856 461 transit
890 407 958 461 ab
981 405 1135 476 aquis
1159 405 1361 460 nivium
1386 423 1401 472 ;
1439 423 1457 456 ι
1486 406 1577 459 ubi
1601 419 1797 459 secun-
1827 405 1879 462 A
1903 401 2142 454 surrexit
2187 401 2240 455 'm
2278 400 2469 471 gloria,
2521 411 2583 455 ut
2625 402 2678 456 in
2711 403 2930 458 nomine
2961 404 3132 475 ipsius
3159 421 3322 463 omne
3353 424 3496 480 genu

218 503 344 556 dum
391 497 666 569 Evangelii
697 497 1055 550 sententiam:
1094 516 1111 548 ε
1136 496 1202 550 Et
1229 497 1430 551 vermis
1475 509 1662 550 eorum
1697 509 1805 549 non

218 589 482 645 morietur
506 596 560 640 et
590 586 729 656 ignis
761 600 865 638 nou
891 585 1284 655 exstinguetur.
1317 603 1335 636 ι

296 701 314 732 ς
346 681 501 734 Tunc
546 679 826 734 descendit
865 678 930 732 de
968 678 1242 732 montibus
1280 691 1401 732 cum
1443 675 1716 746 equitibus
1755 676 1808 730 in

228 793 243 823 ι
281 773 484 825 virtute
529 783 720 838 magna
766 775 822 822 et
861 767 1096 821 obtinuit
1145 782 1363 822 omnem
1410 766 1706 832 civitatem,
1756 773 1810 821 et

230 883 246 914 ε
281 875 499 917 omnem
539 859 929 914 inhabitantem
961 865 1182 912 terram.
1220 858 1297 912 De
1321 858 1588 912 universis
1629 865 1809 912 autem

231 975 247 1005 ε
279 954 508 1008 urbibus
557 950 847 1019 assumpsit
885 948 985 1002 sibi
1023 948 1336 1003 auxiliarios
1361 949 1506 1002 viros
1544 946 1711 1002 fortes
1757 957 1813 1001 et

232 1064 248 1095 ι
274 1044 481 1099 electos
505 1041 571 1094 ad
606 1039 820 1094 bellum.
851 1038 1160 1107 Tantusque
1185 1046 1361 1092 metus
1388 1036 1680 1106 provinciis
1709 1035 1813 1090 illis

232 1155 248 1185 ε
285 1133 553 1195 incubuit,
581 1141 639 1185 ut
666 1131 1038 1185 universarum
1069 1129 1282 1184 urbium
1307 1128 1640 1181 habitatores
1661 1126 1812 1196 prin-

234 1246 252 1276 ε
289 1228 462 1295 cipes,
509 1234 564 1278 et
584 1223 834 1278 honorati
875 1221 1036 1275 simul
1079 1237 1199 1275 cum
1241 1220 1454 1291 populis
1481 1218 1693 1274 exirent
1723 1217 1816 1270 ob-

233 1339 253 1369 c
286 1320 436 1371 viam
483 1315 757 1380 venienti,
811 1313 1140 1382 excipientes
1173 1326 1293 1365 eum
1334 1326 1456 1366 cum
1504 1310 1719 1364 coronis
1761 1315 1818 1362 et

235 1430 254 1460 ς
290 1407 656 1477 lampadibus,
685 1406 944 1459 ducentes
971 1404 1166 1458 choros
1194 1402 1247 1455 in
1268 1401 1538 1471 tympanis
1564 1407 1620 1454 et
1649 1399 1814 1463 tibiis,

235 1519 252 1548 ι
288 1513 390 1551 nec
417 1497 520 1550 ista
550 1505 730 1549 tamen
775 1495 1032 1548 facientes
1063 1491 1402 1547 ferocitatem
1439 1490 1554 1559 ejus
1581 1490 1818 1560 pectoris

235 1608 251 1638 ‹
283 1589 538 1658 mitigare
584 1593 912 1656 potuerunt:
945 1599 1068 1638 nam
1116 1592 1171 1638 et
1197 1583 1444 1638 civitates
1487 1597 1675 1636 eorum
1720 1582 1818 1636 de-

237 1701 256 1733 ι
285 1682 511 1741 struxit.
539 1689 595 1736 et
615 1680 764 1734 lucos
793 1693 979 1733 eorum
1006 1677 1222 1732 excidit.
1246 1696 1264 1727 ι
1292 1676 1369 1731 De
1397 1677 1668 1730 montibus
1695 1689 1819 1730 cum

1907 495 2158 550 flectatur
2194 496 2495 551 caelestium
2521 536 2534 559 ,
2563 496 2903 552 terrestrium
2941 507 2994 552 et
3039 499 3408 567 infernarum;
3443 512 3503 557 et

1909 589 2085 642 oumis
2130 587 2312 659 lingua
2363 587 2709 653 conﬁteatur,
2744 589 2872 658 quia
2923 591 3066 646 Deus
3117 603 3305 648 noster
3344 593 3504 651 Iesus

1909 675 2156 731 Christus
2187 678 2238 730 in
2269 676 2439 748 gloria
2468 685 2552 731 est
2582 678 2674 731 Dei
2703 677 2898 732 Patris.
2927 698 2946 732 ι

2527 787 2756 844 CAPUT
2786 788 2877 843 lV.

1915 879 2012 935 Ubi
2039 880 2137 950 ﬁlii
2168 879 2356 944 Israel,
2389 880 2592 949 cognito
2623 879 2845 932 adventu
2881 879 3202 950 "Olofernis,
3243 884 3500 948 exterriti,

1983 962 2030 1004 et
2071 961 2332 1019 ceperunt
2380 966 2679 1019 prmparare
2720 951 3033 1004 munitiones
3083 961 3131 1004 et
3170 952 3400 1006 clamare
3433 953 3502 1007 ad

1983 1022 2267 1074 Dominum
2299 1019 2676 1074 instantissima
2708 1036 2842 1071 uoce.
2872 1019 2949 1072 De
2974 1037 3034 1072 eo
3075 1021 3213 1087 quod
3240 1021 3500 1076 Eliachim

1988 1091 2231 1144 sacerdos
2263 1106 2486 1159 magnus
2531 1089 2669 1155 ﬁlios
2713 1088 2882 1141 Israel
2912 1090 3172 1158 conﬁdere
3199 1091 3261 1144 de
3294 1091 3503 1146 Domini

1983 1161 2258 1230 prcrscntia
2318 1160 2664 1222 cohortatur,
2723 1174 2786 1210 ue
2848 1159 3072 1211 hostium
3128 1171 3371 1230 paverent
3423 1162 3506 1215 in-

1987 1246 2220 1282 cursum.

1993 1342 2010 1374 ι
2040 1321 2192 1376 Tunc
2211 1319 2495 1376 audientes
2526 1320 2639 1374 hrec
2664 1319 2756 1374 ﬁlii
2785 1320 2969 1385 Israel,
2995 1319 3086 1389 qui
3112 1320 3428 1375 habitabant
3447 1321 3504 1377 in

1925 1435 1942 1469 ι
1974 1424 2117 1471 terra
2149 1414 2305 1478 Juda,
2340 1415 2637 1468 timuerunt
2683 1414 2840 1467 valde
2868 1428 2898 1466 a
2935 1411 3074 1467 facie
3104 1412 3242 1481 ejus.
3279 1413 3508 1469 Tremor

1925 1528 1943 1560 ι
1980 1517 2034 1563 et
2060 1509 2252 1561 horror
2277 1507 2475 1560 invasit
2509 1521 2699 1560 sensus
2723 1521 2936 1570 eorum,
2959 1521 3027 1560 ne
3053 1507 3154 1560 hoc
3185 1506 3389 1562 faceret
3412 1506 3505 1562 Je-

1926 1618 1944 1650 ‹
1978 1597 2209 1652 rusalem
2253 1604 2307 1652 et
2339 1596 2537 1666 templo
2571 1596 2812 1661 Domini,
2860 1597 3004 1666 quod
3048 1595 3252 1652 fecerat
3297 1598 3509 1653 cmteris

1929 1709 1946 1741 ‹
1967 1689 2274 1746 civitatibus
2296 1695 2352 1743 et
2375 1688 2585 1757 templis
2605 1703 2812 1741 earum.
2837 1688 2902 1741 Et
2921 1688 3182 1743 miserunt
3206 1690 3257 1742 in
3283 1703 3501 1743 omnem

231 1774 512 1842 equitibus
561 1770 812 1826 immanis
849 1770 1003 1824 turba
1057 1777 1466 1838 persecutorum
1518 1765 1816 1829 descendit,

1936 1801 1947 1832 ι
1977 1780 2279 1835 Samariam
2315 1793 2412 1848 per
2447 1779 2732 1834 circuitum
2765 1794 2936 1848 usque
2961 1779 3201 1845 Jericho,
3226 1788 3280 1834 et
3307 1794 3508 1849 praeoc-

233 1880 358 1920 cnm
391 1865 458 1918 de
490 1862 675 1931 iniquo
713 1859 939 1915 consilio
975 1858 1217 1928 superba:
1269 1858 1466 1913 mentis
1511 1858 1579 1911 ad
1620 1872 1814 1926 perpe-

233 1957 461 2012 trandas
479 1969 676 2023 pravas
703 1954 943 2007 actiones
975 1951 1107 2006 foris
1139 1951 1403 2020 procedit.
1432 1950 1654 2005 Obtinet
1678 1949 1814 2004 civi-

235 2058 400 2102 tatem
431 2055 485 2100 et
503 2058 720 2099 omnem
748 2042 1135 2097 inhabitantem
1168 2050 1388 2106 terram,
1426 2055 1550 2095 cum
1573 2037 1819 2096 carnales

232 2150 446 2195 mentes
474 2147 531 2193 et
552 2136 892 2207 operationes
920 2133 1129 2189 illorum
1161 2134 1216 2188 in
1255 2133 1509 2202 nequitia:
1529 2148 1639 2188 sua:
1658 2147 1819 2186 usum

233 2230 540 2293 convertit;
571 2228 657 2282 cui
697 2226 1048 2282 auxiliatores
1079 2232 1207 2279 sunt
1234 2225 1339 2278 viri
1365 2223 1535 2280 fortes
1566 2239 1633 2279 ex
1668 2223 1817 2278 urbi-

232 2321 335 2375 bus
369 2326 428 2374 et
455 2318 657 2373 strenui
691 2317 756 2372 ad
787 2316 1008 2380 bellum,
1030 2330 1152 2371 cum
1181 2329 1294 2380 eos,
1327 2329 1463 2384 quos
1491 2314 1691 2384 ingenii
1714 2313 1822 2368 cal-

233 2411 444 2466 liditate
466 2417 523 2464 et
555 2407 798 2477 corporis
823 2406 1131 2460 valetudine
1171 2404 1364 2460 florere
1395 2404 1677 2474 conspicit,
1718 2419 1822 2457 un-

235 2503 398 2571 dique
444 2500 512 2554 ad
561 2514 714 2553 suam
762 2497 1022 2552 malitiam
1077 2496 1438 2552 exercendam
1489 2495 1709 2566 colligit,
1761 2503 1822 2548 ut

237 2599 391 2645 tanto
446 2589 810 2644 innocentium
860 2587 1072 2641 turbam
1103 2586 1296 2641 fortius
1342 2594 1572 2656 premat,
1619 2593 1822 2654 quanto

234 2681 594 2751 plurimorum
635 2680 951 2736 societatem
1004 2680 1056 2734 in
1099 2695 1210 2734 suae
1253 2678 1458 2734 fraudis
1498 2693 1822 2733 consensum

238 2778 445 2842 trahat;
501 2784 560 2832 et
602 2791 832 2845 quorum
878 2790 936 2830 se
979 2776 1251 2830 mentibus
1291 2791 1390 2846 per
1439 2776 1823 2831 delectationes

239 2878 487 2924 terrenas
540 2867 756 2936 placere
803 2866 1128 2929 considerat,
1177 2880 1274 2934 per
1311 2880 1498 2921 eorum
1547 2865 1822 2920 molimina

239 2957 570 3026 simplicium
601 2956 762 3009 vitam
786 2957 838 3008 in
867 2953 1030 3009 fundo
1055 2956 1352 3010 subvertat.
1378 2955 1488 3010 Nec
1519 2963 1697 3010 tamen
1719 2954 1824 3025 ipsi

237 3057 594 3102 exsecutores
622 3063 733 3101 suae
752 3046 1046 3101 voluntatis
1078 3047 1177 3100 ista
1208 3045 1466 3100 facientes
1489 3045 1823 3101 ferocitatem

237 3137 357 3206 ejus
383 3137 680 3193 Christiani
705 3138 955 3201 evadunt,
1000 3137 1093 3190 sed
1124 3153 1244 3190 cum
1272 3152 1368 3206 per
1397 3153 1492 3191 cos
1521 3137 1602 3192 sui
1633 3138 1740 3192 doli
1769 3138 1824 3191 in

237 3229 363 3283 aliis
410 3228 905 3282 machinamentum
955 3227 1271 3296 expleverit,
1320 3227 1559 3297 ipsorum
1613 3244 1829 3299 quoque

239 3328 640 3391 consequenter
665 3321 941 3375 interitum
981 3320 1393 3375 consummabit.
1427 3319 1576 3375 Unde
1608 3321 1832 3391 subjun-

240 3415 388 3485 gitur
418 3432 432 3467 :
473 3433 491 3464 ι
528 3412 792 3468 Civitates
831 3428 1017 3468 eorum
1045 3414 1328 3478 destruxit,
1361 3422 1418 3469 et
1457 3413 1608 3468 lucos
1639 3429 1826 3468 eorum

241 3509 470 3573 excidit,
494 3529 514 3562 ι
549 3523 671 3564 cum
696 3523 799 3562 non
833 3507 1007 3561 solum
1037 3522 1223 3562 eorum
1251 3506 1497 3562 infandos
1521 3515 1675 3562 actus
1706 3506 1830 3562 ﬁnis

244 3601 422 3656 malus
459 3599 706 3667 dissipat,
750 3599 843 3652 sed
869 3605 924 3650 et
952 3597 1351 3652 simulationem
1391 3611 1602 3662 eorum,
1631 3612 1737 3666 qua
1773 3611 1832 3651 se

244 3695 466 3763 impune
492 3705 652 3761 posse
693 3704 919 3761 peccare
955 3689 1244 3758 ﬁngebant,
1279 3697 1400 3758 post
1436 3697 1666 3743 mortem
1711 3703 1833 3744 cor-

242 3783 394 3852 poris
427 3783 478 3836 in
505 3779 788 3835 animabus
827 3795 1014 3835 eorum
1047 3779 1222 3850 plenis
1261 3779 1399 3849 ignis
1425 3779 1612 3834 aeterni
1641 3794 1834 3835 excru-

245 3876 373 3928 ciat.
425 3872 591 3942 Cujus
635 3870 888 3942 nequitiae
925 3879 1116 3926 auctor
1161 3869 1311 3924 nullo
1336 3870 1494 3924 modo
1542 3869 1692 3934 latet,
1737 3869 1833 3924 sed

244 3965 596 4035 subscquenti
624 3964 888 4019 sententia
925 3961 1305 4017 manifestatur
1324 3976 1447 4016 cum
1477 3961 1677 4017 dicitur
1705 3977 1721 4014 :

321 4075 340 4106 ι
378 4055 720 4125 Praeceperat
763 4055 908 4108 enim
950 4053 1026 4108 illi
1073 4052 1570 4108 Nabuchodonosor
1604 4067 1722 4118 rex,
1771 4060 1834 4107 ut

243 4161 436 4202 omnes
465 4145 595 4200 deos
623 4153 780 4200 terra:
817 4143 1226 4208 exterminaret,
1270 4151 1329 4197 ut
1356 4144 1469 4214 ipse
1499 4143 1648 4198 solus
1686 4143 1833 4198 dice-

246 4249 398 4294 retur
424 4238 571 4293 Deus
593 4237 766 4292 abhis
792 4237 1120 4304 nationibus,
1172 4252 1290 4306 qua:
1323 4237 1629 4307 potuissent
1671 4236 1834 4292 Holo-

245 4329 414 4386 fernis
454 4329 694 4399 potentia
739 4327 1034 4399 subjugari.
1065 4347 1084 4379 ι
1113 4326 1250 4395 Quia
1279 4329 1392 4398 ipse
1423 4327 1687 4393 diabolus,
1738 4327 1831 4397 qui

1926 1892 1942 1924 ‹
1971 1878 2303 1941 cupaverunt
2357 1884 2546 1924 omnes
2600 1870 2830 1924 vertices
2873 1870 3136 1923 montium
3163 1911 3176 1933 ,
3237 1879 3292 1924 et
3338 1871 3512 1925 muris

1925 1981 1942 2013 ‹
1979 1959 2450 2015 circumdederunt
2477 1961 2625 2014 vicos
2656 1973 2783 2014 suos
2810 1965 2866 2013 et
2893 1965 3358 2029 congregavernnt
3402 1958 3506 2011 fru-

1927 2072 1944 2105 ι
1969 2060 2150 2107 menta
2180 2051 2233 2105 in
2267 2050 2716 2120 praeparationem
2757 2064 2965 2120 pugnae.
3006 2069 3024 2101 ι
3061 2049 3352 2104 Ᾰὲεῑιιίὶηιθ
3388 2063 3508 2118 per-

1920 2149 2168 2196 secutore
2201 2140 2367 2194 timor
2399 2147 2454 2192 et
2493 2146 2696 2192 tremor
2730 2137 2929 2190 invasit
2967 2135 3264 2200 lsraelitas,
3305 2151 3374 2191 ne
3406 2136 3510 2192 hoc

1921 2231 2126 2286 faceret
2165 2228 2460 2284 Jerusalem
2507 2235 2560 2281 et
2605 2227 2804 2296 templo
2848 2227 3084 2292 Domini,
3117 2227 3259 2296 quod
3305 2226 3513 2282 fecerat

1921 2322 2132 2378 caeteris
2164 2319 2476 2374 civitatibus
2503 2326 2561 2372 et
2601 2317 2815 2386 templis
2841 2330 3058 2382 earum;
3092 2331 3216 2371 cum
3263 2315 3508 2372 Ecclesia

1920 2413 2126 2468 Christi
2155 2409 2432 2482 fragilitati
2455 2407 2795 2477 compatiens
2815 2406 3154 2460 inﬁrmarum
3185 2407 3510 2473 animarum,

1921 2519 2057 2574 quas
2094 2503 2196 2558 sub
2225 2515 2354 2556 cura
2391 2515 2488 2555 sua
2519 2506 2815 2568 susceptas,
2845 2513 2965 2567 qua;
2993 2507 3048 2552 et
3072 2498 3288 2552 rudium
3323 2499 3375 2552 in
3405 2498 3512 2554 ﬁde

1921 2608 2109 2648 casum
2141 2591 2559 2661 pertimescens,
2596 2589 2800 2643 sicvitia
2828 2596 2992 2658 atque
3020 2589 3313 2643 calliditate
3339 2589 3516 2644 hostis

1925 2685 2131 2755 antiqui
2159 2697 2468 2753 przeeavere
2503 2682 2704 2745 studet,
2739 2696 2807 2735 ne
2837 2695 2934 2749 per
2975 2681 3194 2736 lictores
3233 2696 3378 2746 suos,
3411 2683 3514 2737 hoc

1924 2786 2026 2842 est,
2065 2790 2325 2846 paganos,
2357 2771 2572 2827 Judaaos
2606 2781 2661 2825 et
2701 2772 3009 2836 hzereticos,
3055 2772 3221 2826 corda
3256 2772 3517 2826 innocen-

1924 2870 2058 2923 tium
2086 2863 2354 2934 decipiat,
2393 2869 2556 2930 atque
2588 2875 2805 2931 gravem
2839 2860 2891 2912 in
2932 2859 3128 2930 populo
3157 2859 3368 2915 Domini
3404 2860 3518 2914 elli-

1926 2960 2037 3015 ciat
2063 2958 2298 3010 ruinam.
2333 2955 2400 3008 Et
2431 2961 2654 3022 propter
2693 2952 2796 3005 hoc
2819 2952 3036 3017 dicitur,
3067 2951 3211 3021 quod
3235 2952 3512 3007 mittentes

1925 3048 2183 3103 Israelita:
2209 3046 2630 3112 circumquaque
2654 3042 3157 3111 praeoccupaverint
3176 3056 3366 3096 omnes
3397 3057 3513 3094 ver—

1930 3142 2062 3196 tices
2115 3138 2378 3193 montium
2408 3177 2424 3203 ,
2474 3137 2601 3206 quia
2652 3144 2859 3198 sanctae
2912 3134 3162 3188 Ecclesia:
3217 3133 3518 3188 auctoritas

1929 3229 2339 3301 prmpositorum
2369 3242 2589 3282 suorum
2619 3232 2924 3281 commovet
2953 3225 3352 3285 strenuitatem,
3378 3238 3518 3291 qua-

1931 3333 2089 3378 tenus
2123 3323 2321 3392 prohos
2369 3321 2535 3384 viros,
2582 3327 2743 3388 atque
2795 3318 3057 3372 virtutum
3105 3317 3296 3372 studiis
3345 3316 3522 3372 ρει-οε

1931 3413 2077 3468 οιηηί
2122 3412 2424 3466 intentione
2466 3418 2520 3464 et
2671 3418 2778 3462 tam
2821 3408 3094 3478 precibus,
3157 3423 3318 3476 quam
3354 3409 3520 3462 etiam

1931 3502 2312 3558 exhortatione
2340 3500 2650 3556 confortare
2685 3507 2736 3552 et
2775 3513 2994 3552 servare
3037 3498 3252 3552 studeat
3293 3498 3518 3562 illmsos;

1933 3603 1994 3649 ut
2014 3595 2058 3648 si
2091 3593 2288 3648 alicubi
2319 3592 2490 3646 hostis
2511 3606 2610 3661 per
2628 3589 2952 3660 simplicium
2983 3589 3235 3659 iujuriam
3260 3589 3311 3641 in
3341 3596 3517 3642 castra

1932 3687 2187 3742 Ecclesiae
2228 3687 2528 3754 irrumpere
2562 3684 2870 3746 tentavcrit,
2914 3697 3012 3750 per
3043 3682 3270 3736 istorum
3307 3680 3520 3735 fortitu-

1933 3779 2137 3842 dinem,
2164 3792 2228 3831 ac
2249 3777 2414 3831 robur
2446 3775 2567 3830 ﬁdei
2593 3777 2744 3830 ocius
2768 3773 3078 3844 repellatur.
3107 3773 3173 3826 Et
3205 3774 3373 3828 muris
3413 3773 3517 3827 cir-

1933 3871 2187 3926 cumdant
2210 3868 2360 3922 vicos
2399 3882 2558 3932 suos,
2591 3882 2713 3921 eum
2755 3865 2875 3920 ﬁdei
2918 3873 3091 3928 scuto,
3125 3871 3179 3918 et
3213 3879 3519 3934 prepugna-

1933 3963 2055 4018 culo
2081 3962 2341 4016 virtutum
2370 3960 2608 4028 undique
2633 3957 2845 4011 munire
2879 3957 3098 4011 student
3131 3955 3232 4011 sibi
3270 3955 3521 4010 commis-

1933 4071 2041 4110 sos.
2086 4053 2156 4107 Et
2203 4059 2536 4122 congregant
2589 4049 2921 4105 frumentum
2963 4048 3018 4102 in
3069 4048 3518 4117 prmparationem

1931 4160 2158 4216 puguze,
2195 4158 2319 4199 cum
2361 4142 2658 4196 sententias
2693 4153 2972 4195 sacrarum
3003 4135 3431 4206 Scripturarum,
3467 4142 3526 4190 et

1931 4238 2189 4310 pabulum
2220 4235 2457 4292 caelestis
2493 4225 2754 4290 doctrinm
2795 4233 2848 4287 in
2879 4241 3093 4302 pastum
3137 4230 3377 4286 ﬁdelium
3405 4229 3524 4284 ani-

1933 4346 2148 4385 marum
2174 4325 2495 4389 recondunt,
2533 4341 2601 4380 ne
2621 4323 2761 4379 forte
2791 4324 2935 4380 fame
2967 4323 3132 4379 divini
3161 4323 3308 4378 verbi
3331 4323 3521 4392 despe-

248 4429 428 4475 rector
457 4427 514 4472 et
533 4424 696 4487 caput
723 4417 962 4472 omnium
993 4426 1079 4472 est
1112 4417 1440 4487 iniquorum,
1474 4417 1576 4471 hoc
1615 4431 1712 4486 per
1738 4432 1831 4472 οε·
1858 4442 1911 4502 D
1935 4431 2076 4485 rent,
2107 4429 2270 4491 atque
2306 4417 2543 4473 hostium
2573 4415 2896 4485 spiritalium
2931 4413 3126 4484 praedae
3154 4411 3305 4466 ﬁant.

242 4510 421 4564 cultas
443 4510 670 4565 insidias
698 4508 934 4577 molitur,
965 4510 1175 4580 hocque
1215 4525 1313 4581 per
1337 4520 1553 4580 apertas
1581 4526 1835 4581 persecu-
1912 4565 1919 4572 ,

245 4604 423 4658 tiones
450 4602 815 4667 machinatur,
865 4610 925 4656 ut
970 4617 1162 4657 sensus
1198 4610 1255 4656 et
1292 4602 1449 4656 labor
1492 4602 1832 4657 terrestrium

243 4694 536 4748 universus
583 4693 636 4746 in
686 4706 842 4748 suum
893 4690 1096 4746 cultum
1151 4700 1556 4756 commutetur,
1607 4700 1662 4746 et
1718 4692 1834 4762 ipse

238 4786 488 4844 omnium
521 4784 846 4839 dominetur.
877 4784 988 4840 Nec
1011 4785 1231 4850 mirum,
1273 4785 1400 4854 quia
1440 4785 1495 4838 in
1527 4785 1833 4839 hominibus

237 4879 346 4932 hoc
377 4889 542 4947 agere
584 4884 783 4940 certat,
824 4889 946 4929 cum
995 4884 1052 4930 et
1095 4875 1368 4929 hominem
1418 4874 1585 4929 Deum
1627 4874 1833 4929 fraudis

237 4981 357 5021 sum
400 4965 530 5020 dolo
567 4966 785 5036 aggredi
828 4966 1190 5034 pratsumpsit,
1221 4973 1277 5020 et
1315 4966 1463 5020 illum
1502 4967 1556 5020 in
1597 4973 1834 5021 montem

235 5056 525 5112 excelsum
548 5056 769 5121 ducens,
799 5065 854 5111 et
883 5070 1095 5110 omnem
1119 5057 1345 5128 gloriam
1375 5058 1558 5112 mundi
1585 5057 1637 5113 ei
1663 5067 1838 5115 osten-

235 5149 382 5203 dens
409 5159 662 5202 sermone
683 5147 913 5201 nefando
939 5149 1164 5202 tentavit
1189 5149 1375 5203 dicens
1399 5167 1412 5202 :
1449 5167 1467 5199 ι
1505 5148 1631 5202 Haec
1653 5148 1835 5202 omnia

233 5239 346 5295 tibi
373 5240 517 5294 dabo
561 5241 605 5294 si
653 5240 938 5309 procidens
975 5240 1284 5295 adoraveris
1313 5255 1417 5295 me.
1452 5260 1470 5291 ι
1504 5237 1607 5294 Sed
1647 5239 1837 5293 confu-

231 5346 343 5388 sus
387 5331 459 5385 ab
497 5344 565 5384 eo
618 5331 858 5393 recessit,
902 5331 956 5384 in
1003 5345 1110 5400 quo
1160 5331 1376 5384 malitiae
1425 5345 1536 5385 suae
1579 5329 1830 5384 effectum

231 5422 458 5480 nullum
486 5423 693 5486 habuit,
725 5423 834 5476 imo
868 5423 1148 5493 potestatis
1177 5437 1288 5477 sua!
1319 5422 1740 5477 dominationem
1779 5421 1833 5474 in

233 5512 412 5569 nobis
430 5513 632 5576 amisit,
661 5513 785 5582 quia
817 5513 1042 5567 victoria
1070 5522 1250 5567 nostra
1274 5519 1433 5582 caput
1459 5519 1541 5567 est
1563 5520 1831 5574 nostrum,

241 5621 264 5655 ι
307 5602 403 5670 qui
431 5601 672 5671 alligavit
720 5601 913 5656 fortem
955 5610 1010 5655 et
1038 5601 1152 5668 ejus
1182 5617 1307 5654 vasa
1356 5601 1598 5670 diripuit,
1640 5601 1838 5668 ipsam-

234 5707 361 5766 que
391 5702 622 5748 mortem
656 5708 751 5746 sua
793 5703 966 5749 morte
1006 5694 1353 5758 interficiens,
1387 5692 1723 5762 triumphans
1755 5705 1839 5746 re-

2015 4533 2033 4564 ι
2063 4511 2329 4567 Sacerdos
2358 4510 2520 4564 etiam
2565 4507 2826 4562 Eliachim
2857 4505 3075 4575 scripsit
3108 4506 3175 4559 ad
3215 4504 3520 4569 universos,

1945 4622 1964 4654 ε
1995 4602 2088 4672 qui
2114 4607 2272 4656 erant
2293 4607 2481 4654 contra
2503 4595 2789 4662 Esdrelon,
2821 4611 2941 4665 quae
2974 4603 3057 4651 est
3088 4602 3276 4650 contra
3324 4592 3522 4648 faciem

1945 4710 1962 4743 ι
1995 4691 2170 4760 campi
2203 4689 2381 4760 magni
2401 4687 2553 4757 juxta
2588 4685 2818 4740 Dothain
2842 4695 2896 4740 et
2917 4685 3222 4750 universos,
3261 4699 3358 4753 per
3381 4697 3521 4753 quos

1905 4823 1908 4827 .
1943 4802 1961 4834 ‹
1995 4783 2095 4836 vite
2121 4781 2382 4836 transitus
2421 4793 2542 4833 esse
2561 4785 2793 4848 poterat,
2828 4785 2888 4830 ut
2928 4777 3235 4832 obtinerent
3262 4790 3523 4831 ascensus

1943 4895 1962 4927 ι
1991 4875 2280 4936 montium,
2303 4887 2400 4942 per
2421 4885 2558 4940 quos
2586 4870 2674 4924 via
2699 4883 2818 4924 esse
2842 4876 3052 4938 poterat
3095 4869 3160 4923 ad
3195 4869 3519 4935 Jerusalem,

1943 4983 1961 5015 ί
1990 4972 2044 5018 et
2076 4962 2185 5017 illic
2213 4960 2552 5016 custodirent
2577 4960 2664 5014 ubi
2698 4970 2982 5029 angustum
3024 4975 3144 5014 esse
3182 4960 3287 5015 iter
3312 4968 3525 5030 poterat

1943 5075 1961 5108 ι
1993 5056 2135 5110 inter
2169 5064 2400 5108 montes.
2432 5072 2450 5105 ›
2490 5051 2755 5107 Sacerdos
2795 5051 3079 5115 Eliachim,
3121 5053 3212 5122 qui
3255 5053 3523 5122 interpre-

1944 5155 1962 5199 t
1994 5155 2141 5202 tatur
2171 5145 2382 5199 Domini
2412 5144 2752 5206 resurrectio,
2773 5142 2978 5196 nullum
3009 5142 3199 5197 melius
3241 5144 3519 5214 designat,

1943 5258 1962 5290 ‹
1986 5252 2146 5306 quam
2161 5235 2581 5305 Redemptorem
2606 5240 2872 5297 nostrum,
2896 5233 2986 5301 qui
3021 5232 3071 5285 in
3092 5232 3380 5304 Evangelio
3410 5233 3518 5285 ait:

1941 5348 1959 5380 ι
1987 5328 2098 5398 Ego
2130 5342 2248 5381 sum
2278 5324 2609 5380 resurrectio
2637 5331 2691 5377 et
2721 5324 2851 5378 vita.
2885 5343 2901 5374 ι
2929 5322 3035 5378 Iste
3067 5338 3196 5393 ergo
3228 5325 3414 5408 scribit
3451 5321 3518 5374 ad

1935 5421 2247 5482 universos,
2291 5418 2380 5487 qui
2425 5424 2583 5472 erant
2621 5423 2808 5469 contra
2856 5413 3047 5469 faciem
3103 5414 3276 5483 campi
3334 5410 3518 5479 magni

1930 5511 2086 5580 juxta
2135 5509 2388 5572 Dothain,
2433 5523 2553 5562 cum
2609 5521 2707 5574 per
2753 5505 3091 5573 Seripturam
3150 5501 3518 5572 evangelicum

1938 5607 2242 5656 commonet
2275 5612 2464 5652 omnes
2508 5596 2693 5650 lideles
2735 5611 2862 5650 suos
2908 5612 2973 5648 ac
3005 5595 3223 5648 devotos
3264 5589 3518 5656 famulos,

1939 5694 2029 5764 qui
2059 5702 2247 5746 contra
2279 5690 2665 5745 delectationes
2698 5688 2903 5754 mundi,
2941 5694 2996 5740 et
3039 5683 3278 5740 carnalia
3312 5681 3522 5738 deside-
