3876 6136
371 332 471 389 551

1013 322 1076 376 Β.
1117 317 1366 374 RABANI
1405 316 1623 372 MAURI
1659 311 1979 369 ARCHIEP.
2026 310 2337 367 MOGUNT.
2379 308 2667 366 OPERUM
2706 309 2887 366 PARS
2922 309 2962 365 I.

3532 308 3640 364 552

376 443 490 507 ria,
537 454 658 510 qua}
693 438 898 492 ducunt
945 437 1012 490 ad
1053 433 1408 489 defectionem
1445 430 1570 484 vita:
1610 435 1948 485 ac‘mortem
1978 431 2024 488 Α
2055 425 2122 479 Et
2173 424 2405 480 Petrus:
2443 443 2460 476 ε
2495 423 2767 486 Charitas.
2812 423 2908 488 ait,
2957 419 3353 477 multitudinem
3401 425 3642 492 cooperit

369 539 719 602 perpetuam,
760 535 1021 597 pugnant,
1074 535 1134 578 ut
1174 523 1464 578 observent
1503 534 1760 574 ascensus
1800 533 1952 571 mon-

376 623 530 683 tium.
556 622 658 674 hoc
685 626 790 682 est,
827 618 1177 672 subtilitatem
1212 613 1412 684 ingenii
1454 610 1845 681 quorumlibet,
1883 623 1953 662 ne

372 712 624 766 haeretica
654 711 888 766 versutia
917 709 1165 764 subtilem
1197 707 1268 762 ibi
1298 704 1540 760 inveniat
1574 702 1870 765 tramitem,
1898 707 1954 754 et

370 817 468 870 per
496 803 639 855 hunc
663 801 716 854 in
744 799 997 854 Ecclesiae
1033 807 1211 853 castra
1239 794 1604 866 perniciosum
1646 792 1955 846 introducat

370 907 638 946 errorem.
693 890 848 945 Sicut
904 890 1048 944 enim
1114 903 1340 944 acumen
1401 885 1597 957 ingenii
1661 883 1952 955 plurimum

368 981 586 1050 prodest
614 981 667 1034 in
694 981 799 1045 his,
831 981 923 1049 qui
951 980 1188 1034 timendo
1213 981 1382 1033 Deum
1421 976 1787 1031 sinceritatem
1832 973 1954 1027 fidei

371 1073 648 1127 catholica:
680 1071 955 1125 humiliter
994 1077 1229 1132 servant,
1272 1069 1346 1122 ita
1379 1067 1668 1135 plurimum
1708 1063 1865 1118 obest
1901 1063 1954 1116 in

370 1161 476 1216 illis
521 1162 612 1230 qui
659 1167 980 1229 spernentes
1031 1156 1244 1212 Domini
1300 1157 1545 1210 timorem
1597 1151 1955 1223 superbiendo

369 1259 546 1304 sectas
590 1249 812 1302 nocivas
852 1255 1042 1302 contra
1080 1245 1237 1300 fidem
1271 1257 1595 1313 componere
1635 1257 1741 1295 non
1772 1239 1955 1293 formi-

367 1339 515 1394 dant.
569 1338 674 1393 Sed
713 1338 825 1392 veri
874 1336 1129 1392 Israelita:
1176 1334 1473 1390 sacerdotis
1519 1333 1602 1388 sui
1641 1340 1695 1386 et
1743 1329 1954 1385 Domini

369 1429 586 1497 scriptis
607 1427 884 1490 admoniti,
916 1427 1330 1496 divinorumque
1353 1431 1796 1479 testamentorum
1827 1437 1954 1476 sen-

367 1519 549 1573 tentiis
598 1517 806 1583 imbuti,
855 1533 953 1588 per
994 1518 1136 1572 viam
1177 1516 1523 1586 praeceptoris
1569 1515 1650 1569 sui
1701 1513 1956 1569 obediunt

365 1610 651 1665 mandatis.
681 1609 834 1664 Unde
864 1610 920 1663 fit
939 1609 1080 1680 quod
1112 1609 1384 1678 sequitur:

441 1721 459 1752 ‹
491 1702 557 1755 Et
586 1701 840 1756 clamavit
863 1702 1038 1756 omnis
1067 1701 1298 1772 populus
1334 1701 1402 1754 ad
1429 1699 1712 1754 Dominum
1750 1697 1956 1752 instan-

2056 524 2423 584 peccatorum.
2453 535 2471 566 ι

2131 623 2150 656 ι
2187 604 2340 658 Tunc
2363 603 2627 658 Eliachim
2667 603 2919 659 sacerdos
2951 602 3165 656 Domini
3192 617 3421 673 magnus
3450 602 3643 656 circui-

2061 715 2079 748 ‹
2130 697 2204 750 vit
2247 711 2462 752 omnem
2493 695 2679 760 Israel,
2706 695 3025 762 locutusque
3058 701 3144 748 est
3176 693 3243 747 ad
3288 707 3382 748 eos
3413 693 3642 747 dicens:

2061 807 2080 839 ‹
2116 787 2319 843 Scitote
2342 787 2599 856 quoniam
2624 785 2900 840 exaudivit
2922 783 3182 838 Dominus
3206 799 3395 852 preces
3411 793 3645 846 vestras,

2061 897 2080 930 ι
2117 879 2162 934 si
2198 887 2478 933 manentes
2516 877 2925 947 permanseritis
2960 877 3012 930 in
3041 873 3262 942 jejuniis
3294 884 3350 929 et
3382 876 3649 929 orationi-

2065 990 2081 1022 ι
2116 972 2217 1026 bus
2247 971 2301 1024 in
2339 978 2631 1039 conspectu
2670 968 2902 1022 Domini.
2943 986 2960 1019 ι
2989 965 3297 1036 Spiritualis
3324 967 3468 1022 enim
3501 967 3646 1020 Elia-

2057 1061 2202 1116 chim
2233 1069 2289 1114 et
2314 1076 2476 1116 verus
2503 1059 2757 1115 sacerdos
2784 1066 2986 1122 noster,
3017 1059 3110 1127 qui
3158 1059 3458 1114 secundum
3494 1059 3645 1113 ordi-

2057 1166 2181 1206 nem
2231 1151 2617 1207 Melchisedech
2645 1151 2886 1222 pontifex
2935 1150 3090 1204 nobis
3129 1165 3158 1203 a
3189 1149 3295 1203 Deo
3333 1148 3509 1204 factus
3538 1160 3640 1211 est,

2059 1257 2164 1296 non
2196 1242 2368 1296 solum
2396 1257 2492 1312 per
2535 1242 2884 1312 semetipsum
2923 1241 3311 1296 incarnationis
3349 1256 3462 1296 suae
3505 1251 3644 1296 tem-

2056 1348 2209 1402 pore,
2249 1335 2344 1389 sed
2390 1343 2446 1388 et
2480 1335 2640 1389 modo
2686 1335 2739 1388 in
2785 1333 3041 1404 apostolis
3085 1333 3198 1388 suis
3240 1342 3296 1388 et
3328 1334 3641 1388 doctoribus

2059 1425 2332 1494 Evangelii
2357 1435 2538 1480 castra
2566 1426 2757 1481 circuit
2795 1425 3088 1489 Ecclesiae,
3118 1440 3470 1480 commoneas
3509 1425 3643 1480 lide-

2056 1514 2136 1570 les
2161 1531 2290 1570 suos
2335 1517 2504 1571 hostis
2547 1515 2754 1585 antiqui
2803 1530 3109 1585 praecavere
3155 1515 3397 1581 insidias,
3454 1525 3510 1571 et
3546 1532 3644 1571 e1-

2058 1607 2284 1664 liortans
2340 1623 2433 1663 eos
2482 1609 2536 1664 in
2585 1608 2708 1664 fidei
2758 1608 2956 1663 virtute
3007 1624 3072 1664 ac
3120 1624 3340 1678 precum
3379 1623 3640 1678 perseve-

2060 1714 2184 1753 rare
2233 1700 2556 1764 constantia,
2599 1715 2720 1770 qua:
2760 1699 2842 1754 eis
2893 1708 3100 1754 certam
3139 1699 3206 1754 de
3247 1699 3501 1754 omnibus
3539 1699 3643 1754 ini-

371 1810 389 1842 ‹
429 1791 501 1844 tia
530 1806 741 1860 magna,
781 1799 837 1844 et
868 1790 1291 1844 humiliaverunt
1318 1789 1526 1843 animas
1557 1803 1682 1842 suas
1719 1787 1773 1840 in
1807 1785 1952 1856 jeju-
1981 1774 2026 1832 Β
2055 1791 2211 1846 micis
2256 1792 2397 1860 parit
2444 1791 2744 1846 victoriam.
2799 1791 2952 1848 Unde
3001 1792 3195 1863 legitur
3224 1792 3276 1845 in
3320 1791 3640 1862 Evangelia,

371 1899 388 1929 ι
427 1879 531 1934 uiis
557 1889 611 1932 et
636 1879 974 1933 orationibus
1021 1879 1122 1948 ipsi
1150 1889 1204 1933 et
1241 1878 1494 1933 mulieres
1529 1891 1738 1941 eorum,
1786 1883 1842 1929 et
1870 1874 1983 1928 in-.

371 1989 388 2021 ι
425 1970 657 2025 duerunt
681 1986 738 2024 se
763 1971 1076 2024 sacerdotes
1113 1969 1324 2033 ciliciis,
1371 1976 1425 2022 et
1447 1965 1680 2020 infantes
1711 1972 1950 2034 prostra-

370 2079 388 2109 ι
427 2070 618 2115 verunt
644 2070 833 2114 contra
875 2059 1064 2114 faciem
1094 2060 1277 2128 templi
1307 2058 1538 2124 Domini,
1569 2066 1625 2112 et
1651 2056 1819 2111 altare
1841 2056 1943 2109 Do--

369 2172 387 2203 ι
415 2153 545 2207 mini
579 2160 913 2222 Operuerunt
939 2152 1135 2216 cilicio,
1165 2160 1222 2205 et
1258 2151 1628 2206 clamaverunt
1666 2149 1732 2202 ad
1763 2146 1948 2202 Domi-

370 2260 388 2292 ι
418 2258 546 2295 num
598 2243 763 2296 Deum
800 2242 1186 2296 unanimiter.»
1227 2241 1524 2295 Ilumiliant
1569 2239 1778 2294 animas
1821 2253 1948 2292 suas

364 2333 416 2387 in
439 2331 657 2402 jejuniis
686 2332 785 2402 ipsi
814 2341 870 2386 et
906 2332 1162 2387 mulieres
1189 2346 1398 2396 eorum,
1429 2330 1519 2400 qui
1548 2345 1646 2400 per
1671 2329 1950 2384 continen-

365 2422 493 2477 tiam
525 2423 813 2478 salutarem
844 2438 950 2477 non
989 2423 1162 2477 solum
1200 2437 1419 2476 carnem
1462 2429 1762 2485 macerant,
1815 2419 1947 2489 quin

362 2512 527 2566 etiam
555 2527 682 2566 suas
719 2519 930 2565 mentes
973 2511 1044 2566 ab
1087 2511 1289 2565 illicitis
1330 2509 1612 2565 desideriis
1651 2508 1949 2564 coercendo

362 2600 649 2670 castigant.
702 2599 1044 2668 Infantesque
1091 2606 1440 2669 prosternunt
1499 2607 1687 2653 contra
1754 2597 1946 2653 faciem

363 2690 573 2760 templi,
627 2691 720 2761 qui
765 2691 1130 2745 innocentium
1184 2705 1374 2760 preces
1422 2697 1548 2744 ante
1600 2697 1944 2758 conspectum

361 2781 546 2852 gloria:
590 2781 802 2838 Domini
853 2799 976 2838 cum
1024 2783 1280 2854 lacrymis
1331 2781 1646 2853 suppliciter
1689 2780 1942 2837 offerunt.

359 2872 594 2928 Induunt
621 2889 680 2929 se
706 2875 1016 2930 sacerdotes
1039 2874 1253 2939 ciliciis,
1295 2885 1351 2929 et
1378 2873 1549 2928 altare
1578 2873 1789 2928 Domini
1817 2888 1946 2943 ope-

362 2965 510 3020 riunt
547 2965 748 3031 cilicio,
796 2981 918 3021 eum
950 2966 1200 3021 doctores
1229 2965 1524 3035 Evangelii,
1555 2973 1610 3020 et
1638 2965 1802 3020 duces
1831 2967 1946 3034 ple-

359 3056 444 3112 bis
475 3057 568 3112 Dei
603 3065 659 3112 et
691 3057 1030 3113 devotionem
1067 3058 1272 3128 pariter
1314 3073 1438 3112 cum
1479 3057 1705 3128 populo,
1753 3067 1810 3113 et
1853 3073 1942 3114 ac-

362 3150 564 3204 tionem
607 3158 890 3204 assumunt
933 3121 1280 3219 pmnitentite,
1337 3121 1602 3218 quatenus
1643 3121 1744 3203 sibi
1771 3147 1940 3217 majc-
1969 3121 2012 3184 C

359 3247 554 3292 statem
591 3238 826 3292 divinam
867 3238 1188 3303 concilient,
1233 3246 1287 3293 et
1326 3237 1542 3308 pietatis
1581 3237 1697 3306 ejus
1727 3236 1940 3290 miseri-

361 3329 597 3383 cordiam
626 3329 931 3398 impetrent.
974 3329 1080 3398 Ipsi
1119 3337 1246 3384 sunt
1286 3335 1466 3382 autem
1498 3327 1671 3381 altare
1701 3326 1938 3392 Domini,

360 3418 451 3488 qui
487 3419 540 3472 in
561 3433 658 3473 ara
685 3419 863 3474 cordis
905 3420 986 3474 sui
1026 3418 1229 3487 jugiter
1259 3417 1432 3472 laudis
1461 3417 1692 3472 hostiam
1743 3417 1940 3470 immo-

360 3507 492 3562 lant.
526 3507 771 3562 Cilicium
812 3517 992 3562 autem
1035 3507 1181 3578 quod
1223 3507 1290 3561 de
1318 3521 1604 3576 caprarum
1649 3505 1772 3575 pilis
1807 3504 1941 3560 texi-

359 3607 469 3662 tur,
515 3607 860 3668 peccatorum
899 3607 1119 3668 przestat
1167 3599 1430 3670 figuram,
1474 3613 1571 3668 pro
1605 3597 1800 3667 quibus
1847 3614 1942 3654 ne-

359 3691 592 3745 cessaria
619 3698 702 3744 est
721 3691 1061 3760 pmnitentia,
1095 3691 1220 3760 quia
1245 3689 1361 3744 sine
1384 3688 1474 3742 illa
1502 3688 1599 3757 ipsi
1630 3695 1942 3757 peccatores

359 3794 500 3834 vera:
527 3778 717 3833 salutis
743 3794 847 3834 non
898 3779 1178 3835 inveniunt
1220 3778 1479 3833 remedia.
1522 3775 1740 3845 Hocque
1766 3776 1943 3831 scien-

359 3869 507 3935 dum,
537 3870 677 3939 quod
704 3885 954 3940 magnum
991 3877 1047 3924 et
1084 3870 1414 3940 praecipuum
1452 3869 1505 3922 in
1548 3868 1650 3936 piis
1691 3868 1942 3938 precibus

363 3960 434 4013 sit
482 3959 851 4027 adjutorium,
905 3960 950 4014 si
1003 3959 1280 4014 meditatio
1331 3958 1623 4013 Dominica:
1677 3958 1943 4027 passionis

360 4049 700 4113 adhibeatur,
749 4066 868 4118 qua:
903 4050 956 4103 in
991 4065 1083 4102 ara
1123 4050 1301 4104 crucis
1340 4063 1438 4118 pro
1465 4049 1704 4117 peccatis
1740 4048 1942 4104 nostris

360 4138 572 4208 expleta
614 4148 716 4202 est,
763 4139 887 4208 quia
915 4155 1022 4193 non
1053 4139 1225 4193 solum
1259 4153 1357 4208 pro
1387 4138 1588 4192 nostris
1627 4137 1940 4192 oﬂ‘ensioni-

360 4230 482 4292 bus,
507 4230 600 4284 sed
632 4229 796 4283 etiam
828 4245 924 4300 pro
953 4230 1117 4284 totius
1143 4229 1328 4284 mundi
1357 4229 1410 4282 in
1444 4229 1806 4300 expiationem
1827 4244 1942 4283 om-

363 4319 509 4372 nium
551 4327 892 4389 peccatorum
928 4321 1145 4392 sanguis
1185 4321 1562 4389 Redemptoris
1592 4320 1763 4375 nostri
1804 4320 1940 4375 ellu-

363 4424 454 4464 sus
478 4418 578 4464 est.
613 4412 687 4464 De
719 4427 826 4481 quo
855 4409 1088 4467 Joannes
1105 4413 1182 4466 ait
1213 4429 1226 4465 :
1265 4432 1282 4462 ι
1309 4413 1643 4468 Advocatum
1680 4414 1940 4469 habemus

363 4503 503 4571 apud
530 4502 742 4558 Patrem
768 4502 950 4557 Jesum
995 4502 1268 4559 Christum
1310 4504 1537 4574 justum,
1587 4513 1642 4560 et
1695 4507 1808 4576 ipse
1853 4516 1940 4561 est

362 4593 669 4662 propitiatio
695 4609 794 4662 pro
819 4594 1061 4661 peccatis
1096 4594 1325 4658 nostris,
1356 4611 1462 4648 non
1495 4610 1594 4664 pro
1610 4596 1807 4650 nostris
1839 4611 1936 4650 au-

369 4691 476 4737 tem
499 4691 730 4746 tantum,
763 4683 855 4736 sed
892 4683 1055 4736 etiam
1083 4699 1181 4752 pro
1209 4682 1372 4737 totius
1397 4683 1600 4737 mundi.
1637 4702 1655 4735 ι

443 4793 460 4824 σ
492 4773 560 4826 Et
608 4772 990 4837 clamaverunt,
1041 4772 1262 4842 inquit,
1321 4772 1390 4827 ad
1448 4772 1734 4826 Dominum
1770 4773 1940 4829 Deum

373 4883 391 4916 ο
426 4863 588 4918 Israel
619 4864 960 4930 unanimiter,
987 4880 1052 4920 ne
1088 4865 1343 4920 darentur
1370 4863 1422 4917 in
1449 4862 1684 4934 praedam
1712 4863 1942 4920 infantes

375 4971 392 5002 ς
431 4967 638 5019 eorum,
663 4963 716 5007 et
739 4969 936 5008 uxores
955 4969 1144 5012 eorum
1177 4954 1230 5007 in
1252 4953 1587 5018 divisionem,
1621 4962 1674 5009 et
1697 4953 1943 5010 civitates

377 5062 394 5094 ι
430 5058 616 5097 eorum
644 5046 697 5098 in
739 5045 1136 5109 exterminium,
1169 5053 1224 5098 et
1258 5054 1444 5099 sancta
1471 5060 1659 5099 eorum
1687 5046 1739 5099 in
1768 5046 1940 5115 pollu-

375 5149 393 5182 ι
428 5131 647 5185 tionem.
691 5150 710 5183 ι
741 5132 875 5198 Quia
901 5134 1224 5188 unanimitas
1263 5133 1517 5188 Ecclesiae
1562 5134 1703 5204 apud
1733 5135 1942 5190 Domini

371 5219 818 5287 misericordiam,
848 5222 1085 5278 velocem
1113 5234 1350 5278 meretur
1375 5225 1770 5281 exauditionem
1793 5267 1806 5290 ,
1843 5241 1942 5281 nec

370 5311 543 5367 hostis
602 5313 853 5383 praevalet
900 5314 978 5368 eis
1029 5330 1224 5370 nocere
1271 5317 1548 5384 nequitia,
1598 5332 1696 5387 pro
1745 5317 1941 5386 quibus

369 5404 649 5480 charftatis
672 5413 834 5475 atque
860 5406 1226 5462 unanimitatis
1251 5407 1458 5463 laborat
1489 5409 1761 5464 instantia.
1795 5410 1944 5466 Unde

369 5493 566 5549 Paulus
599 5495 758 5550 docet
800 5497 1059 5550 unitatem
1105 5499 1328 5567 spiritus
1370 5513 1588 5554 servare
1630 5500 1683 5553 in
1731 5500 1942 5556 vinculo

369 5585 535 5652 pacis,
569 5594 625 5640 et
649 5587 929 5641 unanimes
967 5602 1085 5641 esse
1113 5589 1164 5642 in
1195 5590 1546 5644 orationibus.
1585 5590 1744 5657 Quia,
1786 5589 1941 5657 juxta

367 5671 549 5730 Jacobi
578 5679 918 5747 sententiam,
943 5697 961 5730 ε
989 5679 1213 5734 multum
1245 5681 1384 5736 valet
1408 5683 1713 5752 deprecatio
1735 5682 1886 5752 justi.
1916 5701 1934 5733 ι

2050 1880 2193 1950 quod
2214 1880 2467 1936 circuiret
2494 1879 2652 1936 Iesus
2697 1889 2863 1936 totam
2891 1880 3166 1936 Galilzeam
3194 1882 3391 1936 docens
3431 1881 3486 1934 in
3515 1897 3639 1952 syn-

2050 1971 2237 2042 agogis
2268 1980 2323 2026 et
2356 1973 2656 2042 praadicans
2687 1973 3055 2045 Evangelium,
3095 1981 3150 2028 et
3191 1987 3388 2028 sanans
3415 1987 3635 2030 omnem

2047 2065 2386 2134 languorem,
2432 2075 2486 2122 et
2531 2082 2746 2122 onmem
2799 2067 3168 2122 infirmitatem
3208 2066 3261 2119 in
3306 2064 3527 2134 populo.
3571 2065 3638 2119 Et

2048 2158 2174 2213 alibi
2205 2159 2322 2229 ipse
2354 2159 2632 2229 discipulis
2670 2158 2782 2213 suis
2804 2158 2880 2212 ait
2905 2177 2919 2212 :
2956 2177 2974 2209 ‹
3012 2157 3239 2228 Vigilate
3268 2158 3452 2227 itaque
3477 2157 3629 2213 omni

2050 2257 2312 2319 tempore,
2357 2260 2592 2314 orantes,
2649 2258 2709 2303 ut
2749 2249 2896 2319 digni
2943 2248 3248 2304 habeamini
3299 2248 3488 2318 fugere
3532 2249 3634 2304 ista

2047 2341 2248 2407 omnia,
2279 2357 2399 2410 qua:
2428 2339 2608 2396 futura
2652 2349 2796 2405 sunt,
2839 2348 2896 2396 et
2919 2349 3064 2395 stare
3097 2350 3224 2395 ante
3262 2339 3430 2394 filium
3459 2339 3638 2395 homi-

2047 2433 2151 2488 nis.
2185 2451 2202 2483 ι
2233 2432 2369 2487 Hinc
2411 2432 2605 2488 Petrus
2638 2434 2883 2488 hortatur
2919 2431 3104 2490 dicens
3133 2449 3146 2486 :
3181 2452 3200 2484 ‹
3239 2431 3419 2487 Sobrii
3460 2440 3637 2488 estote

2047 2531 2102 2578 et
2129 2523 2348 2593 vigilate
2389 2523 2442 2578 in
2488 2523 2843 2589 orationibus,
2889 2525 3014 2594 quia
3061 2523 3405 2579 adversarius
3454 2531 3639 2578 vester

2047 2615 2290 2670 diabolus
2319 2622 2575 2684 tanquam
2607 2616 2691 2670 leo
2727 2617 2945 2686 rugiens
2971 2616 3163 2670 circuit
3194 2629 3447 2685 quarens
3467 2629 3635 2684 quem

2047 2709 2286 2774 devoret,
2315 2708 2402 2763 cui
2432 2709 2669 2765 resistite
2694 2709 2861 2766 fortes
2888 2711 2940 2764 in
2979 2709 3412 2778 fideJAdjuvant
3445 2720 3634 2766 autem

2047 2799 2115 2853 ad
2160 2799 2263 2854 hoc
2305 2807 2584 2854 certamen
2623 2801 2888 2870 agendum
2929 2801 3146 2855 fortium
3179 2801 3416 2857 virorum
3448 2817 3636 2857 exem-

2045 2887 2153 2958 pla,
2187 2890 2595 2959 quieminentia
2643 2898 2802 2946 rectae
2844 2891 2968 2946 fidei
3010 2891 3252 2947 hostibus
3294 2895 3637 2961 praestabant

2044 2981 2333 3044 universis,
2364 2989 2420 3035 et
2455 2983 2649 3037 robore
2686 2982 2945 3036 virtutum
2979 2997 3074 3037 eos
3103 2990 3417 3038 constanter
3445 2985 3636 3038 revin-

2045 3071 2257 3126 cebant.
2306 3071 2457 3128 Unde
2495 3072 2754 3127 Eliachim
2785 3073 2898 3142 ipse
2942 3071 3111 3142 Moysi
3149 3073 3480 3142 exemplum,
3520 3090 3636 3144 quo

2043 3170 2233 3217 contra
2262 3162 2522 3218 Amalech
2557 3163 2729 3233 magis
2763 3164 3008 3218 oratione
3033 3178 3194 3233 quam
3233 3164 3400 3219 armis
3421 3165 3639 3221 bellicis

2039 3252 2378 3325 conﬂigebat,
2427 3253 2742 3310 introduxit.
2792 3253 2930 3309 Hinc
2975 3255 3138 3308 etiam
3173 3253 3372 3310 Paulus
3421 3255 3490 3310 ad
3530 3256 3639 3311 IIe-

2040 3346 2214 3400 braeos
2238 3345 2361 3400 fidei
2395 3344 2651 3400 virtutem
2679 3343 2927 3410 laudans,
2959 3354 3170 3414 patrum
3197 3345 3413 3414 copiosa
3441 3359 3637 3401 exem-

2039 3434 2125 3506 pla
2151 3436 2205 3490 in
2242 3435 2604 3490 testimonium
2641 3433 2852 3490 ascivit.
2898 3433 2992 3504 qui
3039 3449 3137 3504 per
3164 3433 3323 3490 fidem
3373 3435 3638 3492 vicerunt

2042 3545 2229 3602 regna,
2263 3531 2474 3600 operati
2513 3538 2642 3585 sunt
2678 3529 2966 3598 justitiam,
3011 3529 3189 3599 adepti
3218 3537 3344 3584 sunt
3387 3531 3636 3598 promis-

2041 3620 2266 3675 sionem.
2299 3620 2374 3674 De
2408 3636 2516 3690 quo
2553 3628 2610 3674 et
2650 3617 2883 3675 Iacobus
2912 3620 2988 3674 ait
3023 3636 3035 3673 :
3069 3639 3087 3670 ‹
3125 3618 3441 3689 Exemplum
3481 3621 3636 3676 acci-

2038 3713 2168 3782 pite,
2193 3711 2406 3776 fratres,
2440 3712 2640 3766 laboris
2667 3719 2721 3768 et
2751 3711 3022 3780 patientiae
3054 3726 3150 3781 per
3177 3711 3486 3781 prophetas,
3523 3701 3630 3782 'qui

2042 3801 2206 3860 locuti
2230 3811 2358 3856 sunt
2382 3802 2436 3856 in
2459 3802 2677 3857 nomine
2706 3802 2919 3857 Domini
2948 3801 3118 3856 nostri
3147 3799 3273 3856 Jesu
3298 3800 3528 3856 Christi.
3552 3822 3572 3852 ι

2116 3911 2136 3944 ι
2164 3893 2246 3947 Ad
2278 3893 2420 3948 hanc
2455 3892 2619 3962 igitur
2655 3892 3084 3947 exhortationem
3115 3888 3231 3959 ejus
3266 3892 3637 3960 deprecantes

2047 4002 2065 4036 ι
2101 3983 2386 4038 Dominum
2433 3983 2822 4053 permanebant
2863 3983 2918 4036 in
2956 3990 3248 4050 conspectu
3282 3982 3524 4047 Domini,
3560 3985 3634 4038 ita

2046 4091 2066 4124 ‹
2099 4080 2157 4127 ut
2206 4073 2369 4127 etiam
2415 4073 2472 4126 hi
2522 4071 2613 4141 qui
2667 4070 2966 4126 offerebant
2998 4070 3226 4125 Domino
3283 4071 3631 4138 holocausta,

2047 4182 2066 4215 ι
2093 4163 2368 4234 praecincti
2417 4163 2608 4219 ciliciis
2653 4163 2911 4220 olferrent
2957 4162 3227 4218 sacrificia
3271 4165 3522 4230 Domino,
3578 4179 3640 4227 et

2047 4274 2064 4307 ι
2103 4264 2222 4310 erat
2246 4254 2383 4309 cinis
2429 4269 2592 4324 super
2635 4255 2812 4324 capita
2855 4271 3061 4311 eorum.
3095 4255 3164 4308 Et
3199 4269 3266 4309 ex
3312 4263 3426 4311 toto
3459 4259 3638 4315 corde

2047 4365 2066 4399 ι
2095 4363 2195 4403 suo
2239 4362 2428 4404 omnes
2463 4349 2693 4403 orabant
2744 4347 2930 4412 Deum,
2973 4356 3033 4402 ut
3071 4349 3320 4404 visitaret
3364 4351 3636 4419 populum

2049 4457 2067 4490 ε
2100 4453 2256 4493 suum
2281 4436 2466 4492 Israel.
2489 4457 2507 4488 ι
2542 4438 2785 4508 Denique
2815 4439 3016 4503 ﬁdeles,
3058 4439 3474 4508 praedicatorum
3501 4457 3638 4498 suo-

2029 4544 2167 4609 ‘rum
2193 4529 2570 4584 exhortatione
2588 4527 2898 4592 confortati,
2922 4537 3241 4596 permanent
3265 4530 3323 4583 in
3350 4532 3634 4597 oratione,

2046 4629 2102 4676 et
2133 4635 2200 4675 eo
2237 4621 2424 4692 magis,
2473 4636 2581 4690 quo
2618 4622 2880 4675 bonorum
2935 4621 3316 4690 magistrorum
3361 4624 3637 4694 exemplis

2046 4718 2425 4780 provocantur,
2455 4711 2546 4780 qui
2576 4711 2869 4765 secundum
2913 4711 3124 4765 Domini
3174 4722 3502 4781 praseeptum
3547 4715 3638 4772 di-

2048 4811 2176 4855 cunt
2207 4810 2264 4856 et
2291 4800 2514 4856 faciunt.
2557 4799 2800 4855 Offerunt
2836 4815 2965 4872 ergo
2991 4801 3245 4856 Ecclesia:
3287 4801 3491 4858 Christi
3543 4822 3636 4861 sa-

2047 4891 2294 4946 cerdotes
2312 4889 2585 4960 praecincti
2606 4889 2797 4944 ciliciis
2817 4889 3126 4945 holocausta
3147 4891 3390 4956 Domino,
3407 4895 3637 4962 quando

2047 4995 2268 5050 carnem
2312 4995 2464 5035 suam
2509 4978 2882 5050 crueiligentes
2929 4995 3051 5042 cum
3092 4979 3238 5035 vitiis
3273 4991 3328 5036 et
3366 4986 3636 5054 concupi-

2048 5070 2269 5124 scentiis
2310 5078 2476 5124 totam
2507 5070 2674 5123 vitam
2719 5069 2968 5124 dedicant
3005 5070 3132 5124 Deo.
3164 5068 3411 5125 Oll‘erunt
3445 5081 3503 5126 et
3539 5089 3635 5128 sa-

2049 5161 2252 5216 crificia
2281 5161 2529 5226 Domino,
2557 5161 2776 5231 quando
2801 5161 3033 5216 hostiam
3052 5161 3225 5217 laudis
3251 5177 3348 5217 ore
3365 5174 3422 5218 et
3441 5165 3634 5221 animo

2046 5251 2280 5308 offerunt
2321 5252 2532 5306 devoto.
2573 5253 2631 5306 In
2667 5266 2897 5321 quorum
2926 5251 3192 5321 capitibus
3215 5254 3435 5322 ponitur
3460 5255 3631 5322 cinis,

2049 5357 2171 5398 cum
2200 5341 2502 5412 fragilitatis
2528 5357 2638 5396 suae
2678 5341 2864 5396 sedqu
2890 5356 3156 5396 memores
3185 5343 3348 5402 corde
3384 5346 3634 5400 contrito

2047 5442 2103 5488 et
2127 5433 2404 5487 humiliato
2442 5432 2706 5502 Iaerymas
2737 5431 2962 5486 Domino
3001 5447 3099 5502 pro
3135 5431 3310 5487 salute
3336 5433 3450 5487 veri
3495 5433 3633 5489 fun-

2048 5525 2182 5579 dunt
2228 5523 2460 5589 Israelis,
2503 5532 2770 5594 quatenus
2808 5524 2876 5578 ab
2899 5523 3130 5578 inimicis
3154 5523 3364 5580 liberati
3401 5524 3468 5580 ad
3491 5537 3634 5580 con-

2047 5624 2290 5686 spectum
2317 5615 2629 5686 perveniant
2659 5616 2738 5670 sui
2771 5614 3159 5684 Redemptoris.
