3876 6136
250 296 368 353 553
952 330 957 333 Α

890 403 1116 460 CAPUT
1157 406 1215 460 V.

254 498 418 565 Quod
460 496 773 567 Holofernes
812 497 1033 552 audiens
1076 498 1215 566 ﬁlios
1247 498 1417 553 Israel
1458 501 1652 554 itinera
1695 519 1847 555 mon-

331 570 464 623 tium
499 566 836 639 conclusisse,
866 567 1035 639 iratus
1069 578 1145 639 est
1177 568 1346 632 valde,
1375 580 1421 622 et
1458 587 1489 622 α
1528 571 1849 639 principibus

330 640 447 707 suis
489 638 736 707 exquirit,
778 637 913 708 unde
933 638 1033 705 ﬁlii
1064 637 1229 692 Israel
1270 637 1536 708 origincm'
1566 637 1847 702 ducerent,

331 708 411 762 vel
437 723 555 778 qua:
580 707 964 778 eorumvirtus
1004 718 1151 778 esset,
1204 708 1289 762 cui
1322 707 1518 761 Aeliior
1552 709 1756 777 plenius
1786 710 1852 761 de

333 776 513 848 linere
541 776 823 845 respondit.
852 776 934 829 Ad
973 777 1088 846 ejus
1120 777 1424 832 relationem
1445 776 1570 831 irati
1591 779 1851 848 principes

336 847 663 916 Holofernis.

342 977 362 1009 ι
400 957 825 1026 Nuntiatumque
848 965 932 1012 est
958 956 1232 1013 Holoferni
1260 959 1492 1029 principi
1523 960 1727 1015 militia:
1756 961 1853 1016 As-

265 1074 288 1104 c
330 1051 623 1123 syriorum,
673 1050 816 1118 quod
847 1048 942 1104 lilii
970 1050 1138 1105 Israel
1184 1060 1551 1121 praepararent
1588 1067 1646 1107 se
1672 1052 1739 1106 ad
1771 1068 1855 1105 re-

266 1165 286 1195 c
321 1143 646 1206 sistendum,
688 1157 752 1196 ac
791 1143 1054 1197 montium
1095 1144 1287 1197 itinera
1337 1144 1753 1209 conclusissent,
1800 1153 1856 1200 et

266 1257 289 1288 ε
324 1235 510 1290 furore
551 1234 718 1288 nimio
761 1236 969 1290 exarsit
1002 1235 1055 1289 in
1096 1236 1374 1290 iracundia
1417 1253 1632 1308 magna,
1690 1254 1849 1293 voca-

270 1344 291 1377 ι
325 1326 513 1395 γίιίιυθ
549 1340 737 1378 omnes
764 1325 1031 1395 principes
1056 1325 1210 1380 Moab
1235 1335 1291 1380 et
1321 1326 1486 1382 duces
1514 1328 1769 1395 Ammon,
1800 1339 1855 1383 et

272 1434 290 1464 ι
319 1414 457 1468 dixit
506 1413 630 1467 eis:
661 1414 833 1468 Dicite
877 1415 1010 1468 mihi
1055 1416 1178 1484 quis
1214 1416 1286 1471 sit
1326 1418 1555 1486 populus
1596 1421 1717 1484 iste,
1764 1422 1856 1489 qui

272 1523 294 1553 ι
329 1511 588 1559 montana
618 1504 848 1569 obsidet,
892 1514 985 1559 aut
1018 1522 1159 1577 quae,
1201 1515 1257 1561 et
1300 1508 1509 1577 quales,
1551 1519 1608 1564 et
1642 1520 1858 1579 quantm

269 1616 291 1647 ς
327 1598 439 1651 sint
467 1598 716 1651 civitates
745 1613 958 1662 eorum,
997 1613 1118 1667 quae
1145 1599 1307 1654 etiam
1335 1610 1405 1654 sit
1437 1601 1607 1656 virtus
1643 1617 1854 1668 eorum,

269 1710 290 1740 ‹
321 1700 413 1744 aut
439 1706 561 1761 qua:
603 1690 673 1745 sit
700 1689 983 1745 multitudo
1008 1706 1214 1757 eorum,
1264 1692 1347 1747 vel
1377 1693 1499 1763 quis
1523 1709 1619 1748 rex
1652 1693 1857 1749 militia:

1357 293 1721 351 EXPOSI'HO
1757 294 1825 350 ΙΝ
1865 294 2122 350 LIBRUM
2160 291 2422 349 JUDlTII.

1876 412 1921 470 Α
1954 422 2114 476 super
2137 406 2288 478 plaga
2320 421 2438 476 qum
2460 406 2509 461 ei
2545 407 2839 471 acciderat,
2884 423 2982 479 pro
3009 410 3375 465 consolatione
3403 412 3540 481 inju-

3432 299 3535 354 δδι

1954 500 2089 551 riam
2112 497 2403 551 inferentes
2428 495 2605 565 aliqua
2636 497 2689 551 in
2727 500 2838 552 suis
2874 499 3030 553 dictis
3056 515 3183 555 vere
3215 500 3543 568 inferebant,

1952 591 2044 644 sed
2074 596 2250 643 tamen
2282 604 2378 658 per
2402 589 2581 641 omnia
2612 589 2711 655 ipsi
2738 589 2951 642 veritati
2980 606 3085 645 non
3117 593 3540 647 concordabant.

1953 680 2162 734 llahent
2207 678 2405 748 quippe
2454 679 2694 733 haeretici
2742 680 3060 748 proprium,
3108 687 3168 734 ut
3198 680 3355 737 malis
3403 684 3542 739 bona

1952 769 2345 839 permisceant,
2392 776 2660 837 quatenus
2708 768 2864 823 facile
2907 770 3087 825 sensui
3131 772 3400 828 audientis
3427 774 3546 828 illu-

1953 863 2099 918 daut.
2131 862 2185 916 Si
2211 861 2356 915 enim
2395 876 2559 931 prava
2582 861 2860 926 dicerent,
2883 863 3043 918 citius
3072 863 3125 917 in
3162 879 3259 918 sua
3279 868 3547 934 pravitate

1954 955 2177 1025 cogniti,
2208 969 2329 1024 qua:
2372 955 2568 1009 vellent
2611 956 2813 1009 nemini
2855 957 3262 1027 persuaderent.
3306 959 3544 1017 Rursum

1955 1047 2000 1102 si
2049 1061 2266 1116 semper
2310 1054 2457 1100 recte
2498 1045 2803 1111 sentirent,
2851 1046 3096 1115 profecto
3143 1049 3384 1105 haeretici
3434 1068 3544 1108 non

1955 1137 2217 1205 fuissent;
2242 1140 2336 1195 sed
2352 1139 2475 1193 dum
2505 1138 2718 1194 fallendi
2741 1150 2859 1195 arte
2882 1141 2950 1195 ad
2964 1148 3191 1212 utraque
3212 1144 3544 1210 deserviunt,

1955 1240 2010 1287 et
2034 1247 2101 1286 ex
2132 1231 2289 1286 malis
2312 1232 2451 1287 bona
2476 1231 2736 1295 inﬁciunt,
2765 1240 2818 1284 et
2843 1246 2910 1285 ex
2950 1233 3108 1288 bonis
3140 1232 3299 1299 mala,
3331 1242 3387 1289 ut
3410 1237 3547 1291 reci-

1956 1324 2194 1393 piantur,
2218 1324 2574 1381 abscondunt.
2598 1322 2753 1378 Sicut
2776 1324 2866 1393 qui
2888 1326 3075 1379 veneni
3094 1326 3344 1395 poculum
3364 1329 3545 1397 porri-

1955 1414 2053 1487 git,
2085 1429 2179 1469 ora
2209 1414 2386 1483 poculi
2428 1414 2709 1469 dulcedine
2741 1415 2916 1469 mellis
2940 1416 3135 1486 tangit,
3174 1432 3405 1487 cumque
3441 1416 3548 1472 hoc

1954 1504 2099 1575 quod
2123 1504 2277 1559 dulce
2316 1512 2399 1559 est
2427 1504 2602 1574 primo
2639 1513 2787 1559 tactu
2819 1504 3109 1571 delibatur,
3138 1514 3194 1560 et
3238 1504 3368 1560 illud
3406 1509 3550 1577 quod

1956 1603 2039 1649 est
2065 1594 2401 1650 mortiferum
2429 1595 2799 1651 indubitanter
2825 1594 3146 1651 absorbetur
3170 1614 3183 1649 :
3217 1597 3401 1667 itaque
3430 1599 3544 1653 hm-

1957 1686 2132 1748 retici,
2162 1685 2287 1741 licet
2317 1686 2832 1755 permisceantrecta
2857 1688 3149 1757 perversis,
3178 1696 3240 1744 ut
3280 1691 3551 1745 audiendo

271 1802 291 1832 σ
325 1782 562 1848 illorum,
608 1791 664 1835 et
706 1796 875 1851 quare
915 1797 1028 1851 pne
1070 1783 1319 1838 omnibus
1365 1784 1458 1853 qui
1506 1784 1753 1839 habitant
1800 1785 1854 1839 in
1890 1764 1930 1821 Β
1958 1779 2100 1834 bona
2126 1779 2399 1833 auditores
2420 1778 2521 1833 sibi
2549 1778 2847 1844 attrahant,
2875 1787 2930 1834 et
2954 1780 3258 1836 exhibendo
3292 1781 3434 1836 mala
3457 1797 3551 1838 eos

270 1890 292 1921 ε
326 1871 568 1938 Oriente,
603 1872 692 1927 isti
726 1881 1169 1943 contempserunt
1214 1888 1334 1938 nos,
1379 1881 1434 1929 et
1470 1889 1578 1928 non
1604 1875 1857 1930 exierunt

271 1982 293 2015 σ
327 1964 544 2020 obviam
602 1965 777 2030 nobis,
835 1972 894 2017 ut
945 1966 1280 2035 susciperent
1335 1981 1436 2019 nos
1478 1981 1600 2020 cum
1647 1981 1798 2035 pace.
1832 1987 1850 2018 ι

262 2053 561 2108 Nuntiatur
586 2054 859 2109 lloloferni
893 2055 1088 2125 typice,
1125 2056 1269 2125 quod
1319 2055 1412 2109 ﬁlii
1449 2055 1614 2110 Israel
1645 2071 1855 2127 prmpa-

266 2153 391 2200 rent
421 2158 479 2199 se
517 2146 583 2199 ad
609 2144 990 2210 resistendum,
1031 2161 1093 2199 ac
1120 2146 1384 2201 montium
1417 2145 1609 2199 itinera
1642 2146 1857 2200 conclu-

265 2236 424 2299 dant,
450 2226 575 2304 quia
606 2236 707 2289 hoc
744 2235 1034 2290 innotescit
1071 2244 1272 2291 sancta:
1303 2236 1562 2292 Ecclesia:
1600 2252 1855 2306 persecu-

263 2326 480 2381 toribus
511 2326 798 2389 universis,
836 2328 927 2397 qui
965 2337 1160 2397 parent
1196 2327 1463 2381 voluntati
1493 2327 1714 2393 diaboli,
1756 2343 1854 2382 ceu

262 2418 515 2472 membra
555 2419 738 2488 capiti,
770 2419 912 2489 quod
953 2419 1238 2473 credentes
1266 2418 1481 2473 Christo
1512 2418 1739 2473 Domino
1768 2420 1858 2474 de-

263 2506 506 2562 liberant
536 2522 838 2578 repugnare
872 2506 1027 2563 malis
1052 2510 1232 2565 animo
1262 2508 1389 2575 ﬁdo,
1430 2518 1487 2563 et
1523 2525 1739 2566 omnem
1772 2526 1855 2565 su-

262 2600 513 2669 perbiam
555 2601 909 2666 detestentur,
943 2617 1040 2672 per
1068 2588 1232 2672 quam
1276 2602 1515 2658 maxime
1555 2604 1857 2659 adversarii

266 2691 574 2761 irrumpere
609 2702 663 2746 et
691 2693 908 2747 vincere
946 2693 1182 2747 student.
1229 2692 1367 2748 llinc
1405 2694 1650 2749 irritatus
1686 2696 1858 2751 hostis

266 2780 588 2835 admirando
635 2782 962 2847 sciscitatur,
1018 2783 1161 2837 unde
1209 2783 1289 2837 eis
1340 2791 1487 2837 tanta
1534 2783 1606 2838 sit
1660 2786 1858 2840 mentis

268 2873 599 2936 constantia,
632 2874 771 2942 quod
821 2873 1214 2928 munimentum
1256 2873 1401 2938 ﬁdei,
1433 2873 1554 2943 quis
1586 2889 1700 2938 rex,
1739 2889 1859 2944 qua:

267 2965 465 3021 militia
498 2974 659 3019 tanta:
682 2966 917 3031 virtutis,
950 2962 1104 3033 cujus
1133 2966 1385 3034 potentite
1416 2980 1575 3020 nemo
1606 2964 1859 3020 resistere

266 3057 478 3128 possit?
524 3057 593 3112 Et
637 3059 774 3113 bene
806 3059 859 3113 in
898 3056 1120 3114 Oriente
1158 3059 1245 3112 isti
1292 3059 1540 3114 habitare
1582 3060 1857 3122 dicuntur,

1957 1870 2189 1927 latenter
2206 1880 2358 1941 peste
2377 1878 2745 1941 corrumpant,
2783 1871 3069 1941 aliquando
3090 1881 3268 1929 tamen
3291 1874 3556 1944 praedica-

1958 1962 2106 2016 tione
2150 1961 2409 2018 Ecclesia:
2450 1970 2650 2018 sancte
2694 1971 2748 2017 et
2795 1962 3174 2019 exhortatione
3220 1966 3453 2019 correcti
3483 1964 3552 2019 ab

1958 2053 2061 2106 hac
2100 2067 2292 2107 sensus
2332 2052 2414 2106 sui
2455 2051 2768 2106 diversitate
2810 2051 3109 2106 salvantur.
3160 2053 3313 2107 Sicut
3349 2053 3553 2109 Achior

1959 2140 2145 2196 videns
2174 2140 2453 2195 victoriam
2477 2138 2689 2205 Judith,
2722 2140 2940 2210 reliquit
2965 2155 3205 2195 errorem
3235 2142 3548 2212 pristinum,

1957 2241 2014 2287 et
2032 2233 2335 2288 associatus
2359 2241 2445 2287 est
2472 2233 2730 2288 lsraelitis
2763 2247 2859 2302 per
2902 2233 3274 2289 credulitatem
3315 2235 3552 2291 circum-

1957 2324 2144 2379 cidens
2175 2339 2396 2379 carnem
2418 2324 2662 2394 prmputii
2690 2324 2793 2389 sui,
2836 2332 2889 2379 et
2923 2326 3198 2395 appositus
3238 2335 3323 2382 est
3361 2327 3430 2380 ad
3457 2341 3554 2397 po-

1959 2415 2142 2485 pulum
2184 2414 2298 2469 Dei.
2332 2413 2474 2469 Ilinc
2514 2423 2568 2469 et
2604 2414 2766 2470 amici
2806 2413 2906 2469 Job
2953 2415 3410 2472 reconciliationis
3438 2433 3552 2472 suae

1958 2506 2284 2564 sacriﬁcium
2311 2507 2429 2577 ejus
2466 2507 2532 2562 de
2567 2506 2739 2561 sancti
2767 2507 2866 2561 viri
2910 2508 3157 2562 manibus
3181 2507 3413 2564 offerunt
3432 2550 3447 2575 ,
3474 2519 3556 2564 at-

1959 2613 2063 2668 que
2085 2598 2153 2652 ad
2172 2598 2388 2668 superni
2407 2596 2604 2666 judicis
2627 2598 2858 2669 gratiam
2872 2598 2955 2653 vel
2976 2599 3175 2654 addicti
3194 2608 3550 2666 revocantur;

1960 2702 2095 2758 quos
2143 2696 2323 2743 tamen
2379 2688 2434 2742 in
2481 2688 2774 2759 Evangelia
2837 2687 2926 2743 illa
2978 2690 3167 2744 decem
3218 2688 3555 2760 leprosorum

1962 2782 2241 2836 mundatio
2286 2781 2547 2853 designat.
2593 2781 2649 2836 ln
2680 2782 2827 2852 lepra
2856 2782 3051 2852 quippe
3078 2790 3134 2838 et
3178 2798 3306 2853 pars
3332 2783 3472 2838 cutis
3501 2783 3557 2837 in

1961 2872 2225 2941 fulgorem
2259 2871 2490 2933 ducitur,
2522 2879 2579 2925 et
2616 2886 2744 2941 pars
2779 2872 2833 2925 in
2874 2871 3053 2927 colore
3090 2886 3226 2927 sano
3269 2874 3553 2927 retinetur.

1961 2963 2183 3034 Leprosi
2210 2966 2394 3034 itaque
2436 2963 2724 3017 haereticos
2758 2961 3087 3032 exprimunt,
3118 2963 3210 3031 qui
3239 2961 3366 3017 dum
3390 2962 3557 3017 rectis

1965 3068 2128 3122 prava
2156 3052 2758 3122 permiscent,colorem
2784 3066 2974 3105 sanum
3000 3050 3227 3105 maculis
3242 3059 3551 3121 aspergunt.

268 3121 399 3220 quia
431 3147 636 3201 tantine
662 3149 785 3202 ﬁdei
832 3165 897 3204 ac
941 3148 1060 3204 luce
1090 3148 1330 3203 scientiae
1378 3149 1514 3205 tales
1552 3165 1769 3220 semper
1802 3121 1863 3204 il-
1889 3121 1934 3182 ο
1967 3121 2123 3199 Unde
2158 3121 2225 3198 et
2267 3144 2406 3199 bene
2450 3156 2509 3196 ut
2554 3142 2847 3207 salventur,
2894 3141 3163 3197 clamant:
3195 3160 3213 3192 ι
3242 3140 3390 3208 Jesu,
3421 3156 3559 3210 pne-

268 3236 498 3292 lustrari
546 3239 876 3304 desiderant,
920 3248 1189 3310 quatenus
1227 3239 1575 3295 tenebrarum
1612 3241 1864 3296 cohortes

268 3341 586 3401 expugnare
608 3345 673 3385 ac
700 3330 960 3400 repellere
985 3329 1199 3385 facilius
1228 3330 1459 3400 possint.

351 3442 371 3475 ι
406 3422 563 3480 Tunc
589 3424 791 3479 Achior
819 3425 923 3480 dux
953 3424 1197 3479 omnium
1239 3422 1473 3478 ﬁliorum
1506 3423 1738 3478 Ammon
1778 3437 1864 3477 rc-

278 3535 298 3567 σ
327 3516 601 3585 spondens
643 3515 719 3569 ait
748 3534 761 3570 :
789 3516 845 3570 Si
876 3516 1115 3586 digneris
1155 3515 1361 3579 audire,
1390 3514 1616 3570 Domine
1650 3515 1745 3579 mi,
1778 3515 1853 3569 (li-

278 3627 298 3657 ι
325 3620 449 3661 cam
477 3606 759 3661 veritatem
793 3608 844 3660 in
876 3615 1165 3677 conspectu
1195 3615 1286 3663 tuo
1313 3607 1380 3661 de
1406 3607 1606 3678 populo
1645 3617 1737 3664 tuo
1769 3610 1862 3678 qui

278 3716 297 3747 ι
332 3695 388 3750 in
428 3697 701 3751 montanis
750 3697 977 3761 habitat,
1016 3707 1069 3752 et
1113 3714 1218 3753 non
1274 3699 1582 3769 egredietur
1641 3701 1864 3755 verbum

280 3805 299 3837 ι
335 3785 528 3841 falsum
560 3801 622 3840 ex
646 3801 739 3841 ore
763 3803 901 3843 meo.
930 3787 1164 3857 Populus
1191 3789 1291 3849 iste
1327 3804 1393 3844 ex
1416 3790 1673 3860 progenie
1703 3788 1865 3844 Chal-

277 3897 297 3927 σ
338 3878 583 3933 datorum
610 3886 712 3932 est.
760 3876 857 3932 llic
887 3880 1118 3953 primum
1161 3880 1214 3932 in
1246 3878 1630 3949 Mesopotamia
1661 3880 1865 3934 habita.

277 3986 297 4018 ι
330 3968 431 4030 vit,
459 3968 716 4037 quoniam
746 3968 1034 4023 noluerunt
1063 3969 1213 4038 sequi
1243 3969 1373 4024 deos
1400 3979 1614 4039 patrum
1640 3985 1861 4026 suorum

277 4077 297 4108 ι
328 4060 419 4129 qui
453 4067 611 4113 erant
636 4059 689 4112 in
722 4069 862 4113 terra
890 4058 1285 4114 Challazorum.
1331 4061 1654 4116 Deserentes
1681 4060 1863 4131 itaque

277 4174 295 4203 ι
324 4154 685 4210 caremonias
723 4162 937 4223 patrum
976 4169 1219 4218 suorum,
1252 4169 1372 4223 qua:
1422 4154 1475 4209 in
1519 4153 1863 4209 multitudine

278 4262 298 4294 4
324 4246 553 4300 deorum
590 4252 769 4309 erant,
798 4259 961 4298 unum
990 4243 1157 4299 Deum
1187 4243 1310 4299 caeli
1350 4245 1655 4310 coluerunt,
1685 4244 1777 4315 qui
1806 4252 1863 4298 et

277 4356 297 4391 σ
324 4336 590 4406 prmeepit
629 4336 708 4391 eis
750 4345 809 4390 ut
842 4336 1053 4390 exirent
1073 4336 1198 4391 inde
1217 4344 1273 4391 et
1296 4336 1603 4391 habitarent
1641 4338 1695 4391 in
1727 4337 1864 4393 Cho-

272 4446 294 4477 ς
324 4442 443 4481 ran.
477 4446 499 4478 ι
525 4425 633 4481 Per
654 4425 855 4481 Achior
893 4426 1086 4482 ducem
1115 4426 1349 4482 ﬁliorum
1385 4427 1637 4494 Ammon,
1683 4430 1775 4498 qui
1805 4428 1866 4483 li-

1971 3255 1989 3287 ί
2028 3244 2234 3304 ceptor,
2264 3255 2283 3288 ›
2309 3236 2401 3306 qui
2426 3236 2568 3290 enim
2596 3236 2649 3289 in
2676 3235 2791 3304 ejus
2818 3235 2999 3291 verbis
3026 3250 3084 3290 se
3106 3249 3319 3290 errasse
3350 3234 3560 3305 signiﬁ-

1966 3338 2094 3386 cant
2120 3332 2263 3384 hunc
2292 3330 2533 3384 salvandi
2563 3328 2840 3384 humiliter
2859 3337 3248 3398 praeceptorem
3270 3335 3485 3382 vocant.

2040 3440 2058 3471 ι
2096 3420 2163 3475 Ει
2191 3419 2391 3475 factum
2425 3428 2528 3483 est,
2560 3434 2682 3474 cum
2704 3427 2971 3475 cessasset
2997 3418 3140 3488 loqui
3166 3418 3370 3474 Acbior
3394 3418 3560 3472 verba

1972 3530 1988 3561 ι
2025 3510 2160 3574 ὶιεῐιο,
2184 3510 2306 3564 irati
2334 3517 2461 3565 sunt
2483 3524 2674 3581 omnes
2695 3517 2971 3583 maguates
2993 3506 3319 3573 llolofcrnis,
3341 3516 3396 3563 et
3420 3508 3563 3576 cogi-

1971 3621 1988 3652 ι
2036 3601 2224 3656 labant
2269 3600 2575 3657 interﬁcere
2622 3615 2769 3665 eum,
2817 3600 3059 3655 dicentes
3101 3599 3170 3654 ad
3206 3599 3562 3653 alterutrum:

1971 3715 1987 3746 ι
2024 3695 2158 3763 Quis
2194 3704 2279 3751 est
2313 3696 2416 3750 iste
2445 3695 2537 3765 qui
2578 3694 2724 3749 dicat
2765 3693 2904 3749 ﬁlios
2932 3691 3099 3747 Israel
3122 3707 3284 3763 posse
3309 3691 3564 3746 resistere

1971 3806 1989 3837 ι
2035 3787 2147 3857 regi
2173 3785 2675 3842 Nabuchodonosor
2703 3793 2758 3841 et
2782 3784 3112 3841 exercitibus
3146 3783 3292 3853 ejus,
3317 3783 3565 3838 homines

1971 3898 1989 3929 ι
2036 3879 2272 3935 inermes
2305 3918 2320 3943 ,
2344 3886 2405 3953 et.
2432 3878 2549 3932 sine
2576 3878 2797 3943 virtute,
2824 3885 2879 3932 et
2915 3876 3033 3932 sine
3059 3876 3257 3947 peritia
3287 3876 3423 3932 artis
3460 3892 3532 3948 pu
3552 3904 3568 3919 ς

1971 3989 1988 4020 ι
2028 3969 2180 4040 gnze?
2213 3968 2281 4024 Ut
2303 3983 2433 4038 ergo
2454 3976 2712 4040 agnoscat
2736 3967 2939 4023 Achior
2960 3968 3218 4038 quoniam
3246 3967 3388 4024 fallit
3432 3984 3561 4036 nos,

1972 4081 1987 4112 ι
2030 4061 2388 4116 ascendamus
2414 4061 2469 4115 in
2495 4068 2773 4125 montana,
2796 4067 2854 4114 et
2893 4074 3015 4115 cum
3057 4061 3200 4132 capti
3241 4060 3445 4117 fuerint
3471 4077 3567 4133 po-

1972 4171 1990 4202 (
2032 4160 2209 4207 tentes
2234 4167 2446 4215 eorum,
2478 4159 2606 4205 tunc
2630 4166 2753 4206 cum
2776 4152 2978 4207 eisdem
3007 4152 3187 4223 gladio
3216 4154 3563 4209 transverbe-

1970 4261 1989 4294 ι
2033 4243 2259 4299 rabitur.
2299 4264 2318 4295 ι
2346 4243 2620 4315 Magnates
2648 4241 2952 4298 Holofernis
2983 4244 3166 4299 audito
3211 4244 3455 4300 veritatis
3494 4253 3568 4299 te-

1966 4336 2226 4392 stimonio
2259 4336 2567 4389 irascuntur
2589 4375 2605 4400 ,
2642 4350 2764 4390 cum
2804 4336 2860 4390 hi
2883 4333 2973 4405 qui
3009 4336 3063 4390 in
3108 4336 3248 4392 fastu
3293 4336 3567 4392 mundano

1968 4427 2289 4496 superbiant
2352 4427 2680 4483 testiﬁcante
2718 4427 3011 4499 Evangelia
3052 4428 3309 4485 virtutem
3357 4428 3562 4484 Christi

265 4529 353 4574 cet
379 4518 704 4574 idololatria:
743 4519 957 4573 deditus
982 4518 1164 4583 fuerit,
1211 4527 1392 4574 tamen
1436 4520 1616 4590 aliqua
1642 4495 1770 4575 vera
1796 4522 1864 4576 de
1890 4495 1942 4554 Ῑ)
1970 4495 2208 4583 irritant,
2236 4526 2400 4588 atque
2415 4518 2801 4588 praedicatores
2828 4495 2998 4588 ipsius
3036 4534 3160 4574 cum
3186 4527 3381 4575 cattera
3406 4521 3564 4575 turba

266 4610 468 4665 divinis
488 4609 750 4680 operibus
772 4618 936 4680 atque
968 4610 1246 4666 miraculis
1267 4611 1598 4682 praedicavit,
1638 4628 1746 4668 non
1784 4614 1865 4668 in-

261 4703 660 4758 convenienter
691 4701 764 4757 illi
800 4703 1193 4775 intelliguntur,
1240 4705 1331 4760 oui
1370 4707 1606 4761 nondum
1643 4722 1865 4778 regene-

265 4797 371 4851 rati
409 4802 543 4851 sunt
580 4794 780 4850 Christi
830 4796 1173 4865 baptismate,
1208 4811 1311 4852 nec
1337 4796 1495 4852 ﬁdem
1537 4799 1861 4854 catholicam

259 4886 512 4957 perfecte
546 4886 873 4952 didicerunt,
903 4887 999 4942 scd
1029 4897 1207 4943 tamen
1247 4887 1427 4957 aliqua
1460 4888 1576 4957 jam
1600 4890 1862 4946 doctrina:

260 4976 599 5048 evangelica:
664 4977 893 5046 insignia
952 4976 1220 5033 audiendo
1270 4988 1670 5049 perceperunt,
1738 4996 1859 5051 qua:

259 5071 435 5125 etiam
472 5068 719 5140 proferre
764 5071 834 5124 ad
880 5069 1109 5125 aliorum
1157 5072 1409 5127 notitiam
1458 5088 1564 5126 non
1611 5074 1861 5143 pertime-

258 5170 451 5227 scunt,
482 5177 603 5231 qua:
645 5161 766 5217 ﬁdei
802 5170 999 5217 nostra:
1028 5163 1382 5218 concordant.
1428 5164 1490 5218 lli
1538 5173 1726 5219 contra
1757 5165 1860 5219 Ec-

255 5255 454 5311 clesia:
499 5253 761 5309 unitatem
805 5268 927 5308 cum
974 5254 1188 5309 cancris
1230 5255 1670 5324 persecutoribus
1714 5253 1866 5309 Chri-

252 5346 463 5402 stiana:
515 5344 638 5398 ﬁdei
695 5343 820 5399 licet
870 5361 1111 5416 pugnare
1158 5361 1264 5401 non
1300 5347 1628 5409 detrectent,
1688 5356 1863 5400 tamen

252 5436 487 5494 ratione
530 5436 774 5491 veritatis
824 5437 1062 5506 superati
1116 5438 1285 5506 ipsam
1335 5437 1618 5490 veritatem
1667 5452 1864 5507 usque-

252 5542 490 5600 quaque
540 5527 872 5581 abscondere
923 5543 1028 5582 non
1077 5537 1347 5597 possunt,
1397 5527 1503 5581 imo
1552 5526 1867 5596 plerumque

252 5633 395 5672 eam
443 5616 636 5671 lucidis
680 5618 961 5672 sententiis
1005 5629 1277 5687 promunt.
1311 5617 1461 5673 Unde
1507 5617 1560 5670 in
1603 5615 1740 5669 libro
1767 5616 1866 5670 Job

257 5712 437 5769 amici
466 5712 636 5780 ipsius
667 5707 789 5773 Job,
816 5710 907 5779 qui
930 5711 998 5763 ad
1030 5710 1415 5765 consolandum
1451 5726 1573 5765 eum
1607 5718 1866 5765 venerant

650 5805 922 5867 Ρλτεεοι..
971 5806 1135 5867 CIX.

1968 4608 2207 4666 ﬁdelium
2230 4612 2540 4667 interimere
2566 4612 2861 4677 minantur,
2885 4613 3039 4682 quasi
3062 4613 3307 4669 homines
3330 4613 3567 4670 inermes

1965 4715 2019 4759 et
2046 4703 2309 4759 inhabiles
2330 4719 2520 4776 pugna:
2546 4705 2846 4760 forinsecus
2868 4704 3187 4774 despiciunt,
3212 4706 3303 4775 qui
3327 4706 3564 4776 vigorem

1966 4798 2132 4851 animi
2179 4813 2366 4851 eorum
2409 4806 2465 4852 et
2511 4796 2632 4852 ﬁdei
2669 4797 2945 4861 virtutem,
2993 4797 3188 4868 quibus
3227 4799 3568 4871 invisibiliter

1965 4899 2155 4943 contra
2187 4888 2373 4941 hostes
2415 4886 2722 4956 Spirituales
2757 4893 3016 4956 pugnant,
3046 4887 3393 4943 considerare
3421 4889 3563 4943 inte-

1962 4979 2075 5034 rius
2100 4986 2391 5047 nequeunt,
2418 4978 2571 5048 quasi
2596 4979 2763 5032 turba:
2785 4978 3040 5047 periturae
3066 4992 3344 5046 praecones
3367 4981 3566 5035 verita-

1963 5072 2033 5126 tis
2062 5073 2273 5126 tradere
2294 5070 2508 5139 jubent,
2551 5072 2643 5139 qui
2674 5085 2767 5139 spe
2797 5068 2930 5125 falsa
2963 5072 3221 5141 potentiae
3249 5088 3360 5128 sua:
3387 5089 3447 5128 se
3468 5075 3563 5129 de-

1964 5162 2111 5219 lusos
2141 5178 2260 5218 esse
2287 5178 2390 5218 non
2424 5162 2628 5217 vident.
2676 5161 2813 5216 Iliae
2859 5161 2911 5214 in
2938 5162 3228 5235 Evangelio
3253 5161 3443 5228 Judrei,
3473 5165 3562 5233 qui

1966 5265 2187 5328 propter
2241 5256 2523 5325 perﬁdiam
2574 5271 2727 5309 suam
2779 5256 2848 5310 ad
2908 5255 3205 5327 phalangas
3255 5256 3559 5311 Holofernis

1973 5348 2147 5418 typice
2176 5346 2581 5417 perveniebant,
2613 5362 2758 5401 οωςο
2787 5356 2915 5401 nato
2961 5363 2992 5399 a
3042 5346 3322 5402 Salvatore
3362 5346 3563 5399 illumi-

1970 5448 2117 5502 nato,
2151 5454 2311 5508 quem
2355 5454 2384 5491 a
2432 5454 2699 5508 synagoga
2742 5438 3033 5507 eiecerunt,
3068 5440 3218 5507 quasi
3244 5438 3565 5491 insullanles

1969 5538 2134 5600 atque
2177 5529 2559 5584 maledicentes
2605 5529 2889 5583 dicebant:
2938 5547 2954 5576 ‹
2993 5529 3067 5580 Tu
3115 5528 3280 5593 ttisrip
3308 5528 3404 5577 ius
3448 5526 3563 5592 (-jw.

1976 5640 1992 5670 α
2032 5621 2127 5684 SlS,
2157 5637 2254 5674 nos
2285 5631 2462 5677 autem
2496 5620 2661 5688 Moysi
2701 5620 2942 5686 discipuli
2987 5636 3191 5677 ‘lllit'fn‘,
3220 5636 3237 5667 )
3292 5619 3412 5679 qui:
3439 5634 3559 5665 ww

1969 5713 2237 5782 perlitum
2270 5711 2706 5773 :estimaveruut,
2751 5709 2843 5777 qui
2876 5714 2941 5762 de
2977 5724 3073 5762 suo
3108 5707 3378 5762 consortio
3403 5721 3564 5777 sepa»

3015 5800 3088 5863 lS
