3876 6136
396 318 503 374 555

1038 310 1100 365 Β.
1143 308 1396 365 RABANI
1437 308 1659 365 MAURI
1698 303 1989 362 ARCHIEF

2103 300 2371 402 locum.
2410 297 2697 356 OPERUM
2724 294 2916 390 ritus
2952 295 2993 351 ι.
3553 296 3631 354 21,5

394 438 550 483 ratus
579 426 934 496 redemptoris
954 422 1295 492 discipulatui
1330 421 1665 485 adhaesisset,
1691 433 1849 489 quem
1872 435 1993 473 eru-
2023 424 2069 478 Α
2096 417 2191 470 Dei
2243 416 2333 469 diu
2386 414 2642 483 indigam,
2674 410 3001 480 evangelicis
3047 410 3307 465 doctrinis
3356 418 3407 464 et
3452 415 3636 484 dapibus

396 514 614 584 ciz'Tgere
651 530 714 569 ac
743 513 901 568 morti
934 512 1147 567 tradere
1168 511 1279 581 jam
1311 520 1422 567 tum
1446 512 1813 567 decreverant.
1834 507 1990 562 Unde

392 604 532 658 bene
586 602 851 671 ejusmodi
908 601 1178 663 convenit,
1230 598 1376 668 quod
1422 599 1488 654 de
1535 597 1736 652 Acbior
1784 594 1989 679 factum

397 695 677 767 Scriptura
706 699 1112 756 commemorat,
1139 690 1344 744 dicens.

1014 819 1241 877 CAPUT
1288 820 1375 874 Vl.

396 916 717 987 Holofernae
734 914 926 987 Achior
944 912 1264 987 sacerdotem
1284 909 1561 987 ducijubet
1588 909 1675 987 ad_
1689 908 1989 987 Bethuliam

466 977 719 1059 atqueud
745 985 983 1059 arborem
1007 982 1187 1059 ligari,
1209 998 1360 1051 quem
1385 977 1484 1049 ﬁlii
1505 977 1675 1033 Israel
1707 977 1991 1032 resolutum

463 1051 685 1113 uinculis
726 1054 795 1109 ad
830 1052 1127 1108 Belliuliam
1154 1051 1442 1115 duxerunt,
1475 1060 1628 1120 atque
1653 1065 1771 1103 eum
1807 1061 1990 1101 conso-

464 1129 562 1183 lati
582 1137 725 1182 sunt.

472 1260 492 1293 ι
533 1238 685 1296 Tune
727 1236 1049 1293 Holofernes
1076 1236 1334 1305 prmeepit
1365 1233 1539 1289 servis
1576 1233 1708 1299 suis,
1743 1240 1801 1287 ut
1845 1247 1993 1288 com-

402 1351 425 1386 ι
463 1329 859 1403 prehenderent
876 1327 1094 1391 Achior,
1110 1335 1165 1381 et
1188 1325 1548 1396 perducerent
1574 1339 1695 1378 eum
1720 1323 1771 1378 in
1790 1321 1992 1376 Bethu-

403 1444 421 1475 ι
468 1423 618 1487 liam,
649 1429 704 1475 et
744 1418 1021 1474 traderent
1044 1432 1168 1473 eum
1213 1416 1267 1470 in
1300 1429 1492 1470 manus
1523 1413 1756 1469 ﬁliorum
1800 1406 1986 1467 Israel.

404 1532 422 1562 ‹
467 1511 533 1567 Et
562 1510 887 1580 accipientes
935 1523 1057 1563 eum
1106 1505 1247 1561 servi
1280 1503 1581 1560 llololernis
1604 1503 1834 1575 profecti
1864 1510 1989 1558 sunt

402 1623 419 1653 ‹
460 1616 558 1673 per
604 1598 946 1670 campestria.
1013 1595 1118 1650 Sed
1178 1610 1302 1650 cum
1360 1593 1880 1665 apprOpinquasseut
1922 1591 1989 1645 ad

402 1714 419 1744 ι
459 1701 744 1757 montana,
797 1690 1048 1745 exierunt
1093 1695 1282 1741 contra
1325 1701 1420 1741 eos
1476 1682 1857 1749 fundibularii;
1910 1684 1986 1738 illi

2091 508 2351 561 virtutum
2374 504 2567 567 reﬁcit,
2597 502 2862 570 adjunctis
2885 502 2950 554 ad
2976 501 3079 554 hoc
3104 499 3409 554 convivium
3434 504 3637 562 omnibus

2091 597 2445 668 presbyteris,
2495 594 2619 663 quia
2652 592 2804 647 valde
2846 607 3141 661 congruum
3167 597 3269 656 est,
3301 600 3361 645 ut
3386 591 3438 645 iu
3476 592 3637 649 instru-

2089 688 2271 742 ctione
2287 686 2677 754 neopbytorum
2698 682 3002 754 presbyteri
3025 691 3080 737 et
3098 682 3355 737 virtutum
3371 682 3471 737 viri
3488 698 3639 754 aggre-

2092 787 2306 850 gentur,
2338 784 2605 844 quatenus
2643 788 2828 827 eorum
2856 771 3231 827 cohortatione
3255 780 3311 824 et
3338 774 3573 844 exemplis
3592 776 3642 831 ad

2093 868 2471 937 perﬁciendam
2501 876 2551 918 et
2580 865 3005 920 conservandam
3044 863 3201 918 ﬁdem
3250 864 3495 919 traditam
3518 868 3643 921 robo-

2094 968 2301 1013 rentur.
2336 957 2450 1012 Hoc
2502 956 2645 1011 enim
2693 954 2941 1009 fecerunt
2968 955 3191 1024 apostoli
3223 954 3444 1020 Christi,
3468 959 3644 1028 quando

2094 1050 2160 1103 ad
2176 1046 2609 1118 prmdicatiouem
2635 1045 2909 1116 Evangelii
2927 1045 3255 1099 dilatandam
3284 1047 3454 1101 sancti
3476 1049 3642 1103 ordinis

2092 1141 2238 1195 viros
2267 1140 2364 1194 sibi
2393 1139 2842 1207 subrogaverunt,
2867 1136 3215 1207 utEvangclii
3248 1139 3575 1194 seminarium
3599 1141 3641 1195 in

2093 1239 2262 1287 totam
2309 1231 2492 1286 mundi
2544 1229 2879 1284 latitudinem
2923 1229 3079 1300 longe
3117 1228 3331 1299 lateque
3369 1233 3644 1300 permultos

2093 1324 2475 1395 pnedicatores
2516 1321 2956 1392 dispergerctur,
3004 1329 3059 1374 et
3099 1319 3366 1390 plurimus
3420 1322 3643 1377 fructusa

2091 1415 2336 1485 pluribus
2365 1410 2697 1466 messoribus
2732 1411 2785 1464 in
2819 1410 3073 1465 horreum
3102 1411 3302 1466 Christi
3330 1413 3641 1468 conferretur.

2094 1505 2207 1561 Hoc
2229 1506 2390 1560 etiam
2419 1503 2608 1558 iisdem
2640 1502 2916 1572 discipulis
2942 1503 3056 1556 suis
3098 1503 3210 1574 ipsa
3253 1504 3464 1559 Veritas
3485 1518 3644 1573 pecce-

2090 1598 2236 1668 pisse
2257 1599 2490 1665 videtur,
2521 1614 2643 1654 cum
2686 1603 2739 1654 in
2768 1600 3058 1671 Evangelia
3083 1601 3157 1654 ait
3182 1615 3196 1653 :
3233 1600 3483 1656 «‘Levate
3498 1600 3646 1656 oculos

2099 1708 2117 1739 ί
2166 1698 2371 1745 vestros
2393 1699 2447 1744 ct
2469 1691 2648 1746 videte
2693 1692 2963 1759 regiones,
2992 1692 3118 1761 quia
3152 1692 3286 1747 albae
3317 1700 3446 1746 sunt
3476 1691 3568 1759 jam
3595 1692 3644 1744 ad

402 1802 419 1833 ε
458 1782 1029 1838 autemdivertentesa
1053 1778 1221 1831 latere
1242 1774 1989 1847 montis,ligavernntAchior
2017 1783 2063 1841 B
2098 1801 2116 1832 ‹
2164 1796 2414 1837 messem.-
2451 1802 2467 1833 ι
2496 1782 2557 1837 Et
2592 1784 2719 1838 item
2748 1803 2760 1838 :
2787 1804 2805 1835 ι
2844 1784 3054 1849 Mtrssis,
3074 1785 3265 1855 inquit,
3285 1783 3473 1851 multa,
3495 1800 3645 1854 opera-

404 1894 422 1924 ‹
464 1874 531 1929 ad
558 1874 805 1927 arborem
851 1869 1102 1925 manibus
1149 1878 1202 1921 et
1247 1867 1493 1938 pedibus,
1538 1873 1594 1921 et
1625 1865 1705 1921 sic
1747 1866 1989 1920 vinctum

404 1988 421 2018 ‹
466 1967 703 2021 restibus
730 1962 1053 2024 dimiserunt
1078 1975 1222 2025 cum,
1246 1967 1301 2014 et
1327 1958 1530 2015 reversi
1561 1966 1687 2014 sunt
1714 1958 1780 2012 ad
1820 1957 1993 2012 domi-

404 2079 419 2107 ι
466 2071 591 2111 num
608 2068 784 2110 suum.
799 2072 818 2106 ι
839 2052 993 2107 Servi
1012 2048 1315 2105 Holofernis
1330 2049 1777 2120 comprehensum
1792 2047 1992 2102 Achior

395 2165 495 2219 per
523 2145 847 2217 campestria
880 2144 1103 2206 ducunt,
1143 2142 1275 2197 cum
1297 2147 1678 2212 persecutores
1709 2138 1990 2195 catholicae

396 2240 521 2295 ﬁdei
564 2238 901 2295 confcssores
950 2234 1150 2291 Christi
1183 2233 1249 2288 ad
1290 2232 1473 2289 illicita
1515 2231 1781 2289 desideria
1835 2242 1889 2289 et
1922 2232 1989 2287 ad

394 2331 557 2385 latam
592 2336 755 2399 atque
796 2329 1087 2397 spatiusam
1135 2326 1277 2380 viam
1325 2324 1539 2391 sazeuli,
1580 2341 1698 2396 quae
1738 2325 1887 2380 ducit
1921 2325 1989 2379 ad

394 2430 645 2486 mortem,
676 2418 994 2489 pertrahere
1038 2417 1296 2486 cupiunt;
1350 2416 1445 2471 sed
1481 2430 1603 2471 cum
1650 2416 1719 2470 ad
1750 2423 1988 2470 montem

393 2507 848 2579 appropinquant,
872 2505 1221 2560 fundibularii
1240 2515 1429 2561 contra
1450 2520 1546 2561 eos
1573 2506 1776 2578 egressi
1794 2506 1990 2578 jaculis

392 2597 709 2668 perterritos
757 2595 975 2668 fugant;
1013 2595 1139 2665 quia
1173 2595 1276 2649 viri
1322 2594 1557 2661 virtutis,
1612 2595 1704 2665 qui
1744 2610 1992 2667 supernae

395 2687 841 2760 contemplationi
868 2687 1202 2757 frequentius
1218 2688 1532 2752 adhaerent,
1563 2686 1990 2741 testimoniorum

395 2780 608 2851 sagittis
664 2776 951 2833 malevolos
998 2776 1338 2849 perturbant.
1394 2777 1466 2832 At
1514 2776 1592 2832 illi
1635 2791 1758 2832 eum
1804 2785 1988 2832 votum

394 2886 553 2927 suum
585 2870 653 2925 ad
691 2867 942 2925 eﬁ'ectum
975 2868 1273 2940 perducere
1312 2876 1606 2939 nequeunt,
1652 2869 1888 2923 vinetum
1922 2868 1987 2923 ad

394 2963 643 3019 arborem
667 2960 918 3016 manibus
958 2968 1015 3015 et
1038 2960 1266 3030 pedibus
1310 2959 1479 3031 ligare
1507 2960 1813 3029 disponunt.
1851 2959 1990 3028 Quia

394 3054 618 3108 militem
669 3050 871 3107 Christi
906 3065 1027 3105 cum
1078 3065 1338 3120 persuasu
1383 3064 1550 3119 pravo
1582 3050 1841 3105 seducere
1878 3064 1987 3105 non

2100 1890 2119 1923 ι
2159 1872 2223 1926 rii
2270 1882 2447 1927 autem
2481 1875 2866 1947 pauei;rogate
2895 1876 3168 1931 dominum
3198 1876 3395 1932 messis
3431 1886 3485 1931 ut
3507 1877 3645 1931 mittat

2099 1981 2119 2014 ε
2161 1965 2437 2035 operarios
2466 1965 2519 2019 in
2547 1980 2779 2021 messem
2803 1981 2973 2021 suam.
3001 1986 3020 2019 ι

2700 2078 2928 2136 CAPUT
2967 2078 3077 2134 VII.

2089 2167 2168 2222 De
2194 2185 2253 2222 eo
2278 2169 2417 2239 quod
2436 2167 2746 2239 Holofernes
2767 2169 3057 2239 exercitum
3077 2169 3147 2223 ad
3176 2169 3479 2225 Bethuliam
3501 2169 3646 2231 duxit.

2160 2247 2207 2292 et
2223 2238 2403 2292 eorum
2426 2238 2769 2309 aquw'ductus
2790 2238 2953 2292 incidi
2977 2240 3239 2310 prwcepit,
3265 2256 3459 2312 eosque
3474 2258 3503 2293 α
3522 2240 3653 2309 fonti-

2160 2307 2257 2362 bus
2281 2309 2470 2362 arceri.
2498 2308 2651 2373 Quod
2671 2307 2929 2363 Bethulie
2949 2311 3102 2371 cives.
3136 2310 3251 2364 sitis
3292 2310 3509 2373 penuria
3533 2326 3656 2363 coar-

2160 2327 2257 2362 aus
2281 2327 2470 2362 arceri.
2498 2327 2650 2373 uuoa
2671 2327 2929 2363 bernium
2949 2327 3102 2371 aves.
3136 2327 3251 2364 sm:
3292 2327 3509 2380 penuria
3533 2327 3654 2363 mr-

2160 2378 2309 2444 ctati,
2336 2378 2405 2432 ad
2434 2376 2627 2447 Ossam
2656 2388 2930 2443 uenerunt,
2950 2389 3221 2447 precantes
3249 2380 3438 2436 urbem
3466 2378 3587 2433 tradi
3609 2380 3654 2432 in

2158 2464 2346 2502 manus
2390 2446 2731 2522 Holofernia,
2788 2464 2917 2521 quos
2951 2446 3050 2504 ille
3087 2450 3317 2522 quinque
3367 2449 3534 2504 adhuc
3565 2449 3653 2503 dies

2159 2526 2458 2589 exspectare
2480 2520 2775 2589 persuadet.

2163 2628 2181 2659 ι
2219 2606 2533 2665 Holofernes
2559 2618 2740 2665 autem
2772 2608 2943 2668 altera
2967 2610 3053 2666 die
3071 2613 3326 2683 praecepit
3357 2611 3655 2670 exercitibus

2094 2716 2112 2749 ι
2155 2698 2267 2752 suis
2288 2705 2346 2751 ut
2392 2698 2746 2754 ascenderem
2774 2709 2964 2755 contra
3002 2698 3328 2755 Bethuliam.
3359 2700 3481 2756 Filii
3504 2708 3656 2755 autem

2095 2810 2114 2843 ι
2154 2790 2318 2847 Israel
2346 2800 2403 2846 ut
2430 2792 2697 2847 viderunt
2743 2792 3140 2849 multitudinem
3170 2793 3411 2861 illorum,
3439 2801 3651 2864 prostra—

2094 2903 2113 2935 ι
2154 2891 2348 2938 verunt
2376 2898 2433 2938 se
2482 2898 2645 2954 super
2691 2892 2918 2950 terram,
2948 2884 3224 2939 mittentes
3262 2882 3503 2939 cinerem
3527 2896 3661 2952 super

2096 2994 2115 3026 ‹
2156 2974 2328 3044 capita
2359 2989 2489 3040 sua,
2535 2974 2819 3029 unanimes
2846 2981 3084 3049 orantes,
3129 2982 3191 3028 ut
3238 2974 3387 3029 Deus
3415 2973 3562 3029 lsrael
3587 2972 3663 3027 mi—

2097 3083 2115 3115 ι
2161 3065 2510 3120 sericordiam
2534 3079 2687 3120 suam
2710 3063 3020 3119 ostenderet
3041 3076 3204 3135 super
3225 3065 3485 3134 populum
3507 3077 3659 3118 suum.

394 3153 640 3216 possunt,
671 3143 849 3199 crucis
874 3158 937 3197 ac
966 3141 1158 3196 mortis
1185 3139 1299 3209 ejus
1320 3140 1638 3210 participem
1666 3141 1843 3197 facere
1864 3157 1991 3197 con-
2018 3140 2062 3202 C
2101 3175 2119 3207 ι
2157 3156 2225 3210 Et
2247 3163 2582 3211 assumemes
2612 3170 2764 3209 arma
2796 3171 2892 3209 sua
2935 3151 3143 3209 bonica‘
3162 3156 3423 3210 sederunt
3454 3154 3664 3225 ρει-ιοαι

400 3241 669 3307 trudunt;
715 3240 924 3311 ipsique
972 3247 1315 3294 revertuntur
1364 3239 1430 3293 ad
1487 3238 1760 3294 dominum
1810 3255 1988 3306 suum,

396 3334 522 3403 quia
553 3347 657 3385 nou
692 3330 943 3396 correcti,
971 3330 1067 3385 sed
1096 3330 1268 3401 magis
1298 3330 1572 3400 depravati
1604 3331 1671 3386 ad
1710 3331 1992 3386 servitium

394 3422 617 3496 pristini
649 3423 854 3477 domini
878 3436 978 3493 per
1005 3430 1290 3493 augmenta
1331 3421 1593 3477 scelerum
1622 3431 1988 3480 revertuntur.

473 3534 491 3565 ι
533 3512 706 3568 Porro
732 3512 826 3567 ﬁlii
856 3511 1021 3568 lsrael
1047 3512 1437 3568 descendentes
1463 3513 1529 3568 de
1555 3512 1801 3567 Bethulia
1825 3527 1990 3569 vene-

388 3626 421 3660 οι
466 3616 590 3661 ruut
609 3608 676 3662 ad
698 3621 838 3670 eum,
863 3622 1021 3676 quem
1036 3605 1303 3661 solventes
1317 3606 1587 3660 duxerunt
1606 3606 1672 3660 ad
1688 3604 1990 3661 Bethuliam

401 3719 419 3751 ι
465 3707 627 3769 atque
656 3697 712 3753 in
743 3697 922 3752 medio
948 3696 1129 3767 populi
1160 3684 1309 3770 illum
1334 3703 1635 3751 statuentes
1652 3696 1991 3767 percunctati

388 3813 420 3844 ιι
465 3803 591 3848 sunt
620 3792 748 3863 quid
782 3807 963 3847 rerum
989 3799 1134 3847 esset
1168 3792 1310 3863 quod
1341 3790 1490 3846 illum
1514 3792 1759 3848 vinctum
1784 3791 1991 3863 Assyrii

388 3903 420 3933 .‹
470 3882 831 3953 reliquissent.
864 3903 883 3936 ι
918 3882 1056 3950 Quid
1083 3891 1165 3937 est
1203 3884 1344 3952 quod
1383 3884 1451 3939 ad
1479 3883 1729 3939 arborem
1767 3882 1990 3955 ligatum

396 3971 596 4026 ΑριιὶοΥ
615 3971 872 4027 Israelitze
903 3976 1136 4039 solvunt,
1160 3973 1265 4028 nisi
1293 3975 1436 4044 quod
1466 3975 1715 4030 doctores
1741 3974 1992 4030 Ecclesim

398 4063 816 4118 catechumenos
858 4079 985 4119 suos
1031 4079 1222 4135 ptenas
1261 4074 1669 4136 persecutorum
1696 4082 1802 4121 non
1841 4067 1989 4134 belli,

398 4155 492 4209 sed
537 4169 603 4209 ne
644 4163 874 4210 mortem
921 4154 1093 4224 ipsam
1146 4157 1529 4227 pertimescere
1578 4158 1793 4215 docent.
1828 4156 1989 4226 Quasi

398 4248 543 4301 enim
568 4249 637 4303 ab
667 4244 863 4303 arbore
886 4246 1111 4318 ligatum
1154 4248 1311 4315 solvi,
1342 4260 1426 4305 est
1450 4266 1480 4304 a
1506 4248 1794 4307 formidine
1817 4250 1993 4308 crucis

397 4346 631 4392 mentem
661 4337 912 4407 pavidam
944 4337 1092 4392 sanis
1132 4339 1473 4394 sermonibus
1506 4348 1562 4395 et
1589 4340 1658 4395 ad
1682 4341 1989 4411 passidnem

396 4445 494 4499 pro
519 4428 739 4484 Christo
768 4428 1095 4499 evangelieis
1119 4431 1377 4485 doctrinis
1401 4440 1455 4485 et
1478 4441 1785 4487 sanctorum
1810 4450 1989 4488 exem-

396 4523 501 4593 plis
528 4522 795 4585 roborari,
830 4522 1018 4592 sicque
1062 4522 1167 4578 hoc
1205 4523 1364 4593 digne
1390 4523 1472 4589 ﬁt,
1514 4526 1559 4579 si
1587 4526 1653 4579 ad
1682 4527 1989 4596 exemplum

398 4614 611 4669 illorum
636 4614 962 4684 principum,
981 4614 1083 4668 hoc
1101 4621 1183 4667 est
1197 4612 1342 4669 Ozias
1356 4614 1664 4680 etharmi,
1681 4618 1773 4686 qui
1788 4617 1991 4673 Achior

396 4706 767 4762 confortautes
808 4718 998 4775 preces
1043 4705 1264 4760 devotas
1291 4719 1414 4760 cum
1445 4706 1591 4760 omni
1639 4707 1833 4777 populo
1857 4707 1989 4763 etfu-

397 4798 613 4863 deruut,
639 4795 884 4867 magistri
916 4794 1172 4852 Ecclesia:
1200 4810 1324 4851 cum
1346 4805 1538 4851 caetera
1561 4795 1719 4851 turba
1751 4795 1988 4852 ﬁdelium

399 4885 675 4941 auditores
721 4901 847 4941 suos
892 4887 997 4956 piis
1040 4886 1292 4958 precibus
1334 4886 1564 4943 Domino
1606 4889 1989 4943 commendare

398 4974 739 5040 studuerunt,
788 4984 849 5030 ut
882 4976 998 5046 ejus
1020 4977 1161 5032 dono
1189 4978 1548 5048 impendatur,
1583 4981 1726 5049 quod
1753 4981 1988 5039 humana

399 5080 505 5120 non
531 5076 710 5136 potest
734 5069 974 5125 tribuere
995 5069 1300 5125 inﬁrmitas.
1360 5083 1382 5109 ι

475 5173 492 5202 σ
534 5154 684 5211 Tunc
696 5155 857 5213 Ozias
880 5157 1032 5214 ﬁnito
1047 5158 1273 5214 consilio
1289 5161 1526 5231 suscepit
1546 5176 1669 5218 eum
1689 5164 1745 5219 in
1768 5164 1985 5220 domum

403 5262 424 5297 ι
462 5261 638 5313 suam,
671 5254 724 5301 et
752 5245 880 5302 fecit
899 5249 946 5303 ei
973 5264 1183 5304 ctenam
1216 5265 1487 5319 magnam,
1533 5260 1589 5307 et
1639 5256 1849 5312 vocatis
1871 5270 1989 5313 om-

403 5355 426 5390 ι
463 5337 621 5393 nibus
645 5339 977 5411 presbyteris
1009 5339 1170 5394 simul
1196 5340 1408 5409 expleto
1426 5341 1632 5411 jejunio
1659 5344 1984 5401 refecerunt.

404 5448 424 5484 ι
468 5429 663 5488 Postea
694 5447 822 5488 vero
846 5444 1174 5490 convocatus
1216 5444 1298 5490 est
1326 5437 1503 5492 omnis
1537 5438 1783 5508 populus,
1807 5448 1861 5495 et
1891 5456 1989 5510 per

405 5540 426 5577 ι
471 5531 639 5579 totam
664 5534 878 5581 noctem
902 5526 1043 5582 intra
1082 5525 1375 5582 Ecclesium
1402 5539 1715 5596 oraveruut,
1745 5541 1990 5602 petentes

403 5631 424 5667 ς
459 5617 719 5673 auxilium
745 5617 907 5675 aDeo
931 5620 1115 5677 Israel.
1150 5640 1168 5674 ι
1212 5618 1435 5677 Cteuam
1483 5636 1731 5693 magnam
1774 5621 1989 5693 expleto

390 5702 597 5774 ieiunio
621 5710 770 5779 facit,
798 5714 890 5785 qui
921 5712 1155 5768 animam
1203 5712 1508 5782 languidam
1557 5723 1612 5769 et
1659 5729 1797 5785 pane
1839 5714 1985 5771 verbi

2099 3266 2118 3299 r
2155 3262 2275 3317 qute
2317 3247 2385 3301 ad
2426 3246 2640 3317 angusti
2691 3246 2901 3301 itineris
2946 3246 3216 3300 tramitem
3260 3246 3504 3320 dirigunt
3545 3251 3667 3299 inter

2099 3355 2119 3389 ι
2163 3345 2411 3391 montosa
2450 3353 2465 3402 ;
2509 3345 2565 3391 et
2612 3345 2771 3390 erant
2826 3335 3193 3391 custodientes
3250 3351 3314 3390 ea
3366 3344 3478 3391 tota
3518 3334 3597 3389 die
3623 3340 3669 3386 et

2100 3447 2119 3481 ε
2159 3436 2337 3484 nocte.
2360 3416 2664 3482 {Hortatur
2681 3426 2880 3483 milites
2899 3442 3026 3483 suos
3048 3426 3347 3498 spiritualis
3373 3425 3666 3482 Holofernes

2092 3528 2147 3573 et
2173 3518 2345 3574 hostis
2370 3517 2706 3573 certissimus
2743 3518 2924 3588 pepuli
2956 3516 3070 3581 Dei,
3107 3528 3167 3573 ut
3211 3520 3475 3574 ascendat
3502 3523 3670 3573 contra

2092 3606 2415 3673 Bethuliam,
2462 3609 2566 3664 hoc
2608 3616 2713 3674 est,
2761 3618 2949 3664 contra
2996 3608 3293 3664 Ecelesiam
3343 3608 3667 3669 catholicam,

2093 3715 2213 3770 quae
2239 3710 2322 3756 est
2370 3700 2561 3755 domus
2604 3699 2724 3767 Dei,
2769 3715 2834 3755 ex
2883 3701 3019 3755 vivis
3049 3699 3315 3770 lapidibus
3345 3703 3536 3773 utique
3561 3714 3673 3755 con-

2092 3801 2316 3859 structa,
2347 3802 2613 3865 quatenus
2642 3808 2992 3864 quoscunque
3035 3793 3246 3864 possint
3275 3793 3409 3849 inde
3448 3791 3673 3848 auferant

2092 3893 2144 3940 et
2172 3885 2293 3941 dolo
2332 3886 2620 3955 perimant.
2674 3884 2782 3940 Sed
2843 3885 2925 3939 illi
2976 3884 3308 3940 unanimiter
3353 3884 3589 3940 clamant
3618 3880 3674 3934 ad

2094 3972 2401 4035 Dominum.
2428 3982 2674 4043 petentes
2720 3982 2779 4028 ut
2809 3973 3234 4029 misericordiam
3265 3988 3426 4029 suam
3446 3970 3675 4029 ostendat

2093 4078 2254 4135 super
2273 4064 2525 4134 populum
2550 4079 2741 4129 suum;
2767 4073 3154 4132 assumuntque
3179 4078 3331 4117 arma
3357 4080 3458 4120 sua
3481 4062 3675 4125 bellica,

2094 4155 2198 4209 hoc
2234 4166 2340 4219 est,
2388 4157 2649 4208 virtutum
2702 4169 2983 4209 sacrarum
3015 4154 3233 4219 studia,
3280 4163 3335 4208 et
3382 4154 3679 4210 custodiunt

2093 4244 2303 4316 angusti
2335 4245 2544 4300 itineris
2589 4245 2727 4311 loca,
2767 4245 2967 4300 mentis
2994 4244 3200 4300 scilicet
3227 4261 3340 4301 sua:
3369 4244 3676 4317 penetralia.

2095 4352 2162 4391 ne
2187 4337 2358 4391 hostis
2402 4335 2619 4391 dolosus
2648 4336 2851 4390 aditum
2883 4343 3155 4405 patentem
3198 4335 3403 4392 alicubi
3432 4336 3677 4396 inveniat,

2094 4440 2191 4496 per
2212 4442 2371 4496 quem
2419 4426 2831 4481 delectationem
2873 4426 3144 4481 carnalem
3174 4428 3336 4482 noxia
3365 4427 3685 4499 cogitatione

2095 4518 2421 4573 iutroducat.

2172 4632 2191 4664 ι
2234 4612 2405 4667 Porro
2430 4611 2749 4668 Holofernes
2772 4614 2900 4665 dum
2925 4612 3142 4676 circuit,
3168 4614 3374 4682 reperit
3406 4613 3554 4685 quod
3576 4610 3683 4667 fons

2101 4724 2120 4757 ι
2164 4705 2253 4774 qui
2278 4702 2475 4758 ﬂuebat
2498 4704 2553 4757 in
2580 4703 2958 4775 aquaeductum
2988 4704 3197 4759 illorum
3226 4721 3257 4758 a
3282 4715 3447 4776 parte
3474 4702 3683 4759 australi

2101 4817 2118 4849 ‹
2163 4804 2319 4852 extra
2366 4796 2638 4852 civitatem
2679 4795 3003 4867 dirigeretur
3041 4813 3054 4849 :
3100 4805 3153 4850 et
3200 4797 3372 4852 incidi
3443 4795 3687 4870 przecepit

2100 4907 2119 4940 r
2161 4888 2537 4958 aquaeductum
2588 4886 2822 4943 illorum.
2875 4887 3044 4942 Erant
3091 4897 3272 4942 tamen
3322 4903 3438 4944 non
3486 4889 3685 4958 longe:

2101 4998 2122 5032 ς
2168 4980 2338 5034 muris
2366 4978 2560 5044 fontes,
2587 4994 2653 5034 ex
2683 4979 2879 5048 quibus
2902 4979 3088 5035 furtim
3119 4980 3454 5037 videbantur
3476 4979 3688 5036 haurire

2162 5085 2359 5143 aquam
2382 5071 2448 5125 ad
2471 5069 2875 5127 reioeillandum
2897 5072 3077 5142 potius
3092 5088 3254 5143 quam
3277 5075 3342 5127 ad
3374 5074 3685 5144 potandum.

2100 5177 2121 5212 ι
2167 5157 2273 5215 Sed
2284 5158 2377 5213 ﬁlii
2392 5158 2622 5215 Ammon
2639 5167 2694 5215 et
2717 5159 2870 5216 Moab
2891 5171 3239 5217 accesserunt
3258 5162 3323 5217 ad
3339 5163 3688 5219 lloloferncm

2100 5271 2121 5306 ί
2167 5254 2439 5308 dicentes:
2462 5252 2585 5307 Filii
2611 5253 2772 5307 Israel
2797 5269 2903 5308 non
2932 5254 2985 5308 in
3010 5253 3196 5309 lancea
3212 5270 3311 5310 nec
3340 5257 3553 5328 sagitta
3571 5266 3691 5308 con-

2101 5363 2120 5397 c
2163 5345 2363 5410 ﬁdunt,
2410 5344 2506 5400 sed
2546 5354 2757 5401 montes
2796 5344 3089 5401 defendunt
3133 5345 3283 5413 illos,
3333 5355 3397 5402 et
3445 5346 3691 5402 muniunt

2099 5454 2117 5486 ι
2158 5435 2322 5491 colles
2347 5437 2398 5490 in
2436 5436 2735 5507 praecipitio
2776 5438 3075 5492 constituti.
3130 5437 3200 5494 Ut
3243 5453 3379 5508 ergo
3411 5440 3539 5493 sine
3572 5450 3693 5491 con-

2099 5548 2115 5580 c
2163 5529 2438 5600 grcssione
2459 5543 2650 5598 pugnae
2666 5529 2840 5599 possis
2859 5543 3115 5600 superare
3136 5544 3250 5593 eos,
3275 5543 3421 5598 pone
3444 5524 3690 5583 custodes

2098 5642 2116 5672 ι
2153 5621 2402 5681 fontium,
2440 5630 2500 5675 ut
2544 5637 2649 5674 non
2698 5620 2951 5674 hauriant
2987 5636 3181 5690 aquam
3223 5626 3288 5673 ex
3326 5619 3440 5683 eis,
3493 5627 3551 5673 et
3582 5616 3694 5671 sine

2099 5735 2117 5767 ι
2156 5714 2331 5785 gladio
2358 5711 2648 5769 iuterﬁcies
2668 5728 2781 5777 eos,
2809 5712 2895 5767 vel
2916 5720 3063 5769 certe
3086 5710 3289 5784 fatigati
3314 5711 3550 5766 tradent
3568 5704 3695 5762 οἰνί-
