3876 6136
193 392 293 448 557

1283 388 1642 446 EXPOSlTlO
1681 389 1746 444 ΙΝ
1787 386 2046 443 LIBRUM
2084 384 2349 442 JUDI'lll.

3356 385 3463 444 5328

196 523 215 557 ι
259 511 426 556 tatem
475 515 646 555 suam.
680 519 697 551 ι
735 499 874 568 Quid
924 509 1004 554 est
1055 500 1194 567 quoi
1242 500 1559 555 Holofernes
1590 516 1772 569 aquze-
1804 506 1853 561 Α
1882 499 2165 569 magistros
2207 514 2334 553 suos
2382 497 2699 565 inmortunis
2748 498 3101 568 querimoniis
3141 510 3388 570 gravant,
3417 516 3475 557 et

190 596 432 657 ductum,
463 593 636 662 quiin
686 600 838 662 parte
881 593 1102 645 australi
1143 608 1171 644 a
1223 590 1368 645 fonte
1399 591 1453 645 in
1502 589 1778 644 civitatem

192 684 458 741 inferebat
489 698 708 750 aquam,
737 682 979 751 prmcipit
1004 681 1187 745 incidi,
1220 681 1321 735 nisi
1351 683 1493 751 quod
1522 701 1551 749 ιι
1574 696 1775 734 -rsccu-

192 788 335 834 tores
368 775 604 831 ﬁdelium
653 773 953 830 doctrinam
1000 773 1269 844 Evangelii
1297 814 1312 837 ,
1343 790 1501 843 quam
1531 789 1597 825 (ις
1638 772 1784 826 ΐιιιιιο

190 871 312 925 vivo
367 869 749 939 procedentem
807 866 981 921 sancti
1037 866 1285 922 doctores
1331 865 1499 937 gratia
1552 865 1785 935 Spiritus

191 960 361 1017 sancti
408 958 695 1013 illuminati
742 972 839 1027 per
882 957 993 1012 oris
1021 957 1104 1011 sui
1135 956 1366 1012 ﬁstulam
1410 956 1464 1010 in
1506 957 1785 1011 civitatem

192 1051 543 1107 introducunt
564 1048 834 1113 Ecclesim,
852 1048 1184 1117 prohibendo
1204 1064 1267 1103 ac
1285 1057 1513 1103 mortem
1526 1045 1787 1102 minando

188 1142 377 1212 jubcnt
396 1139 632 1205 auferre,
647 1149 913 1208 quatenus
936 1139 1228 1210 indigentia
1248 1148 1407 1210 potus
1432 1138 1615 1195 vitalis
1636 1138 1787 1209 prius

193 1231 242 1286 iu
270 1230 561 1286 animabus
604 1231 718 1285 suis
760 1230 904 1285 sitim
954 1231 1292 1296 sustineant,
1327 1237 1383 1284 et
1424 1230 1502 1285 sic
1548 1228 1787 1285 funditus

193 1341 280 1380 eos
308 1324 488 1394 poenis
515 1320 729 1377 inﬂictis
755 1330 1019 1376 evertant.
1073 1320 1177 1375 Sed
1206 1330 1362 1375 et'ant
1389 1320 1565 1375 fontes
1591 1320 1787 1375 ibidem

194 1429 252 1469 ex
284 1415 485 1485 quibus
512 1414 837 1467 videbantur
861 1410 1043 1465 furtim
1076 1411 1292 1465 haurire
1328 1426 1550 1481 aquam,
1578 1417 1688 1464 tam
1720 1412 1790 1464 ad

196 1500 600 1561 refocillandum
625 1517 785 1571 quam
813 1501 878 1556 ad
904 1502 1215 1572 potandum,
1242 1502 1341 1556 hos
1365 1516 1578 1571 quoque
1599 1517 1789 1573 sugge-

197 1596 437 1652 rentibus
453 1595 577 1650 filiis
594 1595 822 1650 Ammon
853 1602 907 1648 et
927 1593 1083 1647 Moab
1110 1593 1357 1648 similiter
1377 1596 1555 1663 prde
1577 1593 1792 1664 iniquus

194 1687 344 1757 jussit
381 1686 659 1746 custodiri,
685 1701 752 1740 ne
769 1684 984 1756 aliquod
1010 1683 1352 1757 refrigerium
1383 1685 1637 1742 Israelita:
1665 1686 1791 1742 inde

198 1780 478 1834 baberent.
506 1777 573 1831 Et
603 1777 730 1846 quid
760 1791 855 1845 per
883 1792 977 1830 eos
1020 1776 1256 1830 minutos
1284 1776 1460 1832 fontes
1491 1794 1558 1832 ex
1596 1777 1790 1848 quibus

198 1871 335 1924 cives
363 1867 624 1923 Bethulia:
655 1865 839 1920 furtim
868 1866 1145 1930 bibebant,
1185 1866 1289 1921 nisi
1320 1865 1572 1937 dogmata
1616 1867 1790 1938 philo-

197 1962 508 2031 sophorum,
539 1972 658 2028 qua:
690 1965 796 2011 tam
820 1958 872 2011 in
903 1956 1271 2026 philosophica
1303 1971 1466 2027 quam
1491 1956 1654 2011 etiam
1680 1973 1792 2011 mo-

200 2052 309 2117 rali,
341 2062 506 2120 atque
528 2050 691 2105 etiam
720 2049 1015 2118 inspectiva
1039 2048 1279 2104 doctrina
1301 2047 1518 2119 aliquod
1538 2047 1790 2103 solatium

199 2142 432 2199 scientia:
490 2145 546 2194 et
597 2139 897 2194 honestatis
935 2136 1178 2210 proferre
1227 2138 1479 2193 videntur
1518 2121 1793 2193 .Ecclesize

202 2230 338 2289 illis.
364 2228 475 2286 Sed
497 2229 614 2284 haec
634 2227 881 2284 similiter
902 2226 1095 2282 noxius
1111 2237 1425 2297 persecutor
1442 2227 1793 2285 suadentibus

201 2318 395 2393 iniquis
418 2321 638 2379 auferre
668 2319 907 2385 molitur,
956 2326 1014 2373 ut
1040 2319 1276 2390 undique
1303 2318 1540 2374 maxima
1565 2321 1790 2390 penuria

202 2415 453 2469 coarctati
484 2413 666 2468 subito
692 2411 1075 2467 destituantur.
1108 2410 1200 2467 Sic
1227 2420 1282 2467 et
1327 2411 1383 2467 in
1411 2412 1619 2482 Regum
1652 2411 1793 2467 libro

201 2507 390 2578 legitur
419 2506 563 2576 quod
598 2504 922 2560 Philisthiim
950 2504 1257 2559 auferentes
1312 2504 1498 2561 fabros
1534 2505 1792 2561 ferrarios

203 2605 468 2661 eaverant,
500 2613 569 2650 ne
601 2595 737 2649 forte
767 2593 1007 2650 facerent
1035 2593 1274 2650 Hebneis
1299 2595 1534 2668 gladium
1556 2603 1649 2650 aut
1674 2596 1791 2650 lan-

204 2704 365 2743 ceam.
397 2686 772 2742 Descendebat
799 2700 934 2755 ergo
962 2685 1138 2741 omnis
1166 2684 1327 2741 Israel
1351 2685 1416 2739 ad
1440 2685 1790 2751 Philisthiim,

203 2789 256 2832 ut
275 2785 566 2832 exacuerct
589 2776 955 2845 unusquisque
977 2791 1248 2830 vomerem
1269 2792 1446 2840 suum,
1462 2784 1515 2830 et
1535 2775 1790 2846 ligonem,

205 2881 249 2924 et
275 2871 535 2935 securim,
566 2880 620 2924 et
643 2869 935 2949 sarculum.
972 2868 1082 2923 Hoc
1104 2878 1205 2932 est,
1236 2871 1375 2940 quod
1405 2871 1650 2925 diabolus
1675 2873 1791 2923 ina-

206 2962 345 3015 xime
367 2962 650 3017 conamine
678 2962 872 3025 studet,
891 2971 947 3015 ut
970 2976 1068 3031 per
1089 2962 1366 3016 ministros
1389 2974 1514 3014 suos
1536 2961 1795 3016 ducti-ima

204 3056 480 3120 elementa,
512 3063 566 3110 et
617 3056 876 3109 virtutum
911 3069 1061 3107 arma
1093 3055 1159 3108 ab
1194 3054 1435 3109 Ecclesia
1474 3055 1708 3113 auferat.
1738 3064 1796 3109 ut

204 3148 273 3202 sic
310 3144 601 3217 nequitiam
625 3161 777 3201 suam
806 3143 857 3199 in
891 3145 1108 3201 interitu
1140 3159 1418 3200 servorum
1441 3146 1534 3201 Dei
1558 3146 1789 3215 expleat.

204 3237 419 3308 Legitur
447 3239 610 3292 etiam
643 3238 695 3291 in
737 3237 997 3302 historiis,
1040 3237 1181 3307 quod
1213 3238 1451 3307 gentium
1497 3239 1791 3308 principes,
1822 3210 1866 3270 ί]

208 3340 252 3383 et
283 3331 519 3385 maxime
564 3327 810 3382 Julianus
851 3328 1109 3398 Apostata
1154 3344 1260 3381 non
1312 3328 1484 3383 solum
1535 3330 1794 3393 divinam,

208 3435 387 3476 verum
422 3420 585 3475 etiam
617 3418 923 3479 humanam,
955 3417 1279 3472 Christianis
1301 3418 1674 3473 interdicenth
1700 3419 1796 3474 de-

211 3514 413 3585 negarit
436 3512 852 3583 philosophiam.
880 3510 985 3567 Sed
1015 3518 1194 3569 tamen
1228 3512 1400 3566 virtus
1421 3511 1537 3575 Dei,
1570 3527 1688 3580 qua:
1702 3528 1801 3582 per

212 3602 439 3674 Spiritus
466 3604 639 3658 sancti
669 3602 895 3674 gratiam
933 3616 1038 3657 non
1077 3602 1249 3657 solum
1300 3618 1398 3675 per
1445 3601 1639 3667 verba,
1670 3603 1797 3672 quin

212 3700 362 3755 etiam
391 3717 493 3771 per
523 3698 792 3754 internam
820 3698 1201 3769 aspirationem
1237 3699 1439 3754 electos
1464 3714 1591 3754 suos
1619 3699 1798 3764 docet,

214 3809 308 3847 non
336 3790 663 3860 derelinquit
688 3788 938 3844 fiduciam
980 3789 1245 3845 habentes
1297 3790 1348 3843 in
1396 3805 1474 3854 se,
1516 3788 1609 3843 sed
1643 3789 1799 3860 juxta

213 3882 333 3939 illud
360 3882 663 3938 Psalmistte
690 3897 703 3934 :
735 3900 753 3933 ‹
785 3878 1036 3937 Redimet
1084 3880 1294 3936 animas
1339 3894 1623 3935 servorum
1668 3894 1798 3933 suo-

219 3993 235 4024 ι
276 3991 411 4040 rum,
445 3984 635 4028 etnon
672 3972 947 4042 delinquet
985 3988 1175 4026 nantes
1203 3971 1294 4043 qui
1335 3977 1554 4041 sperant
1581 3971 1635 4024 in
1663 3983 1741 4024 se.
1775 3989 1793 4023 ι

283 4083 301 4115 ι
335 4062 491 4119 Tunc
511 4064 577 4118 ad
591 4063 777 4119 Oziam
800 4062 1108 4134 congregati
1138 4076 1327 4117 omnes
1342 4060 1439 4115 viri
1459 4059 1797 4130 feminzeque,

220 4173 236 4204 ι
267 4153 494 4223 juvenes
517 4162 573 4209 et
600 4153 803 4223 parvuli
835 4167 1026 4208 omnes
1053 4151 1209 4207 simul
1235 4167 1338 4205 uua
1363 4166 1495 4207 voce
1517 4152 1796 4206 dixerunt:

221 4266 237 4296 ι
270 4244 478 4303 Judicet
502 4247 644 4301 Deus
668 4246 809 4300 inter
830 4260 928 4300 nos
954 4253 1006 4298 et
1036 4253 1108 4310 te,
1136 4246 1390 4315 quoniam
1424 4245 1598 4305 fecisti
1626 4247 1680 4301 in
1704 4263 1801 4303 nos

222 4356 237 4387 ι
276 4340 436 4404 mala,
463 4337 654 4393 nolens
675 4336 818 4406 loqui
846 4335 1069 4406 pacifice
1094 4352 1215 4392 cum
1236 4337 1493 4409 Assyriis,
1509 4346 1562 4393 et
1580 4348 1802 4409 propter

220 4448 236 4478 ι
278 4430 377 4485 hoc
408 4428 651 4484 vendidit
679 4443 777 4482 nos
806 4426 949 4482 Deus
979 4427 1033 4481 in
1078 4426 1327 4482 manibus
1353 4444 1558 4484 eorum.
1587 4430 1652 4483 Et
1680 4430 1800 4485 ideo

219 4543 236 4572 c
272 4540 372 4578 non
407 4530 497 4578 est
526 4521 619 4590 qui
645 4518 859 4589 adjuvet
881 4535 1003 4574 cum
1031 4528 1440 4589 prosternamur
1467 4529 1592 4576 ante
1613 4521 1799 4577 oculos

220 4632 235 4661 ι
274 4628 463 4669 eorum
493 4613 549 4668 in
597 4611 686 4666 siti
717 4619 771 4665 et
800 4610 1099 4680 perditione
1144 4626 1357 4682 magna.
1408 4611 1475 4666 Et
1499 4629 1640 4668 nunc
1673 4629 1801 4668 con-

218 4724 234 4754 ‹
275 4714 496 4777 gregale
539 4702 822 4757 universos
850 4700 942 4771 qui
987 4701 1039 4755 in
1072 4701 1289 4758 civitate
1316 4712 1459 4765 sunt,
1505 4711 1565 4756 ut
1610 4713 1801 4774 sponte

1881 589 1980 642 sibi
2010 589 2076 643 ad
2105 588 2287 643 luxum
2328 588 2503 643 seculi
2534 588 2868 658 sequendqu
2898 597 3115 661 cogunt.
3160 589 3310 647 Unde
3340 591 3471 648 sub-

1875 678 2071 748 jungit.

1960 787 1977 818 ι
2023 768 2237 822 Etcum
2280 768 2487 841 fatigati
2532 770 2616 825 his
2658 770 3006 836 clamoribus,
3039 778 3094 828 et
3136 772 3221 828 his
3261 775 3479 831 fletibus

1890 877 1908 909 ι
1946 859 2131 914 lassati
2156 860 2452 926 siluissent,
2479 877 2777 933 exsurgens
2796 861 2956 918 Ozias
2985 863 3193 921 infusus
3219 865 3478 939 lacrymis

1891 968 1910 1001 ι
1950 950 2123 1005 dixit:
2150 949 2329 1021 A‘Jquu
2360 952 2541 1007 animo
2572 962 2766 1019 estote,
2789 952 3007 1020 fratres,
3038 963 3091 1010 et
3117 956 3214 1012 hos
3240 957 3477 1028 quinque

1891 1054 1910 1094 ι
1951 1042 2066 1096 dies
2094 1055 2471 1112 exspectemus
2498 1060 2528 1098 a
2562 1045 2786 1100 Domino
2815 1047 3267 1105 misericordiam.
3289 1048 3478 1107 Forsi-

1891 1152 1912 1186 ι
1960 1143 2049 1189 tan
2079 1136 2225 1189 enim
2266 1124 2688 1207 indignationem
2719 1153 2873 1193 suam
2920 1140 3223 1208 abscindet,
3254 1150 3311 1199 et
3330 1142 3483 1199 dabit

1892 1242 1912 1276 ι
1953 1224 2182 1296 gloriam
2209 1226 2412 1280 nomini
2440 1241 2558 1281 suo.
2595 1227 2650 1282 Si
2693 1239 2873 1285 autem
2907 1232 3195 1288 transactis
3242 1234 3482 1305 quinque

1893 1332 1912 1365 ι
1956 1315 2145 1370 diebus
2161 1331 2265 1371 non
2290 1318 2499 1372 venerit
2521 1319 2868 1389 adjutorinm,
2896 1322 3160 1378 faciemus
3181 1323 3297 1380 btec
3318 1323 3484 1379 verba

1893 1423 1912 1456 ι
1956 1421 2075 1476 qua:
2102 1404 2266 1467 locuti
2296 1408 2446 1462 estis.
2480 1429 2497 1458 ι
2535 1407 2782 1478 Quinque
2805 1410 2919 1465 dies
2949 1411 3059 1474 isti,
3089 1413 3327 1483 quinque
3356 1429 3482 1470 sen-

1890 1512 1982 1552 sus
2012 1498 2277 1567 corporis,
2328 1513 2449 1552 cum
2494 1499 2687 1570 quibus
2728 1514 2967 1571 przeseus
3018 1511 3126 1557 vita
3175 1502 3483 1571 deducitur,

1889 1598 2117 1660 possunt
2142 1589 2334 1661 accipi.
2370 1588 2532 1657 Quasi
2563 1592 2707 1645 enim
2737 1594 2974 1664 quinque
3016 1595 3224 1651 diermn
3248 1599 3485 1668 spatium

1891 1681 1958 1736 ad
1988 1682 2232 1737 inducias
2252 1681 2443 1739 doctor
2468 1683 2614 1739 iners
2641 1683 2792 1754 petit,
2815 1686 2907 1755 qui
2929 1686 3208 1757 corporale
3232 1688 3486 1744 solatium

1893 1771 2230 1827 auditoribus
2274 1772 2390 1828 suis
2438 1788 2469 1827 a
2526 1772 2752 1829 Domino
2786 1777 3202 1845 prazsentialiter
3249 1779 3487 1835 dandum

1820 1853 1868 1912 Β
1896 1865 2184 1921 indiscrete
2226 1866 2515 1937 promittit,
2557 1867 2712 1939 quasi
2757 1868 2811 1925 in
2858 1885 2954 1925 sua
2984 1886 3148 1926 manu
3190 1871 3261 1927 sit
3288 1873 3484 1927 sumtui

1894 1948 2102 2011 datoris
2150 1955 2541 2025 munificentia,
2576 1974 2702 2014 cum
2732 1960 2904 2032 magis
2947 1969 3159 2032 tempus
3203 1978 3269 2018 ac
3297 1964 3490 2021 modus

1894 2044 2161 2101 tribuendi
2186 2044 2241 2099 in
2276 2046 2454 2103 dantis
2500 2062 2665 2118 quam
2704 2050 3017 2121 accipientis
3046 2053 3307 2108 consistat
3328 2064 3488 2124 pote-

1891 2145 2050 2193 state.
2080 2137 2176 2192 Sin
2200 2148 2381 2195 autem
2402 2140 2684 2210 praisentis
2704 2142 2826 2198 vitae
2852 2142 2956 2199 illis
2979 2141 3137 2212 juxta
3158 2146 3489 2217 promissum

1892 2243 2049 2283 suum
2071 2230 2367 2301 denegatur
2388 2245 2418 2284 a
2440 2228 2852 2287 summoJudice
2871 2232 3108 2288 conferri
3118 2236 3484 2307 commodum,

1892 2333 1987 2373 eos
2007 2319 2254 2389 protinus
2280 2320 2465 2375 sinunt
2491 2320 2559 2376 ad
2585 2321 2833 2377 illicitum
2862 2322 3135 2379 declinare
3166 2327 3486 2395 appetitum,

1890 2417 1946 2465 et
1974 2408 2214 2465 cedendo
2255 2413 2696 2481 persecutoribus
2736 2412 2849 2468 suis
2889 2413 3170 2484 corporale
3215 2416 3491 2474 declinare

1894 2499 2247 2571 supplicium;
2272 2501 2427 2572 cujus
2451 2503 2824 2559 conventionis
2850 2503 3111 2574 placitum
3150 2502 3337 2561 Iudith
3385 2523 3487 2562 no-

1894 2599 2027 2655 stra,
2045 2590 2147 2646 hoc
2166 2600 2269 2657 est,
2284 2601 2467 2646 sancta
2485 2591 2722 2647 Ecclesia
2747 2594 2971 2665 respui:,
2987 2604 3042 2647 et
3061 2596 3215 2665 quasi
3238 2596 3490 2652 nocivum

1895 2682 2209 2746 contemnit,
2239 2682 2382 2752 quod
2413 2682 2467 2737 in
2510 2684 2859 2752 sequentibus
2912 2685 3197 2742 manifeste
3247 2687 3489 2744 declara-

1895 2771 2060 2825 bitur.

2486 2864 2712 2922 CAPUT
2753 2866 2882 2922 VIII.

1899 2976 1997 3032 Ubi
2024 2980 2210 3059 ludit/5
2256 2978 2446 3059 fhgbn’
2481 2990 2530 3059 et
2572 2977 2789 3059 Charini
2825 2980 3148 3059 presbyteros
3184 2984 3356 3059 arguit
3394 2999 3491 3059 pro

1967 3068 2026 3105 eo
2064 3052 2203 3121 quod
2248 3048 2409 3104 Ozias
2444 3052 2681 3121 princeps
2724 3048 2860 3105 diem
2902 3048 3224 3121 liberationis
3247 3048 3490 3107 'Dom'ino

1968 3116 2174 3185 statuit,
2190 3123 2402 3202 ipsaque
2416 3116 2471 3174 se
2484 3121 2557 3174 ad
2581 3116 2909 3203 liberandum
2928 3116 3176 3191 populum
3191 3123 3487 3193 accingeris,

1968 3208 2073 3246 non
2094 3191 2203 3246 vult
2230 3192 2356 3262 quid
2378 3193 2445 3245 sit
2466 3201 2651 3245 actura
2674 3192 2891 3261 inquiri.

1977 3350 1996 3385 ι
2039 3330 2105 3385 Et
2149 3331 2351 3386 factum
2396 3341 2498 3396 est,
2531 3347 2654 3386 cum
2697 3331 2936 3386 audisset
2964 3331 3079 3387 haec
3107 3332 3268 3388 verba
3305 3331 3494 3391 Juditlt

1906 3444 1924 3476 ι
1968 3424 2150 3489 vidua,
2176 3439 2295 3494 qua:
2322 3432 2442 3480 erat
2470 3421 2576 3477 ﬁlia
2604 3422 2820 3488 Merari,
2846 3421 2939 3477 filii
2966 3422 3092 3478 Idox
3114 3464 3128 3488 ,
3159 3423 3252 3479 filii
3271 3421 3490 3494 Ioseph.

1907 3532 1925 3565 ι
1971 3514 2061 3567 filii
2095 3510 2260 3577 Οιίω,
2286 3511 2380 3566 filii
2409 3512 2545 3576 Elui,
2590 3511 2686 3566 ﬁlii
2715 3510 2956 3577 Jamnor,
3000 3512 3094 3567 ﬁlii
3126 3512 3369 3579 Gedeon,
3399 3515 3496 3570 filii

1907 3626 1926 3660 σ
1969 3606 2255 3676 Raphaim,
2304 3606 2399 3661 filii
2433 3604 2683 3669 Achitob,
2736 3603 2831 3659 filii
2875 3604 3137 3670 Helehim,
3192 3604 3288 3661 ﬁlii
3320 3606 3493 3672 Euan,

1907 3718 1927 3752 ι
1972 3697 2065 3753 filii
2096 3696 2395 3763 Nathanim,
2428 3696 2524 3751 ﬁlii
2558 3694 2837 3759 Salathiel,
2874 3693 2966 3750 ﬁlii
2991 3692 3231 3759 Simeon,
3258 3693 3349 3749 ﬁlii
3380 3695 3495 3750 Ru-

1906 3807 1925 3839 ‹
1968 3789 2113 3843 ben:
2145 3796 2198 3842 et
2220 3788 2304 3843 vir
2327 3787 2445 3860 ejus
2467 3785 2569 3841 fuit
2603 3785 2902 3852 Manasses,
2944 3785 3036 3855 qui
3060 3794 3304 3841 mortuus
3326 3795 3409 3841 est
3438 3786 3497 3844 in

1907 3897 1923 3929 ι
1965 3878 2155 3933 diebus
2176 3868 2371 3933 messis
2397 3877 2742 3941 hordeaceae;
2768 3876 3000 3931 instabat
3021 3876 3164 3931 enim
3190 3892 3351 3944 super
3371 3877 3497 3933 alli-

1906 3986 1924 4019 ι
1967 3976 2158 4039 gantes
2187 3982 2240 4021 in
2262 3967 2491 4037 .nipulos
2520 3968 2575 4021 in
2617 3981 2833 4038 campo,
2873 3974 2927 4021 et
2958 3966 3107 4021 venit
3145 3976 3310 4022 :estus
3334 3983 3499 4038 super

1909 4079 1925 4111 ι
1968 4069 2130 4131 caput
2154 4061 2291 4132 ejus,
2321 4069 2375 4115 et
2401 4068 2648 4116 mortuus
2677 4070 2760 4118 cst
2789 4062 2841 4117 in
2873 4062 3123 4118 Bethulia
3186 4065 3240 4120 in
3273 4060 3499 4116 civitate

1906 4168 1924 4201 ι
1965 4165 2086 4215 sua,
2110 4157 2167 4205 et
2194 4149 2436 4221 sepultus
2462 4160 2547 4206 est
2588 4151 2700 4208 illic
2751 4169 2874 4209 cum
2913 4156 3162 4226 patribus
3192 4157 3324 4212 suis.
3367 4156 3500 4212 Erat

1907 4261 1925 4294 ι
1965 4252 2146 4298 autem
2173 4241 2356 4298 Judith
2381 4242 2568 4301 relicta
2601 4244 2717 4314 ejus
2740 4247 2896 4302 vidua
2917 4247 3031 4316 jam
3063 4250 3221 4305 anuis
3247 4250 3421 4305 tribus
3442 4257 3499 4305 et

1909 4352 1926 4384 ι
1966 4335 2241 4389 mensibus
2261 4349 2376 4389 sex.
2433 4328 2501 4388 Et
2532 4335 2586 4391 in
2614 4338 2981 4407 superioribus
3010 4341 3200 4397 domus
3229 4356 3341 4398 sum
3368 4339 3499 4398 fecit

1908 4444 1926 4476 ε
1965 4425 2066 4481 sibi
2091 4433 2361 4481 secretum
2408 4425 2735 4492 cubiculum,
2785 4429 2837 4483 in
2869 4444 2975 4499 quo
3017 4446 3140 4486 cum
3170 4432 3360 4502 puellis
3382 4433 3496 4488 suis

1910 4536 1928 4569 ι
1967 4517 2148 4572 clausa
2206 4516 2538 4584 morabatur,
2583 4527 2637 4573 et
2672 4518 2879 4574 habens
2922 4535 3082 4590 super
3129 4520 3338 4577 lumbos
3369 4536 3498 4579 suos

1915 4630 1933 4662 ι
1973 4610 2229 4675 cilicium,
2244 4607 2528 4679 jejunabat
2556 4612 2808 4668 omnibus
2838 4611 3029 4668 diebus
3050 4613 3175 4668 vita:
3202 4630 3333 4681 sum,
3356 4630 3498 4685 pra:—

1916 4721 1933 4754 ι
1978 4711 2060 4758 ter
2085 4701 2328 4768 sabbata,
2360 4703 2790 4769 et‘neomenias,
2821 4712 2876 4759 et
2926 4702 3062 4758 festa
3093 4703 3282 4759 domus
3309 4705 3493 4760 Israel.

219 4816 233 4845 ι
270 4812 367 4851 nos
408 4796 689 4851 tradamus
732 4807 922 4847 omnes
964 4791 1260 4848 Holoferni.
1326 4792 1515 4849 Melius
1565 4782 1799 4849 enimut
1835 4780 1863 4819 ‘
1914 4813 1933 4845 t
1974 4794 2106 4848 Erat
2149 4807 2327 4848 autem
2376 4794 2606 4865 eleganti
2645 4807 2867 4864 aspectu
2909 4793 3095 4861 nimis,
3138 4795 3224 4851 cui
3255 4795 3337 4849 vir
3366 4811 3498 4851 suns

217 4908 232 4937 ι
275 4887 475 4959 captivi
502 4883 884 4942 benedicamus
912 4885 1196 4940 Dominum
1220 4886 1659 4956 viventes,quam
1687 4903 1800 4942 mo-

217 4996 233 5027 I
276 4978 484 5032 riamur
530 4983 585 5031 et
628 4975 798 5030 simus
842 4974 1189 5044 opprobrium
1235 4976 1381 5031 omni
1416 4977 1585 5031 carni.
1620 4997 1637 5028 ι
1674 4975 1798 5032 Haec

209 5081 308 5121 vox
334 5065 640 5122 carnalium
662 5052 765 5129 est,
796 5063 889 5135 qui
913 5062 1016 5118 fide
1046 5071 1253 5119 tantum
1286 5072 1508 5119 manent
1534 5064 1588 5119 in
1616 5063 1802 5119 Eccle-

211 5157 303 5221 sia,
328 5167 589 5213 ueterum
618 5155 861 5210 moribus
891 5155 1044 5210 valde
1093 5155 1419 5225 discrepant,
1460 5152 1616 5225 juxta
1652 5155 1800 5209 illam

210 5244 488 5319 Evangelii
517 5245 849 5317 parabolam,
882 5245 970 5300 ubi
1014 5246 1140 5301 mali
1184 5245 1360 5316 pisces
1407 5261 1529 5301 cum
1558 5246 1713 5301 bonis
1744 5246 1799 5302 in

210 5349 405 5407 sagena
436 5336 653 5390 Domini
686 5336 945 5390 hactenus
973 5335 1158 5391 inclusi
1190 5344 1561 5390 memorantur
1582 5376 1594 5398 ,
1628 5337 1803 5391 donec

210 5426 272 5479 ad
300 5426 459 5481 littus
481 5426 643 5480 futuri
657 5423 844 5494 iudicii
865 5426 1081 5496 penitus
1095 5427 1471 5481 excludantur.
1497 5425 1560 5481 lii
1586 5440 1801 5496 quoque

209 5517 500 5583 prmsentis
527 5518 653 5573 vita:
679 5518 1018 5572 incommoda
1047 5518 1283 5588 graviter
1329 5517 1565 5573 ferentes
1611 5519 1803 5573 melius

211 5620 325 5665 esse
345 5609 581 5665 credunt
596 5611 948 5679 przesentibus
967 5612 1042 5665 uti
1064 5611 1288 5676 deliciis,
1306 5627 1466 5681 quam
1491 5628 1586 5681 pro
1602 5612 1800 5667 Christi

211 5702 431 5754 nomine
456 5701 828 5771 corporalibus
858 5702 994 5756 afﬁci
1045 5704 1242 5773 pcenis,
1274 5714 1329 5759 et
1369 5703 1679 5758 cmlestibus
1704 5720 1804 5774 pro

213 5789 305 5845 hac
339 5793 394 5849 in
453 5790 637 5849 futuro
680 5795 1013 5851 remunerari
1062 5796 1241 5853 bonis.
1296 5795 1454 5853 Tales
1497 5797 1806 5868 frequenter

1912 4906 1930 4938 ι
1968 4887 2267 4957 reliquerat
2283 4887 2497 4941 divitias
2525 4886 2742 4956 multas,
2768 4897 2821 4943 et
2843 4887 3100 4945 familiam
3128 4904 3496 4957 numerosam,

1912 4998 1930 5031 ι
1969 4994 2033 5034 ac
2056 4979 2425 5055 possessipnes
2455 4980 2717 5038 armentis
2759 4983 2919 5039 boum
2946 4988 3002 5038 et
3032 4982 3287 5055 gregibus
3315 4986 3501 5042 ovium

1910 5090 1928 5119 α
1968 5071 2177 5141 plenas.
2207 5070 2274 5125 Et
2298 5080 2417 5126 erat
2447 5072 2562 5127 haec
2589 5072 2643 5128 in
2669 5075 2921 5130 omnibus
2949 5074 3333 5142 famosissima,
3358 5093 3499 5150 quo—

1909 5182 1928 5215 ι
1970 5164 2118 5219 niam
2147 5164 2367 5219 timebat
2403 5164 2689 5221 Dominum
2713 5165 2887 5233 valde,
2916 5182 3017 5224 nec
3045 5175 3168 5224 erat
3193 5169 3285 5238 qui
3308 5170 3498 5240 loque-

1911 5273 1928 5305 ι
1973 5263 2123 5310 retur
2187 5256 2255 5311 de
2293 5256 2384 5312 illa
2432 5256 2657 5312 verbum
2703 5257 2924 5313 malum.
2974 5259 3102 5315 Hinc
3147 5259 3330 5329 itaque
3374 5274 3498 5313 cum

1912 5365 1929 5398 ι
1967 5348 2209 5404 audisset
2228 5348 2482 5419 quoniam
2510 5347 2672 5404 Ozias
2689 5350 3045 5419 promisisset,
3058 5352 3203 5421 quod
3225 5358 3499 5406 transacto

1912 5456 1930 5489 ι
1977 5439 2166 5508 quinto
2187 5439 2272 5492 die
2294 5439 2531 5494 traderet
2555 5439 2853 5506 civitatem,
2876 5442 3026 5497 misit
3052 5442 3120 5497 ad
3147 5441 3495 5513 presbyteros

1911 5548 1929 5580 ι
1968 5528 2166 5585 Chabri
2197 5538 2253 5585 et
2280 5528 2516 5585 Charini.
2570 5530 2637 5586 Et
2677 5540 2940 5587 venerunt
2965 5533 3033 5587 ad
3067 5532 3211 5587 illam
3241 5568 3258 5594 ,
3282 5537 3337 5583 et
3363 5527 3500 5582 dixit

1914 5637 1931 5670 ι
1976 5618 2080 5674 illis
2104 5637 2118 5676 :
2146 5619 2296 5687 Quod
2324 5629 2402 5676 est
2429 5622 2531 5676 hoc
2560 5622 2804 5688 verbum,
2827 5623 3006 5691 inquo
3028 5617 3496 5684 consensitOzias,

1913 5729 1930 5761 ι
1976 5720 2034 5764 ut
2060 5712 2235 5764 tradat
2262 5712 2535 5767 civitatem
2564 5713 2824 5784 Assyriis,
2856 5714 2899 5768 si
2936 5714 3076 5767 intra
3121 5713 3358 5784 quinque
3384 5713 3503 5768 dies

1916 5821 1933 5853 ι
1973 5817 2077 5858 non
2098 5802 2308 5859 venerit
2333 5802 2487 5859 vobis
2513 5802 2872 5875 adjutorium?
2897 5805 2961 5861 Et
2992 5804 3081 5876 qui
3110 5805 3241 5862 estis
3264 5820 3376 5873 vos,
3407 5805 3503 5878 qui
