3928 6176
420 346 526 405 559

1128 337 1188 393 B.
1233 336 1481 393 RABANI
1522 336 1739 394 MAUBI
1776 336 2095 394 ARCHIEP.
2136 336 2447 396 MOGUNT.
2490 338 2775 398 OPERUM
2815 336 2996 394 PARS
3035 334 3078 393 1.

3604 336 3704 401 560

427 481 445 512 ς
489 456 710 519 tentatis
729 451 1051 509 Dominum?
1078 450 1193 506 Non
1218 459 1302 506 est
1330 450 1431 506 iste
1461 464 1640 505 sermo
1668 451 1758 519 qui
1810 449 2017 503 miseri-
2044 455 2093 511 Α
2121 449 2330 505 delictis
2356 459 2409 505 et
2435 450 2675 522 peccatis
2698 450 2898 505 vestris
2920 490 2934 515 ,
2966 449 3021 504 in
3047 447 3243 521 quibus
3269 449 3560 523 aliquando
3586 469 3701 510 am-

427 572 445 605 r
488 549 730 607 cordiam
761 552 1037 617 provocet,
1072 543 1165 598 sed
1201 542 1382 612 potius
1408 542 1501 611 qui
1542 542 1680 595 iram
1708 540 1929 605 excitet,
1959 547 2013 594 et

426 661 444 695 ι
484 640 725 695 furorem
759 636 1038 692 accendat.
1084 633 1351 688 Posuistis
1386 648 1481 687 vos
1524 641 1736 703 tempus
1784 633 2013 686 misera-

424 755 444 788 ε
490 733 654 790 tionis
682 729 914 791 Domini,
948 738 1002 782 et
1028 728 1081 781 in
1128 727 1415 781 arbitrium
1447 733 1689 779 vestrum
1718 725 1857 780 diem
1886 741 2013 780 con-

426 845 443 876 c
484 821 736 880 stituislis
764 819 832 874 ei.
886 816 991 872 Sed
1017 816 1144 887 quia
1171 816 1384 885 patiens
1413 815 1675 869 Dominus
1704 822 1804 879 est,
1835 816 1889 868 in
1913 815 2015 869 hoc

427 937 442 965 ι
484 917 659 985 ipsum
698 910 1083 983 poeniteamus,
1127 916 1182 961 et
1212 905 1599 975 indulgentiam
1636 903 1749 974 ejus
1773 904 1908 959 fusis
1932 905 2013 959 la-

428 1028 444 1058 (
490 1005 688 1077 crymis
710 1002 1041 1074 postulcmus
1069 1018 1080 1053 :
1109 1016 1217 1054 non
1245 1000 1387 1054 enim
1415 999 1567 1069 quasi
1591 999 1751 1053 homo
1772 998 1851 1053 sic
1872 996 2015 1054 Deus

427 1118 444 1148 ι
488 1093 932 1157 comminabitur,
966 1106 1141 1160 neque
1173 1090 1315 1145 sicut
1361 1089 1501 1143 ﬁlius
1528 1089 1760 1143 hominis
1805 1089 1873 1143 ad
1904 1089 2011 1143 ira-

427 1206 444 1239 ι
484 1186 735 1243 cundiam
786 1181 1228 1238 inﬁammabitur.
1281 1180 1347 1234 Et
1397 1180 1517 1234 ideo
1565 1179 1909 1234 humiliemus
1935 1178 2011 1232 illi

425 1307 443 1336 ι
487 1283 696 1339 animas
724 1288 958 1344 nostras,
994 1285 1048 1331 et
1086 1277 1139 1331 in
1172 1276 1364 1345 spiritu
1394 1274 1675 1330 constituti
1706 1273 2007 1337 humiliato,

425 1398 441 1427 ι
484 1374 781 1432 servientes
808 1371 903 1436 illi,
938 1369 1179 1425 dicamus
1202 1366 1394 1421 flentes
1417 1365 1665 1429 Domino,
1712 1373 1773 1418 ut
1814 1380 2009 1419 secun-

423 1486 440 1515 ι
483 1465 611 1520 dum
640 1461 971 1517 voluntatem
1016 1473 1166 1513 suam
1214 1457 1293 1511 sic
1332 1456 1496 1510 faciat
1523 1455 1804 1510 nobiscum
1845 1456 2009 1510 mise-

428 1577 444 1606 ι
487 1553 777 1619 ricordiam
829 1565 1002 1605 suam.
1038 1567 1056 1599 ι
1099 1546 1283 1601 Judith
1337 1561 1504 1615 ergo,
1555 1543 1698 1614 quod
1759 1543 2010 1598 Ecclesia:

420 1658 606 1719 typum
656 1642 895 1704 habeat,
954 1637 1337 1707 magistrorum
1389 1634 1606 1689 traditio
1666 1630 2006 1696 manifestat;

418 1739 812 1806 interpretatur
830 1729 1080 1799 conﬁtens
1104 1725 1187 1781 vel
1208 1726 1454 1791 lautioris,
1478 1733 1532 1779 et
1553 1733 1636 1779 est
1659 1723 1765 1778 lilia
1789 1723 2005 1789 Morari,

2117 543 2348 599 bulastis
2375 544 2673 599 secundum
2697 542 2952 597 saeculum
2980 542 3167 598 mundi
3196 543 3377 613 hujus,
3405 547 3702 603 secundum

2117 635 2414 704 principem
2444 635 2730 704 potestatis
2756 634 2900 690 aeris
2923 635 3115 706 hujus,
3142 635 3398 705 spiritus,
3438 637 3532 707 qui
3564 654 3703 694 nunc

2117 734 2373 796 operatur
2398 726 2451 780 in
2480 725 2617 780 ﬁlios
2640 724 2947 780 difﬁdentia:
2964 766 2979 791 ,
3007 725 3062 779 in
3088 723 3287 795 quibus
3313 736 3367 781 et
3394 742 3495 783 nos
3517 742 3696 786 omnes

2116 815 2403 886 aliquando
2444 814 2747 871 conversati
2780 830 2967 870 sumus
2999 816 3051 869 in
3081 814 3367 871 desideriis
3395 820 3582 874 carnis
3613 835 3703 875 no«

2117 916 2273 972 strte,
2308 906 2572 961 facientes
2598 906 2933 962 voluntatem
2964 904 3147 962 carnis
3185 915 3241 963 et
3279 910 3700 980 cogitationum,

2115 1007 2168 1052 et
2193 1014 2414 1053 eramus
2437 1007 2630 1051 natura
2662 996 2754 1052 ﬁlii
2783 999 2909 1064 irze,
2942 999 3084 1053 sicut
3110 1008 3165 1054 et
3190 1002 3372 1056 cmter‘i
3396 1020 3409 1056 :
3440 1004 3587 1058 Deus
3612 1021 3702 1059 au-

2114 1101 2221 1147 tem
2248 1092 2338 1162 qui
2367 1093 2517 1148 dives
2559 1101 2643 1148 est
2682 1094 2733 1147 in
2775 1094 3179 1160 misericordia,
3208 1105 3430 1169 propter
3476 1098 3699 1155 nimiam

2113 1182 2432 1237 charitatem
2463 1199 2615 1239 suam
2641 1226 2655 1250 ,
2686 1199 2793 1253 qua
2821 1184 3010 1240 dilexit
3038 1202 3166 1251 nos,
3198 1194 3252 1241 et
3292 1203 3416 1243 cum
3457 1205 3701 1247 essemus

2112 1273 2311 1327 mortui
2354 1274 2623 1343 peccatis,
2666 1274 3067 1330 conviviﬁcavit
3116 1291 3215 1330 nos
3255 1276 3506 1344 Christo,
3551 1279 3700 1349 cujus

2113 1363 2287 1433 gratia
2313 1364 2446 1418 estis
2472 1363 2687 1419 salvati.
2718 1384 2735 1416 ι
2766 1365 2832 1419 Ει
2864 1365 3059 1421 iterum
3089 1383 3102 1420 :
3133 1385 3152 1417 ι
3181 1366 3287 1421 Per
3313 1370 3458 1438 quod
3498 1387 3700 1426 mento-

2115 1467 2204 1507 res
2229 1461 2403 1509 estote
2424 1494 2437 1515 ,
2467 1453 2612 1522 quod
2642 1453 2929 1523 aliquando
2957 1470 3081 1522 vos,
3111 1455 3201 1525 qni
3232 1458 3398 1512 eratis
3428 1468 3619 1528 gentes
3647 1460 3696 1514 in

2112 1555 2310 1605 carne,
2351 1541 2442 1610 qui
2480 1542 2723 1596 dicimini
2763 1543 3083 1614 praeputium
3127 1545 3197 1600 ab
3235 1560 3324 1608 ea,
3356 1562 3477 1616 qua:
3502 1549 3698 1603 dicitur

2111 1633 2454 1687 circumcisio
2480 1634 2532 1688 in
2561 1649 2725 1689 carne
2749 1651 2910 1689 manu
2938 1634 3080 1691 facta
3099 1677 3113 1702 ,
3133 1637 3225 1707 qui
3252 1640 3419 1694 eratis
3446 1640 3539 1695 illo
3565 1650 3694 1696 tem-

2112 1740 2246 1795 pore
2282 1724 2401 1781 sine
2440 1724 2657 1781 Christo
2692 1727 2911 1783 alienati
2940 1743 2972 1782 a
2995 1732 3405 1786 conversatione
3442 1731 3606 1788 Israel
3646 1744 3697 1789 et

414 1830 520 1884 hoc
548 1802 651 1892 est,
682 1822 1082 1887 amaritudinis;
1107 1820 1232 1891 quia
1258 1834 1356 1889 per
1379 1817 1661 1889 praesentis
1688 1817 1810 1871 vitae
1832 1817 2006 1871 tribu—
2036 1802 2082 1861 Β
2112 1818 2353 1888 hospites
2380 1826 2829 1876 testamentorum
2847 1863 2861 1887 ,
2888 1823 3265 1892 promissionis
3288 1841 3440 1896 spem
3468 1843 3579 1882 non
3605 1827 3696 1881 ha-

414 1916 668 1970 lationem
708 1919 762 1967 et
793 1908 1213 1965 amaritudinem
1248 1906 1314 1961 ad
1356 1905 1538 1961 futura
1581 1905 1774 1976 gaudia
1820 1919 2009 1975 perve-

355 2026 357 2028 ·
412 2007 580 2071 nitur,
607 2005 700 2060 ubi
747 2009 933 2058 sancta
978 2000 1156 2053 anima
1205 1998 1341 2052 etin
1392 1995 1607 2051 mortali
1636 2011 1799 2051 carne
1840 1996 2009 2050 Deum

413 2097 653 2153 laudabit
675 2096 727 2149 in
758 2102 1041 2149 aeternum.
1081 2089 1235 2158 Quod
1264 2089 1407 2143 enim
1452 2088 1640 2158 quinta
1682 2088 1888 2143 decima
1916 2102 2009 2159 ge-

410 2191 693 2246 neratione
729 2187 915 2242 eadem
946 2182 1129 2241 Judith
1161 2182 1443 2254 progenita
1471 2181 1523 2235 in
1548 2179 1828 2251 Scriptura
1856 2196 2011 2250 repe-

410 2283 566 2345 ritur,
610 2281 716 2335 hoc
752 2277 1009 2333 nimirum
1045 2272 1334 2345 signiﬁcat,
1364 2274 1508 2342 quod
1552 2281 1737 2326 nostra
1767 2270 2007 2326 Ecclesia

408 2388 505 2442 per
555 2368 878 2425 hextoadem
926 2375 981 2420 et
1024 2364 1306 2420 octoadem
1362 2364 1493 2433 legis
1534 2372 1589 2417 et
1632 2363 1905 2434 Evangelii
1943 2364 2006 2418 de

407 2461 734 2535 patriarchis
759 2467 816 2515 et
841 2457 1100 2528 apostolis
1128 2456 1268 2511 edita
1293 2465 1396 2520 est,
1428 2463 1483 2508 et
1505 2455 1570 2509 ad
1596 2453 1867 2533 caelestem
1888 2453 2005 2525 glo—

409 2556 547 2609 riam
604 2549 1021 2624 promerendam
1081 2547 1384 2611 destinata;
1433 2561 1558 2599 nam
1614 2545 1703 2600 hic
1749 2558 2007 2599 numerus

409 2643 674 2715 graduum
702 2641 755 2696 in
785 2638 1043 2711 psalterio
1070 2638 1296 2709 mystice
1341 2640 1550 2709 positus
1595 2645 1698 2700 est,
1729 2644 1784 2690 et
1822 2644 2004 2706 typum

412 2732 636 2805 prtefert
678 2730 871 2785 futura:
911 2729 980 2783 ad
1028 2726 1226 2783 cmlum
1245 2725 1639 2791 «ascensionis,
1676 2739 1784 2794 quo
1832 2724 2004 2779 sancti

410 2824 789 2898 pervenientes
810 2823 1006 2877 merito
1032 2822 1211 2877 dicere
1233 2828 1489 2890 possunt:
1522 2838 1540 2870 ι
1579 2820 1719 2874 Ecce
1746 2835 1888 2874 nunc
1914 2819 2006 2873 be-

414 2918 646 2973 nedicite
670 2915 979 2977 Dominum,
1008 2929 1196 2969 omnes
1218 2914 1360 2967 servi
1376 2913 1587 2967 Domini
1609 2931 1622 2977 ;
1649 2912 1738 2982 qui
1769 2913 1925 2967 statis
1949 2912 2003 2967 in

412 3012 574 3067 domo
604 3008 837 3073 Domini,
864 3008 916 3061 in
943 3007 1097 3061 atriis
1131 3006 1322 3059 domus
1345 3005 1441 3059 Dei
1479 3005 1669 3059 nostri.
1698 3025 1715 3057 ι
1742 3004 1868 3060 Hmc
1889 3004 2002 3058 Ma-

417 3118 636 3167 nassen,
665 3100 758 3172 qui
781 3100 1170 3169 interpretatur
1192 3096 1383 3151 oblitus
1426 3097 1510 3152 vel
1538 3097 1784 3151 incitatus
1816 3099 2005 3153 habuit

409 3191 702 3257 maritum;
756 3188 846 3257 qui
896 3196 950 3241 et
987 3187 1042 3240 in
1089 3201 1267 3240 messe
1316 3186 1616 3240 hordeacea
1653 3195 1805 3241 stans
1844 3200 2006 3255 super

415 3283 700 3354 alligantes
731 3276 1034 3347 manipulos
1060 3276 1113 3331 in
1142 3291 1352 3345 campo,
1384 3276 1634 3330 veniente
1674 3284 1808 3330 mstu
1844 3290 2008 3346 super

415 3378 580 3441 caput
618 3369 757 3439 ejus,
799 3374 1046 3421 mortuus
1076 3373 1181 3420 est.
1223 3364 1360 3431 Quia
1408 3364 1521 3419 sive
1564 3363 1699 3434 l'egis
1727 3363 2004 3435 decalogo,

414 3462 531 3517 sive
557 3460 661 3514 ritu
690 3455 1007 3529 gentilitatis
1036 3453 1233 3525 priscis
1268 3452 1601 3522 temporibus
1647 3452 1894 3522 copulata
1925 3461 2006 3507 at-

413 3566 519 3623 que
552 3549 787 3605 obnoxia
818 3563 936 3603 esse
964 3543 1315 3616 dignoscitur,
1364 3544 1456 3600 sed
1490 3545 1738 3600 veniente
1763 3544 2002 3611 Christo,

376 3648 383 3657 ‘
412 3651 469 3698 et
502 3641 614 3698 sole
640 3638 913 3709 Evangelii
945 3636 1295 3701 clarescente,
1320 3636 1498 3690 omnis
1527 3635 1618 3689 illa
1649 3635 1880 3691 carnalis
1909 3636 2005 3691 ob-

410 3733 687 3790 servantia
718 3730 901 3793 cessit,
947 3736 1001 3783 et
1030 3728 1184 3799 quasi
1215 3728 1335 3781 vilis
1364 3727 1556 3781 messis
1587 3726 1831 3781 collectio
1853 3727 2002 3783 velo-

408 3843 534 3883 .cem
568 3825 727 3880 ﬁnem
758 3819 978 3885 habuit,
1004 3820 1069 3874 ad
1092 3816 1429 3889 spiritualem
1453 3832 1581 3888 ergo
1604 3833 1701 3887 per
1729 3816 2004 3871 Christum

412 3916 679 3973 translata
711 3922 798 3969 est
824 3912 1116 3967 culturam.
1156 3908 1310 3977 Quod
1341 3907 1537 3963 Paulus
1563 3907 1838 3977 apostolus
1866 3907 2005 3962 mul-

417 4008 589 4080 tiplici
621 4005 929 4061 narratione
959 4003 1033 4057 ita
1062 4001 1318 4055 ostendit.
1351 3999 1485 4054 Nam
1511 3999 1579 4055 ad
1616 3998 1835 4054 Galatas
1869 3998 2001 4054 scri-

413 4102 550 4156 bens
590 4098 669 4153 sic
710 4096 785 4150 ait
824 4114 836 4149 :
884 4114 903 4146 ‹
947 4092 1269 4163 Priusquam
1305 4093 1450 4148 enim
1479 4093 1689 4147 veniret
1720 4090 1854 4147 ﬁdes
1902 4090 2030 4146 sub

417 4192 534 4261 lege
557 4186 1018 4249 custodiebamur,
1043 4182 1284 4239 conclusi
1314 4183 1369 4236 in
1400 4196 1523 4238 eam
1553 4180 1733 4245 ﬁdem,
1766 4195 1887 4250 qua:
1916 4194 2004 4234 re-

415 4283 641 4339 velanda
679 4288 814 4335 erat.
856 4278 1034 4349 Atque
1071 4277 1156 4332 lex
1196 4277 1517 4349 paedagogus
1558 4284 1741 4331 noster
1785 4284 1905 4331 erat
1945 4276 2000 4331 in

416 4374 632 4431 Christo
675 4372 836 4436 Jesu,
878 4378 937 4424 ut
976 4384 1042 4424 ex
1082 4368 1579 4439 ﬁdejustiﬁcemur.
1621 4368 1691 4422 At
1736 4367 1825 4422 ubi
1854 4369 2003 4424 venit

419 4469 550 4524 ﬁdes
570 4510 584 4535 ,
625 4466 737 4537 jam
770 4483 875 4521 non
904 4480 1090 4520 sumus
1119 4466 1218 4519 sub
1247 4464 1560 4535 paedagogo.
1613 4463 1813 4520 Omnes
1856 4464 1999 4518 enim

417 4561 514 4616 tllii
542 4560 634 4616 Dei
663 4560 794 4614 estis
820 4571 917 4628 per
945 4555 1122 4618 ﬁdem,
1154 4570 1273 4624 quae
1293 4562 1378 4608 est
1403 4555 1456 4608 in
1481 4554 1699 4608 Christo
1719 4552 1864 4608 Jesu.
1895 4572 1913 4604 ι
1934 4553 2002 4608 Et

418 4655 593 4707 item:
645 4670 663 4701 ι
694 4650 836 4720 Ego,
869 4666 887 4698 ι
947 4646 1150 4716 inquit,
1199 4664 1217 4695 α
1252 4660 1349 4714 per
1389 4645 1561 4715 legem
1608 4645 1712 4715 legi
1758 4655 2003 4701 mortuus

418 4759 537 4799 sum
562 4783 576 4809 ,
603 4749 662 4796 ut
688 4741 796 4795 Deo
821 4739 997 4793 vivam
1020 4736 1235 4792 Christo
1261 4735 1503 4791 conﬁxus
1529 4751 1647 4790 sum
1672 4737 1841 4791 eruti.
1867 4738 2003 4793 Vivo

420 4842 599 4888 autem
633 4848 737 4887 non
763 4846 893 4901 ego,
926 4829 1057 4886 vivit
1080 4844 1209 4884 vero
1234 4828 1289 4883 in
1319 4844 1405 4884 me
1430 4826 1681 4883 Christus
1700 4870 1713 4893 ,
1742 4830 1884 4899 quod
1911 4846 2005 4883 au-

419 4932 529 4977 tem
570 4938 712 4977 nunc
749 4923 873 4977 vivo
909 4921 965 4975 in
1001 4934 1199 4985 carne,
1229 4919 1282 4973 in
1309 4917 1412 4973 ﬁde
1437 4917 1561 4972 vivo
1587 4917 1708 4972 Filii
1738 4917 1853 4972 Dei.
1887 4938 1906 4970 ι
1937 4918 2006 4973 Ει

420 5014 617 5069 iterum
647 5031 660 5067 :
692 5031 711 5063 ι
734 5011 862 5065 Mihi
892 5020 1073 5065 autem
1099 5010 1240 5064 absit
1265 5008 1483 5079 gloriari
1508 5008 1612 5063 nisi
1639 5006 1692 5062 in
1720 5023 1883 5064 cruce
1905 5008 2005 5065 Do-

421 5103 552 5157 mini
595 5100 767 5156 nostri
807 5099 935 5155 Jesu
976 5098 1216 5163 Christi,
1256 5113 1354 5168 per
1396 5113 1556 5167 quem
1597 5099 1727 5152 mihi
1770 5100 2004 5154 mundus

421 5193 716 5251 cruciﬁxus
737 5198 819 5247 est
837 5232 851 5256 ,
874 5198 928 5245 et
948 5206 1048 5261 ego
1071 5190 1288 5245 mundo.
1313 5210 1331 5242 ι
1360 5189 1437 5244 Ad
1469 5191 1742 5245 Romanos
1769 5206 1900 5246 vero
1929 5191 2003 5247 ita

421 5288 499 5342 ait
523 5304 535 5340 :
569 5305 587 5338 ι
618 5285 837 5340 Fratres
862 5283 968 5339 mei
986 5325 1000 5349 ,
1023 5299 1119 5338 vos
1140 5283 1272 5339 estis
1299 5284 1608 5339 mortiﬁcati
1637 5284 1738 5355 legi
1764 5300 1860 5355 per
1885 5301 2007 5341 cor-

422 5396 522 5452 pus
547 5377 784 5443 Christi,
814 5384 871 5431 ut
898 5376 1016 5431 sitis
1043 5375 1264 5431 alterius
1284 5417 1296 5440 ,
1327 5376 1418 5445 qui
1448 5392 1513 5431 ex
1542 5378 1774 5432 mortuis
1816 5394 2002 5432 resur-

422 5469 580 5525 rexit.
609 5488 628 5521 ι
659 5468 725 5521 Et
752 5482 940 5522 rursus
965 5483 979 5523 :
1011 5485 1028 5517 ι
1047 5467 1157 5521 Lex
1176 5507 1189 5531 ,
1213 5485 1230 5517 ι
1258 5467 1461 5535 inquit,
1492 5486 1509 5517 ι
1540 5467 1763 5537 spiritus
1790 5468 1913 5521 vitae
1941 5467 2006 5521 li—

419 5560 632 5615 beravit
655 5574 742 5613 me
769 5574 796 5612 a
826 5558 942 5629 lege
962 5558 1171 5629 peccati
1204 5564 1255 5612 et
1288 5557 1479 5611 mortis
1505 5574 1519 5611 :
1553 5557 1674 5611 ﬁnis
1699 5558 1842 5611 enim
1870 5558 2004 5627 legis

423 5649 671 5705 Christus
712 5650 779 5705 ad
810 5647 1074 5718 justitiam
1106 5648 1250 5701 omni
1294 5647 1556 5702 credenti.
1591 5666 1609 5697 ι
1639 5646 1716 5700 Ad
1744 5648 2004 5716 Ephesios

414 5754 638 5809 quoque
663 5743 740 5798 sic
767 5743 841 5796 ait
865 5741 883 5811 (
904 5741 1092 5812 Ephzs.
1120 5739 1180 5811 ιι)
1212 5759 1223 5792 2
1255 5759 1272 5791 ι
1304 5738 1413 5793 V'os
1439 5754 1561 5793 cum
1587 5740 1780 5794 essetis
1807 5743 2001 5795 mortui

2030 4510 2079 4568 D

2113 1910 2334 1976 lzentes,
2373 1919 2427 1964 et
2468 1911 2586 1965 sine
2626 1911 2738 1967 Deo
2779 1913 2833 1967 in
2863 1912 2965 1968 hoc
2994 1914 3212 1971 mundo.
3246 1915 3399 1972 Nunc
3429 1925 3614 1973 autem
3645 1919 3693 1973 in

2112 2000 2331 2055 Christo
2371 1999 2501 2056 Jesu
2538 2016 2662 2070 vos,
2709 2002 2805 2073 qui
2831 2002 3119 2072 aliquando
3150 2006 3318 2061 eratis
3347 2005 3538 2075 longe,
3572 2006 3695 2063 facti

2111 2094 2243 2147 estis
2280 2109 2447 2164 prope
2488 2093 2541 2147 in
2581 2094 2845 2166 sanguine
2885 2093 3113 2153 Christi.
3158 2096 3277 2168 ipse
3303 2107 3388 2153 est
3417 2099 3568 2154 enim
3596 2115 3693 2170 pax

2111 2193 2318 2251 nostra,
2344 2185 2434 2254 qui
2461 2183 2590 2239 fecit
2614 2193 2843 2255 utraque
2866 2201 3063 2254 unum,
3090 2196 3146 2243 et
3170 2189 3408 2245 medium
3432 2190 3694 2260 parietem

2110 2276 2361 2329 maceriae
2406 2275 2620 2330 solvens
2668 2275 2981 2331 inimicitias
3028 2277 3080 2331 in
3122 2293 3288 2334 carne
3337 2294 3479 2335 sua:
3520 2280 3693 2352 lcgetn

2108 2366 2488 2421 mandatorum
2517 2366 2753 2423 decretis
2779 2381 3047 2422 evacuans
3066 2408 3081 2432 ,
3110 2378 3168 2422 ut
3196 2371 3330 2425 duos
3356 2370 3615 2425 maderet
3643 2371 3694 2426 in

2109 2457 2460 2526 semetipsum
2480 2497 2494 2522 ,
2523 2457 2578 2511 in
2604 2472 2769 2511 unum
2796 2472 2996 2512 novum
3035 2458 3309 2515 hominem
3355 2458 3563 2517 faciens
3598 2476 3692 2530 pa-

2106 2564 2226 2605 cem
2249 2590 2263 2614 ,
2306 2556 2361 2603 et
2401 2547 2719 2603 reconciliet
2754 2548 2943 2603 ambos
2984 2547 3037 2601 in
3078 2563 3186 2602 uno
3208 2562 3437 2619 corpore
3461 2548 3576 2603 Deo
3602 2563 3696 2618 per

2106 2658 2324 2699 crucem
2347 2683 2361 2707 ,
2388 2641 2724 2697 interﬁciens
2751 2641 3066 2696 inimicitias
3092 2641 3145 2696 in
3170 2641 3481 2711 semetipso.
3513 2640 3581 2699 Et
3607 2655 3697 2696 ve-

2104 2735 2262 2790 niens
2286 2733 2668 2804 evangelizans
2692 2749 2883 2803 pacem
2913 2734 3087 2801 vobis,
3113 2734 3204 2804 qui
3232 2734 3389 2805 longe
3414 2734 3616 2800 fuistis,
3643 2744 3696 2790 et

2104 2839 2293 2897 pacem
2334 2824 2401 2880 iis
2449 2825 2541 2894 qui
2580 2839 2768 2895 prope.
2802 2844 2820 2879 ι
2846 2824 2999 2892 Quod
3039 2833 3220 2879 autem
3262 2824 3461 2880 dicitur
3513 2823 3696 2879 Iudith

2103 2922 2224 2984 post
2244 2912 2345 2967 viri
2369 2913 2451 2968 sui
2475 2921 2701 2969 mortem
2715 2912 2826 2983 jam
2852 2914 3007 2968 annis
3031 2914 3203 2969 tribus
3225 2922 3279 2969 et
3303 2915 3581 2970 mensibus
3603 2930 3696 2969 sex

2104 3002 2348 3056 relictam
2379 3016 2498 3057 esse
2526 3002 2774 3067 viduam,
2808 3002 3074 3073 signiﬁcat
3100 3002 3394 3059 Ecclesiam
3436 3018 3470 3058 a
3510 3003 3695 3058 mundi

2110 3094 2378 3149 illecebris
2407 3094 2721 3149 destitutam
2754 3102 2956 3149 sancte
2984 3093 3267 3148 Trinitatis
3298 3092 3456 3148 ﬁdem
3480 3134 3497 3158 ,
3523 3102 3579 3149 et
3603 3095 3698 3150 ho—

2034 3157 2077 3218 c
2109 3201 2302 3240 norum
2330 3200 2554 3255 operum
2580 3183 2782 3239 habere
2802 3183 3209 3255 perfectionem.
3237 3183 3294 3238 In
3323 3185 3699 3256 superioribus

2107 3290 2217 3329 suae
2256 3274 2447 3330 domus
2486 3272 2618 3330 fecit
2656 3284 2927 3331 secretum
2966 3275 3302 3342 cubiculum,
3332 3276 3385 3330 in
3426 3292 3538 3346 quo
3573 3292 3697 3332 cum

2102 3367 2298 3439 puellis
2322 3368 2437 3423 suis
2462 3366 2644 3422 clausa
2688 3367 3023 3433 morabatur,
3065 3383 3187 3422 cum
3228 3368 3282 3422 in
3328 3382 3456 3423 arce
3498 3369 3699 3424 mentis

2106 3473 2215 3513 sua:
2250 3456 2462 3513 ﬁrmam
2505 3458 2685 3528 posuit
2725 3458 3023 3513 custodiam
3048 3499 3063 3524 ,
3102 3466 3161 3512 ut
3200 3473 3304 3512 non
3344 3473 3445 3527 per
3485 3458 3697 3513 diversa

2104 3548 2258 3603 vanis
2282 3547 2478 3603 deﬂuat
2506 3549 2808 3614 desideriis,
2834 3550 2930 3605 sed
2954 3565 3076 3604 cum
3099 3550 3519 3621 cogitationibus
3546 3562 3702 3605 mun-

2106 3639 2189 3693 dis
2235 3639 2718 3694 incontaminatam
2770 3655 2829 3694 se
2875 3640 2930 3694 in
2982 3650 3273 3710 conspectu
3322 3641 3404 3696 sui
3454 3650 3700 3697 servaret

2104 3727 2432 3782 Conditoris.
2458 3725 2584 3781 llaec
2604 3728 2840 3783 habebat
2864 3744 3026 3799 super
3050 3729 3259 3784 lumbos
3282 3746 3412 3786 suos
3436 3732 3696 3797 cilicium,

2103 3816 2456 3886 etjejunabat
2483 3817 2736 3873 omnibus
2764 3819 2982 3885 diebus,
3013 3820 3138 3889 quia
3165 3836 3265 3891 per
3302 3822 3697 3877 continentiam

2102 3909 2228 3963 vitae
2261 3917 2315 3964 et
2338 3909 2810 3965 mortiﬁcationem
2830 3911 3163 3981 voluptatum
3181 3921 3395 3966 terrena
3424 3913 3477 3967 in
3502 3929 3561 3968 se.
3580 3928 3696 3969 cru-

2103 4000 2275 4057 ciﬁxit
2298 4002 2586 4069 desideria,
2615 4010 2669 4058 et
2696 4005 3164 4075 concupiscentias
3189 4005 3375 4060 carnis
3401 4008 3700 4077 restringe-

2102 4090 2217 4157 bat,
2240 4090 2432 4147 futura:
2455 4093 2579 4147 vitae
2605 4091 3036 4149 solemnitatibus
3057 4102 3111 4148 et
3134 4096 3361 4150 sabbato
3389 4094 3700 4151 animarum

2103 4182 2158 4236 in
2182 4182 2387 4237 ccelcsti
2416 4197 2583 4251 regno
2608 4184 2828 4238 omnino
2855 4199 2912 4239 se
2935 4198 3247 4253 prreparans
3265 4225 3280 4250 ,
3308 4184 3402 4239 ubi
3430 4201 3531 4255 pro
3558 4202 3703 4259 prre-

2103 4285 2255 4331 sente
2282 4275 2629 4331 tribulatione
2654 4291 2775 4331 cum
2803 4276 3006 4331 sanctis
3028 4276 3237 4348 angelis
3263 4276 3481 4347 plenum
3506 4290 3702 4348 perce-

2102 4377 2263 4440 ptura
2300 4376 2385 4423 est
2416 4368 2691 4440 gaudium.
2733 4367 2831 4423 Cui
2876 4369 2960 4423 vir
2996 4383 3126 4423 suus
3155 4369 3455 4438 reliquerat
3479 4369 3705 4425 divitias

2106 4461 2332 4526 multas,
2373 4469 2428 4514 et
2465 4460 2723 4515 familiam
2756 4460 3063 4531 copiosam,
3094 4476 3158 4514 ac
3191 4462 3567 4531 possssiones
3605 4477 3701 4514 ar-

2108 4556 2304 4611 mentis
2330 4557 2492 4610 boum
2521 4564 2574 4609 et
2600 4555 2850 4626 gregibus
2877 4555 3055 4608 ovium
3082 4554 3269 4623 plenas
3295 4573 3307 4607 :
3338 4555 3465 4624 quia
3491 4555 3607 4608 sive
3634 4570 3703 4608 ex

2105 4648 2307 4702 veteris
2334 4646 2467 4718 legis
2492 4648 2869 4711 instructione,
2894 4649 3007 4701 sive
3032 4648 3193 4701 etiam
3220 4663 3287 4700 ex
3310 4647 3707 4718 philosophicm

2108 4742 2366 4798 doctrinae
2392 4741 2733 4795 institutione
2763 4755 2886 4795 cum
2918 4739 3212 4797 moralibus
3237 4739 3538 4809 disciplinis
3564 4739 3710 4793 mul-

2109 4833 2323 4904 tiplices
2363 4847 2495 4903 opes
2533 4831 2633 4886 sibi
2676 4830 2917 4885 Ecclesia
2950 4831 3016 4884 ad
3046 4829 3325 4884 Christum
3350 4832 3578 4885 veniens
3609 4846 3705 4884 re-

2111 4925 2365 4980 servabat
2393 4923 2652 4978 scientize.
2683 4921 2821 4976 Ilinc
2843 4929 2897 4975 et
2925 4921 3124 4975 Doctor
3150 4921 3393 4990 gentium
3424 4919 3709 4992 gloriaba-

2108 5023 2198 5068 tur
2223 5029 2280 5069 se
2306 5014 2569 5068 nutritum
2593 5027 2713 5067 esse
2732 5027 2891 5066 secus
2913 5011 3075 5082 pedes
3097 5010 3439 5087 Gamalielis,
3463 5012 3551 5081 qui
3579 5020 3709 5066 erat

2107 5103 2297 5159 doctor
2321 5102 2456 5175 legis
2483 5102 2832 5158 honorabilis.
2867 5101 2932 5156 Et
2961 5101 3171 5172 Moyses
3202 5102 3449 5157 eruditus
3475 5118 3599 5157 esse
3627 5102 3713 5156 le-

2107 5195 2250 5267 gitur
2290 5196 2344 5250 in
2384 5194 2646 5266 sapientia
2689 5204 2745 5247 et
2784 5193 3030 5247 doctrina
3071 5191 3480 5262 Egyptiorum.
3511 5192 3569 5245 Si
3613 5191 3708 5246 cui

2109 5286 2225 5341 viro
2250 5287 2338 5342 hic.
2364 5301 2551 5341 sensus
2579 5285 2947 5356 displicuerit,
2974 5283 3113 5354 quod
3141 5284 3373 5338 dixerim
3396 5282 3712 5337 Manassem

2108 5377 2283 5431 virum
2313 5375 2496 5431 Judith
2528 5378 2661 5448 legis
2686 5377 3000 5450 decalogum
3038 5380 3151 5434 sive
3183 5380 3348 5433 ritum
3378 5378 3715 5450 gentilitatis

2109 5467 2416 5538 signiﬁcare
2436 5509 2448 5530 ,
2484 5477 2661 5538 potest
2690 5484 2815 5523 eum
2845 5469 3110 5524 alacriore
3144 5469 3405 5539 mysterio
3434 5467 3502 5521 ad
3530 5467 3715 5521 Chri~

2108 5566 2284 5623 stum,
2324 5559 2414 5629 qni
2457 5569 2541 5613 est
2580 5576 2740 5614 verus
2780 5577 3010 5630 sponsus
3037 5561 3324 5621 Ecclesiae,
3363 5557 3712 5621 transferre.

2078 5690 2084 5697 .
2108 5651 2199 5718 qui
2226 5650 2362 5704 bene
2393 5649 2663 5704 Manasses
2688 5651 2788 5704 dici
2824 5659 3032 5720 potest,
3061 5652 3187 5719 quia
3215 5649 3456 5704 oblivisci
3485 5664 3591 5703 nos
3622 5648 3720 5703 fa-

2109 5740 2215 5794 ciet
2256 5742 2577 5797 calamitatis
2615 5742 2855 5812 pristinae
2896 5759 2993 5815 per
3035 5743 3454 5799 consolationem
3496 5740 3720 5795 futui-.2
