3876 6136
238 251 333 309 86!

1343 244 1709 304 EXPOSl'l‘lO
1747 242 1814 298 IN
1856 243 2115 300 LIBRUM
2153 241 2417 301 JUUITH.

3407 245 3522 305 κάξ

233 366 378 420 vice.
405 363 504 420 llic
531 379 661 435 ergo
689 363 740 418 in
765 361 956 418 diebus
983 362 1177 418 messis
1202 362 1549 427 hordeaceze,
1574 363 1677 417 hoc
1705 369 1790 416 est
1809 401 1823 426 ,
1855 364 1905 422 Α
1933 360 2008 415 ait
2035 380 2046 414 :
2078 381 2094 411 ‹
2121 360 2298 417 Nolite
2340 377 2470 434 ergo
2513 362 2728 417 Solliciti
2756 377 2874 418 esse
2899 352 3174 430 dicentes,
3203 363 3330 433 quid
3361 380 3522 418 man~

236 456 289 511 in
314 454 679 510 conversione
708 453 879 523 plebis
907 453 1169 519 Judaicre,
1200 467 1321 508 cum
1354 452 1591 507 mitteret
1632 452 1826 523 pr:cdi—

235 564 358 607 care
385 546 661 619 apostolos
688 561 816 602 suos
844 546 1193 617 Evangelium
1214 587 1230 611 ,
1258 554 1314 601 et
1340 560 1676 617 congregare
1704 561 1823 599 ma-

234 638 453 709 nipulos
479 639 765 693 credentes
791 637 857 693 de
881 646 1026 692 terra
1057 636 1424 693 lsraelitarum
1445 678 1460 703 ,
1489 639 1638 693 venit
1664 647 1827 692 aestus

234 744 406 799 super
431 737 595 800 caput
617 726 765 797 ejus,
795 729 1008 798 quando
1043 729 1351 784 excitabant
1387 729 1462 783 illi
1498 730 1827 799 persecutio—

239 835 357 873 nem
379 860 397 885 ,
427 835 592 875 causa
623 819 924 874 divinitatis
952 819 1090 889 ejus.
1120 819 1295 891 Caput
1333 835 1463 875 vero
1503 819 1703 875 Christi
1747 828 1831 874 cst

238 909 382 964 Deus
412 925 429 975 ;
458 925 583 964 nam
624 910 859 965 maxime
897 910 1206 965 scandalum
1246 911 1532 965 sumebant
1573 911 1698 964 inde
1731 907 1827 963 ,ἰυ-

240 998 331 1054 daei
347 1039 364 1061 ,
398 998 544 1067 quod
567 998 770 1052 diceret
796 1006 1007 1067 patrem
1035 1014 1191 1053 suum
1215 1015 1335 1054 esse
1360 999 1526 1054 Deum
1550 1041 1564 1066 ,
1589 1000 1832 1055 dicentes

241 1089 305 1145 ad
329 1087 492 1142 illum
516 1102 532 1141 :
561 1105 581 1139 ι
613 1087 688 1142 De
714 1088 855 1143 bono
881 1104 1046 1159 opere
1073 1106 1177 1145 non
1205 1089 1508 1161 lapidamus
1534 1099 1586 1146 te
1604 1132 1617 1155 ,
1648 1091 1745 1146 sed
1766 1092 1833 1147 de

240 1178 619 1250 blasphemia;
645 1187 698 1234 et
722 1180 849 1248 quia
874 1187 927 1249 tu
951 1180 1116 1235 humo
1143 1195 1264 1235 cum
1293 1182 1387 1245 sis,
1415 1179 1552 1236 facis
1575 1189 1628 1236 te
1656 1182 1833 1253 ipsum

242 1270 437 1325 Deum.
470 1289 491 1323 ι
516 1269 584 1324 Et
611 1269 677 1323 ad
708 1268 938 1324 Pilatum
967 1288 980 1324 :
1012 1288 1030 1321 ι
1061 1269 1170 1325 Nos
1190 1312 1206 1336 ,
1237 1290 1254 1322 ι
1289 1270 1537 1341 inquiunt
1558 1313 1572 1337 ,
1610 1290 1628 1321 ‹
1661 1271 1834 1342 legem

241 1363 543 1429 habemus,
571 1370 626 1418 et
655 1362 948 1418 secundum
977 1363 1150 1435 legem
1183 1364 1343 1419 debet
1384 1363 1546 1429 mori,
1575 1364 1700 1433 quia
1740 1363 1834 1418 Fi-

244 1454 373 1510 lium
406 1455 506 1510 Dei
537 1469 596 1510 se
623 1452 771 1510 fecit.
805 1475 823 1507 ι
851 1452 1051 1510 Passus
1082 1469 1213 1526 ergo
1251 1463 1336 1511 est
1376 1454 1637 1510 Dominus
1677 1454 1837 1511 Jesus

243 1550 295 1605 in
324 1554 496 1620 gente
534 1562 664 1612 sua,
694 1553 750 1599 et
789 1545 1030 1615 sepultus
1068 1545 1121 1599 in
1160 1546 1318 1600 horto
1345 1544 1832 1617 Jerosolymitano,

245 1637 521 1705 tertiaque
546 1635 633 1690 die
662 1634 960 1689 resurrexit
985 1649 1015 1687 a
1045 1632 1292 1697 mortuis,
1320 1634 1619 1689 ascendens
1648 1634 1700 1688 in
1728 1648 1838 1689 ece-

1928 453 2275 519 ducabimus,
2303 462 2397 507 aut
2427 453 2553 524 quid
2582 453 2860 519 bibemus,
2900 463 2994 509 aut
3029 470 3138 526 quo
3174 456 3527 526 operiemur.’

1930 544 2044 597 haec
2083 545 2225 597 enim
2268 544 2448 598 omnia
2484 553 2672 614 gentes
2701 544 3014 614 inquirunt,
3049 544 3156 600 scit
3184 543 3328 599 enim
3355 544 3524 600 Pater

1930 642 2131 699 vester,
2161 635 2285 703 quia
2316 634 2402 688 his
2427 635 2679 689 omnibus
2705 633 2979 707 indigetis.
3010 635 3248 703 Qurerite
3276 650 3409 705 ergo
3440 652 3525 691 re-

1930 740 2092 795 gnum
2148 726 2243 780 Dei
2284 723 2625 793 etjustitiam
2656 723 2772 793 ejus
2793 766 2807 789 ,
2836 732 2890 779 et
2916 725 3097 779 omnia
3126 725 3241 780 inec
3268 723 3528 793 adjicien-

1931 826 2019 871 tur
2045 818 2217 872 vobis.
2250 837 2268 869 ι
2299 817 2435 872 Hinc
2460 826 2515 871 et
2539 816 2827 887 Apostolus
2856 817 2929 871 ait
2955 835 2967 870 :
3000 836 3017 867 ι
3048 815 3104 869 Si
3134 825 3315 869 autem
3342 816 3394 869 in
3424 817 3526 871 hac

1930 908 2040 962 vita
2083 917 2295 963 tantum
2327 910 2382 963 in
2412 908 2634 964 Christo
2662 917 2944 978 sperantes
2973 923 3165 963 sumus
3184 950 3198 971 ,
3236 908 3526 963 miserabi-

1932 1000 2096 1054 liores
2140 1014 2328 1054 sumus
2373 998 2625 1054 omnibus
2670 1000 3001 1053 hominibus.
3042 1019 3059 1051 ι
3092 998 3237 1070 Ergo
3283 1013 3524 1068 praseus

1933 1093 2044 1145 vita
2076 1091 2322 1147 fidelibus
2354 1092 2424 1147 sit
2455 1092 2506 1145 in
2538 1108 2639 1147 usu
2662 1133 2674 1156 ,
2708 1091 2888 1146 futura
2922 1100 3101 1146 autem
3134 1093 3186 1145 in
3216 1090 3391 1147 fructu
3435 1107 3527 1147 sa-

1934 1182 2061 1237 lutis
2083 1191 2317 1237 aeterna).
2351 1181 2460 1237 Res
2489 1182 2804 1252 temporalis
2834 1183 2885 1236 in
2921 1184 3114 1238 itinere
3156 1181 3523 1249 desideretur,

1934 1279 2137 1325 mterna
2183 1271 2236 1325 in
2283 1271 2656 1341 perventione,
2684 1270 2837 1340 quasi
2884 1286 2949 1325 ex
2993 1270 3164 1325 latere
3202 1272 3535 1343 respiciatnr

1936 1365 2195 1436 quidquid
2223 1365 2276 1419 in
2306 1366 2408 1420 hoc
2436 1365 2635 1419 mundo
2665 1366 2865 1436 agitur,
2899 1373 3026 1421 ante
3055 1382 3153 1420 nos
3199 1375 3381 1421 autem
3416 1376 3532 1422 tcu-

1938 1457 2066 1511 daut
2109 1456 2307 1511 mentis
2343 1455 2515 1518 oculi,
2560 1456 2686 1510 dum
2729 1463 2840 1510 tota
2871 1455 3169 1510 intentione
3194 1456 3283 1511 illa
3311 1459 3530 1528 cuiuspi-

1939 1551 2089 1605 ciunt
2117 1549 2182 1601 ad
2212 1564 2333 1619 quae
2359 1548 2760 1617 perveniemus.

2016 1659 2035 1692 ε
2065 1641 2131 1695 Et
2162 1657 2305 1695 nunc
2327 1681 2341 1704 ,
2375 1638 2605 1705 fratres,
2638 1640 2894 1710 quoniam
2927 1656 3021 1695 vos
3052 1642 3185 1697 estis
3218 1642 3529 1714 presbyteri

245 1726 321 1782 los
359 1726 521 1782 sedet
540 1725 607 1779 ad
632 1724 877 1779 dextram
898 1721 994 1777 Dei
1015 1721 1211 1787 Patris,
1237 1721 1361 1777 inde
1391 1730 1651 1778 venturus
1671 1721 1835 1791 judcx
1871 1729 1913 1788 Β
1949 1752 1967 1784 (
1998 1734 2052 1788 in
2081 1733 2277 1804 populo
2307 1733 2437 1798 Dei,
2469 1741 2523 1787 et
2552 1748 2619 1787 ex
2650 1732 2799 1787 vobis
2829 1734 3027 1802 pendet
3058 1734 3238 1787 anima
3273 1734 3488 1789 illorum
3514 1778 3528 1801 ,

244 1816 497 1873 vivorum
543 1830 607 1871 ac
655 1822 1014 1870 mortuorum.
1065 1811 1382 1881 Hujusmodi
1424 1829 1555 1885 ergo
1599 1830 1832 1884 sponsa,

241 1916 535 1978 postquam
556 1904 773 1958 ablatus
788 1913 873 1958 est
903 1904 970 1958 ab
1000 1918 1063 1957 ea
1093 1917 1353 1973 sponsus,
1377 1901 1589 1972 jejunio
1620 1912 1674 1959 et
1718 1905 1845 1961 abs-

249 1998 498 2054 tinentiae
551 2011 770 2066 operam
810 1994 960 2050 dedit
997 1994 1248 2049 omnibus
1309 1994 1500 2050 diebus
1539 1996 1667 2050 vita:
1701 2012 1840 2064 sum,

246 2089 441 2158 utique
469 2100 641 2156 usque
667 2085 734 2140 ad
758 2084 1281 2140 conSummationem
1311 2084 1492 2141 saeculi
1515 2096 1694 2141 servat
1722 2103 1846 2144 cas-

245 2184 459 2239 titatem
504 2181 659 2245 fidei,
687 2196 787 2236 nec
832 2180 941 2235 ullo
966 2182 1125 2236 modo
1146 2184 1415 2237 consentit
1440 2186 1717 2241 erroribus
1738 2187 1847 2243 ha:-

248 2276 549 2333 reticorum
596 2273 785 2344 pollui.
838 2272 935 2329 Cui
981 2279 1067 2328 vir
1110 2291 1240 2330 suus
1285 2276 1581 2347 reliquerat
1627 2279 1843 2337 divitias

248 2370 480 2436 multas,
532 2367 831 2438 spiritualis
873 2368 1120 2441 profecto
1167 2371 1453 2442 sapientia:
1500 2382 1555 2428 et
1600 2378 1843 2432 omnium

246 2462 533 2517 virtutum.
559 2459 951 2530 Familiamque
975 2447 1247 2532 copiosam
1269 2504 1283 2529 ,
1308 2479 1430 2518 cum
1451 2467 1689 2521 omnium
1714 2484 1845 2539 gen-

247 2552 383 2608 tium
429 2552 782 2623 congregavit
825 2552 893 2606 ad
941 2567 1061 2607 eam
1105 2553 1506 2611 multitudinem
1550 2556 1839 2615 infinitam.

248 2642 637 2700 Possessiones
676 2658 890 2715 quoque
919 2644 972 2699 in
1005 2647 1268 2702 armentis
1296 2648 1458 2702 boum
1497 2658 1553 2704 et
1591 2650 1845 2721 gregibus

248 2737 430 2791 ovium
450 2778 465 2801 ,
501 2735 596 2806 qui
622 2735 859 2792 subdidit
883 2737 933 2791 ei
963 2753 1068 2792 non
1098 2739 1271 2794 solum
1299 2756 1395 2796 eos
1425 2741 1516 2812 qui
1546 2741 1704 2797 utiles
1742 2760 1843 2814 po-

250 2834 475 2882 tuerunt
500 2826 616 2881 fieri
650 2827 704 2882 in
744 2843 874 2899 agro
901 2828 1181 2885 Dominico
1203 2872 1217 2895 ,
1266 2831 1362 2886 sed
1385 2832 1550 2887 etiam
1582 2832 1700 2887 illos
1747 2834 1839 2903 qui

250 2918 623 2976 innocentiam
660 2920 859 2975 mentis
897 2928 1059 2991 atque
1093 2923 1453 2979 obedientiam
1483 2933 1606 2981 actu
1634 2927 1842 2994 iumen-

250 3009 441 3065 derent
478 3009 696 3065 devoto.
738 3009 863 3065 Haac
903 3012 956 3065 in
999 3011 1247 3067 omnibus
1280 3012 1673 3081 famosissima,
1701 3031 1837 3087 quo-

1955 1843 1973 1875 ι
2003 1825 2070 1879 ad
2112 1824 2386 1895 eloquium
2432 1832 2671 1878 vestrum
2715 1824 2877 1895 corda
2930 1824 3145 1879 illorum
3191 1826 3382 1897 erigite
3411 1868 3424 1891 ,
3472 1835 3532 1880 ut

1954 1937 1972 1969 ι
2002 1931 2272 1973 memores
2311 1916 2419 1970 sint
2456 1916 2582 1985 quia
2628 1915 2815 1970 tentati
2848 1922 2974 1969 sunt
3026 1925 3208 1986 patres
3239 1918 3442 1981 nostri,
3473 1927 3533 1972 ut

1953 2029 1970 2061 ι
2002 2009 2362 2080 probarentur
2395 2008 2440 2063 si
2465 2022 2589 2064 vere
2609 2007 2851 2062 colerent
2876 2008 3041 2061 Deum
3068 2024 3243 2063 suum.
3267 2008 3532 2064 Memores

1952 2123 1971 2156 ι
2004 2118 2124 2158 esse
2172 2103 2371 2158 debent
2410 2102 2680 2172 quomodo
2709 2111 2862 2171 pater
2891 2111 3076 2156 noster
3098 2103 3379 2159 \Abraham
3416 2115 3532 2161 ten-

1953 2215 1971 2247 ι
2002 2203 2145 2250 tatus
2170 2202 2253 2249 est
2271 2235 2284 2257 ,
2311 2202 2365 2247 ct
2391 2208 2486 2262 per
2514 2194 2714 2247 multas
2744 2194 3121 2248 tribulationes
3149 2195 3409 2263 probatus
3435 2197 3529 2251 Dei

1952 2307 1970 2341 ι
2002 2287 2208 2342 amicus
2236 2285 2458 2342 effectus
2488 2294 2587 2341 est.
2616 2284 2707 2340 Sic
2732 2286 2913 2351 Isaac,
2944 2286 3021 2341 sic
3045 2285 3210 2341 Jacub
3231 2328 3246 2352 ,
3272 2288 3355 2342 sic
3384 2287 3532 2359 Moy-

1952 2400 1970 2433 ι
1998 2396 2083 2436 ses
2103 2422 2116 2443 ,
2146 2388 2200 2434 ct
2225 2392 2413 2433 omnes
2437 2378 2527 2447 qui
2557 2377 2879 2447 placuerunt
2907 2377 3017 2432 Deo
3037 2419 3050 2441 ,
3079 2393 3175 2447 per
3200 2378 3401 2432 multas
3428 2379 3528 2432 tri-

1953 2489 1969 2521 ι
1999 2470 2303 2525 bulationes
2335 2467 2667 2522 transierunt
2702 2465 2909 2521 ﬁdeles.
2943 2467 3020 2522 llli
3051 2478 3226 2523 autem
3247 2509 3261 2533 ,
3291 2469 3382 2539 qui
3416 2477 3533 2523 teu-

1951 2577 1971 2611 ‹
2004 2559 2234 2614 taliones
2271 2572 2378 2612 non
2421 2563 2780 2626 susceperunt
2819 2571 2943 2613 eum
2976 2557 3169 2612 timore
3195 2558 3442 2623 Domini,
3474 2565 3530 2612 ct

1953 2650 2397 2722 «impatientiam
2442 2664 2634 2714 suam,
2685 2656 2735 2702 et
2790 2648 3173 2718 improperium
3227 2664 3531 2703 murmura-

1952 2761 1971 2794 ‹
2005 2743 2166 2798 tionis
2197 2760 2307 2799 sua:
2335 2753 2522 2799 contra
2558 2745 2842 2799 Dominum
2872 2743 3245 2815 protulerunt,
3276 2745 3534 2801 extermi-

1952 2854 1971 2888 ι
2002 2838 2110 2890 nati
2153 2844 2277 2892 sunt
2319 2836 2387 2891 ab
2426 2838 2878 2903 exterminatore,
2910 2845 2964 2893 ct
2992 2853 3021 2891 a
3054 2838 3401 2907 serpentibus
3438 2854 3532 2907 pe—

1951 2948 1968 2980 c
2000 2930 2225 2985 rierunt.
2258 2950 2277 2983 ι
2329 2930 2735 2986 Prmteritorum
2784 2932 3086 3003 principum
3137 2931 3298 2986 fortia
3342 2940 3527 3003 gesta,

1943 3020 2291 3088 prmsentium
2325 3030 2450 3076 sunt
2477 3022 2796 3079 documenta
2843 3021 3100 3077 salubria.
3151 3024 3302 3079 Unde
3342 3022 3527 3079 Judith

249 3099 393 3155 niam
424 3100 588 3156 valde
616 3101 771 3155 timet
795 3101 1100 3157 Dominum.
1147 3101 1314 3172 Cujus
1352 3102 1539 3159 laudes
1580 3102 1835 3159 Salomon
1868 3095 1913 3157 C
1948 3126 2189 3165 summos
2237 3113 2581 3182 patriarchas
2628 3115 2803 3185 gemis
2845 3113 3212 3169 Isracjjlarum
3233 3156 3247 3180 ,
3275 3116 3378 3171 hoc
3415 3127 3493 3170 est
3515 3158 3528 3182 τ

240 3190 395 3260 juxta
423 3189 590 3246 finem
615 3189 1032 3248 Proverbiorum
1062 3209 1281 3248 suorum
1312 3195 1627 3264 plenissime
1669 3196 1841 3266 expli-

247 3292 365 3352 cat,
398 3284 494 3340 ubi
535 3284 678 3340 inter
716 3293 909 3340 caetera
942 3286 1013 3340 ita
1048 3286 1214 3341 dicit:
1244 3307 1261 3337 ι
1293 3286 1482 3342 Mulier
1510 3288 1707 3343 timens
1739 3289 1842 3343 Do—

247 3379 458 3433 minum
483 3393 601 3448 ipsa
626 3378 948 3444 laudabitur,
977 3379 1136 3434 datur
1173 3379 1222 3433 ei
1262 3380 1328 3434 de
1374 3379 1550 3435 fructu
1582 3396 1839 3435 manuum

249 3485 473 3524 suarum
492 3509 509 3534 ,
536 3478 592 3524 et
613 3469 835 3525 laudant
860 3485 979 3525 eam
1012 3471 1065 3525 in
1094 3458 1266 3539 portis
1291 3486 1456 3542 opera
1484 3469 1619 3540 ejus.
1656 3492 1673 3523 υ
1703 3471 1839 3527 Hinc

248 3570 302 3616 et
340 3560 516 3616 Isaias
560 3560 679 3615 ait:
718 3579 737 3611 ι
766 3559 951 3615 Timor
996 3560 1208 3615 Domini
1256 3561 1373 3630 ipse
1415 3567 1497 3615 est
1547 3562 1835 3616 thesaurus

248 3655 385 3726 ejus.
420 3674 439 3709 ι
464 3653 653 3724 Itaque
697 3670 818 3710 cum
860 3655 1101 3710 audisset
1136 3654 1343 3721 Iudith,
1381 3655 1635 3724 quoniam
1679 3650 1839 3711 Ozias

249 3746 591 3818 promisisset
615 3746 757 3815 quod
786 3753 1060 3801 transacto
1087 3745 1275 3815 quinto
1304 3745 1391 3801 die
1432 3746 1668 3801 traderet
1703 3747 1838 3802 civi-

249 3845 459 3902 tatem,
511 3836 824 3907 reprobavit
870 3835 1230 3901 sententiam,
1284 3835 1541 3906 injustum
1584 3834 1838 3903 judicans

246 3929 482 3985 Domino
523 3927 889 3983 miserationis
934 3943 1045 3982 suae
1100 3936 1313 3996 tempus
1357 3928 1834 3994 constituendum,

246 4040 372 4080 cum
418 4023 508 4078 ille
548 4022 696 4078 solus
725 4037 836 4092 prae
860 4021 1112 4077 omnibus
1140 4021 1289 4076 novit
1314 4031 1369 4075 et
1394 4030 1607 4091 tempus
1635 4029 1689 4075 et
1716 4037 1833 4076 mo-

246 4118 374 4172 dum
405 4114 778 4171 miserationis
814 4128 964 4179 suat;
998 4129 1064 4168 ac
1091 4121 1380 4184 propterea
1423 4129 1530 4168 non
1569 4113 1694 4169 licet
1723 4114 1836 4169 cui-

245 4223 410 4278 quam
439 4205 748 4277 petulanter
774 4221 874 4276 pro
903 4205 1083 4277 aliqua
1123 4220 1181 4260 re
1211 4205 1496 4260 Dominum
1528 4205 1832 4275 postulare,

242 4299 337 4355 sed
380 4298 557 4369 magis
586 4297 654 4353 ad
684 4296 969 4352 arbitrium
1012 4294 1127 4366 ejus
1166 4306 1360 4351 cuncta
1400 4295 1648 4351 referre:
1694 4298 1835 4351 sicut

243 4388 445 4461 legitur
482 4386 702 4458 quidam
738 4385 959 4440 Patrum
992 4385 1046 4439 in
1075 4385 1318 4440 oratione
1350 4393 1557 4440 tantum
1585 4385 1784 4441 dixisse
1813 4401 1827 4439 :

1942 3201 2213 3256 Abraham
2237 3244 2250 3269 ,
2280 3204 2430 3259 Isaac
2467 3213 2523 3259 et
2566 3204 2755 3270 Jacob,
2788 3214 2842 3259 et
2864 3206 3096 3275 primum
3126 3207 3319 3263 ducem
3342 3222 3527 3264 eorum

1944 3290 2163 3363 Moysen
2204 3294 2258 3348 in
2299 3295 2607 3365 exemplum
2650 3295 2774 3352 fidei
2816 3311 2880 3352 ac
2908 3299 3182 3367 patientiae
3222 3301 3533 3354 narratione

1942 3400 2041 3441 sua
2072 3386 2367 3441 introducit
2393 3404 2406 3452 ;
2438 3396 2492 3442 ct
2519 3404 2548 3442 c
2574 3391 2851 3444 contrario
2880 3391 3074 3460 impios
3102 3401 3533 3449 murmuratores

1943 3483 1998 3529 et
2024 3466 2343 3545 querulusos
2370 3476 2423 3531 in
2454 3477 2821 3535 testimonimn
2849 3480 3309 3549 pusillanimitatis
3337 3491 3389 3537 et
3420 3483 3525 3537 im-

1939 3565 2217 3635 patientia:
2244 3583 2353 3622 suae
2380 3568 2654 3634 exhibuit,
2699 3578 2756 3624 ut
2792 3585 2857 3625 ex
2902 3571 3059 3626 bonis
3088 3573 3216 3627 utile
3255 3574 3410 3629 nobis
3451 3575 3520 3629 ad

1942 3653 2259 3711 imitandum
2288 3672 2565 3713 sumamus
2591 3659 2930 3730 exemplum,
2963 3672 3017 3717 et
3042 3677 3109 3717 ex
3151 3664 3308 3719 malis
3349 3665 3530 3720 disca-

1939 3762 2062 3803 mus
2096 3749 2381 3818 pravitatis
2419 3765 2529 3805 suae
2570 3766 2706 3820 opus
2743 3751 2915 3807 vitare
2955 3752 3255 3818 nefarium,
3286 3770 3354 3810 nc
3388 3754 3529 3811 forte

1939 3840 2249 3895 exterminii
2272 3840 2486 3896 illorum
2509 3843 2781 3914 patiamur
2803 3851 3152 3899 tormentum.
3178 3844 3330 3901 Unde
3352 3845 3528 3902 adhuc

1939 3929 2191 3984 subditur
2220 3948 2232 3985 :

2014 4040 2034 4074 ι
2062 4021 2129 4076 Et
2151 4036 2251 4077 nos
2276 4037 2406 4093 ergo
2431 4038 2539 4079 non
2565 4022 2896 4079 ulciscamur
2922 4039 3021 4079 nos
3045 4039 3146 4095 pro
3168 4025 3257 4079 his
3283 4040 3403 4095 quae
3426 4040 3526 4095 pa-

1943 4132 1962 4166 ¢
1992 4113 2176 4180 timur,
2222 4113 2316 4169 sed
2360 4123 2673 4184 reputantes
2713 4116 2952 4185 peccatis
2995 4117 3197 4170 nostris
3247 4116 3361 4171 haec
3410 4116 3526 4186 ipsa

1943 4224 1962 4256 ‹
1995 4206 2206 4261 minora
2226 4221 2345 4261 esse
2360 4205 2865 4278 supplicia,ilagella
2888 4208 3123 4273 Domini,
3148 4209 3344 4279 quibus
3370 4210 3527 4279 quasi

1942 4313 1960 4347 ι
1993 4295 2137 4350 servi
2165 4297 2511 4367 corripimur,
2537 4312 2641 4352 non
2664 4298 2731 4353 ad
2757 4298 3111 4368 perditionem
3134 4310 3377 4357 nostram
3401 4318 3524 4357 eve-

1942 4404 1960 4437 ‹
1992 4387 2138 4441 nisse
2164 4388 2468 4442 credamus.
2502 4407 2519 4440 ι
2559 4387 2685 4443 Hmc
2724 4397 2807 4443 est
2837 4389 2981 4444 enim
3018 4391 3105 4444 via
3145 4393 3422 4458 veritatis,
3465 4403 3527 4448 ut

243 4481 348 4537 Fili
379 4479 513 4544 Dei,
543 4478 685 4533 sicut
710 4478 792 4532 vis
817 4485 872 4532 et
898 4477 1040 4532 sicut
1064 4477 1172 4532 scis
1193 4517 1206 4541 ,
1234 4477 1495 4531 miserere
1524 4476 1649 4531 mei.
1684 4474 1832 4532 Unde
1858 4446 1910 4507 θ
1940 4475 1996 4530 in
2034 4474 2261 4544 flagellis
2296 4475 2511 4530 Domini
2549 4476 2894 4532 humiliemus
2935 4479 3145 4533 animas
3184 4488 3429 4546 nostras,
3469 4490 3526 4536 et

241 4571 296 4623 in
327 4569 471 4625 libro
500 4567 739 4622 Danielis
768 4575 877 4622 tres
904 4566 1057 4637 pueri
1102 4565 1598 4623 Nabuchodonosor
1628 4567 1834 4637 impiis-

238 4661 383 4716 simo
422 4659 570 4732 regi,
595 4660 687 4730 qui
712 4660 817 4715 illis
842 4674 1033 4729 pinnas
1064 4658 1265 4714 inferre
1292 4660 1621 4725 minabatur,
1652 4671 1706 4714 et
1738 4660 1830 4714 Dei

235 4751 542 4824 potentiam
583 4749 1007 4821 blasphemavit,
1040 4749 1114 4803 ita
1155 4748 1410 4819 leguntur
1449 4749 1826 4818 respondisse:

239 4860 261 4894 ι
294 4840 418 4896 Non
457 4849 672 4910 oportet
710 4854 810 4896 nos
850 4839 954 4893 hac
991 4839 1056 4894 de
1088 4854 1147 4894 re
1175 4840 1503 4909 respondere
1537 4839 1669 4906 tibi;
1699 4854 1827 4895 ecce

233 4935 387 4990 enim
418 4935 563 4989 Deus
585 4941 793 4999 noster,
819 4946 980 5002 quem
1008 4932 1236 4987 colimus
1254 4973 1269 4998 ,
1294 4937 1473 5004 petest
1499 4932 1707 5002 eripere
1733 4948 1830 4989 nos

231 5027 307 5084 de
333 5028 551 5084 camino
574 5026 736 5098 ignis,
760 5032 818 5080 et
840 5023 909 5078 de
934 5026 1184 5080 manibus
1209 5025 1337 5091 tuis,
1364 5041 1397 5080 ο
1424 5040 1540 5090 rex,
1572 5025 1823 5079 liberare.

233 5118 397 5187 Quod
426 5117 474 5172 si
503 5116 766 5182 noluerit,
795 5123 983 5171 notum
1013 5116 1085 5170 sit
1113 5116 1209 5171 tibi
1241 5132 1335 5171 rex
1353 5157 1365 5181 ,
1395 5116 1520 5187 quia
1548 5118 1676 5170 deos
1707 5125 1827 5170 tuos

231 5225 352 5266 non
404 5209 668 5273 colimus,
706 5214 762 5262 et
819 5215 1053 5262 statuam
1110 5223 1331 5263 auream
1386 5224 1548 5278 quam
1609 5208 1831 5264 crexisti

230 5317 352 5359 non
379 5300 690 5356 adoramus.
719 5318 738 5351 ι
768 5298 924 5354 Nullo
962 5313 1090 5370 ergo
1120 5300 1281 5354 modo
1312 5308 1525 5369 oportet
1563 5298 1829 5354 Christia-

228 5407 408 5459 num,
430 5391 520 5448 cui
543 5390 781 5446 caelestis
809 5390 958 5461 regni
985 5390 1154 5461 gloria
1182 5390 1444 5461 promissa
1468 5398 1550 5445 est
1571 5430 1584 5456 ,
1609 5391 1674 5445 de
1700 5390 1834 5459 prae-

229 5484 415 5540 sentis
441 5484 567 5538 vita
592 5481 891 5538 commodis
919 5482 1143 5537 nimium
1175 5489 1416 5547 certare,
1449 5497 1515 5538 ac
1542 5483 1831 5537 Dominum

229 5574 555 5632 inordinate
578 5573 873 5645 postulare,
899 5574 990 5644 qui
1017 5574 1162 5629 dedit
1187 5572 1412 5642 majora,
1435 5575 1548 5645 ipse
1573 5588 1832 5645 procurat

230 5669 411 5724 etiam
451 5675 507 5724 et
537 5667 781 5733 minora,
812 5666 878 5721 de
906 5680 1013 5736 quo
1050 5665 1163 5737 ipsa
1205 5666 1415 5722 Veritas
1454 5668 1505 5721 in
1534 5666 1827 5739 Evangelio

1940 4568 2261 4637 patientiam
2308 4569 2511 4624 habere
2554 4570 2897 4637 Studeamus,
2946 4579 3259 4640 reputantes
3287 4575 3527 4643 peccatis

1939 4660 2139 4715 nostris
2157 4700 2171 4726 ,
2201 4675 2321 4729 qua:
2344 4657 2488 4728 juste
2513 4661 2767 4731 patimur,
2796 4661 2907 4716 imo
2929 4661 3091 4716 etiam
3123 4663 3388 4718 minorem
3414 4680 3527 4719 me-

1940 4751 2062 4805 ritis
2104 4751 2305 4805 nostris
2347 4766 2467 4806 esse
2496 4751 2825 4817 vindictam,
2856 4753 2949 4807 sed
2979 4768 3074 4822 per
3103 4753 3398 4810 bonitatem
3430 4756 3531 4810 Dei~

1940 4838 2096 4894 nobis
2143 4839 2209 4893 ad
2252 4837 2616 4897 suil‘erendum
2668 4842 3021 4910 temperatam
3068 4844 3383 4910 credamus,
3432 4846 3526 4915 qui

1936 4930 2053 4986 vult
2091 4946 2280 4985 omnes
2306 4931 2567 4985 homines
2608 4931 2786 4987 salvos
2828 4947 2977 5000 esse,
3003 4941 3058 4988 et
3087 4933 3156 4988 ad
3194 4936 3524 5006 agnitionem

1932 5023 2178 5078 veritatis
2205 5022 2509 5092 pervenire.
2541 5022 2825 5077 Miseretur
2849 5025 3122 5091 omnium,
3151 5033 3225 5080 et
3245 5028 3378 5082 nihil
3409 5030 3524 5084 odit

1932 5130 2126 5170 eorum
2182 5130 2301 5185 quae
2351 5114 2510 5181 fecit,
2566 5114 2914 5170 dissimulans
2964 5127 3188 5187 peccata
3237 5118 3518 5174 hominum

1933 5213 2154 5276 propter
2190 5204 2595 5275 paenitentiam,
2630 5214 2685 5260 et
2711 5221 2943 5275 parcens
2985 5206 3092 5263 illis
3137 5218 3359 5279 propter
3403 5223 3520 5262 ma-

1935 5312 2095 5369 gnam
2118 5296 2565 5362 misericordiam,
2591 5297 2715 5367 quia
2744 5298 2859 5368 ipse
2883 5298 3028 5353 solus
3047 5309 3130 5353 est
3146 5299 3286 5353 Deus
3314 5308 3516 5353 noster.

2013 5407 2032 5441 ι
2064 5390 2130 5443 Et
2155 5390 2406 5445 dixerunt
2436 5390 2508 5445 illi
2536 5390 2695 5447 Ozias
2724 5399 2778 5446 et
2807 5390 3108 5462 presbyteri
3136 5409 3147 5443 :
3178 5389 3368 5444 Omnia
3395 5391 3517 5457 quae

1940 5500 1959 5532 ι
1989 5480 2165 5536 locuta
2203 5496 2294 5548 es,
2340 5498 2469 5538 vera
2514 5492 2668 5545 sunt,
2714 5492 2768 5538 et
2808 5498 2913 5538 non
2957 5492 3042 5538 est
3081 5484 3132 5536 in
3176 5480 3518 5535 sermonibus

1941 5591 1960 5623 ι
1992 5574 2097 5628 tuis
2138 5573 2246 5628 ulla
2290 5575 2661 5643 reprehensio.
2705 5574 2859 5630 Nunc
2897 5589 3026 5643 ergo
3063 5589 3159 5627 ora
3198 5586 3297 5641 pro
3321 5570 3513 5636 nobis,

1938 5677 1956 5711 ι
1988 5661 2243 5734 quoniam
2273 5662 2464 5718 mulier
2494 5670 2679 5718 sancta
2705 5677 2763 5719 es
2790 5673 2845 5718 et
2867 5664 3058 5719 timens
3092 5661 3277 5718 Deum.
3314 5680 3330 5714 ι
3361 5659 3517 5716 Nulla
