3876 6136
375 169 480 227 563

1014 166 1076 224 B.
1116 167 1371 225 RABANI
1411 166 1632 224 MAU‘RI
1664 165 1985 223 ARCIHEP.
2028 164 2337 223 MOGUNT.
2383 166 2670 225 OPERUM
2709 168 2895 225 PARS
2930 169 2973 224 l.

3524 174 3616 232 sui
3684 140 3695 148 ’

345 290 697 362 reprehensio
725 299 806 345 est
831 288 882 342 in
908 288 1247 343 sermonibus
1270 285 1474 348 Juditb.
1492 286 1587 342 sed
1609 286 1789 343 omnia
1811 299 1941 340 vera
1979 285 2027 343 Α
2058 301 2077 333 ι
2106 282 2405 354 quadrigis,
2428 292 2481 337 et
2504 283 2555 338 in
2578 283 2822 354 equitatu
2848 299 2968 350 suo,
2994 267 3050 341 et
3074 282 3127 340 in
3156 266 3505 343 multitudine
3526 289 3601 343 brl

374 390 497 438 sunt
526 397 645 450 qum
673 381 941 451 leguntur.
975 378 1110 446 Quia
1138 379 1316 432 omnia
1346 394 1465 447 qua:
1493 376 1731 433 Ecclesia
1757 377 1949 431 catho-

373 475 476 533 lica
504 477 557 531 in
583 474 924 532 confessione
950 488 1091 527 verae
1118 471 1275 539 ﬁdei,
1303 488 1400 527 seu
1441 473 1494 527 in
1536 471 1779 527 doctrina
1819 486 1948 526 san—

371 576 473 622 ctae
501 565 779 636 religionis
802 564 1041 634 profert,
1071 563 1359 617 laudabilia
1408 568 1532 616 sunt
1556 561 1711 615 valde
1748 570 1801 615 et
1830 561 1951 616 abs-

370 672 477 726 que
517 656 623 710 ulla
667 655 1102 724 reprehensione.
1144 653 1311 723 Cujus
1352 653 1547 708 merito
1592 660 1647 707 et
1687 652 1950 721 dignitate

368 747 700 804 credendum
728 753 811 801 est
838 746 1079 816 singulos
1108 759 1322 816 quoque
1354 743 1538 799 ﬁdeles
1562 744 1702 813 apud
1734 742 1946 798 Domini

367 836 708 893 clementiam
735 837 965 892 multum
992 834 1255 904 adjuvari.
1290 835 1443 904 Quod
1475 835 1548 890 ita
1583 835 1744 905 digne
1774 833 1868 899 ﬁt,
1899 833 1945 887 si

366 927 737 998 unusquisque
782 936 971 993 curet,
1012 936 1071 981 ut
1112 926 1251 983 sicut
1290 925 1535 995 probavit
1565 941 1752 980 verum
1794 940 1943 989 esse,

364 1019 511 1089 quod
535 1018 776 1074 Ecclesia
805 1018 994 1082 docet,
1024 1016 1099 1070 ita
1125 1015 1337 1071 actibus
1368 1015 1630 1079 imitetur,
1659 1015 1802 1084 quod
1830 1015 1947 1086 ipsa

363 1112 610 1168 honestis
635 1111 896 1182 exemplis
921 1110 1238 1180 persuadet,
1264 1110 1332 1164 de
1358 1124 1464 1178 quo
1489 1116 1545 1164 et
1570 1107 1834 1164 subditur.

440 1221 459 1254 ‹
488 1202 555 1257 Et
581 1202 717 1255 dixit
743 1201 887 1257 illis:
919 1200 1069 1263 Sicut
1094 1200 1237 1270 quod
1276 1200 1427 1269 potui
1470 1199 1647 1270 loqui,
1692 1199 1785 1255 Dei
1825 1215 1946 1256 esse

369 1312 387 1341 ι
418 1293 765 1363 cognoscitis,
796 1293 869 1347 ita
895 1293 1038 1362 quod
1066 1291 1244 1346 facere
1273 1291 1511 1362 disposui
1531 1333 1545 1357 ,
1565 1291 1790 1362 probate
1811 1291 1855 1345 si
1878 1305 1945 1345 ex

368 1405 385 1436 ι
420 1386 530 1441 Deo
555 1393 639 1440 est
662 1426 677 1449 ,
706 1394 758 1439 et
785 1395 939 1440 orate
964 1393 1022 1439 ut
1049 1383 1263 1439 ﬁrmum
1294 1383 1458 1439 faciat
1490 1384 1631 1438 Deus
1659 1383 1942 1439 consiliqu

366 1498 384 1530 ι
416 1494 615 1533 meum.
657 1477 882 1533 Stabitis
919 1493 1015 1533 vos
1057 1478 1123 1533 ad
1163 1486 1373 1547 portam
1407 1486 1565 1534 nocte
1594 1478 1694 1533 ista
1716 1519 1731 1542 ,
1761 1485 1817 1533 et
1844 1493 1944 1548 ego

365 1587 385 1620 ε
416 1584 604 1624 exeam
631 1584 753 1624 cum
782 1568 914 1622 abra
945 1583 1061 1623 mea
1088 1586 1102 1634 ;
1144 1576 1199 1623 et
1226 1576 1379 1623 orate
1414 1578 1492 1633 ut,
1527 1568 1667 1623 sicut
1693 1568 1939 1635 dixistis,

2059 394 2077 426 ι
2109 375 2362 432 latorum.
2399 375 2504 431 Sed
2535 377 2791 447 aspexisti
2818 392 2982 448 super
3009 385 3188 433 castra
3217 393 3406 433 eorum
3430 422 3445 443 ,
3474 389 3527 435 et
3552 390 3622 436 te-

2059 486 2077 517 (
2106 466 2286 522 nebrtc
2300 465 2659 539 fatigaverunt
2679 467 2996 523 eos.Tenuit
3011 469 3173 538 pedes
3188 485 3377 525 eorum
3393 470 3627 542 abyssus,

2057 577 2075 608 ι
2109 567 2164 614 et
2194 574 2348 629 aqua:
2376 567 2707 629 operuerunt
2733 575 2847 615 eos.
2880 558 2969 613 Sle
2998 559 3128 615 ﬁant
3150 568 3205 614 ct
3228 560 3318 615 isti
3340 603 3356 627 ,
3385 561 3624 627 Domine,

2056 671 2075 704 ι
2107 654 2198 724 qui
2241 653 2522 709 conﬁdunt
2562 654 2615 708 in
2659 653 3009 711 multitudine
3044 670 3174 720 sua,
3203 663 3259 710 et
3298 656 3351 709 in
3394 652 3629 713 curribus

2057 762 2077 797 ι
2110 746 2255 812 suis,
2284 754 2340 801 et
2365 747 2419 801 in
2448 748 2642 815 scutis,
2668 756 2723 803 et
2750 746 2804 803 in
2837 748 3070 820 sagittis,
3099 756 3155 803 et
3177 747 3382 805 lanceis
3404 751 3630 823 glorian-

2055 856 2074 887 ι
2105 845 2213 904 tur,
2239 846 2295 893 et
2318 839 2585 907 nesciunt,
2615 839 2738 910 quia
2760 847 2813 894 tu
2839 839 2956 909 ipse
2980 854 3039 895 es
3063 839 3204 894 Deus
3232 848 3438 895 noster.
3469 861 3489 893 ι
3518 826 3628 897 Sic-

2048 934 2110 981 ut
2147 927 2396 997 superius
2433 929 2770 998 comparavit
2823 928 3127 985 libidinosis
3181 918 3523 998 luxuriosus,
3563 932 3628 987 ita

2048 1024 2104 1072 et
2143 1034 2286 1073 nunc
2326 1018 2532 1074 timidis
2566 1021 2849 1090 superbus.
2901 1020 3156 1092 Assyrius
3192 1012 3337 1076 enim
3378 1023 3432 1077 in
3473 1026 3628 1080 armis

2049 1108 2383 1166 conﬁdentes
2406 1109 2676 1183 Egyptiis
2698 1111 2897 1173 dudum
2923 1113 3185 1168 adversus
3209 1113 3483 1171 lsraelitas
3501 1132 3626 1186 pra:-

2048 1198 2305 1255 liantibus
2348 1201 2697 1267 assimilavit,
2739 1211 2799 1257 ut
2836 1204 3177 1269 ostenderet,
3217 1206 3342 1275 quia
3384 1206 3523 1261 sicut
3562 1208 3624 1264 ibi

2048 1301 2105 1348 et
2128 1294 2369 1364 putentia
2400 1294 2494 1350 Dei
2527 1293 2872 1350 manifestata
2896 1303 2979 1351 est
3017 1296 3069 1350 in
3108 1296 3461 1352 subversione
3488 1295 3622 1355 Pha-

2049 1383 2233 1438 raonis
2272 1392 2326 1439 et
2346 1383 2747 1457 ngyptiurum,
2779 1387 2851 1441 ita
2878 1394 2933 1442 et
2962 1376 3062 1441 hic‘
3078 1386 3344 1441 declarari
3373 1389 3547 1456 possit
3578 1389 3622 1443 in

2049 1477 2405 1533 subversione
2452 1477 2759 1533 Hulufernis
2804 1488 2860 1534 et
2896 1477 3273 1550 Assyriorum,
3316 1480 3443 1548 quia
3487 1479 3621 1535 idem

2049 1566 2343 1633 Dominus,
2373 1568 2562 1623 eadem
2609 1568 2879 1639 putentia,
2921 1566 3463 1639 eademque'justitia
3502 1578 3622 1625 tunc

366 1674 384 1708 ι
415 1658 468 1714 in
491 1658 680 1714 diebus
701 1658 938 1728 quinque
958 1657 1216 1728 respiciat
1236 1656 1495 1713 Dominus
1516 1658 1768 1728 pupulum
1790 1673 1945 1713 suum
1977 1641 2023 1700 Β
2053 1667 2108 1714 et
2134 1673 2308 1723 nunc,
2337 1666 2390 1713 et
2415 1673 2512 1728 per
2536 1659 2719 1713 omnia
2751 1666 2937 1714 manet
2966 1657 3181 1713 smeula.

364 1769 383 1802 ι
415 1750 599 1806 Israel.
632 1772 650 1803 ι
684 1751 1038 1806 Commendat
1064 1748 1264 1822 ‘Judith
1314 1752 1647 1821 presbyteris
1693 1759 1903 1822 portam
1927 1790 1943 1814 ,

361 1843 488 1914 quia
541 1842 913 1899 sacerdotibus
962 1817 1165 1897 Cbl’isti
1220 1851 1410 1897 sancta
1458 1841 1698 1897 Ecclesia
1745 1842 1946 1897 sollici-

360 1945 471 1994 tam
516 1945 819 1993 castrorum
849 1936 943 1992 Dei
984 1937 1328 1992 commendat
1356 1935 1693 2000 custodiam,
1724 1942 1785 1990 ut
1812 1949 1939 2005 per-

358 2027 507 2100 vigili
532 2029 832 2083 intentione
856 2042 922 2082 ac
972 2026 1158 2083 solerti
1183 2042 1313 2082 cura
1338 2041 1437 2096 per
1460 2042 1611 2081 arma
1637 2028 1946 2083 orationum

358 2134 425 2175 ea
450 2119 691 2184 munire,
718 2127 775 2176 et
796 2124 986 2174 contra
1015 2118 1254 2175 hostium
1279 2118 1507 2174 insidias
1535 2116 1698 2173 illazsa
1726 2132 1945 2173 servare

358 2211 633 2269 studeant.

961 2363 1188 2421 CAPUT
1226 2362 1318 2419 IX.

352 2497 541 2554 Judith
572 2514 683 2552 sese
712 2494 996 2551 humilium
1029 2513 1125 2566 pro
1148 2495 1328 2566 populi
1349 2494 1654 2551 liberatione
1672 2507 1935 2566 precatur.

433 2680 452 2712 ι
477 2658 683 2727 Quibus
711 2659 1127 2716 abscedentibus
1155 2656 1340 2715 Judith
1372 2658 1614 2731 ingressa
1645 2667 1729 2714 est
1755 2668 1934 2714 orato—

357 2769 377 2803 ‹
408 2750 545 2806 rium
590 2766 746 2806 suum
787 2757 842 2806 et
884 2744 1113 2807 induens
1153 2767 1211 2808 se
1251 2752 1428 2808 cilicio
1471 2751 1652 2821 posuit
1695 2751 1932 2807 cinerem

356 2860 375 2892 ι
407 2857 570 2913 super
598 2853 759 2914 caput
787 2858 941 2898 suum
963 2885 977 2909 ,
1008 2852 1061 2899 et
1091 2852 1443 2912 prosternens
1474 2858 1532 2899 se
1562 2843 1790 2899 Domino
1820 2843 1932 2899 cla-

353 2952 374 2984 σ
402 2932 585 2989 mabat
624 2935 691 2988 ad
734 2934 1019 2989 Dominum
1052 2936 1272 2991 dicens:
1303 2936 1557 2997 Domine,
1591 2938 1733 2992 Deus
1760 2937 1931 3008 patris

2126 1765 2144 1797 ‹
2176 1746 2311 1812 Fac,
2349 1746 2606 1813 Domine,
2636 1757 2695 1801 ut
2744 1746 2921 1815 gladio
2960 1746 3179 1818 proprio
3224 1744 3339 1815 ejus
3380 1747 3621 1817 superbia

2053 1856 2073 1889 ‹
2103 1846 2451 1908 amputetur:
2482 1837 2732 1907 capiatur
2766 1836 2961 1906 laqueo
2998 1835 3275 1891 oculorum
3316 1851 3539 1890 suorum
3576 1836 3622 1889 in

2054 1947 2072 1980 ‹
2104 1945 2191 1984 me
2208 1970 2224 1995 ,
2252 1938 2308 1984 et
2333 1928 2607 1999 percuties
2632 1943 2756 1982 eum
2782 1942 2848 1983 ex
2875 1926 3036 1981 labiis
3062 1925 3347 1980 cbaritatis
3373 1941 3527 1980 mem.
3557 1924 3623 1979 Da

2053 2039 2072 2072 ι
2101 2021 2235 2076 mibi
2265 2021 2319 2076 in
2347 2020 2532 2076 animo
2555 2019 2952 2084 constantiam,
2981 2025 3041 2074 ut
3065 2026 3410 2072 contemnam
3445 2016 3589 2072 illum
3607 2057 3621 2080 ,

2050 2131 2069 2164 ι
2100 2120 2156 2168 et
2184 2113 2474 2178 virtutem,
2508 2122 2564 2168 et
2591 2118 2834 2167 evertam
2866 2109 3035 2165 illum.
3065 2108 3182 2164 Erit
3209 2109 3356 2163 enim
3386 2107 3490 2163 hoc
3519 2122 3624 2162 me-

2051 2222 2070 2255 c
2097 2202 2323 2259 moriale
2348 2203 2584 2259 nominis
2617 2202 2723 2266 tui,
2754 2217 2878 2257 cum
2908 2216 3101 2255 manus
3128 2197 3345 2255 femina:
3373 2197 3624 2270 dejeeerit

2049 2311 2068 2345 ι
2096 2308 2243 2350 eum.
2286 2292 2403 2349 Non
2430 2295 2576 2349 enim
2602 2294 2657 2348 in
2684 2293 3029 2347 multitudine
3052 2300 3137 2347 est
3163 2291 3339 2346 virtus
3366 2297 3488 2356 tua,
3518 2289 3619 2345 Du-

2050 2403 2067 2437 ι
2095 2370 2243 2441 mine
2263 2426 2277 2452 ,
2305 2398 2481 2455 neque
2509 2385 2564 2439 in
2591 2399 2854 2454 equorum
2885 2382 3092 2438 viribus
3119 2380 3371 2437 voluntas
3395 2389 3484 2434 tua
3510 2387 3617 2443 est,

2047 2492 2065 2525 ι
2097 2488 2197 2530 nec
2238 2474 2457 2545 superbi
2497 2474 2565 2528 ab
2603 2473 2758 2528 initio
2797 2472 3119 2543 placuerunt
3147 2471 3241 2526 tibi
3268 2488 3283 2537 ;
3310 2469 3405 2525 sed
3444 2471 3617 2525 humi-

2048 2583 2065 2615 ε
2095 2562 2226 2618 lium
2269 2575 2322 2618 et
2364 2572 2769 2619 mansueturum
2807 2577 3019 2632 semper
3057 2562 3153 2616 tibi
3190 2562 3393 2631 placuit
3430 2562 3618 2633 depre-

2046 2675 2064 2709 ι
2097 2657 2259 2712 eatio.
2292 2676 2309 2710 ι
2345 2656 2570 2711 Videtur
2601 2655 2923 2727 quibusdam
2953 2655 3132 2710 minus
3164 2655 3582 2727 intelligentibus
3602 2696 3616 2719 ,

2038 2751 2181 2822 quod
2223 2751 2563 2823 precationes
2604 2760 2915 2806 sanctorum
2955 2762 3145 2806 contra
3187 2752 3478 2820 reprobus,
3507 2767 3619 2822 qua:

2039 2842 2091 2895 in
2124 2841 2423 2911 Scripturis
2452 2842 2741 2912 aliquando
2772 2852 3290 2913 commemorantur,
3317 2842 3474 2912 quasi
3507 2858 3615 2897 ma-

2038 2932 2355 2988 ledicliunes
2382 2933 2518 2999 sint,
2550 2950 2671 2988 cum
2702 2935 2848 2988 nullo
2879 2935 3038 2988 modo
3068 2934 3183 2989 lucc
3210 2934 3375 2989 verba
3404 2950 3472 2989 ex
3501 2944 3619 2989 voto

352 3041 372 3075 ‹
401 3025 508 3080 mei
552 3024 803 3090 Simeon,
842 3025 934 3096 qui
976 3026 1169 3080 dedisti
1202 3025 1272 3079 illi
1305 3026 1541 3097 gladium
1576 3028 1628 3082 in
1659 3027 1927 3082 defensiu-
1957 3009 2000 3070 (ἶ
2036 3025 2290 3091 malitize,
2335 3026 2476 3097 quod
2524 3027 2579 3081 in
2625 3036 2935 3082 sanctorum
2978 3027 3233 3083 cordibus
3279 3043 3616 3099 nequaquam

349 3135 368 3166 ι
400 3132 522 3172 nem
552 3116 971 3188 alienigenarum
994 3158 1007 3180 ,
1049 3117 1142 3187 qui
1179 3118 1472 3173 violatores
1511 3121 1836 3174 exstiterunt
1875 3122 1926 3175 in

348 3227 368 3260 ι
398 3208 843 3278 coinquinatione
880 3224 1011 3273 sua,
1056 3217 1110 3262 et
1150 3208 1558 3264 denudaverunt
1600 3209 1775 3265 femur
1817 3211 1927 3265 vir-

348 3318 368 3352 ι
396 3299 538 3371 ginis
565 3300 618 3354 in
646 3298 1035 3355 confusionem.
1070 3319 1087 3352 ι
1116 3300 1255 3368 Quid
1283 3309 1396 3366 est,
1424 3302 1568 3372 quod
1607 3313 1730 3372 post
1764 3303 1926 3357 verba

340 3407 463 3463 qua:
483 3391 551 3447 ad
572 3393 920 3464 presbyteros
941 3392 1116 3448 locuta
1138 3401 1252 3459 est,
1278 3391 1460 3448 Judith
1487 3394 1718 3463 petitura
1740 3392 1923 3450 Domi-

340 3497 470 3536 num
498 3480 738 3553 ingressa
765 3488 849 3536 est
872 3480 1170 3537 oratorium
1194 3496 1387 3545 suum,
1413 3482 1515 3536 nisi
1548 3481 1691 3551 quod
1720 3481 1920 3559 sollici-

341 3575 471 3629 tudo
507 3583 821 3646 sanctorum
856 3581 981 3645 post
1014 3573 1285 3645 expletum
1326 3573 1485 3630 furtis
1523 3574 1923 3646 praedicationis

334 3644 657 3735 obsequium
697 3644 967 3723 introrsus
995 3666 1062 3721 ad
1086 3644 1281 3722 cordis
1323 3665 1404 3722 sui
1447 3644 1587 3723 redit
1615 3674 1918 3732 secretum,

337 3766 398 3812 ut
428 3758 499 3813 ibi
530 3757 744 3829 expleat
773 3758 973 3814 munda
1005 3758 1335 3815 conscientia
1363 3775 1514 3831 parte
1541 3759 1806 3815 orationis
1833 3758 1917 3815 of-

337 3846 520 3900 ﬁcium
542 3888 555 3910 ,
581 3847 735 3917 juxta
768 3847 910 3902 illam
944 3849 1267 3903 sententiam
1301 3848 1633 3915 Salvatoris,
1667 3865 1832 3920 quam
1864 3851 1915 3905 in

337 3936 632 4009 Evangelio
660 3938 842 3995 docuit
872 3939 1056 3995 dicens
1082 3958 1094 3993 :
1128 3957 1146 3990 ι
1173 3938 1251 3995 Tu
1278 3947 1458 3996 autem
1489 3955 1611 3995 cum
1636 3943 1913 4005 oraveris,

333 4028 479 4083 intra
530 4029 585 4083 in
636 4028 975 4095 cubiculum,
1026 4038 1082 4086 ct
1126 4030 1310 4087 clauso
1359 4032 1498 4087 ustio
1547 4046 1645 4086 ora
1692 4030 1914 4086 Patrem

331 4130 483 4175 tuum
502 4161 516 4186 ,
547 4128 602 4176 et
622 4119 784 4177 Pater
813 4128 936 4175 tuus
961 4121 1053 4191 qui
1084 4121 1229 4176 videt
1258 4121 1310 4177 in
1343 4121 1662 4177 abscondito
1683 4161 1697 4187 ,
1731 4121 1916 4176 reddet

331 4211 448 4267 tibi.
480 4232 499 4264 ι
528 4210 705 4265 Induit
745 4225 803 4266 se
842 4210 1049 4273 cilicio,
1092 4226 1215 4266 cum
1256 4212 1630 4283 pmnitentiam
1661 4227 1760 4283 pro
1789 4226 1915 4281 pec-

329 4304 467 4358 catis
505 4302 637 4373 agit.
681 4301 930 4358 Cinerem
960 4317 1122 4372 super
1150 4311 1311 4373 caput
1336 4303 1515 4373 punit,
1550 4319 1675 4358 cum
1705 4301 1911 4375 fragili-

329 4395 458 4449 tatis
486 4409 597 4449 sua:
623 4392 939 4448 memoriam
970 4393 1020 4447 in
1052 4403 1231 4449 mente
1258 4394 1522 4449 recondit.
1554 4394 1913 4450 Prusternens

327 4501 387 4541 se
427 4485 494 4539 ad
534 4484 826 4541 Dominum
868 4484 1096 4549 clamat,
1142 4485 1269 4539 dum
1310 4500 1406 4553 per
1437 4484 1759 4540 humilitatis
1785 4483 1913 4539 affe-

326 4587 475 4632 ctum
516 4591 573 4632 se
611 4592 640 4630 a
680 4575 911 4630 Domino
951 4576 1197 4630 exaudiri
1229 4585 1445 4645 sperat;
1479 4578 1606 4645 quia
1642 4577 1909 4646 scriptqu

325 4680 410 4726 est
441 4688 453 4724 :
486 4688 504 4720 ι
536 4668 870 4724 Sacriﬁcium
915 4669 1024 4722 Deo
1072 4668 1295 4738 spiritus
1330 4668 1762 4733 contribulatus,
1817 4686 1912 4724 cur

324 4762 622 4817 contritum
668 4770 724 4817 et
765 4760 1107 4815 bumiliatum
1153 4760 1295 4816 Deus
1343 4776 1447 4815 non
1495 4770 1732 4830 spernet.
1773 4781 1792 4813 ι
1843 4761 1909 4816 Et

324 4852 464 4908 bene
502 4854 558 4908 in
600 4854 845 4908 oratione
885 4860 1275 4908 commemorat
1302 4860 1481 4908 aetum
1509 4852 1784 4908 Simeunis
1815 4867 1910 4923 pa-

326 4946 610 5011 triarchae,
653 4948 743 5017 qui
783 4962 909 5003 cum
949 4947 1076 5001 Levi
1123 4946 1291 5002 fratre
1332 4963 1430 5002 suo
1472 4947 1652 5019 gladio
1688 4947 1911 5005 ultionis

323 5040 619 5097 vindicavit
646 5049 889 5111 stuprum
915 5040 1119 5095 sororis
1142 5055 1252 5095 sua:
1277 5039 1591 5110 alienigenis
1608 5080 1622 5106 ,
1650 5041 1774 5110 quia
1822 5040 1907 5094 fu-

322 5144 507 5191 turum
550 5143 698 5199 erat,
742 5134 882 5205 quod
925 5132 1276 5195 Holul‘ernes,
1316 5135 1408 5204 qui
1452 5135 1508 5188 in
1545 5131 1729 5189 Judith
1770 5150 1908 5205 opus

321 5226 540 5297 explere
606 5226 776 5282 voluit
826 5226 1108 5293 libidinis,
1165 5225 1346 5297 gladio
1400 5226 1682 5297 puniretur
1733 5225 1904 5282 divini

318 5319 606 5377 examinis.

396 5433 416 5465 ι
446 5412 675 5484 Respice
730 5420 909 5469 castra
959 5410 1305 5481 Assyriorum
1358 5425 1533 5474 nunc,
1581 5410 1723 5465 sicut
1772 5418 1902 5465 tunc

325 5522 346 5556 ι
373 5517 552 5561 castra
596 5502 974 5577 (Egyptiorum
1023 5501 1210 5557 videre
1253 5500 1505 5571 dignatus
1545 5514 1635 5561 es,
1681 5497 1900 5567 quando

325 5614 347 5651 ι
373 5605 494 5666 post
518 5612 705 5652 servos
730 5605 852 5654 tuos
877 5593 1070 5649 armati
1099 5592 1423 5656 currebant,
1467 5590 1801 5646 conﬁdentes
1844 5590 1895 5642 in

2034 3119 2151 3173 ﬁeri
2189 3128 2399 3189 potest,
2432 3120 2525 3176 sed
2552 3137 2620 3175 ex
2660 3121 2852 3191 Spiritu
2892 3122 3190 3191 prophetiae
3230 3122 3615 3192 processerint.

2033 3208 2185 3275 Quod
2225 3211 2369 3265 enim
2413 3208 2651 3280 Spiritus
2692 3220 2912 3267 sanctus
2951 3213 3273 3280 prresciebat
3311 3228 3436 3269 esse
3473 3213 3616 3284 justo

2024 3300 2232 3372 judicio
2279 3301 2524 3371 reprobis
2567 3300 2843 3367 futurum,
2890 3302 2993 3357 hoc
3035 3318 3131 3372 per
3169 3313 3480 3358 sanctorum
3525 3317 3618 3359 ora

2028 3389 2279 3462 praedixit
2319 3389 2648 3447 faciendum.
2682 3391 2754 3446 Ut
2778 3400 2865 3447 est
2895 3388 3022 3447 illud
3064 3393 3114 3447 in
3146 3393 3371 3463 psalmis
3399 3413 3412 3447 :
3449 3413 3467 3443 ι
3499 3392 3617 3447 Fiat

2025 3495 2215 3535 mensa
2240 3495 2426 3535 eorum
2457 3496 2640 3535 curam
2667 3480 2799 3551 ipsis
2827 3481 2880 3536 in
2906 3480 3188 3551 laqueum,
3217 3491 3271 3537 et
3298 3482 3354 3537 in
3386 3482 3617 3539 retribu-

2026 3576 2224 3627 tionem
2244 3612 2259 3633 ,
2287 3572 2416 3627 etin
2445 3571 2774 3629 scandalum.
2804 3570 3178 3630 Obscurentur
3199 3574 3344 3630 oculi
3390 3590 3614 3641 eorum,

2023 3681 2093 3720 ne
2116 3664 2354 3729 videant,
2370 3673 2427 3719 et
2449 3663 2668 3719 dorsum
2695 3679 2882 3719 eorum
2904 3680 3122 3736 semper
3147 3664 3486 3721 ineurvetur.
3512 3687 3533 3719 ι
3551 3665 3620 3722 Et

2021 3754 2222 3811 Paulus
2237 3755 2290 3809 in
2312 3754 2549 3825 Epistula
2572 3770 2670 3810 sua
2692 3755 2765 3810 ita
2781 3754 3205 3826 scripsitdicens
3226 3775 3238 3810 :
3262 3776 3279 3807 ι
3303 3756 3618 3814 Alexander

2021 3847 2250 3902 aerarius
2280 3846 2448 3901 multa
2481 3846 2615 3901 mihi
2642 3845 2785 3902 mala
2810 3847 3080 3912 ostendit,
3108 3848 3295 3903 reddet
3324 3849 3398 3903 illi
3430 3848 3614 3903 Domi-

2018 3953 2120 3992 nus
2142 3936 2439 3992 secundum
2462 3952 2626 4008 opera
2653 3953 2772 3992 sua.
2797 3958 2815 3991 ι
2844 3937 2945 4004 Qui
2972 3947 3027 3993 ct
3058 3937 3109 3992 in
3139 3938 3369 3995 Actibus
3397 3951 3614 4012 aposto—

2019 4028 2192 4083 lorum
2221 4028 2287 4084 ad
2309 4028 2572 4083 Ananiam
2605 4027 2916 4098 pontiﬁcem
2943 4045 3004 4085 os
3048 4028 3164 4098 ejus
3203 4040 3495 4101 percutere
3526 4033 3615 4104 ju-

2017 4122 2232 4177 bentem
2277 4123 2398 4179 ait:
2438 4140 2456 4173 ‹
2486 4121 2762 4178 Percutiet
2810 4130 2860 4177 te
2907 4123 3090 4188 Deus,
3138 4125 3316 4194 paries
3360 4127 3612 4182 dealbate

2018 4213 2171 4285 (Act.
2212 4213 2394 4285 mn.)
2445 4233 2462 4265 ι
2508 4211 2660 4268 Unde
2696 4222 2752 4269 et
2782 4213 2947 4269 verba
2989 4214 3089 4268 ista
3138 4212 3364 4280 Judith,
3411 4218 3618 4287 quibus

2020 4302 2153 4360 dicit
2184 4323 2197 4356 :
2233 4322 2251 4354 ‹
2281 4302 2539 4374 Capietur
2577 4304 2768 4374 laqueo
2807 4305 3085 4361 oculorum
3126 4321 3351 4361 suorum
3391 4310 3447 4363 in
3491 4326 3615 4377 me,

2018 4404 2074 4450 et
2116 4395 2387 4464 percuties
2429 4411 2553 4450 eum
2601 4412 2664 4451 ex
2718 4397 2875 4452 labiis
2920 4397 3201 4454 cliaritatis
3236 4413 3416 4468 meae,
3450 4422 3469 4453 ι
3504 4420 3617 4459 non

2018 4495 2145 4541 sunt
2194 4485 2601 4543 maledictiuncs
2653 4487 3051 4559 intelligentiae,
3104 4489 3198 4544 sed
3247 4490 3313 4544 de
3363 4494 3617 4548 venturis

2016 4577 2288 4647 prmcunia
2315 4578 2629 4648 prophetica.
2663 4576 2776 4633 Hoc
2802 4579 2947 4634 enim
2974 4578 3208 4649 Spiritus
3245 4592 3470 4639 sanctus
3515 4600 3615 4655 per

2015 4684 2078 4725 os
2107 4676 2305 4724 sanctae
2332 4668 2545 4724 feminre
2562 4668 2731 4724 voluit
2752 4681 3193 4740 praamonstrare,
3225 4674 3366 4744 quod
3393 4675 3609 4730 sciebat

2015 4757 2282 4813 nefarium
2304 4759 2602 4829 principem
2623 4760 2863 4830 nequitia
2886 4777 2985 4816 sua
3008 4765 3305 4832 promereri
3336 4779 3476 4822 :nec
3501 4784 3611 4822 non

2014 4851 2143 4907 illud
2175 4851 2227 4906 in
2259 4853 2678 4924 mysticu.opere
2720 4869 3057 4925 praesagere,
3091 4856 3233 4927 quod
3275 4862 3460 4917 omnis
3504 4863 3619 4920 bte-

2016 4941 2248 5008 reticus,
2278 4942 2392 4997 sive
2419 4943 2798 4999 scbismaticus
2817 4984 2831 5008 ,
2865 4943 2980 5000 sive
3007 4943 3254 5010 .Iudzeus,
3287 4948 3401 5002 sive
3434 4951 3611 5006 etiam

2011 5047 2289 5102 paganus,
2316 5033 2408 5102 qui
2439 5032 2739 5088 Ecclesium
2783 5048 2950 5103 pravo
2992 5034 3274 5103 dogmate,
3321 5037 3434 5091 sive
3481 5054 3613 5108 per—

2009 5138 2168 5178 verso
2196 5124 2444 5195 exemplo
2471 5140 2822 5197 corrumpere
2852 5124 3115 5191 voluerit,
3147 5127 3366 5197 proprio
3404 5145 3611 5201 super-

2008 5215 2111 5271 bize
2137 5231 2250 5271 sua:
2280 5216 2458 5288 gladio
2484 5225 2647 5285 caput
2676 5216 2967 5271 voluntatis
2998 5217 3194 5286 iniquae
3229 5232 3325 5286 per
3370 5232 3607 5277 senten-

2010 5307 2137 5362 tiam
2161 5306 2294 5377 justi
2315 5308 2516 5379 judicis
2540 5308 2926 5379 amputabitur,
2954 5315 3008 5362 et
3038 5306 3232 5361 inferni
3258 5308 3610 5367 cruciatibus

2008 5397 2372 5455 subiicieudus
2401 5414 2593 5469 poenas
2618 5396 2865 5452 doloraut
2893 5398 3091 5453 sentiet
3120 5397 3173 5452 in
3203 5404 3495 5456 aeternum.
