3928 6176
323 248 432 306 565

950 362 1178 422 CAPUT
1217 362 1285 422 Χ.

320 454 511 512 Iudith
531 464 649 527 post
662 470 859 525 preces,
873 455 1058 510 induta
1080 456 1397 527 ornamentis
1411 455 1764 527 jucunditatis
1784 470 1919 519 suos,

395 525 573 598 portus
600 525 827 580 civitatis
854 542 1087 608 pergens.
1102 526 1170 580 ad
1199 525 1542 608 Holoferne‘u-t
1571 538 1778 608 egressa
1807 533 1883 579 est
1900 564 1915 588 ,

392 594 544 665 ante,
583 605 826 665 suscepta
855 594 1423 678 ‘ab’exploratoribus,
1461 595 1531 650 ad
1566 594 1915 677 .Holofemem

394 664 622 790 ἐξέπιες
639 674 766 790 :31;
770 664 1091 790 geloferm
1114 675 1422 721 scucatatur
1447 665 1634 720 Iudith
1661 680 1820 737 quam
1849 664 1913 718 ob

395 752 614 790 causam
639 752 859 791 uertem.

399 845 419 876 ι
445 825 675 882 Factum
712 836 799 882 est
839 835 1052 894 autem,
1094 841 1220 882 cum
1256 835 1528 883 cessasset
1568 824 1806 881 clamare
1844 825 1914 880 ad

324 932 347 966 σ
375 913 693 983 Dominum,
737 916 976 971 surrexit
1002 915 1069 973 de
1097 916 1219 973 loco
1238 958 1255 983 ,
1282 916 1338 971 in
1364 932 1471 987 quo
1507 914 1755 985 iacuerat
1787 929 1913 986 pro-

323 1022 345 1056 ι
372 1013 543 1059 strata
572 1005 643 1060 ad
672 1005 998 1073 Dominum;
1042 1007 1365 1078 vocavitque
1409 1006 1596 1062 abram
1638 1022 1822 1070 suam,
1856 1012 1911 1061 et

318 1116 340 1148 ‹
369 1095 706 1153 descendens
727 1097 782 1151 in
807 1097 1026 1154 domum
1049 1112 1204 1152 suam
1222 1138 1238 1164 ,
1263 1097 1483 1154 abstulit
1504 1113 1534 1152 a
1556 1112 1613 1153 se
1635 1096 1869 1152 cilicium
1889 1137 1904 1163 ,

319 1205 339 1236 ι
368 1194 423 1239 et
448 1185 601 1241 exuit
624 1200 684 1240 se
710 1185 1050 1241 vestimentis
1072 1186 1493 1242 viduitatissure
1511 1225 1526 1253 ,
1555 1193 1610 1241 et
1630 1184 1763 1239 lavit
1787 1200 1908 1240 cor-

317 1294 337 1327 ς
367 1291 469 1347 pus
494 1291 651 1331 suum
670 1317 684 1341 ,
714 1285 770 1332 et
796 1277 954 1331 unxit
980 1292 1038 1333 se
1060 1278 1285 1351 myrrho
1309 1278 1532 1347 optimo,
1554 1284 1609 1333 et
1636 1277 1906 1333 discrimi-

315 1383 336 1417 ο
363 1367 512 1421 navit
536 1368 745 1422 crinem
772 1368 967 1439 capitis
992 1368 1109 1434 sui,
1135 1377 1191 1423 et
1216 1368 1470 1439 imposuit
1497 1369 1717 1423 mitram
1743 1383 1906 1437 super

315 1475 337 1508 ι
367 1466 530 1528 caput
571 1473 727 1513 suum
747 1499 764 1524 ,
796 1467 852 1513 et
881 1458 1055 1514 induit
1087 1472 1145 1524 se
1176 1460 1514 1515 vestimentis
1546 1458 1903 1530 jucunditatis

313 1566 333 1598 ι
361 1563 491 1603 sum.
521 1548 804 1618 lnduitque
828 1549 1074 1604 sandalia
1097 1549 1321 1620 pedibus
1345 1551 1478 1615 suis,
1502 1553 1901 1619 assumpsitque

313 1655 333 1688 ε
362 1638 685 1694 dextraliola
713 1650 769 1693 et
793 1639 931 1706 lilia,
960 1647 1015 1693 et
1041 1639 1260 1694 inaures
1286 1647 1342 1695 et
1367 1641 1616 1704 annulos,
1645 1648 1699 1694 et
1726 1640 1901 1695 omni-

1428 241 1798 312 EXPOSlTIO
1837 248 1904 304 IN
1944 247 2207 307 LIBRUM
2245 249 2512 309 JUDITH.

1944 364 1990 423 Α
2021 372 2371 419 memoratur.
2410 361 2564 434 Saepe
2592 361 2738 417 enim
2769 360 3066 434 contingit,
3099 371 3158 419 ut
3196 374 3305 435 qui‘
3330 384 3389 422 ω
3427 372 3606 427 scien-

2021 453 2091 508 tia
2123 461 2178 508 et
2206 454 2447 508 motibus
2471 453 2650 508 minus
2671 451 2947 523 perfectis.
2971 461 3022 507 ct
3048 457 3396 523 praesentium
3427 476 3611 519 rerum

2018 558 2203 599 amore
2236 545 2470 614 quodam
2518 544 2678 599 modo
2733 543 3071 607 irretiuntur,
3113 551 3471 607 sacramentis
3516 568 3610 609 ec-

2016 635 2334 691 clesiasticis
2363 636 2784 701 communicent,
2808 642 2864 690 et
2902 635 2967 690 de
3008 637 3171 692 rebus
3206 640 3319 695 suis
3353 643 3611 713 spiritali-

2014 727 2115 782 bus
2167 727 2437 798 mysteriis
2486 727 2816 791 deserviant,
2869 724 3185 798 solatiisque
3237 733 3612 802 corporalibus

2014 818 2120 875 illis
2152 820 2546 888 obsequantur,
2571 818 2665 874 sed
2694 827 2873 874 tamen
2919 818 2987 873 ad
3031 822 3449 879 renuntiandum
3492 841 3608 882 om-

2012 908 2326 979 nibus,qu:e
2346 909 2647 978 possident,
2678 917 2733 963 et
2761 910 3073 980 apostolicae
3095 912 3446 982 perfectionis
3476 933 3604 970 nor-

2009 1014 2152 1054 mam
2209 999 2497 1054 tenendam
2536 1014 2645 1054 non
2701 1008 2828 1055 sunt
2888 1000 3086 1056 idonei.
3144 1002 3296 1058 Unde
3346 1005 3496 1060 dives
3550 1008 3603 1061 in

2008 1091 2298 1162 Evangelia
2336 1105 2394 1145 se
2440 1098 2711 1162 praecepta
2755 1090 2847 1145 Dei
2903 1093 3205 1148 custodisse
3250 1094 3602 1166 Iledemptori

2007 1188 2194 1236 nostro
2222 1180 2522 1251 respondit,
2546 1180 2639 1235 sed
2667 1189 2842 1234 tamen
2874 1180 2947 1255 ad.
2966 1181 3352 1250 perfectionem
3380 1188 3602 1242 tendere.

2005 1256 2239 1327 vbnditis
2262 1271 2513 1326 omnibus
2545 1270 2726 1337 rebus,
2755 1279 2808 1326 et
2836 1272 2977 1327 datis
3003 1275 3351 1344 pauperibus,
3369 1292 3601 1348 cumque

2004 1364 2156 1435 sequi
2176 1363 2335 1434 juxta
2356 1363 2474 1435 ejus
2497 1365 2701 1419 monita
2723 1379 2831 1419 non
2854 1365 3247 1421 consentiebat.
3275 1368 3459 1422 Portat
3480 1372 3599 1439 qui-

2003 1458 2129 1512 dem
2160 1458 2277 1513 hinc
2308 1458 2459 1522 abra,
2493 1457 2596 1511 hoc
2633 1464 2736 1520 est,
2766 1456 3068 1511 carnalium
3123 1457 3279 1511 turba
3300 1498 3313 1522 ,
3352 1460 3598 1515 tradente

2002 1547 2105 1604 sibi
2153 1555 2341 1603 sancta
2384 1545 2626 1603 Ecclesia
2666 1560 2983 1616 ascoperam
3026 1545 3167 1611 vini,
3193 1555 3248 1601 et
3268 1562 3361 1600 vas
3389 1548 3514 1613 olei,
3542 1558 3598 1605 et

2001 1639 2297 1709 polentam,
2327 1644 2381 1693 et
2412 1652 2603 1707 panes,
2629 1652 2751 1691 eum
2778 1644 3119 1692 sacramenta
3156 1636 3338 1691 divina
3384 1638 3438 1693 in
3484 1638 3598 1695 fru-

306 1745 330 1778 ι
355 1726 457 1782 bus
481 1730 822 1784 ornamentis
843 1729 957 1785 suis
979 1730 1194 1785 ornavit
1218 1744 1293 1785 se.
1322 1730 1418 1786 Cui
1445 1731 1609 1786 etiam
1634 1732 1896 1789 Dominus
1927 1716 1972 1774 Β
2000 1739 2182 1786 mento
2210 1730 2444 1798 vinoque
2477 1727 2743 1792 confecta,
2779 1745 2976 1799 corpus
3004 1730 3255 1786 videlicet
3281 1740 3335 1787 et
3377 1734 3593 1807 sangui-

306 1835 327 1870 ς
354 1818 589 1874 contulit
627 1819 971 1890 splendorem
994 1861 1009 1887 ,
1041 1821 1295 1890 quoniam
1327 1823 1504 1877 omnis
1532 1823 1638 1879 ista
1680 1839 1899 1895 compo-

303 1929 324 1963 α
346 1911 479 1968 sitio
512 1928 623 1968 non
661 1928 725 1968 ex
762 1912 1005 1980 libidine,
1032 1913 1126 1969 sed
1163 1929 1229 1971 ex
1269 1914 1471 1970 virtute
1498 1916 1812 1986 pendebat;
1842 1923 1898 1970 et

303 2016 328 2055 r
350 2001 477 2059 ideo
503 2001 771 2059 Dominus
796 2003 937 2060 hanc
963 2005 1017 2059 in
1059 2003 1148 2059 illa
1187 2004 1646 2075 pulchritudinem
1674 2005 1898 2075 amplia-

300 2112 318 2145 ι
345 2094 451 2150 vit.
484 2114 504 2147 ι
534 2094 675 2162 Quid
700 2103 786 2150 est
833 2095 977 2166 quod
1004 2094 1190 2152 Iudith
1218 2104 1341 2167 post
1376 2104 1652 2165 peractam
1688 2096 1893 2152 oratio-

290 2201 415 2242 nem
442 2188 604 2243 exuit
627 2202 687 2242 se
714 2186 957 2242 vestibus
982 2185 1304 2258 lugubribus
1326 2226 1341 2252 ,
1368 2195 1423 2243 et
1449 2187 1621 2242 induit
1649 2202 1707 2241 se
1733 2187 1894 2242 vesti-

287 2283 495 2336 mentis
517 2279 877 2352 jucunditatis
898 2319 913 2342 ,
937 2277 1043 2333 nisi
1071 2278 1214 2347 quod
1240 2287 1429 2334 sancta
1456 2277 1701 2334 Ecclesia
1721 2318 1736 2344 ,
1767 2278 1895 2333 licet

286 2370 589 2442 aliquando
627 2385 727 2441 pro
765 2370 1007 2440 peccatis
1045 2368 1158 2423 suis
1194 2368 1529 2439 paenitentiae
1569 2375 1721 2439 gerat
1757 2365 1889 2422 affe-

283 2470 437 2517 ctum
460 2501 477 2527 ,
524 2468 704 2515 tamen
744 2474 840 2530 spe
883 2457 1220 2515 remissionis
1259 2466 1313 2513 et
1352 2457 1519 2512 futuri
1558 2457 1765 2528 praemii
1795 2473 1891 2511 an-

282 2551 440 2607 xium
480 2550 617 2604 satis
656 2547 926 2603 cxhilarat
956 2547 1218 2602 animum.
1251 2547 1424 2602 Lavat
1452 2558 1652 2618 corpus
1694 2538 1849 2601 suum
1870 2587 1886 2613 ,

283 2658 411 2698 cum
437 2650 595 2697 actus
621 2640 864 2710 corporis
891 2640 974 2694 sui
998 2639 1330 2710 pmnitentia:
1353 2639 1609 2711 lacrymis
1638 2639 1882 2694 mundat.

286 2731 457 2788 Unxit
480 2746 541 2787 se
563 2730 786 2800 myrrho
826 2729 1064 2799 optimo,
1096 2744 1219 2785 cum
1250 2730 1304 2784 in
1334 2729 1565 2800 propriae
1592 2728 1886 2783 mortiﬁca-

287 2824 436 2879 tione
477 2823 695 2895 carnis,
723 2823 1006 2877 charitatis
1048 2836 1114 2878 ac
1155 2830 1474 2877 caaterarum
1518 2820 1780 2875 virtutum
1824 2834 1885 2876 se

283 2915 459 2986 replet
495 2914 684 2970 odore.
729 2912 1080 2968 Discriminat
1119 2912 1328 2969 crinem
1367 2910 1561 2982 capitis
1595 2910 1709 2977 sui,
1750 2925 1874 2966 cum

285 3006 477 3064 solerti
526 3005 856 3061 discretione
899 3003 1138 3076 singulas
1183 3002 1544 3074 cogitationes
1594 3000 1878 3073 distinguit

283 3100 489 3156 cordis.
520 3098 755 3167 lmponit
803 3098 1021 3153 mitram
1059 3096 1256 3167 capiti,
1287 3111 1413 3150 cum
1447 3094 1656 3166 galeam
1683 3092 1877 3148 salutis

281 3191 595 3250 circumdat
627 3189 822 3245 menti.
862 3189 1040 3245 Induit
1074 3189 1239 3260 pedes
1274 3202 1403 3245 suos
1426 3184 1712 3251 sandaliis,
1758 3200 1880 3241 cum

279 3300 511 3357 gressus
538 3300 768 3356 operum
791 3299 1016 3342 suorum
1039 3283 1366 3356 evangelicis
1390 3281 1567 3338 munit
1592 3280 1876 3337 doctrinis.

273 3375 530 3432 Assumit
549 3373 867 3451 dextraliola
892 3382 946 3431 et
969 3373 1080 3429 lilia
1098 3416 1113 3441 ,
1142 3383 1199 3430 et
1221 3374 1439 3429 inaures
1465 3379 1522 3428 et
1544 3371 1792 3426 annulos.
1821 3370 1877 3426 ln

276 3468 380 3523 de:
388 3466 623 3525 traliolis
640 3481 766 3537 spes
784 3465 1092 3523 futurorum
1111 3464 1378 3521 bonorum
1402 3462 1743 3534 exprimitur,
1759 3477 1880 3532 quae

278 3559 334 3614 in
359 3559 558 3615 dextra
582 3557 679 3613 Dei
708 3557 913 3614 sanctis
939 3557 994 3612 in
1021 3556 1204 3612 futuro
1232 3556 1449 3612 dantur.
1476 3554 1534 3608 ln
1562 3553 1692 3609 liliis
1718 3553 1879 3610 casti-

278 3659 397 3715 tas,
428 3650 488 3703 in
526 3648 819 3704 inaurihus
853 3647 1173 3703 obedientiae
1205 3646 1452 3712 devotio,
1494 3653 1550 3700 et
1587 3646 1640 3700 in
1677 3645 1877 3709 annulo

276 3740 623 3812 signaculum
650 3739 774 3795 ﬁdei
801 3739 1135 3810 designatur.
1163 3738 1260 3794 His
1282 3753 1411 3809 ergo
1437 3739 1689 3795 omnibus
1714 3752 1877 3793 orna-

273 3831 485 3888 mentis
518 3845 581 3886 se
621 3837 807 3885 sancta
837 3827 1078 3886 Ecclesia
1102 3836 1293 3894 ornat,
1322 3829 1449 3901 quia
1478 3829 1721 3897 omnium
1757 3828 1873 3881 vir-

277 3934 456 3982 tutum
501 3924 700 3980 decore
742 3938 801 3979 se
828 3922 1100 3979 illustrare
1125 3932 1322 3979 certat.
1362 3923 1463 3980 Cui
1495 3924 1661 3978 etiam
1687 3922 1874 3977 Domi-

274 4032 381 4072 nus
401 4015 636 4071 contulit
658 4014 998 4085 splendorem
1026 4016 1213 4089 gratiae
1238 4030 1348 4071 suae
1365 4057 1380 4082 ,
1407 4014 1663 4085 quoniam
1695 4015 1874 4070 omnis

276 4107 381 4162 ista
420 4105 751 4176 compositio
787 4120 896 4159 non
932 4119 1000 4160 ex
1037 4103 1261 4161 libidine
1287 4103 1573 4175 praesentis
1597 4103 1751 4169 vitm,
1778 4103 1873 4159 sed

273 4214 340 4254 ex
384 4199 593 4257 virtute
633 4197 905 4267 pendebat
942 4195 1144 4251 futura.
1181 4196 1249 4251 Et
1287 4196 1407 4251 ideo
1440 4195 1705 4251 Dominus
1728 4194 1871 4250 hanc

274 4288 333 4344 in
366 4288 461 4343 illa
502 4287 961 4359 pulchritudinem
1003 4285 1322 4357 ampliavit,
1361 4296 1421 4342 ut
1457 4285 1869 4357 incomparabili

1999 1837 2123 1878 nem
2171 1820 2409 1887 Domini,
2436 1828 2491 1875 et
2519 1820 2830 1875 chrismatis
2866 1821 3175 1879 unctionem
3211 1821 3592 1879 venerabiliter

1997 1921 2197 1969 servat.
2224 1912 2416 1968 Portat
2444 1920 2497 1967 et
2546 1911 2795 1981 palathas
2847 1919 2904 1966 et
2956 1928 3174 1968 caseum
3215 1929 3451 1970 :caseus
3505 1923 3593 1971 est

1996 2002 2081 2059 lac
2139 2002 2514 2075 coagulatum,
2546 2018 2666 2072 qua:
2712 2012 2944 2073 utraque
3003 2016 3229 2074 possunt
3281 2006 3335 2060 in
3384 2006 3489 2062 ﬁde
3537 2016 3593 2063 et

1994 2092 2284 2149 dilectione
2302 2093 2495 2148 cibum
2525 2091 2831 2162 signiﬁcare
2856 2094 3182 2149 animarum.
3215 2094 3322 2151 Sed
3348 2096 3462 2153 haec
3476 2114 3590 2152 om-

1994 2185 2085 2241 nia
2125 2185 2254 2240 abra
2283 2184 2349 2239 ad
2377 2198 2533 2238 suum
2577 2182 2790 2236 libitum
2836 2191 3068 2250 vertere,
3117 2184 3201 2241 vel
3244 2182 3460 2257 proprio
3511 2188 3586 2242 uti

1992 2279 2218 2335 arbitrio
2252 2293 2359 2333 non
2388 2276 2738 2347 permittitur,
2765 2277 2896 2347 quin
2925 2279 3105 2348 potius
3134 2294 3194 2335 ea
3239 2280 3306 2335 ad
3336 2298 3492 2338 usum
3532 2292 3588 2338 et

1992 2371 2442 2442 dispensationem
2473 2370 2703 2425 domina:
2733 2386 2845 2426 suae
2867 2386 3087 2427 servare
3121 2374 3423 2430 ordinatur.
3447 2377 3583 2445 Quia

1983 2461 2191 2531 justum
2225 2460 2379 2518 valde
2407 2466 2512 2524 est,
2542 2467 2601 2513 ut
2630 2458 2723 2530 qui
2753 2460 2990 2516 nondum
3020 2464 3172 2519 novit
3214 2465 3582 2523 moderamina

1990 2554 2111 2607 vitae
2132 2567 2263 2618 sua),
2290 2566 2399 2607 non
2429 2550 2610 2607 subito
2638 2550 2734 2606 ﬁat
2763 2562 2943 2608 rector
2967 2553 3091 2609 vitae
3117 2554 3435 2622 alienae,sed
3468 2575 3582 2614 ma-

1987 2643 2071 2715 gis
2100 2642 2178 2698 eis
2228 2643 2477 2699 subditus
2504 2641 2733 2713 ﬁat.qui
2777 2644 2885 2698 vita
2937 2654 2991 2700 et
3039 2645 3286 2703 doctrina
3340 2648 3581 2718 regulam

1989 2741 2175 2789 tenent
2194 2731 2441 2802 justitizc.

2062 2842 2080 2875 ί
2118 2824 2339 2880 Factum
2373 2833 2455 2881 est
2496 2835 2702 2893 autem,
2741 2841 2865 2883 cum
2914 2828 3270 2887 descenderet
3314 2839 3575 2900 montem,

1991 2932 2009 2965 ι
2043 2914 2187 2971 circa
2218 2926 2400 2969 ortum
2426 2913 2557 2982 diei,
2587 2925 2945 2989 occurrerunt
2968 2918 3016 2972 ei
3058 2918 3431 2989 exploratores
3473 2920 3575 2977 As-

1988 3025 2007 3060 ι
2043 3007 2334 3078 syriorum,
2356 3015 2412 3063 et
2437 3014 2726 3063 tenuerunt
2748 3022 2870 3062 eam
2892 3007 3132 3064 dicentes
3175 3028 3187 3063 :
3227 3009 3381 3067 Unde
3403 3014 3573 3078 venis,

1991 3119 2010 3153 ι
2042 3110 2136 3157 aut
2154 3118 2263 3173 quo
2290 3103 2476 3159 vadis?
2501 3101 2632 3170 Qua:
2658 3102 2969 3174 respondit:
2994 3102 3129 3159 Filia
3166 3120 3287 3160 sum
3312 3104 3570 3163 Hebraeo-

1987 3211 2007 3245 ι
2041 3209 2181 3259 rum,
2217 3194 2340 3252 ideo
2366 3210 2469 3267 ego
2503 3192 2613 3267 fugi
2656 3210 2687 3250 a
2725 3193 2866 3251 facie
2892 3209 3101 3263 eorum,
3134 3198 3392 3267 quoniam
3432 3197 3573 3254 futu-

1989 3302 2008 3336 ι
2049 3300 2171 3341 rum
2206 3286 2399 3357 agnovi
2425 3285 2569 3356 quod
2602 3286 2797 3341 dentur
2825 3286 2979 3343 vobis
3010 3284 3065 3342 in
3092 3288 3571 3358 deprazzlationem,

1972 3395 2005 3447 ¹ι
2039 3391 2139 3447 pro
2168 3378 2236 3433 e‘o
2282 3377 2425 3448 quod
2470 3386 2881 3432 contemnentes
2929 3393 3045 3444 vos,
3087 3376 3379 3435 noluerunt
3430 3379 3572 3436 ultro

1986 3485 2004 3519 ‹
2040 3464 2255 3523 tradere
2278 3467 2619 3538 semetipsos,
2643 3474 2702 3521 ut
2726 3468 3029 3524 invenirent
3058 3468 3486 3526 misericordiam
3518 3472 3571 3527 in

1984 3577 2003 3611 ι
2037 3566 2329 3629 conspectu
2375 3568 2578 3613 vestro.
2616 3578 2633 3609 ι
2670 3558 2772 3625 Qui
2826 3568 2950 3614 sunt
2988 3559 3363 3629 exploratores
3407 3562 3573 3635 Assy-

1978 3647 2205 3713 riorum,
2232 3647 2335 3703 nisi
2372 3646 2678 3719 philosophi
2709 3648 3012 3719 gentilium,
3034 3657 3092 3703 et
3124 3650 3323 3707 curiosi
3354 3661 3565 3707 scruta-

1980 3748 2123 3796 tores
2159 3739 2518 3794 humanarum
2566 3738 3015 3808 disciplinarum?
3062 3737 3127 3793 Hi
3178 3740 3331 3810 quasi
3383 3738 3569 3797 Judith

1976 3838 2217 3884 nostram
2246 3845 2276 3883 a
2305 3827 2506 3883 Judatis
2538 3837 2903 3884 transeuntem
2955 3829 3022 3883 ad
3081 3838 3272 3901 gentes
3317 3845 3565 3899 compre-

1975 3918 2213 3973 hendere
2240 3919 2569 3983 nitebantur,
2603 3933 2726 3971 cum
2759 3919 3145 3987 praedicatores
3171 3919 3444 3991 Evangelii
3476 3937 3564 3976 rc-

1973 4007 2279 4076 linquentcs
2304 4006 2373 4060 ob
2399 4006 2681 4075 perfidiam
2709 4003 2944 4071 Iudaeos,
2974 4016 3027 4062 et
3058 4008 3127 4063 ad
3156 4008 3399 4079 gentium
3427 4025 3565 4080 pra:-

1973 4099 2297 4154 dicationem
2323 4107 2679 4168 properantes
2706 4099 2819 4154 suis
2853 4098 3198 4173 dogmatibus
3243 4102 3462 4158 vincere
3509 4114 3563 4159 et

1972 4205 2231 4263 superare
2264 4192 2621 4257 conabantur,
2641 4206 2776 4261 quos
2797 4190 2865 4247 ad
2889 4186 3295 4250 tabernaculum
3318 4193 3561 4251 Holofer-

1973 4287 2057 4341 nis
2090 4286 2380 4351 ducebant,
2406 4300 2527 4339 cum
2574 4284 2908 4355 principibus
2936 4286 3176 4356 gentium
3214 4284 3369 4355 quasi
3394 4288 3563 4342 obno-

273 4381 476 4435 decore
503 4380 751 4434 omnium
777 4378 947 4435 oculis
972 4387 1280 4451 appareret.
1312 4377 1445 4447 Quia
1477 4378 1634 4435 valde
1656 4376 1864 4447 justum
1895 4406 1945 4465 Β
1972 4377 2091 4434 xios
2115 4375 2421 4430 tradebant.
2452 4371 2558 4429 Sed
2584 4374 2927 4429 considerata
2953 4374 3269 4430 sinceritate
3284 4374 3562 4447 religionis

274 4480 395 4535 est,
439 4477 501 4525 ut
543 4470 639 4541 qui
680 4469 984 4525 dilectionis
1023 4468 1278 4540 perfectae
1319 4469 1415 4527 Dei
1438 4468 1620 4525 fervet
1648 4484 1863 4534 amore,

275 4564 524 4617 omnium
552 4562 749 4633 dignus
773 4564 1041 4619 habeatur
1067 4563 1294 4619 honore.

357 4672 375 4703 ι
413 4652 678 4723 Imposuit
716 4652 899 4723 itaque
944 4652 1093 4709 abraz
1137 4668 1248 4709 suae
1292 4668 1604 4723 ascoperam
1652 4653 1781 4719 vini,
1814 4660 1870 4709 et

277 4763 299 4796 σ
340 4759 437 4798 vas
464 4743 591 4809 olei,
622 4751 676 4799 et
703 4745 978 4815 polentam
1012 4752 1065 4799 et
1092 4743 1359 4814 palathas,
1385 4752 1439 4800 et
1466 4760 1654 4814 panes,
1676 4754 1731 4800 et
1778 4760 1868 4802 ca-

279 4851 299 4885 ι
343 4847 520 4897 seum,
559 4840 614 4887 et
641 4831 881 4901 profecta
909 4840 1012 4887 est.
1057 4852 1077 4885 ι
1115 4831 1255 4899 Quid
1283 4839 1367 4887 est
1393 4832 1535 4902 quod
1567 4830 1751 4887 Iudith
1801 4836 1866 4889 ad

270 4938 509 4994 agonem
536 4938 859 4992 processura
893 4924 1039 4980 ahra:
1079 4939 1191 4979 suae
1236 4923 1494 4994 imposuit
1539 4925 1608 4980 ad
1651 4933 1866 4994 portan-

268 5014 409 5068 dum
445 5028 510 5068 ea
553 5029 673 5083 qua:
728 5014 784 5069 in
829 5013 917 5069 via
958 5013 1065 5071 sibi
1120 5012 1341 5068 fuerunt
1384 5014 1711 5089 necessaria,
1761 5015 1865 5070 nisi

267 5108 423 5180 quod
453 5118 641 5164 sancta
673 5108 915 5164 Ecclesia
945 5109 1000 5164 in
1027 5109 1204 5165 stadio
1239 5108 1400 5167 istius
1422 5108 1608 5165 mundi
1653 5119 1867 5166 certare

265 5207 466 5255 contra
490 5200 704 5256 hostem
728 5215 1044 5271 properans,
1062 5200 1419 5269 quorumdam
1442 5199 1740 5256 carnalium
1767 5203 1864 5258 ad-

266 5304 467 5345 versus
493 5291 680 5346 hostes
708 5306 837 5347 suos
861 5291 1115 5362 praesenti
1143 5291 1315 5346 utitur
1337 5290 1660 5356 ministerio,
1695 5291 1788 5363 qui
1820 5292 1867 5347 si

267 5377 511 5433 ﬁdeliter
536 5378 664 5435 illud
701 5380 1029 5452 peregerint,
1057 5386 1310 5450 poterunt
1330 5380 1398 5437 ad
1422 5394 1607 5437 veram
1642 5379 1865 5439 liberta-

265 5478 387 5524 tem
411 5468 712 5539 pervenire,
747 5471 820 5525 ita
849 5480 909 5526 ut
942 5470 1250 5526 cohaeredes
1271 5479 1328 5527 et
1354 5471 1647 5542 participes
1671 5470 1866 5527 futurae

262 5560 637 5630 possessionis
676 5559 998 5625 eﬁiciantur,
1028 5560 1169 5617 sicut
1205 5568 1504 5617 memorata
1526 5560 1655 5616 abra
1682 5561 1734 5616 in
1758 5560 1865 5616 ﬁne

267 5649 436 5707 istius
457 5649 581 5707 libri
614 5650 785 5707 libera
815 5669 843 5706 a
871 5651 1087 5707 domina
1119 5667 1214 5708 sua
1242 5651 1427 5709 Judith
1451 5652 1670 5708 dimissa
1715 5668 1863 5708 com-

1972 4467 2211 4539 ipsorum
2234 4463 2483 4535 protinus
2508 4480 2538 4517 a
2561 4462 2793 4518 vinculis
2818 4463 3097 4520 absolutos
3126 4463 3179 4519 in
3219 4461 3379 4520 domo
3420 4466 3563 4535 prin-

1969 4556 2133 4627 cipis,
2157 4548 2271 4610 boc'
2304 4561 2405 4618 est,
2438 4554 2539 4610 sub
2580 4553 2950 4610 dominatione
2999 4553 3341 4611 saecularium
3390 4555 3562 4613 libere

1967 4661 2291 4719 permanere
2318 4645 2701 4716 permiserunt.
2734 4644 2886 4701 Unde
2924 4645 2978 4700 in
3018 4644 3241 4701 Actibus
3281 4647 3556 4717 apostolo-

1969 4754 2092 4793 rum
2119 4738 2314 4810 legitur
2343 4737 2540 4792 Paulus
2565 4737 2709 4807 apud
2743 4736 2983 4794 Athenas
3007 4754 3351 4794 commorans
3376 4740 3561 4811 dispu-

1973 4841 2117 4887 tasse
2142 4841 2305 4900 atque
2339 4830 2659 4885 disseruisse
2685 4830 2751 4884 de
2776 4828 2903 4885 Jesu
2926 4840 2982 4886 et
3012 4831 3412 4887 resurrectione
3435 4847 3558 4888 cum

1974 4922 2268 4999 Epicurmis
2308 4930 2363 4977 et
2412 4920 2612 4976 Stoicis
2652 4920 3005 4993 philosophis,
3037 4935 3203 4994 quem
3240 4940 3366 4981 cum
3406 4925 3561 4981 audiv

1973 5021 2093 5068 rent
2120 5013 2186 5068 de
2211 5013 2278 5067 iis
2304 5011 2674 5078 annuntiasse,
2699 5012 3098 5082 apprehensum
3130 5029 3254 5069 cum
3288 5015 3357 5070 ad
3389 5014 3561 5072 Areo-

1970 5120 2169 5177 pagum
2198 5104 2468 5160 duxerunt
2496 5103 2788 5161 dicentes:
2833 5122 2852 5157 ι
2906 5104 3201 5162 Possumus
3242 5107 3382 5164 scire
3436 5124 3558 5181 qua:

1971 5196 2044 5250 sit
2068 5196 2185 5250 haec
2207 5209 2366 5261 nova,
2391 5210 2513 5265 quae
2539 5211 2570 5250 a
2600 5203 2654 5251 te
2680 5194 2903 5263 dicitur,
2925 5195 3209 5252 doctrina?
3235 5213 3373 5252 nova
3410 5198 3557 5253 enim

1973 5289 2218 5359 mundam
2244 5286 2412 5343 infers
2447 5287 2671 5344 auribus
2696 5288 2930 5352 nostris;
2970 5288 3218 5344 volumus
3247 5302 3377 5360 ergo
3413 5287 3557 5342 scire

1969 5378 2227 5450 quidnam
2254 5378 2422 5435 velint
2446 5381 2561 5435 btec
2584 5396 2723 5436 esse.
2759 5400 2779 5435 ι
2815 5380 3023 5449 Quibus
3063 5398 3187 5438 cum
3228 5379 3556 5436 manifestis-

1968 5470 2105 5525 sima
2132 5470 2378 5527 oratione
2414 5471 2576 5528 ﬁdem
2609 5473 2704 5529 Dei
2731 5474 3091 5546 exposuisset,
3121 5473 3339 5543 quidam
3360 5484 3429 5525 ex
3471 5469 3555 5525 eis

1968 5562 2269 5619 irridehant
2293 5579 2439 5629 eum,
2463 5565 2685 5636 quidam
2714 5580 2844 5621 vero
2871 5565 2972 5620 viri
2995 5564 3333 5619 adhaerentes
3358 5559 3407 5613 ei
3432 5575 3553 5615 cre-

1968 5653 2241 5722 diderunt,
2270 5657 2322 5713 in
2374 5657 2569 5726 quibus
2618 5664 2737 5712 erat
2779 5668 2834 5711 et
2877 5655 3159 5728 Dionysius
3202 5651 3548 5724 Areopagi“.
