3928 6176
239 321 350 379 569

1323 316 1685 376 EXPOSITiO
1724 318 1790 373 IN
1830 317 2091 374 LIBRUM
2131 317 2398 375 JUDITH.

3413 321 3520 377 ιτο

249 459 268 490 ι
319 446 526 492 tantur.
562 436 806 506 Denique
847 436 950 490 hoc
979 433 1251 502 ordinant,
1285 445 1344 490 ιιι
1378 436 1705 491 interficiant
1735 451 1826 505 pe-
1856 440 1900 498 Α
1931 437 2321 506 proximorum,
2374 451 2475 491 nec
2526 435 2904 493 defunctorum
2962 435 3269 503 multitudo,
3307 452 3407 494 nec
3443 442 3526 495 vi-

249 550 268 580 ι
314 546 445 586 cora
476 546 595 593 sua,
629 537 684 584 et
708 529 895 583 bibant
924 529 1240 598 sanguinem
1278 528 1491 583 illorum
1520 546 1533 593 ;
1564 538 1620 583 et
1649 538 1835 583 sancta

250 641 270 672 α
318 622 537 677 Domini
571 621 662 676 Dei
700 621 805 684 sui,
832 636 952 689 qum
978 622 1236 691 praecepit
1260 621 1402 674 Deus
1431 636 1534 673 non
1570 620 1833 690 contingi,

252 728 273 759 ι
326 709 380 763 in
411 708 709 774 frumento,
754 708 879 762 vino
904 718 958 763 et
987 708 1126 773 oleo,
1174 710 1289 763 haec
1316 708 1695 779 cogitaverunt
1740 709 1841 761 im-

253 819 272 850 ι
319 800 583 870 pendere,
613 807 669 853 et
708 798 893 853 volunt
940 813 1260 853 consumere
1292 815 1411 869 qua:
1441 814 1539 853 nec
1589 798 1839 853 manibus

254 913 273 943 ι
317 893 583 948 deberent
607 891 939 961 contingere.
967 889 1107 959 Ergo
1153 890 1407 958 quoniam
1448 889 1563 944 haec
1616 889 1839 955 faciunt,

258 1001 278 1033 ι
327 991 546 1036 certum
572 992 656 1036 est
680 982 822 1050 quod
864 982 917 1035 in
955 981 1311 1050 perditionem
1363 981 1653 1035 dabuntur.
1688 981 1842 1049 Quod

255 1094 277 1126 ι
321 1088 426 1144 ego
450 1072 642 1127 ancilla
681 1081 771 1126 tua
817 1087 1149 1142 cognoscens
1196 1073 1306 1144 fugi
1335 1073 1404 1127 ab
1439 1072 1567 1139 illis,
1605 1085 1660 1129 et
1691 1074 1843 1128 misit

254 1186 272 1218 ι
322 1182 415 1220 me
446 1164 708 1220 Dominus
748 1164 865 1218 hanc
897 1166 1009 1233 ipsa
1036 1166 1288 1220 nuntiare
1342 1165 1459 1222 tibi.
1505 1185 1524 1219 ι
1565 1166 1839 1236 Scriptum

248 1266 337 1312 est
402 1257 555 1311 enim
606 1256 660 1310 in
696 1254 1064 1310 ecclesiastica
1102 1256 1349 1322 historia,
1407 1257 1551 1326 quod
1607 1258 1843 1312 instante

251 1358 506 1418 tempore
528 1347 849 1402 vastationis
875 1346 1329 1419 Jcrosolymorum
1365 1347 1592 1417 apostoli
1624 1348 1843 1418 quidam

250 1440 411 1510 prius
434 1436 504 1493 ab
532 1438 638 1493 illis
666 1438 833 1511 fugati
864 1452 960 1509 per
984 1454 1201 1494 omnem
1240 1439 1418 1495 locum
1454 1439 1683 1510 dispersi
1719 1455 1845 1510 per-

253 1536 457 1601 gerent
476 1529 535 1584 in
557 1529 758 1584 virtute
785 1528 1005 1594 Christi,
1032 1530 1124 1599 qui
1154 1530 1236 1585 eis
1256 1540 1590 1601 praeceperat
1611 1531 1799 1586 dicens
1826 1548 1841 1584 :

255 1638 274 1670 ι
315 1619 530 1675 Euntes
556 1620 828 1689 baptizate
871 1635 1058 1675 omnes
1080 1628 1271 1691 gentes
1305 1621 1360 1674 in
1405 1621 1623 1675 nomine
1668 1619 1846 1676 Patris

250 1721 309 1768 et
323 1711 447 1767 Filii
470 1719 530 1768 et
549 1711 783 1782 Spiritus
807 1714 1000 1768 sancti.
1024 1732 1042 1765 ι
1062 1714 1303 1771 Ecclesia
1326 1731 1473 1782 vero,
1495 1731 1615 1786 quae
1637 1716 1688 1770 in
1714 1715 1844 1771 Hie-

1943 526 2081 579 rium
2117 525 2364 579 debilitas
2389 525 2759 596 permittebat,
2794 526 3045 581 similiter
3080 542 3181 596 pro
3211 543 3324 582 sua:
3357 544 3527 584 unus-

1939 619 2169 689 quisque
2214 619 2337 673 vitae
2383 619 2589 673 incerto
2634 619 2865 688 denique
2910 618 3171 689 aliquanti
3236 635 3396 690 supra
3431 635 3526 675 eos

1939 726 2075 780 quos
2113 710 2464 780 sepeliebant,
2495 711 2703 765 animas
2729 711 2980 765 emisere.
3011 710 3159 765 Multi
3203 712 3364 765 etiam
3397 712 3524 767 dum

1940 810 2341 873 persequuntur
2372 802 2583 865 funera,
2636 802 2949 871 priusquam
2976 801 3043 855 ad
3068 800 3374 871 sepulcrum
3402 817 3527 872 per-

1941 894 2207 959 venirent,
2260 893 2516 948 efllabant
2552 894 2820 963 spiritum.
2882 892 2989 948 Sed
3036 907 3137 948 nec
3176 892 3425 963 planctus
3456 909 3524 948 ex

1941 1002 2095 1042 more
2148 986 2415 1042 defunctis
2471 985 2853 1051 exhibebatur,
2890 994 2983 1039 aut
3032 985 3231 1050 luctus,
3267 985 3389 1053 quia
3423 986 3527 1040 hoc

1943 1086 2116 1132 totum
2171 1076 2272 1131 sibi
2326 1075 2693 1130 vindicaverat
2753 1074 2955 1140 fames;
3010 1076 3105 1130 sed
3156 1091 3255 1130 nec
3291 1074 3524 1130 ariditas

1943 1168 2136 1223 inediae
2181 1168 2460 1222 humorem
2498 1166 2747 1235 cuiquam
2800 1165 3093 1234 reliquerat
3140 1166 3524 1237 lacrymarum.

1942 1257 2280 1314 Obsederant
2299 1258 2572 1312 civitatem
2594 1254 2858 1326 profunda
2882 1256 3115 1321 Silentia,
3141 1265 3195 1310 et
3230 1270 3335 1311 nox
3362 1257 3519 1326 plena

1943 1350 2134 1406 mortis
2159 1357 2354 1405 cuncta
2391 1355 2727 1412 contexerat,
2756 1348 2809 1402 in
2837 1347 3035 1417 quibus
3076 1347 3234 1402 malis
3278 1347 3528 1402 omnibus

1944 1441 2045 1496 soli
2091 1441 2367 1512 graviores
2415 1439 2669 1510 vigebant
2695 1439 2996 1509 praedones,
3027 1442 3118 1507 qui
3147 1452 3247 1493 nec
3282 1439 3528 1507 sepulcra

1945 1530 2160 1601 quidem
2210 1528 2443 1596 diripere
2478 1536 2533 1581 et
2567 1527 2800 1597 spoliare
2850 1527 3112 1582 cadavera
3152 1527 3396 1581 illicitum
3432 1527 3529 1580 du-

1945 1622 2162 1686 cebant,
2193 1635 2300 1674 non
2328 1628 2435 1673 tam
2462 1618 2697 1688 prmdam
2727 1626 2994 1689 petentes,
3019 1633 3183 1687 quam
3212 1617 3384 1673 scelus
3408 1617 3531 1671 irri-

1946 1714 2097 1770 sione
2127 1712 2464 1769 cumulantes
2499 1720 2553 1767 ct
2579 1713 2747 1767 aciem
2780 1712 3079 1783 gladiorum
3118 1727 3336 1766 suorum
3360 1713 3414 1766 in
3438 1728 3532 1768 ca-

251 1802 550 1874 rosolymis
578 1802 755 1859 fuerat
779 1812 1125 1876 congregata,
1152 1821 1409 1875 responso
1428 1823 1459 1861 a
1489 1807 1599 1862 Deo
1621 1816 1843 1877 accepto
1872 1796 1918 1854 Β
1944 1807 2203 1862 daverum
2235 1806 2575 1860 truncatione
2605 1806 2916 1876 probantes.

251 1893 533 1962 emigrare
554 1892 797 1963 jubetur,
821 1904 875 1948 et
910 1895 1146 1951 transire
1180 1897 1248 1951 ad
1288 1897 1540 1967 oppidum
1571 1896 1839 1967 quoddam

251 1982 463 2039 Pellam
497 1984 716 2040 nomine
742 1992 892 2040 trans
915 1984 1205 2041 Jordanem
1232 2004 1248 2053 ;
1283 2002 1389 2058 quo
1428 1988 1620 2043 ablatis
1653 2004 1718 2043 ex
1748 2004 1843 2042 ur-

252 2075 323 2131 be
350 2076 562 2131 sanctis
591 2075 724 2132 viris
758 2084 813 2131 et
830 2074 1017 2144 justis,
1046 2077 1296 2133 vindictae
1345 2077 1553 2133 caelesti
1581 2077 1733 2133 fieret
1758 2077 1836 2132 lo-

255 2182 355 2223 cus
382 2176 496 2222 tam
522 2167 591 2223 de
644 2168 781 2223 urbe
818 2167 1104 2237 sacrilega,
1140 2181 1300 2236 quam
1352 2168 1418 2222 de
1449 2167 1646 2238 populo
1679 2167 1844 2237 impio

254 2273 354 2329 per
372 2258 651 2313 excidium
676 2258 971 2329 patriaeque
985 2259 1319 2314 eversionem
1337 2260 1627 2314 sumendae.
1658 2257 1843 2326 Quan-

253 2352 325 2407 tis
350 2365 488 2421 ergo
519 2350 679 2407 malis
731 2367 862 2423 gens
910 2361 1037 2406 tunc
1087 2352 1341 2407 universa
1389 2351 1632 2416 multata,
1683 2362 1844 2421 atque

252 2440 374 2510 ipsa
410 2438 567 2496 Iudae
598 2448 742 2496 terra
764 2441 926 2506 bello,
955 2439 1119 2505 fame,
1157 2441 1266 2511 igni
1288 2442 1635 2511 cazdibusque
1660 2450 1841 2496 vasta-

256 2544 309 2587 ta
381 2534 504 2599 sit;
545 2541 745 2603 quanta
804 2534 1124 2605 populorum
1188 2534 1372 2602 millia,
1410 2543 1591 2605 patres
1636 2535 1842 2591 scilicet

252 2642 381 2681 cum
416 2627 739 2697 coniugibus
789 2642 852 2680 ac
885 2626 1125 2697 parvulis
1152 2627 1338 2681 liberis
1383 2627 1586 2695 absque
1617 2641 1843 2682 numero

252 2727 308 2773 et
331 2716 546 2787 absque
584 2715 908 2771 discretione
945 2716 1199 2771 trucidati
1250 2717 1380 2781 sint,
1425 2731 1543 2785 qua:
1569 2716 1731 2771 etiam
1763 2716 1844 2771 di-

256 2824 547 2864 versarum
586 2808 803 2863 urbium
834 2807 1166 2874 obsidiones,
1212 2808 1308 2862 sed
1350 2815 1408 2862 et
1456 2808 1605 2861 urbis
1630 2808 1841 2877 magni-

254 2905 375 2956 fica:
406 2909 465 2955 et
492 2900 865 2956 famosissima:
886 2900 1121 2956 civitatis
1142 2899 1441 2956 Jerusalem
1464 2908 1661 2969 quanta
1684 2900 1845 2954 vasti-

256 3000 343 3047 tas
368 2998 449 3082 ‘et
474 2999 681 3060 quanta
721 2988 886 3045 fuerit
921 2989 1258 3045 diversorum
1305 2989 1569 3043 montium
1612 2997 1839 3060 strages,

254 3086 452 3156 quisve
487 3100 587 3155 per
610 3086 725 3141 haec
750 3085 958 3157 singula
999 3085 1264 3141 bellorum
1306 3085 1578 3141 exstiterit
1624 3086 1836 3152 modus,

2020 1918 2039 1951 ι
2083 1899 2412 1955 Placuerunt
2440 1908 2621 1953 autem
2653 1899 2845 1953 omnia
2860 1898 3025 1953 verba
3058 1898 3172 1953 haec
3216 1914 3396 1953 coram
3421 1897 3530 1952 llo-

1948 2010 1967 2043 (
2008 1990 2212 2046 loferne
2256 1999 2312 2045 et
2363 2006 2547 2046 coram
2590 1990 2773 2059 pueris
2823 1990 2961 2060 ejus,
2999 1997 3054 2044 et
3099 1988 3433 2043 mirabantur
3460 1987 3527 2042 ad

1948 2100 1968 2134 ε
2011 2081 2331 2151 sapientiam
2384 2081 2522 2152 ejus,
2557 2089 2614 2135 et
2662 2080 2912 2135 dicebant
2976 2079 3113 2134 alter
3135 2080 3201 2133 ad
3253 2080 3524 2133 alterum:

1947 2192 1966 2226 ί
2011 2173 2128 2228 Non
2162 2172 2396 2229 esttalis
2439 2171 2633 2225 mulier
2675 2186 2839 2241 super
2871 2177 3069 2223 terram
3110 2171 3163 2223 in
3187 2178 3427 2239 aspectu,
3472 2171 3526 2224 in

1947 2284 1966 2317 ι
2012 2263 2407 2335 pulchritudine
2435 2269 2489 2316 et
2543 2262 2597 2316 in
2635 2276 2796 2316 sensu
2829 2261 3139 2314 verborum.
3189 2259 3254 2314 Et
3289 2259 3428 2314 dixit
3457 2260 3526 2313 ad

1947 2374 1966 2406 ι
2009 2354 2153 2408 illam
2200 2351 2565 2407 Holofernes:
2627 2349 2904 2407 Beucfecit
2959 2351 3122 2414 Deus,
3173 2351 3266 2420 qui
3295 2350 3441 2405 misit
3472 2359 3526 2404 te

1948 2464 1967 2498 c
2004 2454 2127 2500 ante
2149 2444 2426 2515 populum,
2458 2453 2514 2498 ut
2547 2445 2640 2499 des
2672 2444 2820 2498 illum
2854 2451 2909 2497 tu
2941 2443 2993 2496 in
3024 2442 3273 2497 manibus
3295 2442 3520 2508 nostris,

1948 2557 1966 2590 ‹
2010 2548 2064 2591 et
2113 2537 2370 2608 quoniam
2428 2536 2567 2591 bona
2621 2544 2705 2591 est
2739 2535 3029 2606 promissio
3082 2543 3193 2599 tua,
3236 2535 3280 2589 si
3324 2534 3522 2589 fecerit

1948 2648 1967 2680 ‹
2014 2628 2143 2682 mihi
2169 2629 2271 2682 hoc
2308 2626 2450 2681 Deus
2505 2635 2650 2692 tuus,
2688 2626 2793 2680 erit
2823 2634 2876 2680 ct
2910 2640 3062 2679 meus
3091 2625 3249 2679 Deus.
3288 2644 3306 2676 ι
3340 2623 3524 2678 Prima

1943 2719 2043 2773 fuit
2098 2719 2184 2772 via
2235 2717 2422 2773 salutis
2456 2718 2706 2788 gentibus
2756 2716 3036 2771 ministros
3085 2714 3230 2769 verbi
3279 2714 3375 2768 Dei
3428 2723 3523 2769 aut

1940 2811 2330 2881 prmdicatorcs
2356 2809 2630 2881 Evangelii
2663 2818 2941 2880 gratanter
2966 2807 3232 2877 recipere,
3263 2814 3525 2861 eteorqu

1943 2904 2102 2959 dictis
2126 2902 2281 2958 fidem
2313 2904 2576 2973 praebere,
2599 2903 2784 2971 sicque
2810 2900 3068 2971 paulatim
3090 2915 3187 2970 per
3214 2914 3400 2953 eorum
3432 2899 3529 2953 do-

1944 2995 2178 3049 ctrinam
2228 2994 2297 3048 ad
2346 2994 2674 3065 agnitionem
2723 2992 2970 3047 veritatis
3015 2992 3317 3062 pervenire.
3371 2989 3548 3064 Unde

1946 3086 2204 3142 Dominus
2255 3085 2309 3139 in
2338 3084 2630 3155 Evangelio
2666 3083 2943 3152 discipulis
2996 3084 3108 3139 suis
3144 3083 3401 3153 przecepit
3441 3082 3521 3137 di—

254 3151 312 3233 et
331 3185 393 3231 ut
412 3151 710 3232 secundum
749 3177 801 3231 id
828 3151 970 3246 quod
1004 3177 1282 3247 propheta:
1301 3177 1685 3246 praedixerant,
1712 3177 1843 3231 abo-
1869 3151 1912 3211 (ί
1945 3192 2073 3233 cens
2108 3197 2116 3205 ·
2156 3197 2174 3229 ι
2208 3176 2265 3231 lu
2298 3151 2678 3246 quamcunque
2702 3151 2975 3229 civitatem
3000 3184 3093 3228 aut
3132 3151 3416 3229 castellum
3444 3174 3527 3227 in-

255 3273 493 3327 minatio
534 3271 883 3329 desolationis
916 3272 970 3326 in
996 3273 1111 3343 ipso
1142 3272 1412 3341 quondam
1466 3271 1562 3327 Dei
1595 3270 1842 3327 famosis-

256 3363 402 3418 simo
431 3362 697 3419 collocata
716 3363 789 3418 sit
819 3362 1037 3433 templo,
1068 3371 1232 3432 utque
1262 3363 1330 3417 ad
1371 3362 1618 3416 ultimum
1647 3371 1842 3418 cuncta

256 3454 404 3524 ignis
422 3452 714 3524 populatus
737 3454 831 3519 sit,
861 3462 918 3507 et
946 3451 1157 3507 flamma
1178 3454 1612 3523 consumpserit;
1646 3454 1691 3507 si
1719 3454 1840 3522 quis

256 3544 476 3616 plenius
501 3559 664 3600 nosse
696 3544 811 3599 vult
861 3544 1112 3599 historias
1158 3542 1379 3613 Iosephi
1425 3544 1695 3599 consulat.
1731 3543 1841 3601 Nos

258 3651 391 3690 vero
415 3651 490 3689 ex
525 3636 612 3691 bis
641 3651 703 3690 ea
747 3644 975 3699 tantum,
1006 3650 1125 3705 quae
1151 3636 1218 3690 ad
1263 3636 1694 3706 explanationem
1730 3652 1843 3693 cm-

262 3726 336 3795 pti
372 3725 559 3795 operis
601 3725 897 3791 sufficiunt,
947 3740 1307 3780 assumemus.
1352 3725 1419 3780 Et
1449 3726 1501 3779 in
1529 3728 1725 3795 quibus
1758 3742 1843 3781 re-

260 3817 459 3883 fertur,
507 3818 651 3888 quod
705 3834 771 3872 ex
799 3818 945 3872 omni
980 3816 1161 3872 Iudaea
1188 3817 1368 3887 populi
1405 3818 1461 3872 in
1491 3819 1578 3874 die
1613 3818 1839 3874 solemni

258 3906 490 3963 Pascha:
531 3906 921 3978 Jerosolymam
962 3906 1104 3961 velut
1156 3906 1361 3961 exitiali
1396 3908 1631 3977 quadam
1677 3922 1841 3961 manu

258 4007 492 4068 cogente
510 4006 897 4064 convenerant,
926 4013 1063 4068 quos
1095 3998 1277 4053 tricies
1298 4007 1524 4052 centena
1548 3997 1718 4051 millia
1741 3997 1839 4051 hoc

257 4093 471 4146 minum
502 4088 634 4145 dicit
666 4089 851 4154 fuisse,
882 4086 1030 4157 justo
1080 4088 1289 4144 scilicet
1317 4087 1413 4143 Dei
1435 4086 1663 4157 judicio,
1705 4095 1841 4142 teme

257 4196 393 4253 pore
423 4181 530 4235 hoc
568 4179 786 4234 ultionis
808 4178 979 4236 electo
1003 4194 1018 4243 ;
1048 4186 1110 4232 ut
1134 4177 1389 4246 quoniam
1426 4178 1479 4231 in
1510 4177 1701 4232 diebus
1730 4177 1839 4231 Pa-

258 4271 409 4327 scha:
432 4269 767 4325 Salvatorem
788 4278 845 4323 et
865 4268 1105 4323 salutare
1127 4265 1399 4322 Christum
1422 4267 1635 4322 Domini
1652 4282 1843 4322 cruen-

259 4364 332 4418 tis
367 4361 622 4416 manibus
646 4368 702 4415 et
737 4358 1017 4429 sacrilegis
1042 4357 1265 4413 vocibus
1293 4357 1643 4421 violaverant,
1697 4356 1752 4412 in
1778 4356 1842 4411 il-

254 4455 325 4512 lis
357 4454 548 4511 diebus
577 4452 727 4509 velut
753 4453 809 4507 in
846 4467 1013 4506 unum
1053 4465 1327 4506 carcerem
1352 4451 1531 4506 omnis
1554 4449 1838 4504 multitudo

250 4638 555 4708 exciperet.
591 4636 789 4690 Narrat
815 4634 1031 4704 quidem
1083 4641 1301 4703 propter
1324 4632 1438 4686 haec
1464 4632 1755 4686 historicus
1780 4631 1834 4685 in

249 4730 453 4800 quinto
489 4726 847 4783 Historiarum
888 4740 1108 4780 suarum
1155 4724 1315 4790 libro,
1347 4731 1610 4792 quantam
1632 4722 1831 4778 famem

248 4830 629 4893 quantamque
658 4818 955 4891 perniciem
1000 4816 1279 4871 seditionis
1329 4814 1637 4869 Judzeorum
1680 4830 1832 4886 gens,

247 4922 552 4980 antequam
572 4910 704 4966 urbs
722 4916 1030 4979 caperetur,
1073 4905 1389 4976 pertulerat,
1418 4904 1495 4959 ita
1523 4913 1583 4958 ut
1616 4919 1646 4957 a
1674 4904 1835 4959 misc-

248 5007 336 5061 ris
372 5005 546 5059 omnis
572 5018 697 5074 spes
744 5001 1126 5057 excluderetur
1166 4997 1377 5062 salutis,
1406 5006 1461 5051 et
1493 4996 1832 5052 invalescens

244 5097 532 5153 acerbitas
544 5095 705 5151 famis
731 5095 919 5151 domos
944 5091 1151 5147 scilicet
1181 5099 1236 5144 et
1262 5088 1491 5142 familias
1511 5096 1833 5157 gentemque

242 5196 518 5244 vastaret.
554 5186 690 5242 Nam
715 5202 839 5242 cum
876 5186 928 5239 in
964 5180 1329 5254 penetralibus
1376 5188 1544 5234 strata
1586 5177 1835 5247 jacercnt

242 5280 548 5337 mulierum
618 5278 1075 5349 parvulorumque
1134 5273 1420 5336 cadavera,
1482 5286 1578 5341 per
1627 5270 1832 5341 plateas

240 5385 391 5428 vero
426 5370 723 5426 infelicium
753 5382 942 5423 senum
994 5379 1224 5435 corpora
1272 5361 1417 5416 fame
1470 5361 1640 5430 magis
1668 5374 1830 5431 quam

241 5473 420 5521 aetate
462 5467 811 5528 consumpta;
838 5458 1070 5529 juvenes
1104 5468 1233 5508 vero
1262 5460 1425 5519 atque
1471 5450 1649 5503 omnis
1699 5458 1834 5503 aetas

243 5553 535 5613 robustior
561 5550 709 5606 velut
743 5548 1033 5604 simulacra
1066 5543 1313 5615 quaedam
1349 5542 1404 5597 in
1431 5541 1534 5595 viis
1560 5548 1613 5595 et
1633 5538 1833 5609 gressi-

240 5648 361 5707 bus
380 5648 484 5704 loci
504 5645 831 5703 oberrabant
849 5650 1183 5703 corruentes,
1205 5648 1526 5707 quocunque
1550 5632 1664 5686 loco
1686 5645 1833 5701 gres-

245 5765 378 5805 su.
430 5744 732 5802 subi-uisset
791 5737 986 5794 inedia.
1048 5731 1288 5804 Sepelirc
1348 5737 1525 5782 autem
1568 5727 1832 5781 ca'lavera

1866 4500 1915 4559 D

254 4546 537 4610 conclusa,
583 4543 766 4600 feralis
814 4557 990 4614 pmna:
1045 4542 1267 4597 exitium
1327 4541 1472 4611 quod
1526 4540 1836 4595 merebatur
1867 4540 1950 4560 ν·

1946 3266 2235 3327 traveritis,
2285 3266 2613 3335 interrogate
2643 3264 2766 3334 quis
2795 3263 2848 3317 in
2881 3279 2943 3318 ea
2991 3263 3184 3336 dignus
3208 3264 3298 3328 sit,
3327 3272 3382 3317 et
3413 3278 3526 3317 ma-

1943 3366 2088 3421 nete,
2114 3356 2288 3411 donec
2319 3357 2544 3411 exeatis.
2577 3354 2844 3409 lntrantes
2870 3363 3051 3410 autem
3108 3356 3159 3408 in
3193 3355 3408 3409 domum
3440 3369 3528 3408 sa-

1942 3449 2111 3504 lutate
2141 3464 2259 3503 eam
2291 3449 2537 3504 dicentes
2564 3466 2577 3501 :
2608 3445 2721 3502 Pax
2747 3447 2873 3501 huic
2906 3446 3088 3502 domui
3114 3463 3128 3513 ;
3161 3446 3282 3501 etsi
3308 3447 3526 3515 quidem

1942 3541 2134 3596 domus
2156 3541 2313 3613 digna
2351 3540 2533 3604 fuerit,
2576 3540 2756 3594 veniet
2802 3555 2907 3609 pax
2940 3550 3123 3595 vestra
3170 3554 3332 3609 supra
3364 3554 3523 3603 eam;

1942 3632 1988 3687 si
2017 3640 2195 3686 autem
2227 3647 2333 3685 non
2360 3631 2522 3702 digna
2554 3628 2736 3695 fuerit,
2772 3646 2872 3700 pax
2906 3638 3087 3684 vestra
3123 3628 3189 3682 ad
3215 3646 3310 3683 vos
3339 3644 3523 3683 rever-

1943 3729 2105 3776 tetur.
2139 3741 2158 3771 ι
2190 3718 2373 3776 Juditb
2407 3736 2535 3792 ergo
2558 3721 2906 3790 nostra,quia
2934 3721 3138 3774 aditum
3164 3721 3370 3773 devota:
3405 3734 3525 3773 sus-

1941 3811 2205 3879 ceptionis
2250 3812 2389 3880 apud
2423 3821 2614 3881 gentes
2639 3811 2866 3875 invenit,
2906 3810 2973 3864 ad
3003 3809 3250 3864 effectum
3279 3823 3389 3863 sua:
3429 3825 3525 3864 vo-

1939 3904 2163 3959 luntatis
2180 3906 2438 3971 pervenit.
2471 3902 2620 3958 Unde
2644 3902 2853 3959 beatus.
2879 3903 2970 3971 qui
2995 3917 3098 3956 non
3126 3916 3293 3969 pravo
3316 3901 3521 3967 animo,

1940 3996 2036 4049 sed
2065 3995 2278 4050 sincero
2308 3996 2488 4050 cordis
2534 3994 2727 4049 affectu
2779 3994 3013 4064 legatum
3064 3993 3311 4047 veritatis
3347 3992 3516 4047 susci-

1938 4087 2054 4157 pit;
2092 4086 2218 4156 quia
2256 4086 2347 4155 qui
2398 4101 2650 4155 perversa
2700 4084 2998 4139 intentione
3050 4098 3172 4138 cum
3234 4080 3524 4139 Holoferue

1940 4185 2100 4246 atque
2126 4192 2249 4232 cum
2278 4176 2490 4231 Herode
2516 4176 2682 4229 Deum
2727 4191 2785 4230 se
2810 4189 3054 4244 quzerere
3108 4173 3279 4244 ﬁngit,
3316 4188 3518 4242 nequa-

1937 4284 2100 4338 quam
2127 4270 2192 4323 ad
2217 4266 2334 4336 ejus
2363 4269 2549 4339 gloria:
2577 4277 2926 4337 conspectum
2954 4266 3291 4321 lzntabundus
3316 4282 3375 4321 se
3402 4282 3525 4336 per-

1940 4360 2147 4429 tingere
2184 4358 2460 4429 gaudebit,
2496 4359 2592 4413 sed
2619 4373 2730 4413 sua:
2758 4357 3067 4427 iniquitatis
3090 4357 3387 4429 condignas
3412 4372 3524 4427 pa:-

1941 4464 2039 4502 nas
2082 4448 2136 4502 in
2160 4447 2267 4503 fine
2293 4464 2350 4503 se
2378 4447 2527 4502 luere
2555 4446 2776 4503 dolebit.

2555 4580 2783 4638 CAPUT
2809 4581 2922 4635 XII.

1944 4671 2096 4737 Quod
2148 4671 2460 4742 Holofernes
2489 4671 2675 4727 Iudith
2711 4674 2767 4726 in
2815 4672 2928 4726 loco
2981 4674 3346 4728 thesaurorum
3392 4690 3519 4727 suo-

2014 4759 2130 4812 rum
2159 4758 2370 4797 manere
2421 4745 2689 4812 prwcepit,
2716 4759 2854 4811 qum,
2886 4753 3068 4797 vorata
3098 4743 3167 4796 ad
3222 4759 3422 4798 caenam
3451 4744 3517 4795 il-

2011 4810 2198 4883 lius,a
2231 4814 2360 4867 cibis
2396 4810 2510 4883 ejus
2548 4810 2819 4876 abstinuit,
2860 4822 2907 4865 et
2951 4811 3089 4882 facta
3118 4829 3321 4883 vespere
3348 4813 3403 4866 in
3428 4829 3519 4866 cu-

2012 4882 2239 4935 biculum
2273 4883 2387 4952 ejus
2408 4882 2705 4935 introducta
2733 4891 2828 4935 est.

2016 5015 2034 5048 ι
2082 4996 2234 5051 Tunc
2276 4995 2441 5064 jussit
2490 5010 2608 5049 eam
2657 4995 2880 5049 introire
2944 4994 3035 5049 ubi
3087 4994 3309 5065 repositi
3362 5002 3520 5050 erant

1944 5109 1962 5141 ‹
2007 5090 2248 5145 thesauri
2274 5088 2414 5158 ejus,
2456 5097 2509 5143 et
2534 5088 2695 5158 jussit
2722 5088 2829 5142 illic
2870 5104 3089 5143 manere
3141 5104 3283 5153 eam,
3312 5096 3519 5143 ctcon-

1942 5201 1960 5233 ι
2007 5180 2184 5236 stituit
2209 5180 2339 5250 quid
2367 5178 2590 5233 daretur
2637 5178 2711 5232 illi
2742 5179 2807 5233 de
2850 5179 3096 5233 convivio
3147 5195 3267 5233 suo.
3303 5177 3400 5233 Cui
3434 5192 3517 5231 rc-

1941 5294 1961 5327 ς
2004 5274 2222 5345 spondit
2244 5271 2428 5326 Juditb
2457 5280 2511 5327 ct
2541 5273 2676 5327 dixit
2704 5291 2716 5326 :
2757 5271 2909 5327 Nunc
2938 5288 3043 5327 non
3071 5281 3262 5343 potero
3292 5272 3516 5326 mandu-

1945 5381 1963 5416 ι
2008 5378 2133 5417 care
2167 5377 2235 5417 ex
2273 5362 2358 5417 bis
2395 5378 2516 5432 qua:
2556 5362 2802 5431 prmcipis
2829 5363 2959 5417 mihi
3008 5364 3196 5427 tribui,
3235 5377 3305 5417 ne
3331 5361 3512 5413 veniat

1943 5470 1962 5503 ‹
2006 5466 2169 5520 super
2205 5465 2290 5504 me
2319 5450 2565 5505 offensio.
2603 5450 2679 5503 Ex
2728 5450 2812 5504 his
2842 5460 3043 5516 autem,
3087 5467 3207 5520 quae
3257 5447 3385 5502 mihi
3414 5446 3512 5499 de-

1943 5561 1961 5594 ι
2004 5542 2121 5607 tuli,
2156 5541 2510 5596 manducabo.
2549 5541 2647 5596 Cui
2695 5541 3011 5596 llolofernes
3060 5542 3136 5594 ait
3168 5557 3180 5592 :
3216 5537 3273 5593 Si
3301 5535 3512 5590 defece-

1944 5653 1962 5686 ι
2010 5634 2118 5687 rint
2148 5632 2241 5687 tibi
2275 5632 2399 5696 ista,
2429 5647 2547 5701 qum
2580 5639 2755 5685 tecum
2813 5630 3071 5693 detulisti,
3098 5627 3224 5696 quid
3252 5625 3513 5680 faciemus

1943 5741 1961 5773 ι
2009 5722 2102 5777 tibi
2125 5723 2148 5776 ’ἔ
2169 5720 2311 5776 Dixit
2335 5720 2516 5775 Judith
2544 5737 2554 5773 :
2582 5719 2721 5773 Vivit
2752 5720 2928 5772 anima
2961 5726 3071 5782 tua,
3098 5715 3312 5771 domine
3332 5728 3509 5779 meus,
