3876 6136
393 242 490 300 571

399 375 420 409 ‹
465 354 723 426 quoniam
759 369 866 409 non
890 353 1157 425 expendet
1185 353 1363 407 omnia
1393 353 1509 407 htec
1532 351 1722 406 ancilla
1746 358 1859 415 tua,
1881 350 1978 405 do—
2010 368 2026 410 λ

402 465 423 497 ι
467 461 569 501 nec
591 444 757 500 faciat
785 444 926 500 Deus
948 444 1003 498 in
1034 458 1194 497 manu
1237 457 1355 496 mea
1387 441 1501 496 hzec
1528 455 1646 510 quae
1671 439 1920 510 cogitavi.
1953 458 1970 488 ι

396 536 539 609 Quid
561 546 645 591 est
675 535 815 605 quod
841 532 1159 590 liolofernes
1186 531 1374 588 Iudith
1401 533 1474 588 ibi
1526 546 1745 586 manere
1775 545 1977 600 praece-

395 625 497 694 pit,
527 624 617 680 ubi
645 625 728 679 sui
760 624 995 680 thesauri
1017 632 1172 678 erant
1199 624 1442 693 repositi,
1474 623 1577 678 nisi
1606 622 1747 693 quod
1773 620 1977 692 princi-

395 726 554 787 patus
584 716 766 771 saeculi
820 715 978 784 hujus
1028 715 1471 784 praedicatoribus
1515 712 1788 783 Evangelii
1837 711 1977 782 apud

398 825 491 864 eos
515 808 833 879 plerumque
861 808 1133 864 consentit
1164 807 1367 862 habere
1391 805 1589 869 locum,
1628 803 1719 873 qui
1744 810 1975 875 mentem

399 897 597 951 habent
626 896 1035 967 intelligibilem,
1060 905 1117 951 et
1150 912 1296 951 same
1324 893 1448 950 fidei
1489 894 1859 964 receptricem.
1892 893 1977 946 ln-

398 989 563 1041 tentio
600 1001 729 1057 ergo
784 986 938 1041 bona:
995 985 1291 1040 voluntatis
1336 985 1623 1039 thesaurus
1665 983 1976 1053 potissimus

393 1087 479 1132 est
500 1079 697 1133 cordis.
737 1077 811 1133 lbi
843 1077 1029 1132 Iudith
1062 1076 1237 1147 typica
1266 1082 1466 1134 manet.
1507 1074 1632 1143 quia
1661 1081 1848 1127 sancta
1875 1072 1977 1125 Ec-

395 1170 559 1225 clesia
626 1170 892 1225 stabiliter
931 1175 1230 1239 permanet.
1286 1163 1392 1219 Sed
1441 1165 1788 1234 conqueritur
1815 1161 1977 1216 Holo-

395 1263 574 1318 fernes
600 1262 784 1317 Iudith
809 1260 1080 1324 victualia,
1107 1274 1226 1329 qum
1248 1273 1430 1314 secum
1480 1255 1802 1327 apportavit,
1844 1253 1975 1309 deli-

394 1369 535 1413 cerc,
575 1360 629 1405 et
651 1354 846 1421 quaerit
875 1352 918 1406 si
955 1366 1061 1420 quo
1092 1348 1249 1403 modo
1276 1346 1443 1417 possit
1470 1346 1549 1400 sui
1582 1344 1812 1399 convivii
1851 1358 1974 1413 par-

392 1445 609 1512 ticipem
647 1442 878 1507 eilicerc,
907 1458 1030 1497 cum
1079 1440 1217 1509 apud
1250 1439 1528 1509 gentilium
1576 1435 1847 1506 principes
1877 1434 1973 1487 ali-

393 1533 609 1600 quando
636 1535 920 1603 despectus
948 1542 1005 1588 et
1030 1533 1151 1587 vilis
1199 1545 1319 1586 esse
1357 1530 1570 1583 videtur
1624 1527 1799 1581 cultus
1847 1525 1973 1581 reli-

392 1627 564 1697 gionis
599 1626 937 1688 Christiana),
992 1630 1045 1678 et
1086 1628 1435 1677 exsccutores
1487 1632 1603 1685 ejus
1653 1617 1871 1671 student
1902 1617 1969 1671 ad

1049 240 1111 297 B.
1151 239 1407 296 RABANI
1446 241 1664 321 mutu
1699 240 2026 296 ARLHIEP.
2066 240 2378 295 nouem.
2420 237 2702 295 UrEiiUM
2739 236 2920 294 rans
2953 235 2977 293 ι

3525 245 3611 301 .572

2159 367 2177 398 ι
2213 349 2282 403 Ει
2322 348 2457 402 dixit
2502 348 2569 402 ad
2603 362 2724 401 eam
2772 346 3088 404 liolofernes
3117 367 3129 403 :
3164 349 3293 406 Bibe
3323 352 3438 410 inde
3460 328 3507 410 et
3540 374 3612 415 ac-

2087 456 2105 488 ι
2142 438 2333 492 cumbe
2354 438 2406 492 in
2425 437 2783 505 jucunditate,
2835 440 3088 507 quoniam
3136 442 3360 511 gratiam
3406 444 3615 504 invenisti

2085 545 2103 577 ‹
2138 542 2319 581 coram
2337 542 2440 582 me.
2458 525 2525 581 Et
2540 527 2675 581 dixit
2689 527 2873 582 Iudith
2898 530 3138 595 :Bibam,
3154 531 3392 599 Domine,
3407 539 3616 604 quoniam

2082 634 2101 665 ι
2139 615 2475 685 magnificata
2496 623 2584 670 est
2612 616 2791 670 anima
2818 633 2935 672 mea
2958 619 3114 673 hodie
3143 635 3254 690 pra:
3283 624 3516 680 omnibus
3534 627 3618 680 die-

2083 724 2102 756 ι
2141 720 2239 761 ous
2266 706 2423 762 meis.
2474 706 2542 761 Et
2572 708 2781 777 accepit
2814 717 2869 763 et
2917 711 3284 778 manducavit,
3316 723 3372 768 et
3400 716 3519 771 bibit
3542 735 3616 774 co-

2082 814 2103 848 ι
2143 811 2254 850 ram
2293 797 2410 867 ipso
2443 798 2625 852 omnia
2673 813 2792 867 qum
2826 810 3113 868 paraverat
3136 801 3211 856 illi
3248 804 3433 859 ancilla
3459 809 3616 877 ejus.»

2076 885 2210 941 Nota
2255 887 2397 957 quod
2419 884 2602 943 Ittditb
2639 889 2779 958 apud
2808 888 3151 947 Holofernem
3180 907 3511 962 conversans,
3536 916 3620 954 non

2076 976 2424 1046 coinquinata
2453 987 2535 1032 est
2560 978 2695 1033 cibis
2716 979 2801 1033 vei
2825 989 2952 1049 potu
2987 984 3289 1051 gentilium,
3313 987 3405 1041 sed
3424 1002 3481 1042 ea
3504 1006 3625 1044 man~

2074 1061 2293 1121 ducavit
2320 1077 2376 1121 et
2399 1068 2534 1123 bibit
2560 1083 2679 1139 quae
2707 1069 2807 1125 sibi
2846 1085 3245 1141 praeparaverat
3275 1078 3461 1132 ancilla
3496 1079 3621 1147 ejus:

2074 1157 2199 1225 quia
2228 1156 2466 1212 Ecclesia
2512 1158 2653 1213 inter
2675 1168 2862 1230 gentes
2890 1161 3139 1216 habitans
3165 1164 3312 1219 nullo
3344 1168 3492 1222 modo
3526 1170 3622 1239 poi-

2074 1246 2241 1302 luitur
2290 1247 2590 1302 idololatria
2621 1258 2713 1303 aut
2740 1251 3123 1320 superstitione
3169 1254 3480 1323 gentilitatis
3502 1299 3515 1324 ,
3552 1261 3625 1313 sed

2074 1338 2158 1392 his
2188 1339 2359 1391 utitur
2378 1354 2498 1408 qua:
2526 1340 2690 1394 victui
2714 1356 2811 1395 suo
2829 1338 3039 1408 judicat
3062 1358 3183 1399 esse
3216 1347 3495 1417 condigna,
3528 1364 3625 1417 quin

2072 1429 2286 1483 devotio
2323 1428 2557 1483 fidelium
2598 1445 2695 1499 per
2715 1431 3075 1488 obedientiam
3102 1442 3156 1488 et
3191 1437 3502 1490 exercitium
3522 1438 3625 1492 boni

2071 1518 2258 1587 operis
2288 1519 2389 1573 sibi
2438 1529 2729 1591 prmparat.
2794 1521 2868 1576 De
2917 1538 3023 1591 quo
3068 1524 3187 1579 cibo
3234 1526 3348 1595 ipsa
3376 1527 3564 1581 Veritas
3586 1529 3629 1581 in

2072 1609 2362 1680 Evangelia
2392 1612 2505 1666 ait:
2557 1631 2574 1662 ι
2611 1612 2920 1683 Operamini
2955 1615 3157 1680 cibum,
3210 1633 3318 1671 non
3368 1619 3455 1688 qui
3497 1621 3627 1690 perit,

392 1716 789 1771 immunditiam
814 1714 1101 1776 idolorum,
1133 1724 1224 1765 seu
1256 1710 1323 1764 ad
1346 1706 1628 1763 illecebras
1669 1706 1964 1760 carnalium
1996 1698 2042 1756 B
2071 1702 2164 1756 sed
2209 1702 2299 1771 qui
2349 1713 2630 1772 permanet
2660 1705 2712 1759 in
2747 1706 2913 1760 vitam
2945 1717 3223 1763 teternam.
3258 1730 3276 1762 ι
3332 1710 3399 1765 Ει
3427 1711 3539 1766 alibi
3566 1713 3630 1765 di-

390 1804 726 1874 voluptatum
787 1803 1125 1873 pertrahere.
1168 1799 1273 1856 Sed
1313 1799 1388 1854 illi
1427 1799 1531 1855 fido
1566 1799 1766 1864 animo,
1796 1805 1848 1851 et
1875 1813 1968 1867 spe

391 1908 538 1955 certa
574 1899 895 1968 promittunt
922 1896 1024 1950 sibi
1050 1894 1279 1966 gratiam
1311 1893 1559 1948 celeriter
1582 1890 1967 1946 subventuram

391 1989 653 2053 divinam,
694 1987 949 2042 insistunt
974 1986 1224 2056 precibus
1248 1990 1357 2037 tota
1390 1991 1546 2037 nocte
1575 1980 1731 2036 istius
1758 1981 1964 2046 mundi,

388 2088 446 2136 et
469 2078 744 2150 baptizant
768 2094 826 2133 se
853 2077 1000 2132 fonte
1049 2076 1430 2147 lacrymarum,
1468 2072 1648 2126 lavant
1676 2088 1797 2127 cum
1823 2073 1969 2142 psal-

387 2172 549 2228 mista
578 2188 675 2242 per
699 2170 934 2241 singulas
962 2177 1146 2226 noctes
1176 2168 1374 2225 lectum
1398 2166 1577 2221 cordis
1605 2165 1708 2231 sui,
1737 2180 1801 2220 ac
1822 2172 1966 2220 stra-

388 2275 503 2320 tum
528 2267 913 2338 cogitationum
958 2281 1176 2321 suarum
1209 2265 1311 2334 piis
1367 2262 1580 2318 ﬂetibus
1613 2262 1830 2331 rigant;
1863 2262 1969 2319 sic-

386 2373 492 2428 que
528 2358 704 2412 triduo
726 2357 1008 2413 catholicae
1038 2355 1419 2420 confessionis,
1470 2369 1569 2424 per
1602 2352 1782 2418 fidem,
1813 2367 1965 2423 spem

388 2457 445 2503 et
469 2449 789 2503 charitatem
840 2464 993 2501 suam
1040 2446 1337 2516 explentes,
1391 2452 1584 2514 quarto
1610 2445 1827 2498 tandem
1857 2445 1963 2507 die,

389 2538 494 2592 hoc
518 2548 619 2601 est,
652 2537 923 2607 Evangelii
952 2546 1269 2592 coruscante
1296 2537 1437 2599 luce,
1465 2534 1746 2589 victoriam
1779 2535 1880 2589 sibi
1902 2535 1967 2589 de

390 2627 548 2683 hoste
576 2636 900 2698 praeparant,
956 2627 1239 2697 ipsumque
1268 2626 1459 2680 mortis
1507 2641 1570 2679 ac
1622 2625 1966 2679 tenebrarum

393 2727 666 2772 auctorem
716 2719 929 2788 propria
973 2717 1177 2771 malitia
1228 2724 1503 2777 cascatum,
1536 2723 1740 2770 mterno
1795 2716 1966 2770 reatui

393 2808 681 2862 obnoxium
712 2809 985 2861 damnant.
1019 2807 1085 2861 Et
1121 2808 1193 2860 ita
1226 2815 1401 2861 mater
1426 2806 1664 2860 Ecclesia
1711 2806 1968 2860 innocen-

393 2908 475 2954 tes
504 2900 572 2953 ab
595 2899 770 2969 aliqua
820 2899 1192 2967 persecutione
1238 2907 1292 2951 et
1344 2898 1540 2966 injusta
1597 2899 1963 2967 oppressione,

387 2989 561 3060 gratia
586 2990 677 3043 Dei
701 2989 1017 3058 opitulante,
1047 2989 1256 3053 liberat,
1277 3005 1339 3043 ac
1371 2989 1698 3057 triumphum
1722 2989 1785 3042 de
1813 2989 1966 3043 hoste
1997 3044 2036 3069 η

383 3080 617 3135 nefando
654 3081 721 3135 ad
754 3082 898 3135 cives
927 3096 1052 3134 suos
1078 3080 1310 3144 rediens,
1346 3079 1731 3150 gloriosissime
1780 3095 1963 3134 secum

387 3178 648 3240 reportat.

458 3278 476 3310 ι
518 3259 668 3315 Tune
708 3261 951 3316 introivit
996 3261 1176 3333 Vagao
1212 3262 1281 3317 ad
1314 3259 1499 3316 Iudith
1529 3269 1583 3315 et
1623 3262 1762 3316 dixit
1795 3280 1808 3316 :
1847 3262 1964 3317 Non

387 3369 407 3403 ι
439 3361 692 3407 vereatur
714 3352 856 3407 bona
884 3352 1059 3427 puella
1088 3352 1314 3407 introire
1343 3352 1411 3406 ad
1457 3352 1734 3406 dominum
1761 3368 1963 3420 meum,

385 3461 405 3494 ι
440 3451 499 3496 ιιι
522 3442 905 3498 honorificetur
925 3452 1048 3499 ante
1068 3442 1262 3499 faciem
1288 3442 1424 3512 ejus,
1453 3444 1819 3499 utmanducet
1841 3460 1963 3499 cum

385 3551 405 3585 ι
440 3550 521 3599 eo,
560 3543 616 3589 et
646 3535 793 3591 bibat
824 3536 1007 3591 vinum
1055 3552 1176 3592 cum
1225 3535 1583 3605 iucunditate.
1639 3535 1737 3591 Cui
1777 3535 1964 3592 Iudith

386 3641 405 3673 ι
439 3625 714 3693 respondit
744 3644 756 3679 :
793 3625 923 3694 Qua:
950 3641 1049 3699 ego
1085 3642 1201 3681 sum
1223 3668 1237 3690 ,
1266 3636 1326 3681 ιιι
1348 3627 1717 3683 contradicam
1746 3626 1963 3684 domino

384 3731 402 3762 ι
441 3714 603 3768 meo?
653 3714 823 3770 Omne
848 3716 989 3784 quod
1024 3716 1128 3771 erit
1155 3725 1280 3771 ante
1305 3715 1490 3771 oculos
1521 3714 1637 3784 ejus
1664 3715 1862 3770 bonum
1910 3723 1965 3770 et

384 3821 402 3851 ι
439 3804 698 3874 Optimum
744 3802 961 3859 faciam.
1022 3805 1291 3874 Quidquid
1324 3814 1500 3860 autem
1550 3804 1623 3857 illi
1675 3803 1957 3873 placuerit,

383 3909 402 3940 ι
438 3891 541 3945 hoc
565 3894 669 3947 erit
698 3894 829 3947 mihi
866 3894 1126 3964 optimum
1151 3895 1401 3949 omnibus
1421 3894 1609 3949 diebus
1649 3894 1773 3948 vita:
1806 3909 1957 3948 mete.

385 4000 403 4033 ι
440 3983 508 4036 Ει
534 3986 771 4038 surrexit
813 3995 868 4039 et
913 3987 1126 4040 ornavit
1174 4002 1234 4040 se
1285 3986 1603 4040 vestimento
1632 4001 1745 4044 suo.
1784 3993 1839 4039 et
1874 3985 1958 4038 in-

383 4092 400 4122 ι
440 4088 617 4141 gressa
647 4074 795 4127 stetit
822 4084 947 4127 ante
977 4073 1168 4129 facient
1212 4076 1346 4145 ejus.
1377 4074 1483 4129 Cor
1515 4084 1691 4129 autem
1722 4073 1962 4129 Holofer-

383 4182 397 4211 ι
442 4164 521 4215 nis
551 4180 869 4217 concussum
898 4173 980 4217 est
1004 4207 1017 4228 ,
1062 4174 1179 4219 erat
1207 4167 1350 4219 enim
1396 4167 1592 4219 ardens
1624 4166 1675 4219 in
1703 4166 1956 4235 concupi-

383 4273 399 4301 ‹
440 4256 641 4307 scentia
682 4253 816 4322 ejus.
855 4274 872 4305 ι
921 4256 1051 4321 Qua:
1101 4257 1279 4325 Vagao
1320 4254 1501 4309 Iudith
1533 4258 1837 4325 persuadet,
1889 4255 1956 4309 ad

378 4344 594 4398 illicitas
638 4346 911 4415 pertinent
934 4345 1256 4415 voluptates,
1306 4361 1424 4416 qute
1453 4355 1631 4399 autem
1659 4343 1840 4398 Iudith
1869 4360 1956 4399 re-

374 4438 609 4505 spondit.
660 4437 784 4491 boui
819 4437 984 4490 animi
1013 4438 1249 4491 ostendit
1285 4437 1509 4491 virtutes
1538 4454 1549 4500 ;
1583 4436 1668 4490 ille
1698 4445 1959 4506 provocat

371 4526 440 4579 ad
472 4527 709 4581 libidinis
739 4528 944 4589 luxum,
980 4527 1065 4580 ilia
1111 4544 1169 4582 se
1198 4536 1442 4597 paratam
1471 4534 1703 4580 testatur
1747 4528 1813 4581 ad
1843 4543 1953 4582 cm-

372 4616 524 4671 iestis
546 4615 1002 4685 imperiijussutn.
1031 4614 1201 4670 Οιιιιιι
1223 4633 1280 4670 se
1312 4617 1422 4670 suis
1453 4616 1805 4679 vestimentis,
1830 4618 1956 4686 quia

370 4709 573 4762 cultum
598 4708 815 4762 exhibet
844 4722 986 4761 verae
1011 4707 1246 4776 pietatis.
1296 4706 1414 4759 Stat
1438 4715 1562 4759 ante
1591 4704 1783 4760 faciem
1810 4709 1957 4777 prin-

371 4802 525 4868 cipis,
583 4800 707 4869 quia
739 4816 862 4855 eum
891 4800 1136 4870 refugere
1179 4799 1426 4853 hortatur
1460 4815 1488 4852 a
1518 4798 1670 4852 ruina
1708 4798 1954 4870 impieta-

372 4892 459 4942 tis.
505 4888 610 4944 Sed
644 4906 720 4944 vze
746 4890 840 4953 illi,
870 4892 959 4959 qui
991 4891 1249 4945 bonarum
1277 4905 1456 4944 rerum
1479 4905 1635 4944 usum
1658 4890 1949 4959 pessimum

371 4981 572 5035 habere
619 4983 861 5050 appetit,
909 4983 1002 5051 qui
1045 4982 1112 5035 ad
1141 4979 1443 5051 exemplum
1495 4979 1802 5035 Holofernis
1837 4980 1950 5035 vir-

371 5078 514 5123 totes
545 5071 853 5138 spirituales
900 5071 967 5125 ad
1016 5071 1263 5125 carnales
1298 5070 1574 5126 reflectere
1616 5070 1729 5125 vult
1755 5086 1952 5126 concu-

366 5163 677 5231 piscentias.
734 5182 749 5212 ι
780 5162 892 5218 Deo
942 5172 1122 5217 autem
1158 5159 1962 5234 gratias,quitriumphatuosin

367 5256 582 5309 (Litt-isto
608 5254 755 5321 Iesu,
794 5264 849 5310 et
873 5257 1092 5311 odorem
1128 5256 1329 5310 notitia:
1367 5270 1477 5310 suae
1506 5254 1817 5309 manifestat
1848 5268 1947 5322 per

367 5361 466 5399 nos
493 5345 545 5398 in
593 5347 740 5399 omni
785 5346 935 5411 loco,
967 5346 1092 5415 quia
1134 5344 1333 5401 Christi
1374 5344 1547 5400 bonus
1589 5344 1725 5399 odor
1761 5360 1947 5399 sumus

368 5439 476 5493 Deo
514 5438 566 5493 in
600 5439 686 5495 his
710 5439 803 5508 qui
824 5437 957 5493 salvi
986 5437 1139 5504 fiunt,
1163 5447 1218 5493 et
1243 5438 1295 5492 in
1325 5437 1408 5492 his
1430 5436 1519 5506 qui
1543 5444 1787 5506 pereunt.
1812 5433 1946 5489 Aliis

365 5530 582 5598 quidem
627 5530 761 5586 odor
789 5530 981 5586 mortis
1030 5529 1084 5585 in
1127 5537 1376 5595 mortem,
1422 5527 1541 5583 aliis
1589 5536 1766 5582 autem
1811 5526 1946 5581 odor

368 5619 488 5673 vita:
516 5621 568 5674 in
594 5620 781 5676 vitam.
815 5641 834 5675 ι

2069 1792 2289 1860 scipulis
2318 1786 2637 1864 rogantibus
2671 1808 2814 1858 eum,
2848 1805 2909 1851 ut
2933 1797 3311 1865 manducaret,
3368 1803 3628 1871 respondit.

2074 1905 2092 1937 ‹
2125 1887 2235 1958 Ego
2280 1887 2457 1941 cibum
2486 1889 2658 1945 habeo
2688 1892 3035 1958 manducare,
3087 1908 3250 1963 quem
3279 1899 3382 1952 vos
3401 1897 3628 1963 nescitis;

2068 1994 2220 2034 meus
2241 1979 2384 2033 enim
2423 1980 2576 2036 cibus
2612 1989 2697 2035 est
2733 1990 2793 2036 ut
2829 1980 3024 2038 faciam
3052 1985 3388 2042 voluntatem
3415 1988 3525 2060 ejus
3559 1987 3631 2057 qui

2067 2069 2216 2125 misit
2253 2086 2339 2126 me
2362 2080 2416 2125 et
2440 2071 2714 2141 perficiam
2742 2089 2878 2144 opus
2905 2072 3040 2142 ejus.
3078 2095 3096 2128 ι

2659 2206 2887 2265 CAPUT
2918 2208 3055 2265 Xlll.

2070 2293 2172 2367 Ubi
2203 2295 2514 2367 Holofernae
2555 2314 2674 2353 cum
2716 2299 3027 2355 temulentus
3072 2300 3258 2355 lectulo
3310 2303 3628 2358 decumbam:

2138 2365 2351 2433 Iudith,
2379 2384 2530 2437 prece
2574 2368 2736 2436 facta,
2768 2380 2922 2438 caput
2955 2372 3117 2434 ipsius
3150 2372 3415 2437 abscidit,
3464 2373 3636 2427 iurolu’

2139 2448 2349 2513 tumque
2408 2453 2631 2513 conopeo
2702 2439 2817 2513 suis
2851 2439 3014 2513 Aillud
3080 2441 3275 2496 civibus
3351 2443 3631 2513 deportarit-

2143 2505 2314 2581 Ifaeto
2353 2508 2422 2581 uti
2459 2505 2637 2581 portas
2663 2509 2888 2581 civitatis
2920 2526 3107 2578 magno
3159 2513 3343 2581 populi
3388 2505 3637 2566 concitum

2138 2576 2341 2652 Iudith
2368 2576 2677 2652 ΙὶοιιιίιιιιιηΔ
2701 2576 3534 2652 benedicens:caputﬂolofernix
3577 2584 3638 2635 eis

2140 2647 2362 2701 ostendit
2384 2664 2403 2711 ;
2453 2649 2677 2700 tntiversi
2702 2658 2875 2701 autent
2905 2647 3179 2704 laudantes
3203 2647 3485 2705 Dominum
3511 2652 3638 2705 bene-

2141 2718 2384 2799 dixeruut
2411 2716 2618 2798 Iudith.
2670 2716 2792 2799 Ubi.
2817 2717 3011 2801 Achior
3031 2760 3046 2784 ,
3079 2721 3185 2773 viso
3215 2723 3386 2792 capite
3415 2720 3639 2802 liolofer-

2141 2796 2221 2840 m‘s
2256 2796 2588 2856 angustiatus
2616 2804 2725 2857 pra:
2751 2796 2937 2841 timore
2965 2796 3019 2843 in
3047 2800 3240 2843 terram
3274 2796 3491 2845 corruit.

2148 2918 2164 2948 ι
2206 2896 2377 2950 Erant
2406 2905 2587 2951 autem
2616 2911 2807 2952 omnes
2834 2897 3039 2969 fatigati
3064 2914 3093 2953 a
3116 2900 3261 2955 vino.
3295 2902 3526 2970 Eratque
3561 2897 3639 2952 In-

2076 3010 2094 3044 ι
2129 2992 2242 3046 dilh
2274 2990 2383 3045 sola
2416 2991 2468 3044 in
2503 2989 2766 3044 cubiculo.
2830 2991 2999 3046 Porro
3023 2991 3346 3048 liolofernes
3366 2992 3568 3061 jacebat
3593 2990 3638 3043 in

2076 3100 2095 3133 ι
2132 3081 2273 3136 lecto
2310 3080 2476 3135 nimia
2506 3080 2768 3135 ebrietate
2797 3082 3021 3152 sopitus.
3056 3102 3074 3134 ι
3130 3083 3328 3137 Vinum
3361 3080 3641 3138 Holofernis

2066 3180 2121 3226 et
2149 3170 2438 3225 satellitum
2466 3171 2581 3242 ejus
2610 3162 2713 3226 hoc
2747 3180 2885 3236 erat,
2915 3188 2946 3225 a
2976 3187 3085 3241 quo
3119 3171 3414 3244 Apostolus
3441 3171 3641 3229 creden-

2069 3272 2152 3318 tes
2181 3263 2512 3333 compescuit
2552 3263 2740 3317 dicens
2769 3280 2782 3316 :
2836 3281 2854 3313 ι
2886 3262 3061 3319 Nolite
3090 3264 3357 3320 inebriari
3406 3265 3547 3327 vino,
3592 3261 3639 3315 in

2067 3370 2173 3425 quo
2193 3364 2275 3412 est
2300 3355 2531 3409 luxuria.
2566 3375 2585 3407 ι
2619 3354 2690 3409 Ει
2715 3355 2768 3408 in
2795 3355 3007 3411 cantico
3028 3356 3439 3412 Deuteronomii
3468 3356 3532 3411 de
3558 3356 3644 3408 hu-

2060 3444 2296 3514 jusmodi
2321 3445 2447 3499 vino
2470 3445 2729 3516 scriptum
2760 3452 2845 3499 est
2874 3463 2892 3495 ι
2924 3461 3026 3499 uva
3048 3459 3257 3507 eorum,
3286 3463 3392 3501 uva
3418 3445 3577 3509 fellis,
3595 3450 3644 3497 et

2065 3535 2208 3591 botri
2233 3550 2441 3599 eorum,
2469 3534 2612 3589 botri
2639 3534 3050 3597 amaritudinis;
3084 3534 3233 3589 furor
3253 3537 3553 3591 draconum
3573 3533 3646 3586 vi—

2065 3643 2195 3684 num
2241 3641 2450 3692 eorum,
2503 3636 2558 3680 et
2613 3624 2764 3680 furor
2800 3626 3046 3695 aspidnm
3094 3626 3435 3682 insanabilis.
3476 3646 3495 3679 )
3545 3624 3645 3678 Hoc

2063 3733 2190 3789 ergo
2209 3717 2336 3771 vino
2364 3715 2662 3771 inebriatus
2700 3714 2870 3769 hostis
2892 3714 3145 3769 Ecclesia:
3161 3715 3389 3785 jacebat
3435 3716 3491 3768 in
3517 3713 3645 3767 lecto

2063 3808 2307 3864 nefandae
2338 3807 2667 3872 securitatis,
2712 3821 2818 3876 qua
2868 3822 2926 3862 se
2954 3806 3171 3877 impune
3217 3823 3453 3878 peccare
3496 3818 3643 3876 posse

2063 3897 2385 3961 confidebat,
2404 3895 2556 3965 juxta
2580 3895 2710 3951 illud
2735 3915 2746 3949 :
2786 3916 2803 3946 ι
2835 3896 3058 3966 Impius,
3086 3912 3210 3952 cum
3243 3897 3299 3951 in
3324 3894 3646 3966 profundum

2064 3989 2324 4044 malorum
2356 3987 2586 4052 venerit,
2615 3986 2951 4051 contemnit;
2994 4006 3012 4037 ι
3045 3987 3135 4040 sed
3166 3987 3528 4057 semetipsum
3558 3981 3648 4036 fal-

2060 4080 2221 4140 lebat,
2281 4079 2407 4148 quia
2445 4077 2511 4132 ad
2554 4077 2913 4146 perditionem
2953 4085 3269 4146 perpetuam
3317 4071 3650 4147 improvidus

2060 4172 2332 4225 tendebat.

2136 4278 2153 4310 ι
2192 4260 2442 4327 Dixitque
2496 4254 2681 4314 Iudith
2747 4257 2939 4328 puellae
2993 4272 3103 4313 sua:
3166 4266 3227 4312 ut
3300 4265 3480 4313 staret
3529 4255 3654 4310 foris

2067 4369 2085 4401 ‹
2119 4360 2243 4404 ante
2262 4347 2562 4404 cubiculum
2586 4356 2640 4402 et
2658 4348 2990 4402 observaret.
3023 4346 3296 4416 Stetitque
3317 4347 3513 4402 Iudith
3532 4352 3652 4398 ante

2066 4464 2084 4496 ι
2122 4446 2319 4499 lectum
2354 4455 2519 4496 orans
2562 4455 2682 4494 cum
2714 4438 2970 4509 lacrymis
3010 4448 3063 4491 et
3107 4437 3381 4491 labiorum
3414 4446 3569 4491 motu
3601 4434 3653 4488 in

2064 4555 2083 4587 ι
2117 4535 2332 4590 silentio
2353 4533 2573 4588 dicens:
2604 4530 2875 4586 Confirma
2896 4545 3002 4595 me,
3034 4528 3262 4584 Domine
3289 4530 3445 4584 Deus
3469 4526 3651 4583 Israel.

2064 4644 2083 4676 ι
2119 4634 2173 4680 et
2200 4625 2405 4694 respice
2440 4623 2492 4677 in
2524 4623 2627 4676 hac
2652 4621 2783 4676 hora
2806 4621 2871 4674 ad
2903 4634 3069 4689 opera
3085 4634 3349 4673 manuum
3382 4631 3651 4675 mearum.

2064 4733 2082 4764 ι
2120 4725 2178 4767 ιιι
2205 4715 2345 4768 sicut
2372 4710 2694 4782 promisisti,
2722 4710 3001 4764 civitatem
3033 4717 3177 4763 tuam
3208 4709 3422 4777 erigas,
3474 4717 3532 4762 et
3558 4707 3655 4761 hoc

2063 4822 2085 4853 ς
2118 4803 2258 4873 quod
2281 4802 2508 4857 credens
2536 4816 2634 4871 per
2654 4811 2705 4855 te
2725 4813 2887 4869 posse
2910 4798 3026 4854 fieri
3048 4799 3306 4869 cogitavi,
3339 4798 3650 4869 perﬁciam.

2058 4912 2076 4945 ι
2115 4894 2181 4949 Ει
2238 4895 2352 4948 haec
2409 4908 2530 4947 cum
2572 4892 2834 4955 dixisset,
2889 4890 3119 4947 accessit
3175 4889 3246 4944 ad
3306 4890 3651 4944 columnam.

2058 5003 2078 5036 ι
2116 5000 2235 5053 qua:
2267 4993 2382 5039 erat
2413 4985 2478 5037 ad
2508 4989 2667 5051 caput
2714 4980 2892 5036 lectuli
2923 4981 3060 5051 ejus,
3091 4988 3148 5033 et
3174 4979 3484 5049 pugionem
3513 4977 3650 5047 ejus.

2058 5094 2076 5127 ι
2113 5075 2202 5144 qui
2229 5075 2280 5129 in
2304 5089 2366 5127 ea
2392 5074 2589 5144 ligatus
2620 5073 2906 5142 pendebat,
2936 5069 3186 5125 exsolvit.
3232 5067 3499 5138 Cumque
3521 5083 3650 5123 eva’

2055 5183 2073 5217 ι
2112 5164 2348 5236 ginasset
2388 5163 2568 5226 illum,
2622 5161 2973 5231 apprehendit
3011 5173 3223 5215 comam
3262 5158 3476 5227 capitis
3516 5154 3650 5222 eius.

2056 5273 2076 5306 ι
2112 5262 2167 5309 et
2196 5254 2312 5308 ait:
2345 5253 2610 5308 confirma
2655 5266 2743 5305 me
2791 5251 2931 5305 Deus
2955 5289 2972 5315 ,
3031 5247 3361 5304 Deuslsraei
3386 5288 3406 5312 ,
3469 5246 3529 5302 in
3555 5247 3658 5301 hac

2055 5364 2074 5397 ι
2108 5345 2280 5411 hora;
2335 5350 2389 5397 et
2436 5342 2705 5414 percussit
2755 5341 2839 5396 bis
2874 5340 2928 5394 in
2987 5340 3253 5395 cervicem
3281 5338 3437 5407 ejus.
3473 5348 3531 5395 et
3554 5336 3650 5390 ab-

2056 5456 2074 5488 ι
2108 5436 2266 5491 scidit
2331 5442 2492 5505 caput
2556 5432 2691 5501 ejus,
2761 5441 2816 5487 et
2875 5431 3099 5487 abstulit
3149 5444 3469 5499 conopeum
3536 5426 3654 5496 ejus

2054 5545 2071 5576 ‹
2111 5541 2139 5579 a
2194 5524 2457 5579 columnis
2483 5564 2496 5588 ,
2546 5531 2603 5579 et
2649 5521 2847 5577 evolvit
2900 5536 3098 5590 corpus
3128 5521 3248 5590 ejus
3291 5528 3592 5575 truncum.
3629 5536 3648 5568 ι

2046 5618 2300 5673 Columna
2331 5631 2450 5685 qua:
2492 5623 2608 5670 erat
2632 5615 2699 5670 ad
2726 5621 2885 5684 caput
2912 5611 3090 5669 lectuli
3113 5608 3458 5677 lloiofemis,
3482 5607 3657 5681 signi.
