3876 6136
220 214 307 274 575
358 230 361 235 ‘
1266 204 1634 265 EXPOSITIO
1672 206 1741 262 ΙΝ
1775 209 2037 270 LIBRUM
2070 211 2338 270 JUDITH.

3369 219 3474 274 574

218 330 329 389 [teat
366 326 623 383 duritiam
647 323 799 397 pravi
841 321 1036 387 cordis,
1066 331 1122 377 et
1142 336 1385 378 errorem
1414 321 1599 392 genuit
1623 319 1789 376 male-
1814 325 1868 383 Α
1893 322 1997 378 rati
2031 324 2183 390 estis,
2212 333 2268 380 et
2292 340 2394 397 ego
2424 324 2665 382 reﬁciam
2695 340 2810 381 vos.
2860 326 3050 385 Tollite
3071 328 3261 400 iugum
3297 348 3477 389 meum

219 422 319 476 [idae
342 418 672 474 securitatis.
722 415 965 478 Gladius,
994 415 1083 484 qui
1113 414 1166 467 in
1195 428 1260 467 ea
1281 412 1477 484 ligatus
1498 412 1787 483 pendebat,

216 513 410 570 malitia
455 518 538 566 est
580 509 782 579 iniqua:
859 506 1191 562 intentionis.
1261 505 1426 561 Coma
1474 505 1668 575 capitis
1711 513 1796 561 est

213 606 364 663 elatio
393 603 640 673 superbae
676 601 893 657 mentis.
929 598 1124 656 Cervix
1153 613 1282 655 vero
1321 598 1661 653 contumacia
1688 596 1790 652 ini-

216 712 319 767 quae
339 696 592 753 actionis.
622 695 689 750 Et
706 708 1030 765 conopeum,
1064 694 1167 750 hoc
1188 702 1291 757 est,
1323 704 1438 748 rete
1456 708 1788 760 muscarum,

216 787 435 842 insidias
482 786 752 855 signiﬁcat
795 784 995 841 dolosa:
1031 784 1396 857 cogitationis.
1435 783 1791 841 Commendat

217 894 331 949 ergo
353 877 542 934 Iudith
572 887 767 935 nostra
804 878 995 948 puella:
1016 893 1128 933 suae
1163 877 1426 934 ostiorum
1465 878 1787 944 custodiam,

218 972 327 1042 quia
370 979 559 1029 sancta
606 970 848 1026 Ecclesia
892 970 1185 1040 unicuique
1234 969 1469 1024 fidelium
1509 969 1790 1025 catholicae

186 1063 323 1119 .ﬁdei
349 1063 600 1134 ιιι-κείρει
637 1062 839 1120 habere
887 1064 1311 1120 observantiam.
1361 1062 1493 1119 Orat
1523 1063 1636 1134 ipsa
1665 1079 1787 1119 cum

214 1153 477 1226 laerymis,
508 1156 634 1225 quia
658 1172 950 1227 supernum
992 1156 1252 1211 auxilium
1277 1156 1451 1226 poscit
1479 1156 1667 1210 intima
1696 1155 1789 1211 de-

214 1246 417 1301 votione
466 1246 667 1301 cordis.
710 1245 934 1302 Accedit
966 1247 1034 1301 ad
1081 1246 1385 1301 columnam
1412 1288 1427 1312 ,
1474 1256 1529 1302 et
1560 1247 1789 1302 exsolvit

214 1339 507 1409 pugionem,
541 1353 639 1408 per
661 1354 819 1408 quem
863 1339 1035 1395 hostis
1064 1341 1378 1409 nequissimi
1427 1349 1668 1411 amputet
1699 1357 1791 1396 ca-

216 1440 334 1500 put;
372 1447 499 1486 eum
536 1432 805 1487 denudata
850 1432 1052 1489 malitia
1082 1432 1200 1487 duri
1228 1434 1407 1487 cordis
1454 1433 1682 1488 abscidit
1721 1434 1790 1488 ab

216 1522 358 1577 hoste
386 1523 728 1578 occasionem
759 1532 1022 1593 proterva:
1053 1524 1386 1578 tentationis.
1416 1523 1609 1579 Aufert
1628 1540 1791 1579 cono-

215 1629 359 1683 peum
383 1608 415 1679 ,”
438 1613 567 1684 quia
592 1614 808 1669 fraudes
827 1613 945 1683 ejus
970 1614 1187 1686 detegit,
1220 1616 1417 1685 quibus
1441 1615 1712 1684 simplices
1734 1624 1792 1670 et

216 1704 451 1760 incautos
478 1704 756 1774 implicare
804 1677 1125 1767 contendit:
1160 1677 1344 1775 sicque
1393 1713 1640 1761 truncum
1693 1707 1790 1761 ho—
1825 1677 1867 1736 Β

216 1796 301 1851 stis
344 1811 544 1864 corpus
590 1796 806 1859 evolvit,
855 1811 976 1851 cum
1011 1796 1185 1865 ipsum
1235 1797 1511 1851 inimicum
1550 1813 1614 1851 ex
1646 1798 1793 1852 omni

216 1895 354 1957 parte
382 1886 658 1941 inﬁrmum
686 1895 742 1939 et
783 1885 1011 1941 debilem
1041 1901 1164 1941 esse
1196 1887 1451 1951 ostendit,
1489 1896 1546 1941 ut
1575 1902 1640 1941 eo
1664 1886 1797 1941 t‘aci-

216 1974 306 2033 lius
329 1977 618 2033 bellatores
641 1975 843 2031 Christi
867 1974 1140 2031 conﬁdant
1164 1977 1374 2033 hostem
1404 1977 1792 2047 nequissimum

217 2085 267 2127 se
287 2072 503 2127 vincere
531 2085 707 2139 posse,
742 2069 833 2140 qui
861 2082 983 2123 eum
1011 2068 1065 2139 pl
1099 2069 1243 2124 niter
1280 2070 1529 2125 ediscunt
1548 2068 1792 2141 fragilem

217 2171 265 2217 et
285 2161 644 2232 superabilem
672 2160 808 2216 fore.

283 2271 303 2305 ι
342 2253 409 2307 Et
435 2260 560 2323 post
590 2251 840 2323 pusilluzu
872 2252 1061 2315 exivit,
1095 2260 1151 2306 et
1193 2251 1416 2305 tradidit
1442 2258 1605 2321 caput
1622 2248 1793 2305 Holo-

224 2364 242 2397 ι
274 2345 436 2402 fet-nis
478 2346 688 2401 ancillae
732 2362 861 2409 sum,
911 2353 966 2400 et
990 2342 1156 2412 jussit
1198 2353 1255 2398 ut
1302 2343 1543 2398 mitteret
1568 2342 1696 2396 illud
1741 2342 1793 2396 in

226 2455 242 2487 ι
276 2453 455 2508 peram
481 2447 735 2500 suam;et
752 2437 1000 2491 exierunt
1024 2436 1159 2497 duae,
1190 2435 1485 2489 secundum
1504 2441 1796 2488 consuetu-

226 2546 243 2576 ι
274 2528 451 2582 dinem
502 2543 677 2591 suam,
718 2526 870 2597 quasi
902 2527 967 2580 ad
1005 2526 1327 2587 orationem,
1377 2533 1432 2579 et
1465 2524 1795 2578 transierunt

227 2638 244 2669 ι
273 2627 539 2681 castra,ct
563 2627 815 2689 gyrantcs
840 2617 1054 2680 vallem,
1096 2625 1358 2670 venerunt
1389 2616 1455 2669 ad
1482 2624 1691 2684 portam
1721 2615 1795 2669 ci-

227 2730 243 2759 ι
274 2712 472 2765 vitatis.
510 2710 576 2764 Et
613 2710 747 2764 dixit
776 2708 958 2764 Judith
992 2724 1020 2761 a
1068 2709 1224 2775 longe
1270 2694 1582 2761 custodibus
1615 2722 1794 2762 muro-

228 2821 242 2850 ι
275 2818 387 2855 rum
412 2819 424 2853 :
459 2801 681 2871 Aperite
710 2809 914 2869 portas.
941 2800 1195 2869 quoniam
1221 2797 1498 2851 nobiscum
1527 2807 1606 2851 est
1635 2797 1791 2863 Deus,

228 2913 244 2943 ι
275 2894 358 2963 qui
384 2892 512 2948 fecit
532 2894 785 2947 virtutem
816 2894 866 2946 in
894 2892 1080 2946 Israel.
1123 2912 1141 2943 ι
1176 2891 1313 2957 Quid
1338 2901 1421 2945 est
1444 2892 1585 2960 quod
1612 2889 1793 2945 Judith

225 2984 417 3038 ancilla:
439 2999 551 3038 suae
576 2983 797 3037 tradidit
824 2992 985 3052 caput
1012 2982 1314 3036 Holot‘ernis
1332 3023 1347 3045 ,
1374 2990 1434 3035 ut
1472 2982 1713 3036 mitteret
1737 2981 1798 3033 ει-

224 3072 304 3126 lud
350 3074 402 3127 iu
432 3088 616 3142 peram
660 3089 836 3138 suam,
882 3074 985 3128 nisi
1022 3074 1163 3142 quoi
1192 3072 1429 3127 Ecclesia
1462 3072 1797 3127 auditoribus

225 3163 328 3215 suis
373 3165 800 3218 recordationem
831 3162 1062 3218 confecti
1093 3162 1216 3217 belli
1246 3178 1351 3216 non
1377 3163 1490 3217 vult
1518 3163 1626 3217 labi
1651 3179 1680 3216 a
1708 3179 1799 3217 co—

225 3253 470 3321 gitatione
514 3255 734 3320 mentis,
778 3254 869 3309 sed
913 3253 1143 3309 sollicite
1178 3252 1382 3308 servari
1433 3253 1487 3307 in
1536 3255 1797 3309 memoria

224 3345 425 3409 cordis;
460 3345 534 3398 ita
568 3346 712 3399 enim
761 3346 825 3400 de
863 3346 1133 3414 triumpho
1159 3345 1350 3410 hostis,
1398 3346 1562 3415 quoui
1584 3361 1651 3399 'm
1675 3361 1797 3399 eum

224 3446 315 3502 per
339 3434 573 3489 divinam
619 3436 846 3507 gratiam
878 3436 932 3490 in
968 3435 1149 3505 aliquo
1186 3450 1523 3505 superamus,
1565 3435 1798 3506 gaudere

225 3524 492 3592 debemus,
536 3535 594 3581 ut
646 3529 840 3583 iterum
879 3544 1004 3584 eum
1038 3536 1227 3583 contra
1255 3543 1354 3583 nos
1390 3527 1589 3583 bellum
1619 3527 1799 3598 dispo-

227 3630 345 3671 nere
369 3630 472 3672 non
521 3617 841 3674 diuidamus.
878 3619 1102 3688 Propter
1126 3618 1269 3690 quod
1304 3618 1435 3673 dicit
1456 3616 1651 3673 Petrus
1670 3632 1797 3687 apo-

226 3709 423 3766 stolos:
456 3728 475 3761 ι
508 3711 686 3766 Sobrii
721 3720 896 3767 estote
933 3720 989 3767 et
1013 3711 1250 3783 vigilate,
1291 3711 1418 3781 quia
1452 3710 1798 3765 adversarius

227 3812 390 3855 vester
419 3800 665 3855 diabolus
723 3810 974 3871 tanquam
1029 3801 1112 3856 leo
1145 3802 1359 3872 rugiens
1420 3800 1615 3856 circuit
1650 3815 1797 3869 quaa-

226 3905 342 3943 rens
378 3906 536 3960 quem
580 3891 822 3955 devoret,
881 3890 964 3944 cui
1021 3889 1254 3943 resistite
1301 3887 1468 3943 fortes
1518 3889 1570 3942 in
1622 3887 1743 3942 fide.
1772 3909 1789 3941 ι

228 3981 289 4036 Et
325 3982 518 4036 Paulus
556 3982 630 4034 ait
672 4000 683 4034 :
735 4000 753 4031 ι
793 3979 906 4035 Non
953 3982 1094 4050 quod
1139 3980 1252 4051 jam
1304 3982 1645 4050 acceperim,
1705 3989 1798 4035 aut

221 4071 322 4140 jam
344 4072 614 4143 perfectus
635 4072 759 4136 sim,
806 4086 1005 4140 sequor
1029 4079 1229 4137 autem,
1261 4072 1305 4126 si
1328 4087 1437 4141 quo
1467 4072 1623 4127 modo
1645 4086 1796 4127 com-

227 4164 539 4230 prehendam
583 4164 636 4216 in
671 4177 780 4231 quo
803 4170 859 4215 et
890 4163 1310 4230 comprehensus
1349 4178 1468 4216 sum
1516 4178 1546 4214 a
1581 4162 1798 4216 Christo

227 4250 362 4307 Jesu.
390 4254 640 4317 Fratres,
672 4268 771 4324 ego
795 4268 881 4306 me
913 4267 1017 4306 non
1048 4253 1281 4307 arbitror
1301 4253 1791 4322 comprehendisse.

232 4340 390 4397 Usum
406 4352 604 4407 autem,
635 4357 755 4411 qua:
780 4342 995 4411 quidem
1027 4351 1174 4395 retro
1203 4351 1327 4396 sunt
1349 4343 1692 4406 oisliviscens,
1726 4343 1789 4396 ad

228 4450 283 4488 ea
313 4452 434 4490 vero
461 4452 580 4505 quae
602 4444 728 4489 sunt
755 4436 932 4505 priora
964 4434 1259 4488 extendens
1285 4436 1571 4504 meipsum,
1601 4435 1666 4488 ad
1702 4435 1795 4489 de—

227 4531 469 4585 stinatum
493 4545 804 4601 persequor,
856 4529 921 4582 ad
944 4528 1186 4582 hravium
1227 4543 1473 4598 superna:
1500 4529 1797 4585 vocationis

227 4619 312 4676 Dei
334 4622 382 4675 in
412 4623 629 4677 Christo
649 4619 795 4673 Jesn.
821 4618 1140 4688 Quicunque
1161 4618 1305 4672 enim
1332 4618 1555 4689 perfecti
1587 4634 1795 4686 sumus,

226 4712 320 4768 hoc
343 4715 637 4769 sentiamus
666 4707 830 4781 (Phil.
858 4711 962 4780 ιιι).
995 4728 1014 4760 ›

294 4823 311 4854 ι
346 4804 409 4858 Et
437 4810 709 4875 gymutes,
742 4800 937 4869 inquit,
984 4798 1174 4852 vallem
1200 4839 1214 4858 ,
1259 4807 1524 4852 venerunt
1576 4799 1640 4851 ad
1667 4811 1794 4867 por-

223 4902 326 4947 tam
355 4893 606 4947 civitatis.
638 4911 657 4943 ι
695 4889 899 4945 Vallem
925 4888 1248 4942 ambulando
1275 4896 1452 4959 gyrat,
1497 4889 1587 4957 qui
1621 4888 1796 4942 innui-

224 4981 420 5038 litatctn
466 4985 518 5037 in
564 4982 710 5036 omni
761 4988 884 5034 actu
926 4995 1028 5035 suo
1077 4990 1274 5034 servat.
1326 4978 1424 5034 Hic
1460 4979 1796 5049 pervenitad

221 5086 422 5144 portam
471 5074 727 5138 civitatis,
778 5073 904 5142 quia
962 5070 1050 5126 ille
1105 5070 1365 5140 pertingit
1400 5070 1467 5124 ad
1519 5070 1799 5123 introitum

222 5167 366 5237 regni
397 5166 653 5220 cmlests.
705 5163 859 5219 Unde
890 5164 1027 5233 ipse,
1073 5164 1163 5232 qui
1208 5162 1529 5216 humilitatis
1572 5170 1626 5216 et
1668 5161 1802 5216 obe-

219 5257 432 5312 dientiae
452 5272 676 5312 summa:
701 5256 980 5325 exemplar
1003 5253 1160 5309 nobis
1188 5268 1216 5307 a
1239 5252 1348 5308 Deo
1377 5251 1551 5306 factus
1576 5260 1677 5315 est,
1708 5265 1803 5320 per

219 5365 375 5413 quem
421 5351 545 5405 vitae
572 5358 793 5404 artema:
828 5348 1090 5403 habemus
1133 5346 1372 5411 aditum,
1416 5345 1471 5399 iu
1512 5344 1802 5416 Evangelio

219 5444 338 5498 ait:
376 5464 395 5497 ι
433 5446 545 5518 Ego
569 5462 689 5502 sum
731 5447 953 5507 ostium,
998 5461 1097 5516 per
1129 5460 1218 5501 me
1256 5444 1302 5499 si
1347 5443 1471 5514 quis
1511 5441 1800 5504 introierit,

217 5533 550 5606 ingredietur
582 5549 639 5594 et
669 5541 997 5611 egredietur,
1027 5547 1080 5594 et
1104 5554 1304 5608 pascua
1328 5537 1584 5593 inveniet.
1626 5556 1644 5588 ι
1684 5535 1803 5605 Ipse

218 5624 345 5683 alibi
373 5631 483 5685 ait:
519 5628 741 5687 «Venite
766 5629 830 5685 ad
856 5647 965 5697 me,
987 5644 1177 5686 omnes
1203 5628 1292 5700 qui
1320 5628 1576 5685 laboratis
1599 5637 1653 5681 ct
1675 5642 1795 5681 oue-

1895 428 2060 483 super
2087 430 2203 479 vos,
2256 423 2311 469 et
2339 416 2529 471 discite
2565 432 2595 470 a
2643 432 2729 477 me
2775 418 2899 487 quia
2940 418 3086 475 mitis
3127 436 3244 475 sum
3275 430 3332 475 et
3375 423 3478 476 lni-

1891 503 2037 559 milis
2073 506 2258 570 corde,
2318 513 2375 561 et
2423 507 2705 562 invenietis
2761 508 3000 577 requiem
3054 510 3339 566 animabus
3383 529 3477 567 ve-

1893 594 2039 650 stris.
2081 614 2101 648 ι

1966 747 1986 781 ι
2014 727 2083 783 Et
2109 727 2245 785 dixit
2286 725 2469 784 Judith
2520 742 2551 783 a
2592 732 2752 801 longe
2797 730 3111 788 custodibus
3151 748 3431 789 murorum
3463 753 3477 789 :

1895 837 1915 870 ι
1951 818 2172 889 Aperite
2200 826 2406 890 portas,
2436 822 2691 890 quoniam
2746 821 3028 879 nobiscum
3055 830 3140 878 est
3168 823 3331 887 Dens,
3388 826 3479 894 qui

1896 929 1916 964 ι
1954 913 2083 977 fecit
2105 913 2357 968 virtutem
2385 913 2441 967 in
2468 912 2652 968 lsrael.
2686 933 2705 965 ι
2734 913 2999 971 Custodes
3026 931 3303 973 murorum
3329 957 3344 980 ,
3379 915 3479 972 hoc

1889 1011 1992 1066 est,
2018 1011 2228 1061 tutores
2258 1011 2561 1059 castrorum
2589 1002 2867 1070 Ecclesiae,
2904 1015 3031 1061 sunt
3070 1006 3327 1067 doctores
3352 1022 3471 1061 san-

1890 1094 1988 1159 cti,
2015 1093 2109 1163 qui
2136 1093 2300 1151 verbo
2322 1101 2378 1149 et
2399 1093 2666 1163 exemplo,
2700 1103 2860 1164 atque
2885 1096 3049 1151 etiam
3073 1097 3321 1153 oratione
3342 1099 3476 1153 assio

1890 1183 1993 1245 dua
2020 1184 2270 1241 muniunt
2296 1185 2465 1239 vitam
2491 1185 2851 1251 credentium,
2883 1197 2938 1242 et
2968 1187 3036 1241 ad
3063 1194 3323 1253 aeternam
3356 1190 3480 1243 bea-

1892 1274 2177 1337 titudinem
2208 1275 2310 1331 illis
2357 1284 2666 1347 praeparant
2706 1276 2986 1332 introitum
3015 1293 3030 1342 ;
3073 1278 3141 1333 de
3166 1279 3361 1347 quibus
3386 1295 3482 1349 per

1888 1364 2204 1435 prophetam
2239 1364 2471 1420 dicitur:
2518 1383 2536 1416 ι
2574 1364 2749 1436 Super
2775 1382 2960 1421 muros
2992 1373 3131 1432 tuos,
3159 1366 3481 1434 Jerusalem,

1892 1456 2149 1511 constitui
2177 1455 2447 1514 custodes.
2498 1463 2610 1510 tota
2641 1456 2747 1519 die,
2784 1466 2839 1511 et
2870 1463 2980 1511 tota
3012 1464 3171 1511 nocte
3200 1472 3306 1512 non
3337 1465 3481 1513 tace-

1891 1545 2029 1601 bunt
2082 1546 2302 1603 laudare
2353 1561 2549 1603 nomen
2609 1546 2843 1604 Domini.
2884 1567 2902 1600 ›
2951 1547 3183 1603 Possunt
3231 1549 3489 1620 angelica:

1895 1638 2125 1697 virtutes
2163 1639 2418 1695 custodes
2485 1654 2767 1694 murorum
2820 1640 3047 1709 intelligi
3098 1640 3481 1710 spiritualium,

1893 1746 2014 1800 qua:
2040 1730 2195 1787 nobis
2224 1731 2491 1799 deputatae
2521 1739 2672 1794 sunt,
2701 1739 2762 1785 ut
2790 1746 2889 1787 nos
2929 1732 3040 1786 suis
3062 1730 3269 1785 solatiis
3296 1739 3487 1785 contra

1895 1823 2158 1893 malignos
2206 1822 2431 1892 spiritus
2475 1820 2786 1877 delendant.
2841 1820 3054 1879 Clamat
3081 1836 3210 1892 ergo
3238 1818 3423 1876 Juditb
3452 1834 3485 1874 a

1893 1913 2053 1984 longe
2081 1913 2396 1969 custodibus
2422 1953 2438 1977 ,
2478 1912 2756 1982 postulans
2784 1912 2888 1966 sibi
2917 1911 3119 1982 aperiri
3165 1920 3371 1982 portas,
3417 1926 3485 1966 eo

1893 2005 2035 2075 quod
2066 2020 2251 2063 secum
2296 2005 2369 2059 sit
2408 2003 2572 2059 Deus.
2607 2002 2700 2059 Sic
2738 2012 2794 2059 et
2820 2004 3058 2058 Ecclesia
3099 2005 3153 2058 in
3177 2003 3491 2073 peregrinae

1895 2096 2044 2151 tione
2086 2097 2241 2153 istius
2269 2094 2476 2159 mundi,
2521 2105 2577 2150 et
2603 2095 2690 2149 via
2719 2094 3003 2164 praesentis
3028 2094 3154 2148 vita:
3195 2094 3489 2148 (antistitum

1895 2188 2022 2242 totis
2047 2185 2293 2241 medullis
2314 2185 2496 2240 cordis
2523 2184 2765 2239 clamans
2791 2183 3046 2253 postulat,
3074 2192 3133 2237 ut
3156 2198 3251 2252 per
3288 2183 3485 2237 suifra-

1893 2278 1980 2350 gia
2022 2283 2328 2331 sanctorum
2360 2274 2463 2329 sibi
2494 2289 2742 2344 superna:
2769 2274 2959 2343 patriai
2999 2273 3264 2343 paudatur
3289 2272 3479 2326 introi-

1895 2380 2001 2436 tus,
2028 2380 2086 2424 ut
2110 2369 2182 2424 ibi
2215 2368 2448 2423 nominis
2477 2366 2558 2422 sui
2591 2365 2804 2434 expleat
2835 2364 3099 2430 ofﬁcium,
3127 2363 3312 2417 dicens
3359 2378 3483 2418 cum

1895 2461 2154 2533 propheta
2175 2478 2187 2514 :
2212 2458 2459 2529 «Aperite
2483 2464 2667 2524 portas
2685 2453 2816 2523 justi
2827 2454 3005 2520 tire,-et
3021 2453 3368 2525 ingressusiu
3391 2467 3486 2507 eas

1895 2552 2195 2607 confitebor
2223 2550 2482 2613 Domino,
2520 2549 2630 2603 lucc
2682 2558 2830 2617 porta
2861 2546 3097 2611 Domini,
3144 2546 3279 2613 justi
3316 2546 3488 2599 intra-

1894 2642 2027 2696 bunt
2055 2656 2151 2711 per
2172 2655 2312 2694 eant.
2352 2659 2368 2691 ι
2406 2637 2471 2691 Ει
2499 2638 2637 2691 mide
2671 2638 2775 2692 hoc
2803 2637 3061 2706 deposcat
3086 2636 3233 2690 addit
3258 2635 3482 2688 dicens:

1901 2751 1919 2782 ι
1954 2731 2079 2799 quia
2117 2731 2393 2802 nobiscum
2425 2737 2536 2791 est,
2577 2729 2669 2798 qtti
2700 2727 2825 2782 fecit
2875 2727 3129 2781 virtutem
3159 2726 3212 2779 in
3243 2724 3425 2779 Israel.
3463 2745 3482 2776 ι

1897 2824 2064 2879 Valde
2091 2824 2233 2878 enim
2253 2821 2458 2890 justum
2491 2831 2573 2875 cst
2604 2831 2663 2874 ut
2685 2820 2776 2890 qui
2822 2835 2880 2875 se
2928 2819 3137 2872 unitum
3166 2833 3288 2872 cum
3315 2817 3493 2887 capite

1898 2932 1994 2971 suo
2047 2916 2309 2986 agnoscit,
2342 2916 2406 2970 de
2449 2930 2555 2983 quo
2586 2915 2849 2984 scriptum
2885 2922 2999 2975 est,
3044 2930 3061 2963 ι
3092 2911 3351 2965 Dominus
3382 2910 3490 2963 vir-

1825 3039 1868 3099 C
1903 3017 2070 3064 tutem
2094 3008 2289 3080 pepulo
2328 3024 2424 3061 suo
2448 3007 2625 3069 dabit,
2660 3015 2715 3060 et
2745 3006 3027 3060 hencdicet
3052 3004 3307 3074 populum
3335 3018 3492 3055 suum

1901 3099 1956 3153 in
1988 3114 2139 3169 pace,
2176 3120 2193 3151 ›
2229 3114 2350 3153 cum
2386 3114 2451 3152 eo
2493 3098 2560 3152 ad
2592 3097 2827 3152 cmlcstis
2869 3098 3017 3167 regni
3066 3097 3274 3165 apicem
3303 3110 3493 3150 ascen-

1898 3193 2008 3255 dat,
2042 3188 2164 3260 quia
2198 3190 2313 3244 sine
2343 3204 2406 3243 eo
2437 3188 2583 3242 nullo
2615 3189 2773 3243 modo
2820 3188 2943 3241 illuc
2978 3188 3258 3256 pervenire
3287 3193 3484 3255 potest.

1903 3284 2053 3339 [inde
2080 3283 2195 3352 ipsa
2230 3282 2445 3335 Veritas
2469 3281 2520 3334 iu
2553 3280 2844 3351 Evangelio
2877 3279 2951 3333 ait
2985 3297 2998 3332 :
3054 3296 3071 3328 ι
3106 3276 3277 3332 Nemo
3303 3291 3495 3330 ascen-

1898 3375 1976 3429 dit
2002 3373 2055 3427 in
2084 3373 2304 3437 coelum,
2335 3372 2435 3427 nisi
2465 3372 2556 3442 qui
2596 3371 2872 3427 descendit
2900 3371 2966 3426 de
2995 3370 3131 3425 cmlo
3158 3368 3299 3423 [ilius
3321 3367 3497 3423 homi-

1898 3467 2006 3531 nis,
2036 3466 2127 3536 qui
2156 3473 2241 3521 est
2266 3465 2319 3519 in
2348 3464 2506 3520 coelo.
2545 3484 2564 3516 ι
2620 3463 2807 3519 Potest
2833 3471 2889 3518 et
2936 3464 3040 3517 hoc
3066 3462 3209 3533 quod
3240 3460 3372 3516 dicit
3399 3458 3494 3513 Ju-

1898 3559 2010 3613 dith
2036 3557 2352 3614 custodibus
2377 3572 2681 3623 murorum,
2714 3575 2733 3608 ι
2761 3555 2982 3626 Aperite
3020 3563 3228 3625 portas,
3264 3574 3283 3605 ι
3327 3555 3495 3608 devo-

1899 3649 1974 3703 tio
1998 3649 2177 3705 cordis
2196 3649 2504 3705 anditorum
2524 3664 2745 3703 suorum
2771 3650 2840 3703 ab
2860 3662 2922 3703 ea
2938 3647 3210 3719 postulata
3238 3645 3489 3717 intelligi,

1898 3741 2001 3796 hoc
2048 3749 2162 3808 est,
2218 3750 2277 3796 ut
2305 3748 2576 3811 praeparet
2626 3740 2977 3795 intentionem
3027 3740 3204 3795 cordis
3254 3739 3320 3792 ad
3354 3739 3497 3793 acci-

1896 3832 2091 3901 pienda
2141 3847 2203 3887 ea
2269 3847 2391 3901 quae
2449 3832 2550 3887 sibi
2603 3831 2893 3896 dicuntur;
2950 3832 3091 3886 sicut
3147 3830 3395 3885 Salvator
3441 3830 3495 3886 in

1900 3922 2187 3993 Evangelio
2215 3938 2313 3991 per
2343 3921 2628 3991 parabolas
2676 3923 2877 3977 docens
2925 3921 3059 3976 dixit
3088 3940 3099 3974 :
3135 3939 3151 3972 ι
3185 3920 3283 3989 Qui
3329 3921 3494 3976 habet

1897 4031 2059 4070 aures
2110 4015 2362 4069 audiendi
2419 4016 2621 4069 auliat.
2660 4037 2676 4065 ι
2726 4015 2793 4069 Et
2841 4014 3077 4071 Joannes
3127 4016 3404 4085 apostolus
3442 4016 3495 4069 in

1898 4106 2219 4179 Apocalypsi
2267 4121 2362 4160 sua
2388 4106 2633 4160 eamdem
2684 4107 3007 4160 sententiam
3058 4107 3256 4176 smpius
3302 4106 3498 4175 repetit

1898 4199 2085 4253 dicens
2135 4217 2147 4252 :
2215 4218 2232 4245 ί
2282 4197 2382 4265 Qui
2435 4197 2595 4251 habet
2633 4213 2792 4282 auges
2846 4197 3094 4253 audiendi
3134 4197 3317 4251 audiat
3368 4196 3497 4266 quid

1899 4290 2123 4359 spiritus
2169 4290 2311 4343 dicat
2337 4288 2601 4345 ecclesiis.
2643 4310 2660 4342 ›
2704 4288 2891 4342 Merito
2925 4304 3054 4359 ergo
3087 4288 3195 4352 illa,
3233 4303 3352 4357 quae
3382 4288 3493 4340 vir-

1818 4384 1869 4443 D
1900 4390 2040 4434 tutos
2078 4379 2308 4443 Domini,
2350 4396 2485 4449 quas
2535 4379 2678 4443 fecit,
2712 4395 3030 4450 expromere
3054 4380 3186 4443 vult,
3216 4381 3494 4435 auditores

1902 4474 2123 4526 devotos
2149 4472 2362 4541 quarrit,
2394 4472 2520 4539 quia
2548 4472 2808 4541 scriptum
2835 4480 2917 4525 est
2942 4489 2954 4524 :
2990 4489 3007 4521 ι
3042 4471 3237 4525 Beatus
3259 4470 3350 4540 qui
3374 4486 3497 4524 cau-

1903 4579 2019 4618 sam
2049 4579 2198 4619 suam
2235 4563 2472 4633 loquitur
2497 4563 2550 4617 in
2575 4579 2762 4618 aurem
2788 4563 3073 4617 audientis.
3120 4584 3139 4616 ι

1983 4727 2001 4759 ι
2037 4708 2104 4762 Et
2150 4707 2353 4762 factum
2397 4717 2503 4772 est,
2552 4723 2675 4762 cum
2707 4708 2982 4762 audissent
3011 4708 3111 4762 viri
3144 4723 3327 4762 vocem
3354 4708 3490 4777 ejus,

1912 4818 1931 4850 ι
1967 4807 2295 4852 vocaverunt
2324 4799 2670 4868 presbyteros
2705 4798 2959 4853 civitatis.
3013 4798 3080 4852 Et
3102 4806 3494 4853 concurrerunt

1911 4911 1928 4943 ι
1965 4892 2032 4945 ad
2062 4906 2181 4944 eam
2224 4905 2414 4943 omnes
2460 4905 2488 4942 a
2533 4889 2757 4944 minimo
2804 4903 2976 4958 usque
3031 4890 3099 4944 ad
3149 4889 3490 4944 maximum:

1911 5003 1929 5035 ι
1962 4984 2218 5054 quoniam
2269 4982 2557 5052 sperabant
2589 4996 2709 5035 eam
2731 4980 2846 5051 jam
2878 4997 2985 5036 non
3012 4995 3135 5037 esse
3185 4990 3490 5047 venturam,

1911 5096 1929 5128 ι
1964 5086 2014 5130 et
2044 5074 2401 5129 aceendcutes
2434 5072 2719 5127 luminaria
2743 5080 3178 5143 congyraverunt
3199 5073 3341 5128 circa
3372 5088 3492 5128 eam

1914 5188 1932 5219 ε
1970 5166 2229 5222 universi.
2272 5186 2290 5217 ι
2342 5165 2421 5219 ΑΞΙ
2459 5180 2644 5221 vocem
2691 5164 2876 5220 Iudith
2908 5165 3210 5236 presbyteri
3254 5164 3494 5218 civitatis

1908 5273 2028 5314 cum
2055 5257 2198 5310 omni
2240 5256 2393 5325 plebe
2414 5256 2761 5321 conveniunt,
2789 5256 2915 5326 quia
2940 5256 3006 5310 ad
3037 5256 3339 5313 doctrinam
3367 5270 3491 5307 sau-

1904 5359 2006 5405 ctae
2032 5348 2284 5403 Ecclesia:
2308 5363 2414 5402 non
2440 5348 2614 5402 solum
2656 5348 2918 5413 minores,
2951 5348 3046 5403 sed
3067 5349 3231 5401 etiam
3258 5345 3491 5411 majores

1905 5439 2141 5495 universi
2171 5447 2521 5503 concurrunt,
2564 5447 2622 5492 nt
2656 5436 2772 5504 ejus
2800 5437 3039 5493 salubria
3074 5437 3217 5492 dicta
3243 5435 3489 5499 audiant,

1903 5544 1959 5588 et
1987 5547 2120 5601 pura
2166 5532 2467 5587 intentione
2518 5530 2858 5600 adimplenda
2890 5530 3209 5601 suscipiant.
3256 5527 3368 5581 lloc
3409 5534 3490 5581 est

1905 5626 2047 5681 enim
2069 5625 2353 5680 luunnaria
2377 5626 2696 5690 accendere,
2732 5626 2799 5680 ad
2840 5624 3153 5685 discendam
3185 5622 3488 5689 veritatem,
