3928 6176
422 258 527 315 575

1060 257 1120 313 Β.
1162 255 1413 313 RABANl
1451 254 1668 312 MAURI
1702 254 2018 314 ARCHIEP.
2062 254 2372 313 MOGUNT.
2416 255 2701 314 OPERUM
2740 257 2923 314 PARS
2962 258 3000 313 ι.

3579 267 3684 324 επ

417 373 596 430 cordis
631 371 774 443 piam
804 371 1140 426 devotionem
1170 371 1431 438 prmbere,
1460 377 1515 425 et
1540 370 1818 425 universas
1845 376 1995 424 tene-
2027 372 2078 433 Λ
2104 377 2345 424 rectores
2384 372 2727 427 tenebrarum
2778 374 2992 434 harum,
3037 379 3225 427 contra
3253 376 3555 446 spiritualia
3597 394 3689 436 ne-

414 462 543 519 bras
563 476 806 516 errorum
835 475 863 513 a
895 474 954 513 se.
981 458 1258 527 repellere.

492 612 511 645 ι
544 592 639 647 llla
671 599 848 646 autem
881 591 1178 646 ascendens
1230 591 1282 645 in
1332 591 1745 647 eminentiorem
1797 592 1997 657 locum,

420 701 442 735 ι
468 682 633 753 jussit
659 682 773 736 ﬁeri
826 682 1136 735 silentium:
1188 680 1428 750 Cumque
1469 697 1657 737 omnes
1683 683 1997 750 tacuissent,

420 798 441 830 ε
476 779 612 832 dixit
660 777 841 831 Iudith
871 795 883 829 :
918 777 1158 830 Laudate
1205 774 1493 830 Dominum
1526 776 1695 829 Deum
1731 785 1996 839 nostrum,

417 889 439 923 ε
476 871 566 940 qui
593 885 697 923 non
736 869 973 923 deseruit
1020 878 1301 937 sperantes
1338 868 1393 922 in
1419 883 1500 934 se,
1526 880 1583 923 et
1612 868 1665 921 in
1687 882 1774 922 me
1803 868 1996 923 ancilla
2038 886 2045 899 ι

418 978 438 1010 ‹
477 975 573 1012 sua
599 959 911 1028 adimplevit
942 958 1367 1013 miscricordiam
1410 973 1584 1022 suam,
1613 972 1774 1027 quam
1796 958 1999 1026 promi-

414 1066 435 1099 ε
473 1049 543 1101 sit
562 1047 744 1103 domui
766 1047 953 1109 lsrael,
981 1055 1036 1103 et
1063 1048 1336 1103 interfecit
1368 1048 1420 1101 in
1454 1063 1617 1101 manu
1642 1063 1761 1103 mea
1785 1048 1996 1103 hostem

413 1158 435 1191 ί
473 1139 650 1210 populi
677 1139 758 1192 sui
796 1139 850 1193 in
876 1140 980 1193 hac
1010 1147 1189 1193 nocte.
1227 1158 1245 1191 ι
1290 1138 1428 1205 Quid
1454 1145 1537 1192 est
1564 1137 1749 1192 Iudith
1776 1138 1831 1192 in
1861 1139 1997 1193 emi-

409 1232 711 1285 nentiorem
737 1230 913 1284 locum
939 1227 1273 1285 ascendere?
1296 1229 1398 1283 nisi
1423 1237 1664 1283 sanctam
1696 1228 1992 1284 Ecclesiam

408 1324 477 1377 ad
500 1337 734 1393 superna
762 1331 818 1376 et
847 1322 1086 1377 cwlestia
1137 1322 1387 1392 dogmata
1417 1335 1722 1376 sermonem
1762 1334 1991 1375 conver-

408 1420 542 1477 tere,
576 1422 632 1465 ut
658 1411 783 1467 illnc
811 1421 1022 1466 nostros
1050 1412 1259 1467 animos
1301 1412 1567 1477 sustollat,
1595 1420 1650 1467 et
1684 1413 1752 1467 ad
1773 1411 1995 1466 laudan-

407 1503 537 1558 dum
574 1503 742 1557 Deum
785 1518 883 1571 pro
911 1504 1179 1558 universis
1206 1502 1484 1559 beneﬁciis
1507 1503 1649 1566 suis,
1682 1518 1804 1573 quae
1827 1502 1992 1557 mise-

407 1594 696 1647 ricorditer
724 1608 854 1648 vero
883 1593 1144 1663 impendit
1171 1592 1356 1655 lsrael,
1407 1600 1688 1661 torpentes
1710 1602 1984 1664 provocet,

407 1684 559 1753 cujus
588 1684 759 1739 virtus
784 1684 991 1738 hostem
1017 1684 1297 1753 antiquum
1343 1682 1615 1739 interfecit
1639 1684 1692 1738 in
1736 1698 1899 1738 manu
1927 1684 1988 1737 il-

405 1773 509 1827 lius
532 1774 761 1837 feminae,
798 1775 864 1829 de
902 1790 1007 1844 qua
1047 1775 1114 1829 ad
1159 1774 1409 1829 callidum
1455 1783 1762 1844 serpentem
1805 1776 1989 1831 Domi-

403 1879 507 1919 nus
536 1864 589 1918 in
627 1865 923 1933 primordio
954 1865 1065 1918 ait:
1119 1883 1138 1916 ‹
1175 1864 1294 1934 lpsa
1319 1872 1563 1920 conteret
1593 1873 1756 1935 caput
1791 1865 1928 1934 eius.
1959 1885 1977 1919 ι

403 1954 620 2009 Etcum
660 1955 775 2024 ipsa
804 1954 1017 2010 Veritas
1070 1957 1123 2010 in
1152 1955 1443 2026 Evangelio
1490 1957 1607 2010 ait:
1663 1974 1682 2008 ‹
1718 1956 1859 2011 Ecce
1884 1972 1985 2029 ego

401 2044 542 2099 dabo
579 2046 728 2100 vobis
771 2054 1094 2114 potestatem
1137 2046 1375 2100 calcandi
1406 2061 1570 2115 super
1616 2056 1895 2116 serpentes
1929 2055 1985 2101 et

399 2140 735 2209 scorpiones,
762 2146 816 2195 et
837 2155 1001 2210 super
1018 2154 1235 2193 omnem
1259 2140 1516 2194 virtutem
1540 2139 1764 2195 inimici.
1796 2159 1814 2193 ι

475 2291 494 2324 ι
526 2273 594 2329 Et
616 2274 899 2345 proferens
946 2274 1013 2330 de
1043 2290 1171 2344 pera
1202 2284 1362 2345 caput
1403 2274 1711 2331 Holofernis
1748 2276 1985 2333 ostendit

406 2379 426 2412 ι
460 2361 566 2416 illis
605 2363 829 2419 dicens:
883 2364 1023 2418 Ecce
1067 2371 1229 2433 caput
1267 2363 1571 2418 llolofernis
1597 2366 1858 2436 principis
1884 2367 1985 2420 mi-

406 2478 425 2509 ι
459 2459 586 2514 litia:
610 2461 976 2532 Assyriorum.
1024 2460 1092 2515 Et
1141 2476 1269 2515 ecce
1317 2476 1617 2529 conopeum
1658 2462 1712 2515 in
1740 2476 1848 2531 quo
1893 2477 1982 2516 re-

402 2570 421 2602 ‹
456 2551 744 2607 cumbebat
770 2552 823 2604 in
852 2552 1114 2606 ebrietate
1142 2566 1260 2615 sua,
1306 2552 1397 2607 ubi
1424 2567 1521 2620 per
1548 2569 1739 2606 manus
1766 2551 1981 2608 femina:

403 2659 422 2692 ι
458 2643 725 2712 percussit
761 2641 910 2697 illum
940 2642 1200 2696 Dominus
1228 2641 1370 2697 Deus
1398 2650 1605 2697 noster.
1635 2642 1777 2697 Vivit
1801 2652 1983 2697 autem

401 2749 420 2783 ι
458 2732 572 2802 ipse
622 2731 914 2797 Dominus,
973 2732 1228 2803 quoniam
1290 2731 1580 2787 custodivit
1624 2748 1711 2787 me
1764 2731 1984 2802 angelus

401 2841 420 2874 σ
456 2823 591 2891 ejus,
616 2832 673 2878 et
701 2823 827 2877 hinc
846 2831 1082 2886 euntem,
1115 2830 1170 2877 et
1195 2822 1265 2877 ibi
1289 2825 1735 2885 commorantcm,
1776 2830 1833 2876 et
1859 2822 1983 2876 inde

399 2934 423 2985 ‹¹
457 2914 564 2970 huc
590 2922 973 2978 revertentem,
1002 2920 1056 2968 et
1078 2928 1184 2967 non
1214 2912 1460 2983 permisit
1486 2927 1573 2967 me
1602 2911 1865 2966 Dominus
1890 2927 1983 2965 an-

404 3026 425 3059 ί
465 3006 644 3061 cillam
683 3020 836 3059 suam
861 3003 1219 3073 coinquinari,
1250 3004 1343 3057 sed
1388 3003 1503 3057 sine
1540 3002 1833 3071 pollutione
1857 3017 1985 3073 pec-

2104 460 2289 530 quitite
2313 461 2365 514 in
2388 460 2699 517 caelestibus
2730 463 2945 534 (Ep/res.
2974 464 3071 537 Vt).
3114 485 3131 515 ι

2179 570 2199 600 ς
2231 550 2476 607 Universi
2505 563 2686 609 autem
2709 554 2994 613 adorantes
3026 560 3309 615 Dominum
3346 561 3603 618 dixerunt
3622 565 3688 618 ad

2108 660 2128 694 ‹
2169 656 2329 696 eam:
2363 642 2642 698 Bene-dixit
2666 652 2719 700 te
2768 646 3029 703 Dominus
3066 651 3119 704 in
3167 652 3369 707 virtute
3404 668 3525 717 sua,
3559 654 3687 725 quia

2107 752 2126 785 ‹
2159 747 2257 803 per
2294 743 2347 788 te
2373 736 2438 789 ad
2466 736 2694 789 nihilum
2726 736 2939 808 redegit
2960 739 3211 795 inimicos
3234 750 3471 797 nostros.
3502 743 3689 800 Porro

2105 841 2125 876 ο
2166 823 2327 879 Ozias
2348 826 2600 895 princeps
2634 827 2814 898 populi
2846 829 2984 883 dixit
3008 830 3074 885 ad
3103 846 3223 886 eam
3254 850 3268 885 :
3306 831 3595 889 Benedicta
3627 851 3687 891 es

2105 935 2125 969 ι
2166 927 2244 984 tu,
2275 918 2401 984 ﬁlia,
2438 934 2470 973 a
2509 918 2737 974 Domino
2764 920 2876 975 Deo
2909 922 3126 978 excelso
3157 938 3269 993 pra:
3294 924 3546 979 omnibus
3566 940 3689 979 mu-

2105 1028 2124 1061 ‹
2166 1009 2390 1065 lieribus
2422 1025 2582 1081 super
2625 1021 2850 1067 terram.
2897 1013 3222 1071 Benedictus
3249 1016 3527 1081 Dominus,
3590 1019 3683 1088 qui

2102 1118 2122 1152 ι
2162 1101 2366 1155 creavit
2399 1102 2597 1157 ctlum
2633 1111 2691 1158 et
2737 1112 2970 1170 terram,
3030 1107 3121 1175 qui
3150 1114 3203 1162 te
3252 1107 3449 1165 direxit
3477 1109 3530 1163 in
3566 1110 3686 1164 vul-
3749 1134 3773 1158 ο

2100 1213 2119 1246 ι
2158 1209 2288 1248 nera
2312 1193 2504 1263 capitis
2526 1195 2785 1264 principis
2812 1196 3151 1251 inimicorum
3176 1206 3486 1255 nostrorum
3513 1217 3526 1265 ;
3555 1202 3682 1270 quia

2100 1298 2119 1332 ‹
2156 1281 2318 1338 hodie
2362 1297 2556 1336 nomen
2597 1289 2749 1336 tuum
2784 1282 2857 1337 ita
2893 1283 3277 1354 magniﬁcavit,
3306 1293 3365 1339 ut
3389 1302 3497 1341 non
3532 1302 3684 1341 rece-

2099 1394 2118 1427 ‹
2159 1374 2253 1429 dat
2277 1373 2395 1429 laus
2418 1383 2509 1429 tua
2535 1375 2599 1429 de
2620 1390 2716 1429 ore
2738 1376 3037 1429 hominum.
3069 1396 3088 1429 ο
3128 1375 3418 1432 Benedicta
3454 1386 3539 1432 est
3574 1377 3679 1432 Ec-

2092 1467 2256 1522 clesia
2298 1467 2350 1521 in
2378 1466 2575 1521 virtute
2618 1465 2854 1532 Domini,
2888 1466 3012 1536 quia
3056 1481 3153 1536 per
3198 1467 3372 1536 ipsum
3420 1466 3679 1523 Dominus

2090 1557 2345 1613 contrivit
2365 1566 2690 1626 potestatem
2719 1556 2938 1622 diaboli,
2964 1565 3020 1612 et
3038 1557 3322 1613 benedicta
3345 1567 3431 1612 est
3455 1557 3544 1612 illa
3569 1575 3679 1628 pra:

2088 1648 2339 1703 omnibus
2370 1647 2689 1703 mulieribus
2745 1662 2908 1717 super
2938 1655 3176 1713 terram;
3232 1648 3358 1718 quia
3393 1648 3518 1703 ﬁdei
3562 1648 3679 1718 ejus

2015 1740 2062 1800 B
2092 1737 2377 1801 confessio,
2410 1746 2466 1792 et
2490 1736 2659 1792 divini
2694 1737 2872 1793 cultus
2901 1753 3030 1793 vera
3075 1738 3268 1810 religio
3313 1738 3368 1793 in
3397 1746 3510 1795 toto
3544 1740 3677 1794 orbe

2086 1829 2286 1883 retinet
2310 1828 2693 1899 principatum.
2727 1826 2891 1897 Cujus
2914 1828 3031 1883 laus
3080 1844 3190 1884 non
3218 1829 3437 1884 recedet
3486 1830 3555 1884 de
3580 1844 3674 1884 ore

2085 1924 2383 1987 hominum,
2417 1922 2512 1992 qui
2556 1936 2826 1977 memores
2865 1930 2991 1977 sunt
3021 1920 3142 1990 ejus
3187 1920 3384 1985 studii,
3418 1929 3476 1976 et
3503 1921 3673 1977 bono-

2083 2028 2205 2067 rum
2228 2020 2467 2077 actuum,
2491 2025 2556 2065 eo
2579 2011 2725 2081 quod
2747 2024 2844 2080 per
2862 2010 3206 2066 dilectionem
3221 2011 3314 2066 Dei
3335 2018 3393 2065 et
3411 2011 3673 2082 proximi.

2083 2118 2190 2173 qua
2217 2102 2449 2156 maxime
2470 2100 2661 2166 fervet,
2695 2116 2802 2155 non
2831 2101 3059 2155 miretur
3085 2100 3512 2172 magnitudinem
3536 2115 3675 2170 pra:-

2083 2192 2316 2247 sentium
2342 2190 2773 2255 tribulationum,
2801 2190 2897 2245 sed
2930 2188 3035 2243 ﬁde
3082 2189 3241 2259 plena
3278 2197 3332 2243 et
3373 2202 3471 2258 spe
3513 2190 3671 2243 ﬁrma

2090 2280 2368 2336 contendit
2422 2279 2491 2335 ad
2551 2279 2902 2334 eminentiam
2959 2278 3260 2334 caelestium
3300 2277 3669 2346 praemiorum,

2083 2374 2173 2429 ubi
2199 2374 2251 2428 in
2280 2375 2459 2428 futura
2489 2374 2597 2428 vita
2621 2388 2846 2429 consors
2886 2372 2992 2428 erit
3018 2373 3200 2444 gaudii
3240 2382 3296 2429 et
3318 2373 3670 2428 beatitudinis

2084 2474 2400 2520 sanctorum
2428 2464 2765 2533 angelorum.

2158 2574 2177 2606 ‹
2222 2554 2390 2609 Porro
2424 2552 2625 2609 Achior
2654 2562 2878 2608 vocatus
2931 2553 3099 2619 venit,
3154 2563 3209 2609 et
3238 2554 3375 2609 dixit
3399 2553 3451 2609 ei
3479 2573 3493 2608 :
3528 2555 3668 2610 Deus

2089 2665 2107 2697 ι
2148 2645 2331 2708 Israel,
2369 2644 2453 2698 cui
2513 2652 2568 2698 tu
2596 2644 2962 2699 testimonium
2998 2644 3213 2710 dedisti,
3248 2645 3390 2715 quod
3440 2645 3669 2700 ulcisca-

2090 2754 2109 2787 ι
2155 2746 2243 2790 tur
2275 2750 2335 2789 se
2361 2734 2427 2789 de
2455 2733 2690 2788 inimicis
2728 2734 2862 2801 suis,
2892 2734 3005 2804 ipse
3025 2743 3189 2804 caput
3215 2734 3458 2789 omnium
3487 2734 3666 2789 incre-

2092 2842 2111 2874 ι
2157 2823 2405 2878 dolorum
2463 2822 2654 2878 incidit
2689 2823 2743 2877 in
2778 2823 2883 2877 hac
2921 2831 3081 2878 nocte
3118 2823 3172 2877 in
3208 2838 3372 2877 manu
3426 2839 3570 2878 mea.
3602 2822 3669 2877 Et

2091 2931 2111 2967 ι
2157 2923 2216 2969 ut
2254 2915 2469 2985 probes,
2495 2917 2636 2986 quod
2660 2916 2732 2970 ita
2753 2923 2859 2981 est,
2885 2931 3012 2971 ecce
3036 2924 3198 2987 caput
3225 2915 3552 2981 Holofernis,
3572 2917 3662 2986 qui

2093 3026 2111 3059 ‹
2154 3008 2208 3062 in
2238 3015 2547 3078 contemptu
2577 3008 2843 3079 superbiae
2881 3025 2992 3065 sua:
3029 3010 3200 3065 Deum
3227 3008 3391 3065 Israel
3422 3019 3666 3064 contem-

400 3115 420 3148 ς
456 3096 564 3152 cati
599 3095 872 3150 revocavit
903 3109 987 3149 me
1007 3094 1159 3148 vobis
1175 3093 1497 3163 gaudentem
1532 3092 1585 3146 in
1609 3094 1833 3148 victoria
1860 3109 1976 3158 sua,
2009 3084 2052 3147 C
2091 3114 2109 3146 ‹
2153 3096 2285 3166 psit,
2325 3105 2382 3151 et
2429 3098 2524 3152 tibi
2579 3099 2855 3153 interitum
2908 3099 3218 3153 minabatur
3264 3099 3490 3154 dicens:
3529 3098 3662 3154 Cum

399 3207 418 3238 ι
459 3187 512 3241 in
550 3186 804 3240 evasione
842 3200 959 3239 mea
983 3194 1037 3239 et
1066 3184 1121 3238 in
1167 3183 1487 3239 liberatione
1508 3192 1706 3250 vestra.
1739 3182 1968 3239 Conﬁte-

398 3293 420 3327 ι
455 3275 589 3329 mini
616 3274 693 3328 illi
721 3287 929 3340 omnes,
961 3272 1217 3342 quoniam
1247 3272 1451 3336 bonus,
1494 3273 1749 3341 quoniam
1797 3273 1851 3326 in
1879 3289 1979 3327 sa:-

398 3383 419 3416 ‹
457 3363 634 3420 culum
660 3363 1028 3418 misericordia
1064 3361 1197 3431 ejus.
1234 3382 1252 3414 ι
1297 3361 1509 3417 Profert
1532 3361 1715 3416 Iudith
1767 3362 1819 3416 in
1848 3378 1980 3421 cou-

392 3462 580 3525 spectu
611 3452 791 3523 populi
821 3461 984 3522 caput
1010 3450 1332 3515 Holofernis,
1359 3460 1412 3506 et
1438 3451 1673 3509 ostendit
1695 3451 1797 3511 illis
1817 3469 1982 3511 cono.

391 3563 554 3619 peum
597 3544 713 3615 ejus
740 3586 754 3613 ,
803 3546 858 3600 in
897 3561 1002 3615 quo
1040 3546 1390 3601 recumbebat
1440 3547 1495 3600 in
1545 3548 1807 3603 ebrietate
1841 3563 1975 3603 sua:

392 3655 517 3697 cum
555 3647 746 3694 sancta
770 3638 1010 3693 Ecclesia
1053 3647 1285 3694 mentem
1336 3640 1621 3708 superbam
1649 3641 1853 3710 antiqui
1883 3641 1982 3694 ho-

393 3732 493 3786 stis
519 3730 766 3786 fidelibus
792 3744 1043 3785 sermone
1072 3728 1247 3783 lucido
1268 3730 1510 3799 exponit,
1533 3739 1588 3785 et
1609 3731 1789 3786 dolum
1813 3732 1976 3798 illius,

393 3823 448 3879 in
474 3838 579 3893 quo
608 3822 814 3878 malitia
836 3821 1028 3892 plenus
1057 3820 1381 3884 conﬁdebat,
1414 3822 1518 3877 illis
1542 3832 1726 3893 aperte
1753 3824 1975 3891 revelat,

392 3923 454 3969 ut
490 3914 664 3970 sciant
687 3921 903 3983 quanta:
928 3911 1303 3982 perversitatis
1345 3912 1597 3967 inimicus
1620 3914 1858 3983 ipsorum
1883 3915 1974 3981 sit,

391 4010 449 4058 et
490 4010 696 4072 quanta
743 4001 942 4071 pietate
993 4000 1375 4071 omnipotentis
1421 4001 1517 4056 Dei
1580 4003 1680 4056 sub
1740 4004 1978 4060 dominio

393 4095 631 4151 ﬁdelium
677 4094 979 4149 animarum
1033 4103 1318 4164 superatus
1351 4103 1511 4165 atque
1560 4097 1807 4152 redactus
1851 4106 1974 4161 est;

390 4204 528 4261 quas
560 4188 753 4244 illaesas
782 4189 850 4243 ab
887 4188 1033 4242 omni
1089 4187 1278 4243 fraude
1330 4188 1502 4243 hostis
1548 4197 1604 4243 et
1643 4190 1978 4245 contamina-

393 4281 541 4335 tione
562 4280 765 4334 erroris
791 4279 1057 4350 protectio
1090 4278 1272 4333 divina
1302 4279 1613 4344 custodivit,
1665 4288 1723 4334 ut
1750 4279 1833 4335 his
1862 4295 1978 4335 om-

393 4372 552 4426 nibus
596 4370 832 4441 perfecte
873 4369 1069 4439 agnitis
1115 4367 1389 4424 Conditori
1422 4384 1521 4423 suo
1550 4378 1711 4439 atque
1742 4370 1971 4424 Redem-

391 4462 533 4531 ptori
576 4476 676 4530 pro
714 4461 817 4514 hoc
843 4459 1138 4528 condignas
1168 4460 1369 4526 gratias
1399 4467 1581 4528 agant,
1623 4468 1783 4528 atque
1817 4460 1975 4516 devo-

395 4566 478 4611 tas
504 4555 692 4609 laudes
729 4555 1064 4608 incessanter
1103 4552 1360 4607 referant.
1405 4552 1540 4607 llinc
1583 4561 1685 4617 cst,
1716 4553 1856 4622 quod
1881 4568 1976 4621 pa-

394 4658 510 4702 stor
537 4644 792 4701 Ecclesia
814 4643 1086 4697 auditores
1109 4658 1235 4697 suos
1272 4643 1549 4697 admonuit
1578 4643 1760 4697 dicens
1787 4660 1797 4697 :
1832 4663 1849 4694 ι
1883 4645 1976 4699 So-

394 4739 495 4793 brii
539 4745 733 4800 estote,
777 4734 902 4803 quia
951 4734 1295 4789 adversarius
1320 4742 1498 4789 vester
1542 4734 1807 4802 diabolus,
1858 4745 1977 4792 tan-

394 4845 556 4899 quam
580 4828 665 4883 leo
696 4827 914 4896 rugiens
933 4825 1127 4880 circuit
1146 4840 1394 4894 quzerens
1417 4840 1577 4895 quem
1604 4824 1844 4891 devoret,
1885 4830 1973 4883 cui

395 4920 635 4974 resistite
671 4916 838 4971 fortes
865 4917 919 4970 in
944 4916 1046 4970 ﬁde
1074 4915 1125 4988 (Ι
1156 4915 1299 4971 Patr.
1333 4915 1406 4986 v).
1446 4936 1466 4969 ι
1518 4916 1654 4972 ll‘nc
1680 4926 1736 4972 et
1777 4918 1974 4975 Paulus

399 5013 516 5066 ait:
561 5028 581 5061 ‹
616 5008 829 5074 Timeo,
877 5021 946 5061 ne
966 5007 1106 5062 sicut
1134 5022 1357 5077 serpens
1396 5009 1607 5063 seduxit
1634 5008 1803 5063 Evam
1830 5020 1978 5066 astu-

398 5104 474 5158 tia
501 5116 623 5164 sua,
655 5100 729 5153 ita
754 5106 809 5154 et
834 5112 1024 5153 sensus
1047 5098 1215 5153 vestri
1244 5107 1703 5169 corrumpantura
1724 5101 1971 5167 veritate,

399 5208 520 5264 quae
542 5199 629 5246 est
651 5190 704 5244 in
725 5189 940 5244 Christo
961 5186 1086 5244 Iesu
1110 5190 1339 5244 Domino
1386 5199 1569 5243 nostro
1610 5188 1659 5259 (I
1686 5188 1807 5243 Cor.
1838 5190 1968 5261 x1)»

399 5284 461 5338 Et
493 5283 620 5337 item
649 5297 662 5334 :
697 5298 716 5331 ι
750 5277 1163 5342 Confortatnini,
1216 5280 1404 5349 inquit,
1444 5279 1498 5333 in
1524 5279 1769 5341 Domino.
1807 5289 1863 5335 et
1917 5282 1971 5336 in

394 5373 638 5447 potentia
669 5371 885 5426 virtutis
908 5370 1045 5439 ejus,
1093 5380 1147 5425 et
1177 5370 1381 5423 induite
1405 5385 1502 5425 vos
1534 5380 1808 5425 armatura
1854 5371 1970 5438 Dei,

396 5476 458 5523 ut
488 5466 706 5540 possitis
742 5473 890 5520 stare
929 5463 1189 5518 adversus
1212 5461 1435 5516 insidias
1459 5460 1673 5515 diaboli.
1704 5462 1839 5530 Quia
1865 5479 1970 5519 non

395 5568 481 5614 est
512 5558 668 5613 nobis
689 5554 996 5612 colluctatio
1020 5555 1276 5609 adversus
1311 5568 1527 5608 carnem
1549 5561 1604 5608 et
1633 5554 1971 5625 sanguinem,

398 5650 493 5705 sed
516 5649 777 5705 adversus
804 5646 1075 5719 principes
1093 5656 1148 5702 et
1169 5654 1483 5717 potestates,
1512 5647 1972 5707 adversusmundi

2090 3203 2109 3235 ‹
2154 3192 2341 3253 raptus
2371 3184 2531 3240 fuerit
2560 3187 2787 3256 populus
2813 3186 3000 3253 lsrael,
3022 3187 3495 3257 gladio‘perforare
3525 3204 3664 3259 pree-

2088 3288 2107 3322 σ
2149 3272 2347 3342 cipiam
2417 3273 2584 3328 latera
2607 3282 2718 3329 tua.
2758 3275 2957 3331 Videns
3019 3284 3200 3331 autem
3250 3275 3453 3331 Achior
3503 3286 3665 3346 caput

2087 3381 2105 3417 ι
2151 3362 2477 3432 Holofernis,
2502 3366 2839 3437 angustiatus
2866 3382 2978 3436 pne
3020 3382 3220 3437 pavore
3250 3369 3450 3424 cecidit
3480 3370 3535 3424 in
3584 3369 3661 3423 fa-

2089 3473 2107 3507 ι
2151 3457 2290 3512 ciem
2321 3472 2484 3527 super
2518 3464 2744 3522 terram,
2774 3464 2831 3512 et
2854 3458 3100 3512 mstuavit
3136 3459 3314 3513 anima
3346 3460 3482 3530 ejus.
3514 3460 3663 3516 Post-

2088 3565 2107 3598 ι
2153 3562 2218 3603 ea
2246 3562 2397 3613 vero,
2421 3546 2547 3616 quia
2584 3556 2862 3618 resumpto
2889 3549 3080 3618 spiritu
3108 3559 3386 3606 recreatus
3412 3559 3518 3617 est,
3538 3567 3661 3623 pro-

2086 3657 2105 3691 ι
2150 3639 2283 3694 cidit
2316 3639 2384 3693 ad
2407 3639 2572 3709 pedes
2617 3638 2736 3707 ejus
2757 3647 2812 3694 et
2836 3639 3083 3695 adoravit
3109 3655 3249 3696 eam.
3286 3662 3305 3695 ι
3333 3641 3439 3697 Per
3461 3643 3662 3699 Achior

2081 3728 2272 3785 ducem
2325 3729 2781 3795 Ammonitarum,
2837 3738 2897 3783 ut
2936 3744 3097 3799 supra
3148 3731 3407 3798 diximus,
3466 3733 3657 3804 pagani

2084 3821 2200 3875 sive
2245 3820 2485 3875 haeretici
2530 3819 2904 3891 designantur,
2963 3822 3204 3891 quicum
3242 3823 3494 3878 viderent
3542 3840 3658 3879 san-

2078 3919 2225 3968 ctam
2261 3911 2558 3967 Ecclesiam
2598 3927 2696 3983 per
2721 3912 2878 3969 ﬁdem
2925 3916 3280 3970 constantiam
3336 3917 3572 3973 hostium
3597 3933 3659 3972 ac

2077 4009 2489 4071 persecuturum
2536 4017 2757 4057 suorum
2795 4003 3131 4059 ferocitatem
3183 4020 3464 4076 superare,
3496 4008 3657 4064 nimio

2077 4105 2280 4160 pavore
2326 4091 2574 4146 concussi
2606 4106 2636 4145 a
2667 4095 3004 4149 contumacia
3071 4096 3325 4153 elationis
3375 4113 3491 4154 sua:
3540 4114 3656 4154 cor-

2078 4189 2264 4245 ruunt,
2294 4189 2459 4251 atque
2485 4192 2729 4237 sanctam
2754 4184 3051 4240 Ecclesiam
3074 4190 3326 4243 venerari
3355 4190 3525 4246 nimio
3553 4201 3656 4247 ter-

2078 4286 2203 4325 rore
2230 4269 2644 4340 compelluntur,
2679 4272 2867 4343 sicque
2910 4289 3030 4329 cum
3062 4278 3390 4346 sequacibus
3434 4282 3548 4337 suis
3569 4296 3653 4335 er-

2078 4375 2256 4415 rorem
2283 4375 2438 4414 suum
2465 4361 2793 4432 relinquere,
2839 4374 3000 4434 atque
3058 4366 3294 4422 ﬁdelium
3344 4386 3572 4427 numero
3600 4388 3653 4427 se

2078 4466 2174 4521 per
2194 4451 2511 4506 catholicam
2543 4452 2958 4522 confessionem,
3001 4457 3421 4528 etbaptismatis
3470 4478 3652 4533 perce-

2080 4544 2316 4615 ptionem
2344 4546 2617 4601 associare
2667 4546 2944 4602 festinant.
2972 4548 3124 4605 Unde
3162 4566 3263 4620 per
3299 4552 3497 4609 Isaiam
3528 4557 3656 4611 dici-

2079 4643 2208 4689 tur:
2245 4654 2263 4685 ‹
2310 4636 2541 4692 Venient
2575 4637 2643 4691 ad
2682 4644 2736 4691 te
2772 4638 2921 4693 curvi
2963 4639 3055 4694 lilii
3091 4656 3301 4709 eorum,
3343 4646 3436 4714 qui
3478 4656 3530 4702 te
3559 4647 3653 4702 hu-

2078 4722 2440 4789 miliaverunt,
2466 4732 2529 4778 et
2559 4725 2862 4780 adorabunt
2918 4728 3144 4798 vestigia
3194 4733 3394 4799 pedum
3447 4744 3651 4791 tuorum

2078 4827 2285 4875 omnes,
2312 4814 2402 4881 qui
2432 4812 2791 4868 detrahebant
2829 4816 2946 4880 tibi,
2985 4820 3256 4873 vocabunt
3283 4829 3336 4876 te
3378 4823 3649 4881 civitatem

2076 4900 2309 4967 Domini,
2351 4900 2480 4956 Sion
2507 4903 2678 4959 sancti
2703 4904 2865 4958 Israel
2890 4904 3042 4977 (Isai.
3071 4906 3181 4978 ιι).
3208 4928 3227 4961 ι

2668 5031 2896 5090 CAPUT
2935 5035 3072 5090 XIV.

2077 5121 2264 5176 Iudith
2295 5122 2812 5197 populo_consilium
2867 5128 3057 5197 prwbet
3094 5139 3173 5194 ut,
3206 5148 3455 5189 exeumes
3502 5146 3644 5190 extra

2148 5202 2349 5275 portus,
2379 5194 2543 5247 armis
2592 5194 2916 5266 perstrepant
2947 5209 3001 5252 ut
3039 5200 3267 5270 Assyriis
3311 5215 3505 5259 metum
3529 5206 3650 5275 inji-

2148 5271 2310 5317 ctam.

2153 5393 2171 5426 ι
2211 5376 2354 5431 Dixit
2382 5376 2569 5435 Iudith
2617 5381 2685 5436 ad
2722 5397 2939 5438 omnem
2974 5384 3227 5455 populum
3261 5404 3275 5440 :
3305 5387 3503 5443 Audite
3540 5403 3640 5454 me,

2079 5483 2098 5517 ι
2146 5466 2365 5535 fratres,
2397 5472 2714 5541 suspendite
2759 5475 2863 5531 hoc
2895 5485 3055 5547 caput
3102 5493 3266 5548 super
3316 5495 3500 5534 muros
3545 5492 3648 5532 no-

2080 5579 2098 5612 ι
2145 5572 2310 5617 stros.
2339 5563 2406 5617 Et
2438 5564 2563 5631 erit,
2591 5582 2714 5621 cum
2743 5569 2939 5624 exierit
2966 5570 3065 5636 sol,
3103 5572 3334 5642 accipiat
3359 5570 3645 5640 unusquis-

2081 5670 2097 5702 ς
2142 5667 2248 5720 que
2275 5668 2426 5709 arma
2455 5670 2572 5724 sua,
2610 5665 2664 5711 et
2688 5658 2831 5714 exite
2863 5676 2984 5716 cum
3025 5662 3248 5734 impetu,
3297 5679 3402 5719 non
3446 5672 3502 5717 ut
3544 5660 3643 5715 de-
