3876 6136
266 334 374 393 επ

1386 328 1749 395 ΕΧΡΟΞΙἸΊΟ
1788 340 1851 395 IN
1893 340 2151 398 LIBRUM
2189 342 2455 399 JL’DI'I'H.

3455 353 3559 415 578

343 446 623 506 scendatis
656 447 930 516 deorsum,
957 448 1054 504 sed
1077 440 1233 520 quasi
1287 450 1549 522 impetum
1580 450 1862 508 facientes.
1891 456 1941 517 Α
1971 455 2112 521 tulit,
2137 464 2299 527 atque
2344 458 2398 511 in
2424 456 2504 512 eis
2533 454 2952 515 famosissimum
2976 458 3260 515 victoriam
3289 465 3356 518 de
3390 463 3571 527 Ιιοθιία

272 562 293 589 ο
344 541 506 599 Tunc
541 539 911 611 exploratores
967 554 1190 596 necesse
1242 542 1365 608 erit,
1422 553 1482 597 ut
1539 543 1751 615 fugiant
1800 545 1869 600 ad

275 651 294 683 ι
343 631 653 703 principem
682 645 839 685 suum
866 631 1212 686 excitandum
1240 632 1307 686 ad
1346 646 1599 703 pugnam.
1628 632 1869 704 Cumque

274 741 292 772 ι
338 723 514 777 duces
541 737 730 777 eorum
773 718 1113 775 cucurreri'ut
1164 722 1231 775 ad
1265 723 1674 778 tabernaculum
1706 724 1870 779 llolo-

274 829 292 860 ι
346 809 544 876 fernis,
575 817 631 864 et
687 809 993 863 invenerint
1044 824 1166 863 eum
1207 821 1456 869 truncum
1495 813 1548 866 in
1596 828 1694 868 suo
1745 830 1870 869 san-

273 924 290 952 ι
338 902 509 973 guine
546 901 870 965 volutatum,
916 900 1127 955 decidet
1159 917 1321 970 super
1369 916 1463 958 eos
1495 903 1674 958 timor.
1707 903 1869 957 Cum-

274 1015 292 1046 ς
342 1010 457 1065 que
480 994 843 1065 oognoveritis
868 991 1053 1065 fugere
1101 1010 1216 1059 eos,
1247 994 1321 1050 ite
1350 1002 1470 1067 post
1521 995 1641 1050 illos
1669 996 1866 1062 securi,

275 1106 292 1135 ι
343 1084 610 1156 quoniam
666 1083 930 1138 Dominus
962 1092 1210 1138 conteret
1238 1098 1333 1138 eos
1382 1084 1481 1138 sub
1510 1085 1738 1154 pedibus
1777 1100 1870 1139 ve-

274 1195 293 1229 ι
342 1176 502 1232 stris.
541 1195 559 1228 ι
614 1175 780 1231 Docet
840 1174 1080 1231 Ecclesia
1153 1184 1399 1231 materno
1449 1176 1643 1232 affectu
1704 1188 1868 1247 atque

268 1264 581 1337 magistrali
606 1264 932 1320 auctoritate
984 1264 1124 1320 filios
1172 1281 1319 1333 suos,
1369 1268 1603 1336 qualiter
1655 1268 1866 1324 hostem

266 1356 618 1427 spiritualem
657 1355 1037 1425 insequantur,
1066 1355 1275 1412 scilicet
1300 1367 1357 1411 ut
1383 1373 1506 1412 cum
1529 1359 1725 1413 exierit
1763 1359 1864 1425 sol,

267 1449 611 1519 suspendant
636 1456 796 1516 caput
825 1448 1029 1503 inimici
1059 1449 1140 1503 sui
1168 1463 1330 1518 super
1359 1465 1543 1505 muros
1570 1465 1731 1516 suos;
1765 1451 1869 1505 hoc

269 1549 383 1605 est,
422 1555 547 1595 cum
571 1540 837 1595 serenitas
866 1539 1062 1593 divina:
1097 1539 1417 1610 placationis
1450 1550 1505 1595 et
1532 1542 1749 1611 superni
1776 1557 1866 1597 so-

266 1631 395 1685 latii
427 1629 534 1685 illis
583 1629 1000 1699 resplenduerit,
1058 1644 1182 1684 mox
1213 1630 1506 1684 contritam
1561 1632 1865 1701 superbiam

267 1719 453 1773 hostis
489 1717 697 1787 antiqui
748 1717 996 1772 doctrina
1051 1718 1361 1788 evangelica
1401 1734 1506 1789 qua
1552 1721 1863 1776 muniuntur

1972 546 2075 601 bus
2115 547 2231 601 suis
2283 547 2526 616 percepit
2575 566 2587 601 :
2639 555 2698 603 ut
2742 547 3000 618 figuraret
3037 549 3247 606 futuros
3289 553 3566 629 Evangelii

1969 649 2266 704 praecones,
2298 636 2494 705 quibus
2530 636 2837 693 colluctatio
2866 653 2973 693 non
3004 650 3125 694 erat
3149 645 3387 712 gerenda
3430 630 3564 703 con-

1970 733 2055 779 tra
2079 718 2301 781 carnem
2337 737 2390 782 et
2422 728 2762 799 sanguinem,
2785 730 2878 784 sed
2904 731 3167 787 adversus
3190 734 3463 806 principes
3500 748 3559 794 et

1967 824 2265 885 potestates
2308 818 2463 872 istius
2505 819 2710 883 steculi,
2760 820 3022 876 adversus
3070 823 3256 877 mundi
3313 839 3563 885 rectores

1970 907 2313 960 tenebrarum
2354 907 2568 973 harum,
2616 916 2805 963 contra
2835 910 3139 978 spiritualia
3192 914 3451 982 nequitia:
3506 917 3563 972 in

1969 996 2302 1062 ccelestihus,
2332 1013 2466 1053 voce
2511 998 2913 1067 praedicationis
2941 1008 2997 1054 et
3024 1001 3409 1059 miraculorum
3453 1006 3562 1061 ful-

1970 1101 2097 1158 gere
2128 1090 2322 1159 magis,
2354 1104 2514 1158 quam
2542 1104 2821 1143 armorum
2852 1092 3309 1160 conquassatione
3356 1102 3564 1150 terrere

1970 1189 2134 1248 atque
2180 1194 2440 1249 superare
2497 1181 2683 1234 hostes
2733 1180 3034 1236 universos.
3095 1182 3162 1236 Et
3218 1182 3359 1238 infra
3409 1186 3563 1253 dicit,

1970 1270 2219 1340 Assyrios
2266 1285 2373 1323 non
2415 1269 2679 1324 adunatos
2733 1271 2789 1323 in
2839 1267 3022 1340 fugam
3066 1285 3186 1325 esse
3232 1273 3561 1344 praecipites,

1970 1360 2110 1415 filios
2147 1369 2327 1417 autem
2379 1361 2548 1416 Israel
2595 1378 2701 1417 uno
2742 1363 2958 1431 agmine
3006 1379 3101 1417 eos
3138 1377 3562 1438 persequentes;

1969 1455 2095 1523 quia
2123 1469 2453 1524 paganorum
2488 1464 2542 1509 et
2574 1456 2973 1519 Inereticorum,
3007 1464 3058 1509 et
3085 1458 3326 1510 omnium
3362 1460 3555 1528 impio—

1969 1560 2089 1599 rum
2126 1545 2451 1615 multiplices
2481 1555 2606 1601 sunt
2643 1561 2880 1610 errores,
2914 1555 2970 1601 et
3016 1547 3165 1600 varia
3202 1548 3554 1618 iniquitatuzn

1969 1634 2146 1699 devia,
2175 1636 2230 1689 in
2269 1636 2467 1706 quibus
2507 1637 2733 1706 dispersi
2772 1652 3046 1707 nunquam
3078 1653 3136 1692 se
3170 1641 3479 1695 ooadunare
3503 1643 3555 1697 in

1972 1727 2055 1780 via
2099 1727 2324 1797 justitiaa
2369 1739 2614 1798 possunt.
2668 1730 2904 1799 Populus
2954 1739 3133 1785 autem
3179 1732 3297 1798 Dei,
3350 1744 3404 1788 et
3446 1736 3561 1789 veri

266 1807 559 1863 credentes
587 1807 838 1864 omnibus
884 1807 1235 1878 patefaciant,
1269 1816 1323 1863 et
1344 1808 1516 1863 induti
1549 1809 1716 1864 armis
1761 1824 1865 1866 ete-

1973 1818 2313 1877 confessores
2357 1819 2563 1877 Christi
2594 1838 2700 1877 uno
2737 1823 2972 1892 agmine,
3009 1825 3113 1879 hoc
3142 1831 3252 1888 est,
3299 1840 3405 1879 uno
3433 1823 3560 1880 fidei

264 1898 525 1964 testibus,
555 1898 609 1952 id
636 1906 741 1964 est,
769 1906 925 1953 scuto
954 1897 1098 1963 ﬁdei,
1129 1897 1295 1953 lorica
1315 1898 1563 1969 justitize,
1599 1900 1750 1972 galea
1778 1915 1866 1954 sa-

266 1990 423 2056 lutis,
455 1989 633 2060 gladio
659 1989 902 2059 spiritus,
928 1990 1072 2059 quod
1123 1998 1204 2043 est
1238 1988 1462 2044 verbum
1494 1988 1613 2055 Dei,
1644 2004 1750 2044 non
1773 2004 1862 2044 se-

264 2083 474 2156 gniter,
513 2082 609 2138 sed
636 2079 852 2135 fortiter
881 2078 1224 2134 inimicorum
1275 2094 1504 2135 cuneum
1533 2095 1863 2150 persequan-

268 2184 384 2229 tur.
415 2172 486 2227 At
512 2171 589 2226 illi
614 2170 928 2226 obedientes
956 2170 1075 2224 voci
1104 2170 1382 2241 magistrae
1405 2185 1501 2239 per
1521 2170 1724 2237 omnia,
1756 2171 1864 2226 sic-

264 2276 327 2321 ut
358 2248 525 2320 erant
554 2262 753 2327 edocti,
814 2260 890 2315 ita
929 2260 1155 2315 faciunt.
1214 2261 1363 2315 Unde
1409 2262 1656 2316 exterriti
1704 2263 1866 2318 duces

264 2354 492 2410 adversi
538 2352 813 2408 exercitus
849 2352 916 2405 ad
960 2351 1259 2422 principem
1310 2367 1466 2406 suum
1496 2352 1864 2407 suscitandum

265 2445 348 2499 ire
415 2451 703 2514 coguntur,
758 2457 882 2497 eum
930 2441 1091 2512 primi
1144 2451 1553 2511 persecutorum
1618 2443 1864 2499 videntes

240 2543 476 2590 .sanctze
500 2533 756 2589 Ecclesiae
794 2534 1056 2588 unitatem
1084 2543 1142 2589 et
1166 2532 1415 2588 fiduciam
1446 2543 1634 2590 contra
1656 2551 1716 2591 se
1746 2551 1867 2591 ere-

266 2637 440 2692 ctam,
472 2626 542 2681 ad
582 2626 725 2681 idola
770 2641 869 2681 sua
898 2635 953 2680 et
1002 2624 1135 2681 falsa
1185 2626 1406 2680 numina
1444 2637 1775 2682 concurrunt
1808 2636 1868 2682 ut

264 2734 462 2775 eorum
497 2717 797 2772 munimine
824 2725 1192 2788 protegantur.
1227 2708 1331 2772 Sed
1362 2733 1484 2772 cum
1528 2718 1595 2772 ad
1617 2733 1710 2773 eos
1738 2733 1866 2773 con-

267 2810 537 2882 fugerint,
562 2810 837 2866 invenient
866 2810 986 2867 illos
1031 2810 1280 2866 foeditate
1328 2813 1559 2883 propriae
1606 2813 1863 2883 nequitia:

266 2917 397 2957 esse
421 2901 822 2972 spurcissimos,
860 2916 962 2956 nec
988 2903 1068 2956 eis
1091 2902 1308 2971 aliquod
1336 2904 1588 2958 solatium
1616 2902 1864 2959 conferre

264 3007 452 3063 posse,
487 3008 612 3047 cum
640 2991 741 3062 ipsi
786 2992 935 3047 omni
961 2993 1161 3048 virtute
1186 3001 1347 3064 atque
1376 2994 1570 3049 robore
1616 3003 1743 3049 sunt
1771 2995 1864 3049 de-

264 3086 469 3141 stituti.
505 3084 656 3141 Unde
702 3083 839 3156 fuga:
889 3085 1142 3156 prasidio
1192 3101 1252 3141 se
1294 3085 1504 3141 salvare
1557 3097 1860 3159 sperantes,

1970 1916 2156 1964 tenore
2189 1912 2437 1968 veritatis
2468 1914 2739 1970 tramitem
2785 1922 3037 1985 pergunt,
3071 1922 3126 1970 et
3150 1924 3356 1971 certam
3384 1917 3558 1973 victo-

1968 2001 2103 2055 riam
2132 2003 2201 2057 de
2230 2004 2671 2071 persecutoribus
2700 2006 2813 2060 suis
2845 2008 3082 2076 capiunt.

2043 2110 2061 2142 ι
2100 2090 2352 2162 Misitque
2400 2093 2562 2149 Ozias
2592 2096 2812 2151 nuntios
2846 2112 2946 2166 per
2989 2112 3179 2153 omnes
3211 2100 3460 2155 civitates
3501 2109 3557 2155 et

1971 2197 1991 2230 ι
2029 2181 2280 2251 regiones
2327 2182 2512 2239 Israel.
2558 2184 2748 2240 Omnis
2812 2187 2997 2256 itaque
3046 2188 3218 2258 regio,
3273 2192 3561 2258 omnisque

1974 2291 1990 2324 ε
2029 2274 2159 2329 urbs
2189 2275 2414 2330 electam
2436 2274 2778 2344 juventutem
2810 2288 3075 2331 armatam
3112 2279 3261 2332 misit
3291 2288 3413 2350 post
3438 2295 3554 2346 eos,

1970 2383 1987 2415 ι
2027 2353 2374 2435 ρι’ρεέεθειιιί
2402 2374 2528 2420 sunt
2559 2382 2652 2422 eos
2681 2369 2731 2423 in
2764 2383 2859 2424 ore
2893 2369 3073 2439 glalii,
3114 2386 3394 2441 quousque
3429 2387 3555 2440 pl‘F-

1971 2475 1990 2509 ί
2028 2458 2277 2512 venirent
2317 2459 2383 2513 ad
2414 2461 2811 2515 extremitatem
2847 2460 3034 2517 finium
3068 2480 3310 2519 suorum.
3342 2464 3554 2533 Reliqui

1923 2575 1927 2579 ε
1970 2564 1989 2597 ι
2036 2556 2238 2615 autem,
2267 2549 2360 2618 qui
2384 2559 2543 2604 erant
2568 2550 2622 2603 in
2654 2550 2925 2618 BeLIiulia,
2956 2552 3185 2625 ingressi
3216 2563 3342 2609 sunt
3374 2565 3555 2609 castra

1970 2653 1989 2686 ι
2031 2635 2398 2707 Assyriorum,
2436 2648 2490 2694 et
2529 2641 2789 2711 prmdam,
2838 2658 3001 2712 quam
3042 2641 3311 2714 fugientes
3347 2644 3556 2716 Assyrii

1970 2740 1988 2774 ι
2035 2724 2388 2795 reliquerant,
2433 2727 2792 2792 abstulerunt,
2826 2739 2878 2783 et
2905 2732 3143 2783 onustati
3166 2742 3292 2786 sunt
3318 2731 3492 2786 valde.
3528 2751 3550 2784 ι

1962 2814 2143 2882 Ozias,
2174 2818 2269 2887 qui
2308 2819 2695 2888 interpretatur
2730 2820 2889 2873 robur
2928 2821 3162 2886 Domini,
3207 2824 3427 2877 nuntios
3458 2839 3555 2893 per

1962 2923 2152 2963 omnes
2174 2908 2423 2964 civitates
2446 2917 2501 2964 et
2535 2910 2783 2980 regiones
2814 2909 2978 2965 lsrael
3007 2912 3192 2976 mittit,
3224 2921 3279 2965 et
3305 2912 3557 2966 hortatur

1963 3014 2061 3054 eos
2089 2999 2277 3053 venire
2304 2999 2372 3054 ad
2417 3001 2821 3070 persequendos
2861 3000 3062 3065 hostes,
3096 3016 3221 3056 cum
3258 3003 3556 3057 Strenuitas

1965 3095 2277 3142 sanctorum
2302 3088 2745 3158 prmdieatorum,
2785 3087 2876 3158 qui
2919 3089 3024 3143 fide
3052 3087 3250 3143 Christi
3281 3087 3556 3144 conforta—

264 3177 587 3246 relinquunt
610 3176 813 3241 omnia,
851 3192 974 3231 cum
997 3177 1194 3246 quibus
1241 3156 1610 3248 temporaliter
1660 3194 1718 3235 se
1754 3195 1859 3235 οω-
1889 3156 1935 3218 C
1970 3177 2008 3233 ti
2053 3186 2199 3242 sunt,
2230 3156 2328 3248 per
2358 3178 2583 3232 verbum
2614 3156 2888 3248 Evangelii
2919 3192 3111 3233 omnes
3138 3178 3327 3233 incitat
3362 3188 3555 3234 contra

263 3271 407 3324 teris
453 3267 722 3322 excellere
757 3282 917 3338 posse
970 3269 1280 3333 credebant,
1325 3276 1379 3323 et
1419 3285 1516 3340 per
1544 3285 1856 3342 camporum

263 3359 387 3411 vias
418 3365 473 3411 et
514 3358 733 3433 semitas
773 3358 990 3413 collium
1024 3358 1446 3429 disperguntur;
1487 3362 1614 3431 quia
1643 3378 1749 3417 non
1776 3372 1861 3419 est

264 3446 473 3511 virtus,
503 3460 678 3515 neque
707 3445 1015 3511 consilium,
1046 3462 1221 3517 neque
1267 3450 1510 3519 potentia
1558 3453 1698 3520 apud
1742 3467 1857 3520 eos,

267 3539 363 3608 qui
395 3544 592 3591 contra
618 3537 904 3592 Dominum
935 3537 1201 3595 rebellare
1224 3541 1536 3611 disponunt,
1568 3545 1707 3598 sicut
1727 3546 1861 3600 scri-

271 3641 432 3702 ptum
462 3639 549 3685 est
585 3648 597 3683 :
635 3650 653 3685 ι
687 3629 805 3685 Non
830 3640 911 3684 est
936 3632 1241 3700 prudentia,
1292 3648 1397 3688 non
1442 3642 1525 3690 est
1574 3636 1857 3705 sapientia,

267 3745 383 3784 non
415 3736 504 3785 est
531 3728 812 3784 consilium
849 3736 1038 3783 contra
1065 3727 1373 3782 Dominum.
1408 3748 1426 3780 ι
1463 3730 1529 3785 Ει
1553 3728 1816 3789 Jeremias
1843 3746 1858 3786 :

275 3840 293 3871 ι
339 3819 462 3874 Non
486 3817 724 3890 eﬂugiet,
772 3817 972 3887 inquit,
1021 3817 1198 3884 velox,
1230 3834 1331 3874 nec
1375 3819 1571 3874 salvari
1601 3836 1659 3875 se
1711 3831 1862 3891 putet

266 3909 453 3965 fortis.
490 3908 613 3965 Dies
644 3916 823 3962 autem
856 3906 1067 3961 Domini
1106 3908 1443 3983 exercituum
1472 3918 1649 3964 sumet
1692 3911 1863 3965 vindi-

267 4009 419 4055 ctam
446 3999 514 4052 de
539 3998 769 4053 inimicis
800 4000 933 4064 suis,
981 3998 1262 4053 devorabit
1307 3999 1517 4069 gladius
1546 4007 1601 4054 et
1652 4009 1863 4056 satura-

268 4090 449 4155 bitur,
473 4098 530 4143 et
550 4087 907 4144 inebriabitur
938 4089 1200 4157 sanguine
1247 4103 1435 4143 eorum
1463 4086 1599 4158 (Jer.
1629 4088 1792 4162 XLVI).
1837 4110 1856 4143 ι

872 4200 1101 4257 CAPUT
1151 4200 1271 4255 XV.

272 4291 520 4364 Populus
559 4291 800 4363 Assyrios
840 4291 895 4345 in
927 4291 1107 4364 fugam
1132 4292 1279 4346 vertit
1327 4293 1554 4364 sternis
1584 4291 1864 4363 quamplu-

343 4362 500 4417 rimis
535 4362 778 4433 magnum
806 4363 1043 4433 prajdant
1072 4371 1327 4433 reportat:
1354 4362 1605 4433 Joacln'm’
1626 4362 1863 4433 summus

343 4433 586 4502 pontifex
608 4430 670 4485 db
695 4430 1271 4502 Jerusalemrdescendit
1292 4430 1590 4502 Bethuliam
1614 4442 1669 4485 ut
1690 4432 1863 4487 uideat

340 4501 557 4584 tIudith,
619 4518 775 4583 quam
827 4501 1267 4584 bertegictiouibpf
1294 4501 1641 4584 'cpmulavit;
1677 4518 1861 4584 opepﬂu-
1886 4515 1938 4574 D

340 4570 738 4643 (usqueoninia
789 4586 908 4642 quia
943 4570 1153 4639 fuerant
1198 4570 1504 4641 Holofernis
1541 4570 1739 4626 victrici
1763 4570 1859 4643 er-

342 4643 508 4697 minaz
536 4642 759 4712 largitus
784 4649 881 4696 est.

353 4754 373 4785 ι
410 4732 668 4787 Videntes
702 4732 886 4801 itaque
912 4730 1007 4786 ﬁlii
1040 4731 1206 4787 Israel
1229 4730 1518 4802 fugientes,
1538 4731 1708 4787 secuti
1740 4742 1866 4788 sunt

272 4843 294 4877 ¢
334 4823 484 4889 illos,
542 4823 1042 4890 descenderuntque
1087 4821 1399 4892 clangentes
1443 4821 1586 4876 tubis
1639 4831 1696 4876 et
1742 4820 1863 4875 ulu-

273 4933 296 4968 ι
336 4915 517 4968 lantes
543 4920 666 4983 post
688 4913 851 4982 ipsos.
882 4911 952 4965 Et
978 4912 1233 4981 quoniam
1267 4910 1478 4982 Assyrii
1504 4928 1613 4966 non
1643 4911 1864 4967 adunati

273 5025 294 5058 ι
334 5006 397 5059 in
425 5004 607 5074 fugam
648 4990 812 5059 ibant
834 5002 1155 5073 praacipites,
1186 5002 1280 5057 filii
1327 5012 1510 5058 autem
1546 5001 1715 5057 Israel
1753 5017 1863 5057 uno

276 5118 296 5150 ι
335 5096 558 5168 agmine
585 5102 978 5164 persequentes
1007 5092 1359 5148 debilitabant
1380 5106 1571 5146 omnes
1599 5105 1737 5161 quos
1780 5091 1865 5145 in-

277 5209 298 5240 ι
337 5187 531 5242 venire
553 5185 874 5255 potuissent.
914 5204 932 5236 ι
966 5183 1257 5254 Fugientes
1280 5183 1619 5238 adversarios
1646 5182 1864 5237 lsraeli«

268 5296 350 5341 tua
379 5290 783 5354 persequuntur
812 5281 1121 5349 clangentes
1148 5279 1291 5333 tubis
1322 5288 1377 5334 et
1412 5278 1709 5344 ululantes;
1733 5277 1861 5348 quia

265 5377 665 5449 praedicatores
699 5373 873 5428 sancti
900 5386 1010 5426 non
1039 5370 1208 5425 armis
1250 5368 1577 5435 carnalibus,
1607 5370 1704 5424 sed
1732 5370 1860 5425 tuba

267 5466 606 5538 Evangelica
640 5464 876 5519 hostium
907 5462 1093 5531 fugant
1129 5460 1448 5524 exercitum,
1485 5467 1541 5513 et
1576 5458 1860 5513 victoriam

263 5573 499 5618 sumere
531 5563 739 5611 certant
767 5554 834 5608 de
865 5551 1100 5607 inimicis
1138 5551 1272 5605 suis.
1313 5549 1467 5606 Unde
1505 5549 1559 5603 in
1594 5549 1745 5603 libris
1770 5546 1865 5603 Ju—

263 5654 467 5712 dicum
517 5652 735 5708 Gedeon
786 5659 975 5706 contra
1016 5646 1336 5703 Madianitas
1378 5655 1711 5716 pugnaturus
1753 5661 1861 5701 non

262 5750 516 5811 hastam,
545 5744 789 5815 clypeum
810 5751 903 5797 aut
930 5740 1188 5812 gladium,
1211 5737 1304 5794 sed
1332 5742 1487 5794 tubas
1512 5747 1566 5793 et
1588 5738 1864 5808 lampades

1961 3268 2145 3324 hostes
2186 3266 2510 3323 Christianae
2553 3269 2852 3340 religionis,
2899 3278 2955 3323 ut
3005 3279 3152 3325 recte
3199 3270 3470 3325 credendo
3498 3281 3554 3326 et

1960 3361 2100 3416 bene
2125 3361 2402 3432 operando
2432 3361 2773 3417 inimicorum
2799 3362 3050 3417 studeant
3071 3363 3395 3433 prostituere
3420 3361 3556 3416 mul-

1964 3452 2269 3508 titudinem.
2323 3452 2474 3510 Unde
2523 3455 2700 3509 omnis
2744 3456 2876 3510 urbs
2927 3463 2981 3510 et
3039 3455 3344 3511 communis
3400 3455 3552 3526 regio

1962 3546 2191 3603 electam
2235 3546 2575 3617 juventutem
2632 3555 2901 3601 armatam
2952 3547 3100 3601 misit
3128 3556 3248 3617 post
3273 3547 3552 3617 eos;quia

1963 3638 2029 3691 ad
2067 3635 2508 3705 praedicationem
2552 3635 2704 3690 verbi
2734 3633 2830 3689 Dei
2858 3650 2924 3690 ex
2960 3636 3207 3706 gentibus
3237 3645 3399 3704 atque
3426 3651 3553 3704 pro-

1963 3726 2157 3781 vinciis
2184 3727 2425 3797 probatae
2466 3742 2730 3796 personze,
2757 3734 2812 3780 et
2842 3725 3045 3779 viribus
3073 3724 3239 3779 animi
3270 3723 3553 3779 in..efeet;e

1965 3816 2019 3870 in
2050 3818 2243 3871 militia
2270 3815 2482 3872 Domini
2517 3817 2583 3871 ad
2609 3817 2968 3872 conterendos
3002 3816 3185 3871 hostes
3216 3814 3333 3885 ejus
3356 3829 3553 3870 conve-

1964 3905 2161 3969 niunt,
2227 3921 2364 3975 quos
2437 3906 2741 3975 pnevidens
2804 3905 2857 3959 in
2911 3905 3104 3975 spiritu
3168 3904 3335 3959 Isaias
3400 3904 3477 3957 ait
3532 3921 3551 3957 :

1968 4019 1987 4050 ι
2022 4000 2161 4056 Ecce
2184 4000 2261 4054 illi
2298 4000 2364 4055 de
2393 3999 2548 4071 longe
2589 3999 2828 4063 venient,
2860 4007 2915 4053 et
2943 4013 3073 4053 ecce
3098 3997 3174 4052 illi
3206 3997 3275 4052 ab
3297 3996 3552 4067 aquilone

1965 4098 2019 4144 et
2048 4090 2208 4157 mari,
2242 4097 2297 4145 et
2343 4089 2432 4143 isti
2455 4090 2520 4143 de
2567 4096 2709 4142 terra
2756 4086 3000 4141 australi.
3048 4086 3263 4148 Audite.
3319 4085 3467 4153 coeli,
3494 4095 3551 4140 et

1965 4180 2199 4237 exsultet
2221 4190 2365 4236 terra
2394 4199 2407 4233 :
2428 4178 2679 4249 jubilate,
2704 4186 2936 4245 montes,
2954 4178 3185 4242 laudem,
3204 4178 3330 4247 quia
3354 4192 3549 4233 conso-

1966 4275 2107 4331 latus
2141 4283 2225 4330 est
2243 4274 2504 4329 Dominus
2525 4272 2780 4343 populum
2809 4287 2987 4337 suum,
3019 4278 3075 4326 et
3100 4286 3399 4342 pauperum
3428 4285 3554 4325 suo-

1967 4384 2086 4422 rum
2150 4365 2495 4422 miscrehitur
2542 4364 2697 4437 (lsai.
2749 4362 2921 4435 xux).
2989 4383 3008 4417 ›
3061 4363 3129 4419 Et
3179 4364 3318 4419 bene
3356 4363 3555 4418 dicitur

1967 4459 2108 4530 quod
2134 4457 2405 4529 persecuti
2428 4464 2552 4511 sunt
2571 4470 2665 4511 eos
2687 4455 2741 4509 in
2769 4471 2864 4511 ore
2888 4455 3050 4525 gladii
3077 4470 3247 4524 usque
3272 4455 3341 4511 ad
3370 4464 3556 4511 extre-

1970 4552 2213 4606 mitatem
2252 4548 2439 4604 finium
2467 4563 2688 4603 suorum
2708 4588 2722 4613 ,
2750 4546 2877 4617 quia
2911 4563 3018 4601 non
3041 4546 3150 4602 cito
3171 4545 3374 4601 Christi
3399 4546 3556 4603 miles

1965 4640 2129 4696 debet
2165 4654 2389 4695 securus
2438 4651 2581 4700 esse,
2618 4637 2774 4691 hoste
2818 4636 2959 4690 intra
3009 4637 3240 4706 patriam
3276 4644 3554 4704 manente,

1968 4730 2063 4785 sed
2096 4738 2209 4784 toto
2244 4729 2364 4783 nisu
2415 4726 2681 4803 laborare,
2711 4733 2771 4781 ut
2814 4742 2935 4782 eum
2979 4725 3214 4797 expellat
3245 4726 3311 4782 de
3357 4725 3557 4783 ﬁnibus

1968 4818 2397 4877 conversationis
2466 4833 2597 4881 suat,
2641 4817 3029 4886 cegitationum
3074 4817 3301 4883 scilicet,
3355 4818 3553 4873 verbo-

1971 4927 2093 4966 rum
2135 4917 2189 4965 et
2216 4918 2459 4973 actuum,
2493 4924 2559 4963 ne
2586 4907 2745 4973 forte,
2774 4909 2818 4963 si
2843 4908 3036 4963 alicubi
3060 4911 3313 4965 concedit
3337 4910 3409 4965 illi
3451 4911 3552 4966 lia-

1965 5001 2304 5064 bitationem,
2333 5000 2513 5055 subito
2554 5015 2677 5055 eum
2706 4997 2998 5054 confundat
3036 5015 3099 5055 ac
3123 5009 3391 5057 conterat.
3419 5001 3553 5057 Cum

1968 5102 2147 5146 autem
2176 5098 2453 5161 peractum
2479 5088 2639 5145 fuerit
2671 5090 2885 5155 bellum,
2914 5099 3027 5144 tum
3065 5092 3131 5147 de
3152 5092 3306 5148 hoste
3330 5110 3555 5150 securus

1961 5185 2074 5256 jam
2106 5192 2345 5253 reportat
2383 5185 2735 5253 triumphum.

2046 5294 2064 5327 ‹
2111 5274 2178 5329 Hi
2202 5289 2348 5339 vero,
2377 5274 2467 5344 qui
2495 5274 2732 5327 victores
2753 5281 2881 5327 sunt
2908 5273 3114 5328 reversi
3140 5274 3207 5328 ad
3229 5273 3551 5338 Bethuliam,

1980 5384 1997 5417 ι
2036 5364 2218 5420 omnia
2246 5379 2366 5433 quae
2395 5371 2550 5418 erant
2604 5362 2818 5416 illorum
2859 5362 3198 5418 abstulerunt
3244 5379 3448 5427 secum,
3482 5362 3553 5415 ita

1976 5482 1995 5514 ι
2034 5470 2094 5515 ut
2120 5475 2227 5515 non
2254 5467 2399 5514 esset
2425 5472 2684 5512 numerus
2710 5457 2764 5510 in
2794 5456 3080 5527 pecoribus
3105 5466 3158 5512 et
3185 5456 3467 5524 jumentis,
3500 5464 3550 5509 et

1978 5574 1997 5606 r
2035 5552 2304 5609 universis
2343 5550 2630 5607 mobilibus
2658 5564 2867 5612 eorum,
2900 5556 2959 5602 ut
2991 5564 3021 5602 a
3050 5547 3273 5601 minimo
3294 5558 3463 5612 usque
3486 5543 3554 5600 ad

1979 5667 1997 5699 ι
2035 5646 2327 5703 maximum
2359 5657 2550 5697 omnes
2578 5641 2771 5695 divites
2803 5641 2994 5693 ﬁerent
3025 5638 3089 5692 de
3132 5634 3554 5707 pandationibus

1978 5758 1996 5790 ι
2034 5752 2240 5794 eorum.
2276 5756 2292 5786 ι
2336 5734 2536 5790 Intueri
2568 5738 2781 5802 oportet
2815 5731 2959 5801 quod
2986 5728 3117 5783 dicit
3150 5741 3243 5781 eos
3270 5726 3360 5797 qui
3411 5727 3553 5781 intra
