3876 6136
368 361 474 418 579

1021 359 1083 414 Β.
1126 356 1377 412 RABANI
1419 355 1637 411 MAURI
1672 354 2001 411 ARClllEP.
2045 353 2362 423 MOGUNT.
2406 355 2695 412 OPERUM
2735 354 2917 411 PARS
2954 355 2995 410 Ι.

3541 361 3637 418 580

366 476 642 534 civitatem
674 478 1075 537 remanserunt,
1112 470 1457 543 Assyriorum
1490 469 1777 526 abstulisse
1816 484 1951 539 pra:-
1983 482 2030 531 Α
2059 467 2234 521 minas
2261 477 2314 522 et
2341 468 2748 538 persecutiones
2774 466 3044 531 hostium;
3079 466 3389 522 castitatem
3418 474 3635 537 amavit,

367 566 517 630 dam,
542 582 634 621 eos
659 578 790 618 vero
826 563 917 633 qui
942 564 1178 618 victores
1210 560 1278 617 de
1298 560 1447 617 caede
1482 561 1718 615 hostium
1751 558 1954 614 reversi

368 666 512 721 sunt,
553 668 805 725 pecorum
845 662 899 708 et
918 651 1311 722 jumentorum,
1345 661 1400 705 et
1430 652 1807 706 universorum
1840 664 1956 704 mo-

369 748 555 803 bilium
615 746 801 800 tulisse
849 744 1268 800 multitudinem.
1324 744 1458 810 Quia
1490 743 1617 798 licet
1674 741 1951 813 multiplex

367 836 521 890 labor
541 835 613 889 sit
650 836 880 889 militttm
914 834 1137 900 Christi,
1176 851 1283 889 una
1308 844 1486 889 tamen
1525 834 1685 888 debet
1728 848 1849 887 esse
1875 833 1955 886 in-

370 928 540 982 tentio
569 935 624 981 et
645 927 832 981 eadem
865 928 1100 989 devotio,
1122 936 1183 982 ut
1213 926 1470 997 quidquid
1502 925 1570 981 de
1597 926 1832 980 hostium
1864 925 1960 979 ini-

371 1035 476 1089 qua
502 1019 849 1087 possessione
877 1018 1088 1088 eripere
1133 1017 1359 1088 possint,
1390 1016 1455 1070 ad
1492 1024 1746 1069 ornatum
1781 1021 1837 1068 et
1870 1014 1955 1069 di-

373 1110 535 1164 vitias
571 1118 771 1164 sancta:
801 1108 1063 1163 Eeclesim
1107 1116 1449 1172 convertant,
1481 1108 1584 1162 hoc
1614 1118 1723 1170 est,
1763 1121 1957 1160 aurum

368 1202 668 1271 sapientiae,
701 1209 985 1273 argentum
1016 1201 1356 1269 eloquentiae,
1401 1214 1643 1269 gemmas
1682 1199 1959 1254 moralita-

367 1295 518 1348 tisac
538 1281 816 1357 virtutum,
835 1306 1055 1345 necnon
1072 1299 1128 1346 et
1146 1291 1393 1345 homines
1423 1290 1627 1344 carnali
1652 1290 1834 1344 sensui
1862 1288 1957 1343 de-

368 1387 534 1449 ditos,
568 1384 658 1453 qui
692 1383 948 1452 eaptivati
979 1392 1133 1436 erant
1158 1382 1464 1437 idololatria
1500 1390 1552 1434 et
1583 1381 1846 1435 servitute
1869 1380 1953 1434 vi-

369 1478 567 1531 tiorum
591 1476 1130 1545 obnoxii,‘quatenus
1160 1476 1274 1530 lucc
1305 1474 1510 1538 omnia,
1545 1489 1666 1543 qua:
1693 1474 1956 1543 superbus

364 1569 622 1638 Assyrius
659 1576 713 1621 et
744 1568 993 1637 princeps
1014 1566 1196 1621 mundi
1222 1567 1381 1636 hujus
1405 1565 1605 1634 injuste
1625 1564 1950 1634 possidebat,

365 1675 463 1731 per
497 1658 786 1714 bellatores
816 1657 1017 1713 Christi
1049 1655 1356 1710 referantur
1393 1655 1461 1710 ad
1492 1656 1838 1711 honestatem
1875 1653 1956 1709 di-

364 1751 477 1806 vini
521 1749 718 1803 cultus.

2059 558 2181 627 quia
2224 558 2593 613 sinceritatem
2625 558 2747 613 fidei
2778 558 3033 623 servavit,
3076 572 3174 629 per
3214 573 3379 629 quam
3428 572 3637 619 omnem

2059 652 2459 706 multitudinem
2525 649 2762 705 fidelium
2822 651 3113 719 Apostolus
3164 666 3226 706 se
3265 653 3477 710 caelesti
3532 658 3638 729 regi

2059 744 2415 813 desponsasse
2440 743 2774 814 gloriabatur
2800 744 2988 799 dicens
3019 761 3032 798 :
3075 762 3094 794 ι
3140 744 3477 815 Desponsavi
3499 751 3640 805 enim

2058 851 2155 890 vos
2204 836 2294 890 uni
2351 837 2484 899 viro,
2537 836 2797 908 virginem
2866 845 3073 892 castam
3122 834 3383 895 exhibere
3428 840 3643 897 Christo

2060 926 2144 999 (Il
2178 925 2301 982 Cor.
2335 928 2436 999 xl).
2490 947 2509 979 ι
2554 929 2721 998 Cujus
2771 929 2930 983 thoro
2962 929 3366 986 immaculatam
3416 933 3536 1004 ipsa
3588 949 3645 990 se

2058 1019 2314 1083 custodit,
2343 1034 2445 1073 nec
2477 1018 2854 1074 haereticorum
2897 1020 3073 1073 errori
3109 1022 3513 1078 communicare
3537 1023 3645 1080 ullo

2058 1110 2217 1163 modo
2265 1109 2559 1164 consentit.
2624 1110 2705 1163 Ad
2769 1110 3205 1166 benedictionem
3256 1113 3531 1183 pontiﬁcis
3589 1123 3642 1170 et

2054 1200 2499 1271 presbyterorum
2526 1201 2802 1270 respondit
2829 1217 2842 1253 :
2869 1198 3018 1266 Fiat,
3037 1194 3275 1270 ﬁat,hoc
3297 1212 3382 1258 est
3410 1221 3424 1257 :
3450 1203 3639 1273 Amen,

2058 1307 2213 1345 amen
2262 1309 2275 1344 :
2322 1293 2449 1361 quia
2498 1307 2527 1346 a
2560 1290 2856 1359 majoribus
2879 1292 3324 1349 sive‘minoribus
3356 1295 3482 1351 filiis
3522 1312 3640 1351 ma-

2059 1382 2159 1435 tris
2190 1382 2448 1437 Ecclesia:
2474 1383 2588 1452 ipsa
2633 1382 2748 1438 sola
2786 1383 2842 1437 in
2868 1391 2984 1439 toto
3002 1384 3138 1439 orbe
3159 1387 3562 1455 praadieabitur,
3589 1397 3641 1444 et

2057 1474 2323 1543 condigna
2376 1474 2582 1530 calesti
2639 1489 2838 1544 sponso
2881 1473 3081 1546 ubique
3106 1484 3162 1531 et
3197 1492 3415 1549 semper
3456 1478 3639 1536 lauda-

2056 1563 2221 1617 bitur.
3302 1608 3327 1635 ,ὲ

2133 1673 2151 1704 ι
2189 1653 2290 1708 Per
2332 1654 2447 1709 dies
2476 1663 2654 1710 autem
2686 1655 2904 1726 triginta
2937 1656 3027 1712 vix
3055 1657 3281 1714 collecta
3315 1669 3441 1714 sunt
3477 1662 3641 1731 spolia

2064 1761 2083 1795 ι
2118 1745 2463 1816 Assyriorum
2509 1762 2539 1800 a
2594 1747 2789 1816 populo
2840 1732 3080 1804 lsraeh»
3117 1751 3209 1805 isti
3252 1749 3370 1807 dies
3426 1753 3642 1825 triginta

439 1859 458 1890 ‹
494 1837 736 1893 Joaehim
785 1846 965 1892 autem
996 1850 1239 1893 summus
1281 1835 1523 1907 pontifex
1559 1836 1625 1890 de
1655 1833 1950 1891 Jerusalem
1987 1827 2029 1885 Β
2057 1834 2636 1904 universumdempus
2673 1838 2958 1906 prtesentis
3005 1840 3132 1895 vita:
3163 1840 3490 1912 significant,
3522 1843 3641 1914 quia

371 1950 390 1984 ι
429 1932 576 1987 venit
604 1933 656 1987 iu
678 1931 982 1987 Bethuliam
1003 1941 1128 1985 cum
1159 1930 1430 1984 universis
1459 1928 1792 2000 presbyteris
1818 1929 1954 1993 suis,

371 2042 391 2074 ι
429 2030 488 2076 ιιι
519 2022 726 2077 videret
749 2021 955 2077 Judith.
994 2021 1125 2089 Quae
1151 2036 1273 2077 cum
1306 2021 1510 2077 exisset
1553 2020 1620 2075 ad
1652 2019 1823 2085 illum,
1863 2022 1957 2075 be-

369 2132 389 2164 ι
426 2113 746 2168 nedixerunt
789 2113 934 2167 illam
976 2127 1165 2168 omnes
1209 2127 1315 2168 una
1362 2126 1494 2168 voce
1546 2111 1791 2167 dicentes
1826 2128 1837 2164 :
1875 2110 1955 2165 Tu

370 2224 389 2257 ι
426 2206 594 2278 gloria
644 2205 968 2271 Jerusalem,
1031 2215 1088 2261 tu
1141 2205 1330 2260 laetitia
1378 2204 1569 2270 Israel,
1598 2213 1655 2259 tu
1702 2201 1958 2259 honoriﬁ-

367 2317 387 2351 ι
426 2300 603 2355 eentia
624 2299 804 2370 populi
844 2299 1037 2365 nostri,
1070 2297 1196 2368 quia
1241 2296 1415 2354 fecisti
1455 2298 1704 2361 viriliter.
1741 2305 1797 2352 et
1820 2311 1955 2352 eon-

367 2414 386 2447 ι
425 2392 679 2448 fortatum
706 2400 791 2449 est
818 2408 915 2449 cor
943 2402 1111 2456 tuum,
1145 2407 1212 2447 eo
1234 2394 1377 2462 quod
1407 2393 1717 2448 castitatem
1740 2406 1956 2447 amave-

367 2502 385 2533 ι
422 2482 519 2547 ris,
547 2491 601 2537 et
628 2491 751 2552 post
771 2483 948 2536 virum
980 2491 1153 2545 tuum,
1176 2482 1406 2535 alterum
1432 2482 1715 2536 nescieris.
1749 2481 1873 2536 ldeo
1902 2491 1956 2535 et

367 2593 385 2624 ‹
424 2588 617 2626 manus
649 2573 859 2626 Domini
898 2572 1225 2626 confortavit
1261 2580 1331 2636 te,
1363 2581 1415 2626 et
1444 2572 1564 2629 ideo
1591 2572 1701 2627 eris
1730 2572 1954 2627 benedi-

369 2682 389 2715 ι
434 2672 521 2719 eta
555 2663 608 2716 in
656 2671 939 2717 mternum.
976 2662 1042 2716 Et
1080 2661 1217 2717 dixit
1254 2664 1431 2717 omnis
1477 2663 1705 2732 populus
1755 2682 1767 2717 :
1800 2660 1952 2729 Fiat,

370 2773 387 2804 ι
429 2754 538 2807 fiat.
581 2773 597 2803 ι
625 2751 762 2819 Quid
800 2768 897 2821 per
941 2751 1185 2808 Joaehim
1229 2767 1499 2807 sunnnum
1542 2752 1854 2822 pontificem
1889 2754 1955 2808 de

362 2843 662 2898 Jerusalem
710 2844 813 2897 nisi
868 2843 1198 2912 Redemptor
1247 2850 1434 2897 noster
1482 2842 1822 2913 intelligitur,
1863 2844 1953 2912 qui

350 2935 538 2989 factus
575 2940 658 2988 est
684 2950 714 2987 a
751 2933 862 2988 Deo
913 2934 1069 2988 nobis
1104 2934 1349 3002 pontifex
1392 2934 1445 2988 in
1473 2942 1738 2989 mternum
1761 2950 1956 2990 secun-

361 3027 489 3081 dum
521 3025 766 3081 ordinem
806 3024 1223 3091 Melchisedech,
1253 3034 1349 3095 per
1377 3041 1540 3096 quem
1558 3022 1838 3080 “habemus
1865 3042 1955 3079 ac-

361 3132 573 3171 cessum
616 3115 685 3168 ad
736 3114 975 3178 Patrem,
1026 3122 1082 3170 et
1123 3130 1275 3184 spem
1333 3116 1456 3169 vita:
1504 3122 1743 3170 aeterna}.
1800 3114 1955 3182 Quod

2056 1927 2287 1998 populus
2332 1926 2429 1982 Dei
2460 1944 2561 1997 per
2597 1930 2779 1995 tidem,
2818 1942 2970 2000 spem
3016 1941 3073 1986 et
3101 1933 3426 1989 ebaritatem
3469 1932 3643 1989 divina

2056 2029 2324 2092 praecepta
2349 2023 2618 2077 servando
2646 2022 2714 2078 de
2735 2023 2891 2078 hoste
2924 2025 3269 2096 triumphans
3294 2026 3499 2100 colligit
3524 2042 3642 2098 spo-

2055 2110 2128 2168 lia
2170 2111 2321 2182 ejus;
2350 2120 2407 2168 et
2455 2113 2790 2184 spiritualem
2846 2114 3131 2187 Assyrium
3181 2130 3279 2173 sua
3330 2117 3643 2188 supellectili

2055 2201 2320 2257 vastando
2340 2201 2633 2273 depmdat.
2679 2203 2750 2259 Et
2772 2188 3012 2271 ’merito,
3043 2206 3172 2277 quia
3208 2207 3537 2265 fiducialiter
3560 2223 3642 2264 re.

2056 2305 2177 2362 gem
2220 2307 2378 2349 suum
2407 2293 2774 2364 obsequendo,
2827 2294 3003 2350 victor
3037 2295 3240 2367 ubique
3268 2296 3426 2353 fortis
3469 2304 3643 2353 exstat

2058 2383 2114 2438 in
2153 2383 2360 2454 praelia,
2389 2384 2457 2439 de
2500 2399 2608 2453 quo
2638 2385 2899 2454 scriptum
2931 2393 3058 2441 est:
3091 2403 3111 2438 ι
3163 2386 3424 2442 Dominus
3467 2385 3639 2453 fortis,

2058 2476 2318 2534 Dominus
2360 2484 2553 2547 potens
2601 2476 2655 2530 in
2718 2476 2904 2546 pradio
2961 2475 3135 2549 (Psal.
3192 2479 3373 2550 χχιιι).
3427 2498 3446 2532 ι
3493 2480 3558 2534 Et
3590 2481 3641 2535 in

2057 2565 2379 2641 Evangeliea
2429 2567 2682 2639 parabola
2749 2568 2864 2639 ipsa
2912 2567 3129 2625 Veritas
3166 2580 3372 2626 narrat.
3422 2592 3440 2625 ι
3496 2571 3642 2640 Quod

2058 2655 2216 2714 fortis
2260 2674 2382 2713 eum
2419 2668 2663 2715 armatus
2705 2661 2942 2716 custodit
2972 2662 3172 2717 atrium
3194 2679 3376 2729 suum,
3416 2665 3471 2719 in
3519 2680 3644 2736 pace

2058 2759 2183 2805 sunt
2207 2766 2271 2805 ea
2299 2768 2420 2821 quae
2448 2750 2719 2822 possidet;
2753 2754 2798 2808 si
2827 2761 3008 2808 autem
3038 2753 3236 2810 fortior
3264 2755 3354 2812 illo
3385 2772 3639 2827 superve—

2059 2841 2209 2896 niens
2260 2842 2453 2896 vicerit
2494 2858 2640 2907 eum,
2689 2844 2941 2898 universa
2971 2860 3123 2899 arma
3169 2843 3285 2913 ejus
3314 2842 3544 2912 auferet,
3591 2847 3640 2901 in

2058 2931 2253 2999 quibus
2268 2932 2588 2997 confidebat,
2614 2945 2668 2987 et
2684 2934 2850 3002 spolia
2873 2934 2991 3004 ejus
3015 2926 3297 2990 distribuet
3319 2934 3474 3005 (Luc.
3500 2936 3596 3009 xi).
3619 2956 3636 2988 ι

2059 3024 2195 3079 llinc
2222 3033 2277 3079 et
2317 3024 2370 3078 in
2407 3020 2696 3080 Salomone
2738 3026 2803 3080 de
2833 3024 2975 3081 forte
3020 3027 3249 3082 muliere
3297 3028 3642 3097 prmdicatur,

2059 3113 2202 3183 quod
2235 3133 2253 3164 ι
2295 3112 2536 3169 confidat
2563 3114 2617 3168 in
2642 3127 2706 3169 ea
2730 3129 2825 3170 cor
2854 3116 2958 3170 viri
2983 3116 3087 3182 sui,
3113 3125 3168 3171 et
3204 3117 3395 3187 spoliis
3431 3134 3537 3173 non
3568 3118 3646 3172 in-

361 3209 524 3263 etiam
549 3207 780 3263 nominis
809 3205 926 3276 ejus
957 3207 1333 3276 interpretatio
1363 3207 1668 3277 exprimere
1697 3207 1907 3262 videtur
1937 3226 1949 3262 :
1982 3212 2025 3273 C
2060 3204 2260 3275 digeat,
2289 3205 2414 3274 quia
2445 3206 2683 3260 accinxit
2704 3205 3020 3262 fortitudine
3050 3208 3261 3263 lumbos
3296 3224 3449 3273 suos,
3477 3219 3531 3264 et
3558 3225 3642 3264 ro-

363 3302 751 3371 interpretatur
804 3301 950 3355 enim
1013 3299 1260 3356 Joachim
1337 3299 1553 3355 Domini
1618 3301 1950 3355 resurrectio.

364 3392 516 3448 Unde
539 3391 655 3461 ipsa
698 3389 916 3446 Veritas
942 3393 995 3444 in
1026 3390 1319 3462 Evangelio
1349 3390 1425 3445 ait
1452 3409 1465 3445 :
1509 3410 1527 3442 ι
1560 3389 1675 3462 Ego
1706 3404 1824 3445 sum
1868 3405 1955 3446 re-

361 3483 628 3539 surrectio
653 3493 708 3537 et
733 3483 878 3549 vita;
921 3483 1013 3553 qui
1046 3481 1220 3537 credit
1246 3482 1301 3536 in
1327 3495 1435 3546 me,
1459 3494 1568 3535 non
1605 3481 1870 3536 morietur
1898 3481 1953 3535 in

358 3582 624 3629 :cternum
668 3573 851 3645 (Joan.
907 3572 1006 3646 xi).
1052 3593 1070 3624 ι
1106 3571 1206 3630 Hie
1250 3587 1381 3645 ergo
1432 3571 1679 3643 pontifex
1714 3573 1861 3629 venit
1886 3573 1954 3629 de

356 3664 658 3721 Jerusalem
698 3664 751 3720 in
780 3664 1108 3733 Bethuliam,
1153 3682 1277 3723 eum
1315 3667 1381 3722 de
1411 3665 1565 3721 caelis
1586 3666 1867 3722 descendit
1896 3665 1950 3720 in

358 3767 571 3814 uterum
621 3758 870 3830 virginis,
918 3775 986 3814 ex
1037 3774 1146 3829 qua
1188 3774 1412 3814 carnem
1460 3773 1744 3814 assumens
1790 3758 1953 3814 homo

359 3851 534 3907 factus
560 3860 644 3908 est
674 3868 773 3923 pro
814 3852 992 3907 nobis.
1046 3851 1200 3908 Unde
1244 3851 1409 3923 elegit
1438 3850 1751 3922 discipulos,
1814 3864 1952 3921 quos

340 3932 472 4013 ipse
498 3942 697 3997 fratres
710 3958 836 3998 suos
864 3942 917 3997 in
950 3942 1241 4014 Evangelia
1268 3942 1600 4006 nominavit;
1633 3943 1725 4013 qui
1754 3943 1950 3999 merito

353 4034 655 4104 presbyteri
687 4044 912 4105 propter
960 4034 1181 4089 honoris
1217 4034 1534 4104 dignitatem
1575 4045 1631 4088 et
1672 4033 1951 4103 sapientiae

353 4122 738 4193 perfectionem
771 4124 1142 4189 nominantur,
1176 4131 1235 4177 ut
1268 4123 1473 4179 videret
1499 4121 1711 4189 Judith,
1744 4132 1803 4177 ut
1824 4139 1948 4192 pro«

352 4215 507 4269 baret
528 4214 734 4270 scilicet
762 4208 1018 4270 Ecclesiae
1067 4231 1178 4270 sua:
1228 4215 1387 4269 fidem
1429 4224 1484 4271 et
1524 4214 1945 4272 confessionem.

358 4325 377 4357 ι
415 4307 544 4374 Qua:
574 4322 695 4363 cum
719 4309 920 4362 exisset
957 4306 1023 4361 ad
1051 4307 1223 4374 illum,
1262 4326 1281 4360 ι
1321 4308 1423 4364 hoc
1455 4316 1560 4375 est,
1607 4308 1945 4365 devotionem

353 4401 548 4455 mentis
573 4417 671 4457 sua
698 4402 837 4456 bona
868 4401 1182 4471 operatione
1222 4401 1555 4469 ostenderet,
1594 4420 1613 4453 ι
1646 4402 1945 4458 benedixe—

352 4500 478 4544 runt
501 4489 647 4545 illam
683 4505 873 4546 omnes
903 4506 1009 4545 una
1062 4506 1192 4546 voce
1226 4491 1473 4546 dicentes
1506 4509 1518 4545 :
1556 4491 1634 4545 Tu
1662 4491 1831 4563 gloria
1859 4490 1946 4545 Je-

2058 3295 2273 3351 boravit
2290 3296 2573 3351 brachium
2598 3310 2777 3365 suum,
2792 3297 3073 3353 fortitudo
3095 3309 3149 3354 et
3179 3301 3340 3355 decor
3363 3300 3644 3356 indumen-

2056 3394 2168 3443 tum
2193 3388 2330 3459 ejus,
2359 3397 2414 3444 et
2441 3388 2640 3445 ridebit
2669 3391 2722 3445 in
2762 3392 2849 3446 die
2879 3392 3174 3448 novissimo
3201 3390 3385 3465 (Prov.
3410 3394 3581 3467 xxxi).
3616 3414 3636 3448 ι

2133 3499 2152 3532 ι
2188 3480 2360 3537 Porro
2388 3491 2568 3537 autem
2610 3483 2885 3547 universa,
2928 3500 3048 3555 quae
3076 3484 3383 3543 Holofernis
3411 3487 3640 3560 peculia-

2061 3591 2079 3624 ι
2116 3573 2194 3628 ria
2224 3573 2391 3629 fuisse
2439 3574 2665 3645 probata
2705 3583 2848 3638 sunt,
2896 3576 3162 3633 dederunt
3197 3575 3384 3634 Judith
3422 3580 3476 3635 in
3510 3596 3635 3635 auro

2063 3682 2080 3717 ε
2122 3674 2172 3719 et
2208 3672 2455 3737 argento,
2487 3673 2543 3720 et
2568 3665 2810 3722 vestibus
2838 3674 2895 3721 et
2921 3667 3172 3738 gemmis,
3205 3678 3261 3725 et
3289 3672 3438 3725 omni
3468 3670 3633 3740 supel-

2063 3774 2083 3808 r
2124 3754 2306 3820 lectili,
2323 3764 2381 3810 et
2402 3754 2596 3810 tradlta
2617 3764 2755 3811 sunt
2770 3755 2844 3811 illi
2872 3757 3053 3812 omnia
3074 3774 3105 3812 a
3127 3759 3343 3829 populo.
3358 3780 3376 3813 ι
3405 3759 3539 3827 Quid
3557 3770 3632 3813 est

2054 3847 2196 3917 quod
2241 3847 2373 3902 dicit
2424 3848 2697 3909 universa,
2733 3863 2854 3919 quce
2880 3848 3176 3918 peCuliaria
3219 3846 3444 3906 fuerunt
3480 3850 3628 3906 licio-

2054 3937 2247 4004 fernis,
2289 3938 2543 4009 populum
2594 3936 2809 3993 dedisse
2852 3937 3069 4004 Judith;
3121 3939 3227 3995 nisi
3272 3942 3416 4011 quod
3444 3942 3629 4011 quique

2055 4030 2319 4095 fidelium,
2353 4031 2443 4099 qui
2490 4028 2738 4082 militiam
2781 4028 2985 4085 Christi
3022 4039 3239 4101 gerunt,
3271 4030 3530 4104 quidquid
3569 4030 3630 4086 ab

2053 4122 2288 4175 hostium
2319 4119 2625 4190 principatu
2647 4118 2730 4174 vel
2752 4120 3083 4190 proprietate
3105 4122 3348 4191 capiunt,
3374 4132 3540 4178 totum
3568 4122 3631 4177 ad

2053 4211 2261 4266 laudem
2285 4219 2341 4264 et
2368 4211 2837 4266 studium-sancta:
2868 4212 3058 4267 matris
3081 4214 3448 4269 communiter
3480 4215 3631 4285 depu-

2052 4312 2168 4359 tant
2198 4303 2471 4368 Ecclesiae,
2500 4311 2556 4357 et
2601 4303 2669 4358 ad
2697 4311 2948 4358 ornatum
2976 4303 3093 4373 ejus
3135 4305 3473 4374 spiritualem
3515 4321 3609 4361 con

2051 4396 2194 4452 ferre
2230 4393 2513 4462 festinant,
2538 4404 2599 4451 ut
2626 4397 2741 4467 ipsa
2767 4396 2823 4451 in
2852 4412 2982 4454 auro
3010 4397 3287 4469 sapientiae
3316 4395 3541 4472 fulgeat,
3579 4399 3626 4453 in

2050 4487 2576 4557 nitore‘eloquentiae
2616 4487 2977 4558 resplendeat,
3018 4490 3071 4544 in
3113 4489 3345 4560 gemmis
3388 4489 3627 4560 pretiosis

352 4578 607 4643 rusalcm,
642 4586 696 4632 tu
740 4577 926 4633 lmtitia
978 4577 1162 4641 Israel,
1198 4587 1253 4630 tu
1301 4559 1711 4632 honorificentia
1760 4578 1943 4649 pepuli
1972 4559 2024 4617 D
2049 4579 2310 4634 virtutum
2351 4578 2548 4645 radiet,
2572 4586 2625 4634 et
2652 4580 2995 4634 ornamentis
3020 4559 3299 4634 variarum
3328 4559 3625 4652 disciplina-

351 4667 542 4722 nostri.
586 4687 604 4719 ι
636 4662 925 4721 Benedixit
951 4681 1080 4737 ergo
1106 4666 1406 4719 Ecclesium
1450 4681 1603 4720 suam
1658 4667 1935 4731 Dominus,

352 4775 473 4814 cum
500 4775 619 4815 eam
635 4759 934 4831 gratiarum
961 4772 1184 4812 suarum
1209 4757 1457 4811 ubertate
1472 4756 1661 4826 replet,
1688 4767 1745 4813 et
1766 4760 1942 4814 omni-

351 4849 452 4903 bus
484 4848 808 4904 laudabilem
832 4861 953 4902 esse
991 4846 1350 4914 demonstrat,
1378 4862 1478 4917 pro
1506 4861 1614 4916 quo
1640 4855 1696 4903 et
1733 4848 1803 4902 ad
1832 4847 1934 4902 Pa-

354 4950 492 4995 trem
517 4941 721 5011 gratias
761 4955 927 5012 agens
957 4940 1010 4994 in
1042 4938 1335 5011 Evangelio
1385 4940 1459 4995 ait
1501 4957 1516 4991 :
1563 4959 1582 4992 ι
1636 4938 1933 5006 Confiteor,

356 5029 473 5095 tibi,
504 5030 689 5096 Pater,
718 5029 947 5085 Domine
982 5029 1107 5085 coeli
1155 5038 1211 5084 et
1243 5038 1420 5097 terrm,
1453 5031 1580 5101 quia
1609 5032 1940 5088 abscondisti

352 5118 470 5174 haec
499 5133 531 5171 a
576 5119 912 5188 sapientibus
961 5129 1016 5174 et
1069 5119 1450 5190 prudentibus,
1493 5129 1549 5175 et
1585 5122 1838 5177 revelasti
1876 5138 1939 5178 ea

351 5208 819 5281 parvuliswattlt.
835 5209 932 5282 ιι).
962 5230 982 5263 ι
1002 5210 1138 5266 Hinc
1157 5219 1212 5265 et
1232 5225 1331 5280 per
1352 5210 1698 5267 Salomonem
1712 5212 1937 5270 dicitur:

358 5323 376 5355 ι
413 5301 778 5357 Surrexerunt
810 5301 903 5357 filii
928 5303 1065 5372 ejus,
1117 5314 1174 5359 et
1210 5304 1581 5360 beatissimam
1607 5307 1936 5377 praedicave-

355 5404 511 5461 runt;
536 5396 620 5450 vir
644 5396 781 5468 ejus,
807 5405 862 5451 et
899 5396 1140 5453 laudavit
1163 5414 1284 5453 eam
1333 5397 1515 5466 (Prov.
1551 5400 1726 5469 χχιιι).
1761 5418 1779 5451 ι
1812 5398 1939 5455 Glo-

353 5490 432 5544 ria
463 5506 591 5561 ergo
619 5488 919 5546 Jerusalem
961 5501 1043 5546 est
1075 5501 1259 5546 sancta
1294 5492 1554 5557 Ecclesia,
1589 5494 1715 5562 quia
1745 5494 1811 5549 ad
1835 5508 1939 5549 co:-

354 5579 539 5634 lestem
558 5582 794 5651 pertinet
816 5582 1090 5638 civitatem
1122 5580 1240 5647 Dei,
1268 5589 1325 5636 et
1346 5583 1663 5637 societatem
1688 5592 1740 5636 et
1763 5584 1930 5638 beati-

361 5672 598 5727 tudinem
650 5683 963 5731 sanctorum
1006 5673 1341 5745 angelorum,
1373 5689 1494 5744 quae
1531 5673 1659 5730 fecit
1687 5675 1939 5738 viriliter,

354 5770 541 5818 contra
572 5767 755 5822 mundi
801 5764 1095 5838 coziﬂigens
1121 5764 1506 5837 principatum,
1545 5768 1941 5824 contemnendo

2050 4684 2169 4724 rum
2226 4669 2500 4723 induatur.
2555 4668 2750 4723 Totum
2802 4669 2947 4723 enim
3004 4669 3147 4738 quod
3191 4668 3260 4724 de
3288 4668 3448 4727 bonis
3478 4671 3623 4726 rebus

2046 4772 2328 4828 possessor
2379 4758 2598 4829 iniquus
2647 4757 2844 4829 injuste
2860 4759 3194 4828 possidebat,
3240 4760 3345 4815 hoc
3389 4761 3502 4831 ipsa
3533 4761 3621 4815 rite

2049 4848 2115 4903 ad
2143 4862 2298 4904 suum
2331 4851 2557 4905 attrahit
2586 4850 2856 4905 decorem.
2892 4849 3045 4906 Unde
3090 4860 3145 4906 et
3170 4850 3225 4904 in
3257 4850 3444 4908 Exodo
3470 4867 3622 4923 pepu-

2046 4940 2251 4996 lus‘Dei
2279 4940 2346 4995 ab
2362 4940 2600 5012 ‘IEgypto
2649 4939 2909 4997 recedens
2940 4941 3212 4997 thesauris
3254 4940 3618 5014 Egyptiorum

2048 5041 2272 5087 onustus
2298 5028 2454 5086 valde
2480 5031 2781 5096 incedebat,
2822 5041 2984 5101 atque
3010 5030 3377 5086 ad‘culturam
3404 5031 3515 5095 Dei,
3543 5039 3619 5085 ta.

2046 5123 2433 5193 bernaeuliqne
2479 5124 2597 5194 ejus
2650 5121 3109 5177 constructionem
3147 5120 3202 5175 in
3227 5121 3499 5177 desertum
3542 5136 3624 5176 se—

2045 5229 2167 5269 cum
2219 5215 2553 5284 aSportabat.
2607 5211 2697 5268 Sic
2724 5220 2779 5267 et
2825 5210 2995 5267 David
3032 5226 3149 5277 rex,
3176 5220 3233 5266 et
3262 5212 3443 5267 cancri
3478 5225 3617 5279 reges

2037 5303 2170 5373 justi
2202 5303 2254 5358 in
2276 5302 2472 5360 Vetere
2501 5303 2868 5367 Testamento,
2893 5316 3013 5373 qua:
3038 5303 3108 5357 ab
3129 5301 3366 5357 hostium
3384 5296 3617 5357 manilius

2043 5398 2274 5453 diversis
2298 5398 2501 5468 pneliis
2529 5397 2815 5463 eruebant,
2843 5396 2911 5452 ad
2941 5396 3302 5451 ministerium
3334 5395 3514 5468 templi
3527 5392 3612 5448 Dei

2042 5491 2269 5546 Domino
2317 5493 2729 5547 censeerabant.

2120 5610 2139 5642 ‹
2176 5591 2243 5646 Et
2295 5609 2482 5649 omnes
2527 5593 2707 5665 pepuli
2736 5594 3042 5665 gaudebant
3090 5613 3214 5652 cum
3242 5593 3546 5653 mulieribus
3563 5594 3617 5641 et

2051 5701 2068 5733 ι
2104 5684 2404 5755 virginibus
2448 5696 2504 5740 et
2543 5686 2831 5757 juvenibus
2876 5688 2929 5741 in
2958 5689 3179 5760 organis
3225 5698 3282 5744 et
3317 5685 3606 5742 citharis...

2044 5775 2231 5831 Omnis
2253 5777 2481 5846 populus
2499 5777 2591 5831 Dei
2625 5779 2688 5833 de
2715 5788 2974 5851 percepta
3007 5781 3232 5838 victoria
3257 5780 3467 5855 gaudet,
3495 5784 3615 5829 cum
