3876 6136
245 301 350 358 581

1366 289 1725 347 EXPOSITIO
1761 290 1826 345 1N
1868 290 2127 349 LlBRL‘M
2163 290 2431 346 JUDlTll.

1914 166 2009 176 ,...o-.
2029 171 2035 177 ,

3412 294 3521 351 582

247 412 512 466 universa
538 407 781 462 membra
809 405 1035 469 Christi,
1061 405 1118 459 in
1143 403 1249 458 fine
1267 403 1448 457 mundi
1478 403 1543 457 de
1568 403 1839 473 triumpho
1868 414 1918 469 Α
1946 413 2158 458 constat
2185 403 2455 469 accidere,
2479 404 2690 471 quando
2715 412 2768 458 et
2796 413 3035 476 tempora
3059 405 3196 477 ipsa,
3219 415 3274 461 et
3300 407 3524 477 syllabze

246 501 468 570 antiqui
488 498 658 554 hostis
676 498 909 569 pleniter
935 496 1229 551 exsultant.
1260 493 1518 562 Tuncque
1543 494 1596 547 in
1616 493 1837 563 organis

245 598 301 645 et
321 589 560 645 citharis
592 585 687 642 Dei
728 586 913 640 laudes
940 592 1215 647 resonant,
1249 583 1467 653 quando
1497 591 1551 637 et
1590 598 1725 637 voce
1752 580 1840 650 ju-

246 680 534 736 bilationis
584 687 640 732 et
692 676 946 732 concordi
1000 674 1363 729 modulatione
1416 671 1669 743 perfectae
1717 673 1840 728 vitae

244 769 614 845 omnipotenti
646 768 873 823 Domino
896 766 1080 821 laudes
1106 764 1496 836 perpetualiter
1526 764 1835 818 decantant.

246 861 410 915 Tunc
455 867 512 914 et
554 856 736 912 Iudith
769 865 953 911 nostra
983 855 1252 910 canticum
1286 869 1483 908 novum
1516 861 1699 908 cantat
1736 855 1842 908 Do—

246 950 425 1015 mino,
479 948 692 1018 quando
715 946 783 1001 de
822 945 1169 1015 corruptione
1208 944 1293 999 vel
1332 944 1550 998 laesione
1602 943 1840 998 hostium

247 1039 389 1095 nihil
412 1039 557 1094 ultra
582 1045 818 1102 veretur,
843 1036 911 1091 de
937 1051 1046 1105 quo
1074 1044 1475 1105 consequenter
1494 1034 1766 1090 scribitur.

848 1164 1075 1222 CAPUT
1115 1163 1231 1219 XVI

251 1260 551 1328 Miriﬁcum
592 1257 852 1313 canticum
888 1254 1114 1328 Iudith.
1144 1254 1221 1311 De
1251 1271 1330 1328 _eo
1378 1254 1518 1328 quod
1544 1262 1841 1328 perpetrata

317 1323 545 1383 victoria
572 1328 792 1397 papulas
828 1326 897 1378 ad
948 1326 1206 1397 orandum
1238 1323 1517 1378 Dominum
1546 1323 1843 1397 {emacient

316 1401 461 1453 adiit
484 1415 504 1462 ;
543 1393 730 1452 Iudith
755 1412 975 1466 quoque,
1010 1395 1227 1466 expletis
1253 1403 1460 1466 centum
1485 1393 1709 1464 quinque
1740 1409 1841 1444 au-

320 1472 434 1532 m’s,
465 1469 628 1521 vitam
660 1464 813 1520 suain
843 1464 950 1532 ﬁne
975 1465 1169 1519 eximio
1189 1464 1378 1532 ﬁnivit.

323 1604 344 1635 ς
386 1583 543 1636 Tunc
566 1580 802 1636 canuivit
829 1577 1101 1634 canticum
1140 1576 1244 1631 hoc
1274 1576 1503 1631 Domino
1537 1574 1722 1629 Judith
1758 1573 1842 1627 di-

254 1693 272 1723 ε
315 1688 477 1727 cens.
518 1690 536 1722 ι
564 1669 767 1733 Iudith,
800 1667 903 1722 hoc
937 1674 1038 1732 est,
1067 1664 1332 1720 confitens
1356 1673 1410 1719 et
1436 1663 1679 1727 laudans,
1716 1669 1846 1716 tunc

1943 494 2009 546 ad
2035 508 2195 547 unam
2243 492 2388 547 vocis
2435 494 2777 547 concordiam
2833 495 3218 564 perducuntur.
3274 495 3525 550 Psalmus

1941 592 2121 638 autem
2151 590 2249 646 est,
2289 590 2401 637 uta
2432 582 2728 651 majoribus
2761 583 3009 649 traditur,
3053 599 3316 654 organum
3358 585 3525 639 musi—

1941 685 2085 735 cum,
2116 670 2258 724 sicut
2285 670 2514 735 cithara,
2558 670 2883 739 piudarium,
2914 672 3128 740 aliaque
3156 686 3274 739 qua:
3303 673 3527 726 vocibus

1945 759 2143 812 nostris
2183 758 2493 813 dulcissima
2534 758 2900 814 modulatione
2945 761 3322 829 respondcmt.
3368 760 3523 826 Quod

1942 862 2084 919 saepe
2113 849 2350 904 diximus
2384 850 2451 905 ad
2494 858 2648 905 actus
2672 860 2888 903 nostros
2915 849 3324 918 probatissimos
3351 848 3524 918 perti-

1945 954 2104 1005 nere;
2146 954 2209 993 ac
2235 940 2357 993 inde
2384 939 2697 993 intuendum
2726 938 2881 992 nobis
2906 947 3008 1004 est,
3051 938 3283 1007 qualiter
3308 938 3517 993 cantrix

1944 1042 2131 1086 nostra
2172 1031 2360 1101 jubeat
2408 1046 2506 1085 nos
2554 1030 2783 1085 Domino
2813 1030 2998 1085 laudes
3024 1046 3240 1096 canere,
3269 1030 3371 1085 hoc
3418 1040 3523 1093 est,

1944 1123 2182 1195 primum
2209 1122 2448 1193 incipere
2491 1121 2565 1176 illi
2597 1122 2648 1174 in
2677 1122 2966 1192 tympanis,
2997 1121 3189 1175 deinde
3215 1130 3437 1176 cantare
3470 1124 3524 1174 in

1945 1212 2225 1284 cymbalis,
2283 1213 2471 1283 sicque
2517 1212 2793 1267 modulare
2836 1212 2937 1281 ipsi
2983 1212 3248 1281 psalmum
3283 1212 3458 1265 innuit
3506 1228 3520 1263 :

1947 1304 2153 1359 scilicet
2176 1305 2576 1368 demonstrans,
2612 1302 2757 1373 quod
2790 1304 2833 1357 si
2861 1302 3088 1356 velimus
3122 1304 3231 1357 Deo
3253 1303 3524 1356 canticum

1948 1404 2191 1447 nostrum
2216 1393 2453 1463 placere,
2478 1393 2792 1448 studeamus
2820 1394 2869 1449 ei
2925 1396 3087 1449 corde
3131 1403 3185 1449 et
3221 1410 3335 1460 ore,
3366 1404 3527 1464 atque

1947 1486 2089 1540 bona
2116 1486 2431 1555 operatione
2447 1500 2713 1541 consonus
2736 1486 2918 1541 laudes
2946 1488 3143 1541 dicere.
3165 1486 3256 1542 ille
3271 1489 3413 1541 enim
3444 1489 3522 1540 in—

1948 1579 2077 1646 cipit
2102 1577 2326 1630 Domiuo
2364 1576 2414 1629 in
2446 1585 2700 1647 tympano
2725 1577 2813 1648 qui
2851 1577 2982 1649 legis
3020 1577 3229 1630 Domini
3258 1588 3524 1647 percepta

1949 1672 2164 1726 assidue
2186 1671 2363 1725 cordis
2390 1672 2470 1724 sui
2496 1671 2787 1726 meditatur
2807 1679 3037 1725 secreto.
3069 1670 3159 1724 lllc
3188 1671 3238 1724 ei
3269 1679 3451 1725 cantat
3471 1671 3525 1723 in

248 1764 536 1819 canticum
594 1759 741 1814 canit
790 1757 1037 1823 Domino,
1093 1755 1307 1825 quando
1361 1762 1547 1809 sancta
1602 1752 1841 1807 EccleSia
1869 1778 1918 1839 Β
1950 1761 2212 1833 cymbalo,
2242 1762 2332 1831 qui
2364 1761 3095 1816 catholicamconfessionem
3134 1777 3258 1815 cum
3299 1762 3529 1817 canticis

248 1869 459 1925 sponsa
489 1850 735 1906 videlicet
774 1847 972 1903 summi
1003 1847 1146 1918 regis
1173 1854 1293 1917 post
1318 1856 1597 1916 peractum
1644 1844 1842 1899 bellum

246 1943 549 2018 praesentis
594 1942 741 2005 vitae,
779 1953 887 2008 quo
916 1945 1105 1993 contra
1142 1936 1416 1992 diabolum
1462 1945 1626 2005 atque
1662 1935 1845 1989 hostes

247 2033 575 2107 spirituales
596 2030 916 2103 conﬂigebat
943 2044 1043 2100 pro
1065 2028 1336 2098 triumpho
1362 2034 1526 2097 atque
1564 2027 1846 2098 ereptione

247 2146 348 2185 sua
387 2125 619 2182 Domino
667 2131 850 2195 grates
879 2120 1174 2192 condignas
1216 2118 1467 2184 exsolvit,
1493 2126 1657 2188 atque
1684 2116 1847 2172 omcii

248 2221 332 2276 sui
392 2218 518 2273 sine
566 2216 746 2286 aliquo
796 2212 1181 2284 impedimento
1210 2210 1441 2282 pleniter
1485 2211 1589 2282 ipsi
1626 2210 1848 2264 exhibet

246 2312 651 2378 ministerium,
686 2324 789 2367 nec
827 2306 1033 2379 aliquid
1069 2306 1122 2362 ei
1150 2304 1326 2362 oberit
1358 2304 1565 2375 paterni
1593 2302 1845 2367 nominis,

247 2410 355 2462 hoc
380 2414 494 2470 est,
525 2402 743 2469 Merari,
763 2399 1071 2457 recordatio
1095 2416 1108 2452 :
1134 2397 1349 2469 quando
1369 2396 1482 2468 jam
1504 2393 1649 2449 nulla
1664 2393 1849 2466 pristi-

247 2512 333 2552 nae
363 2492 756 2549 amaritudinis
781 2487 1085 2546 remanebit
1110 2487 1307 2558 portio,
1342 2486 1437 2541 sed
1466 2492 1578 2541 tota
1619 2485 1673 2538 in
1712 2497 1844 2552 gau-

249 2589 322 2643 dii
376 2582 612 2657 perfecti
653 2581 1080 2653 magnitudinem
1127 2578 1356 2633 vertitur
1396 2575 1709 2647 temporalis
1753 2577 1849 2631 do-

248 2678 390 2732 loris
438 2673 679 2730 atﬂictio.
731 2672 865 2728 Cum
885 2668 1043 2740 juxta
1073 2667 1420 2740 apocalypsin
1459 2665 1684 2722 Joannis
1716 2683 1735 2715 ‹
1773 2674 1850 2719 ta-

248 2766 619 2825 bernaculum
667 2764 761 2820 Dei
791 2763 898 2818 erit
939 2777 1064 2817 cum
1121 2758 1446 2822 hominibus,
1493 2765 1546 2811 et
1586 2755 1852 2811 habitabit

251 2877 381 2916 cum
416 2858 525 2923 eis,
556 2865 612 2911 et
658 2855 760 2926 ipsi
785 2852 1010 2925 populus
1053 2851 1169 2922 ejus
1207 2860 1365 2906 erunt
1398 2866 1411 2902 :
1462 2847 1530 2902 Et
1559 2847 1673 2917 ipse
1712 2846 1851 2902 Deus

250 2967 382 3005 cum
416 2950 502 3003 eis
528 2947 634 3003 erit
660 2960 846 3000 eorum
880 2945 1038 2998 Deus.
1071 2943 1137 2996 Et
1165 2943 1438 3011 absterget
1462 2939 1605 2993 Deus
1633 2952 1851 2993 omnem

251 3039 564 3109 lacrymam
593 3036 662 3091 ab
688 3034 857 3090 oculis
882 3049 1090 3097 eorum,
1121 3042 1177 3086 et
1220 3047 1365 3086 mors
1409 3030 1550 3084 ultra
1581 3044 1686 3084 non
1726 3029 1850 3093 erit,

1947 1854 2317 1923 spiritualibus
2363 1854 2623 1909 labiorum
2675 1855 2884 1911 decenti
2923 1856 3132 1927 profert
3172 1856 3362 1927 jubilo.
3410 1854 3529 1925 Ipse

1948 1945 2260 1999 moduhttur
2287 1946 2336 2000 ei
2380 1961 2577 2000 novum
2608 1946 2898 2014 psalmum,
2928 1946 3021 2017 qui
3050 1946 3104 1999 in
3144 1945 3383 2000 novitate
3407 1945 3529 1999 vita:

1947 2036 2228 2092 ambulans
2260 2037 2361 2107 pia:
2381 2037 2561 2092 cordis
2587 2037 2890 2103 intentioni,
2921 2048 2976 2092 et
3002 2045 3163 2094 recta:
3183 2039 3296 2094 oris
3318 2037 3529 2094 confes-

1948 2125 2083 2181 sioni
2120 2128 2445 2181 concinnum
2477 2127 2602 2181 boni
2638 2127 2818 2197 operis
2844 2126 3090 2198 adiungit
3126 2137 3326 2183 actum.
3372 2129 3529 2185 Unde

1948 2217 2003 2272 in
2033 2216 2298 2274 Psalterio
2350 2217 2608 2290 scriptum
2665 2226 2750 2274 est
2795 2237 2809 2273 :
2859 2237 2879 2271 ‹
2932 2219 3175 2275 Laudate
3216 2220 3527 2287 Dominum,

1948 2308 2203 2378 quoniam
2229 2308 2402 2365 bonus
2423 2317 2507 2363 est
2533 2302 2795 2380 psalmus,
2832 2308 2944 2364 Deo
2985 2308 3423 2377 nostrojucunda
3456 2309 3529 2364 sit

1948 2399 2187 2457 laudatio
2215 2399 2387 2474 (Psat.
2428 2400 2627 2473 CXLVI).
2665 2420 2683 2455 ι
2712 2400 2903 2458 Omnis
2928 2416 3089 2473 opera
3112 2402 3350 2457 humana
3376 2416 3526 2457 mer-

1950 2494 2137 2548 cedem
2162 2493 2261 2547 sibi
2298 2491 2531 2561 postulat
2574 2492 2770 2547 debere
2810 2494 3057 2559 retribui,
3102 2502 3161 2548 ut
3198 2494 3343 2564 quod
3375 2493 3527 2549 labo—

1950 2584 2093 2639 riose
2122 2583 2449 2655 peragimus,
2482 2598 2576 2653 spe
2602 2584 2863 2653 propositi
2889 2586 3130 2639 muneris
3161 2584 3523 2639 consolemur.

1950 2677 2007 2733 In
2034 2677 2428 2732 laudationibus
2458 2692 2585 2731 vero
2616 2677 2830 2731 Domini
2862 2687 3014 2732 actus
3050 2678 3163 2748 ipse
3193 2677 3359 2734 habet
3393 2692 3535 2748 pra:-

1952 2770 2117 2824 tnium
2145 2785 2323 2835 suum,
2354 2767 2570 2839 quando
2616 2769 2729 2839 ipsa
2759 2770 2860 2822 erit
2891 2769 3196 2834 retributio,
3230 2784 3349 2838 qua:
3390 2783 3533 2823 nunc

1950 2869 2034 2915 est
2088 2861 2423 2915 exercitatio.
2488 2858 2624 2912 Nam
2683 2874 2806 2913 cum
2856 2859 3056 2914 bonum
3115 2860 3185 2913 sit
3241 2859 3528 2914 Dominum

1950 2951 2267 3021 pr;edicare,
2294 2949 2416 3004 inde
2447 2949 2815 3019 unusquisque
2836 2949 3079 3004 noscitur
3102 2950 3366 3019 promissa
3394 2950 3535 3005 dona

1954 3043 2195 3112 recipere
2223 3059 2236 3096 :
2271 3041 2464 3112 recipit
2493 3041 2670 3112 plane,
2702 3042 2915 3110 quando
2944 3042 2997 3095 in
3031 3040 3118 3095 illa
3150 3042 3392 3111 angelica
3421 3042 3536 3097 sin-

250 3144 442 3201 ncque
485 3131 682 3194 luctus,
713 3142 888 3197 neque
914 3126 1138 3190 clamor,
1180 3138 1356 3193 neque
1380 3122 1531 3178 dolor
1558 3123 1662 3177 erit
1688 3120 1843 3186 ultra,

1958 3134 2138 3205 gulare
2165 3133 2223 3187 lit
2252 3148 2445 3187 munus
2480 3140 2810 3197 sanctorum,
2838 3140 3158 3203 perpetuum
3203 3132 3413 3187 Domini
3445 3147 3537 3187 su—

251 3228 383 3295 quia
406 3222 590 3293 prima
610 3221 858 3274 abierunt
880 3218 1063 3289 (Apoc.
1090 3215 1227 3288 xxi).
1250 3235 1270 3267 ›
1292 3215 1400 3269 Sed
1414 3215 1695 3269 videamus
1713 3228 1849 3283 quo-

249 3316 428 3369 modo
450 3312 728 3367 canticum
755 3307 940 3363 .ludith
974 3308 1220 3362 inchoet.

333 3424 354 3456 ι
392 3403 627 3473 Incipite
653 3400 881 3456 Domino
911 3400 964 3455 in
995 3398 1287 3469 tympanis,
1313 3394 1778 3452 cantateDomiuo
1798 3393 1854 3448 in

256 3518 277 3549 ι
320 3493 626 3567 cymbalis,
647 3489 995 3545 modulamini
1034 3487 1109 3544 illi
1154 3486 1422 3557 psalmum
1448 3497 1671 3551 novum,
1701 3483 1855 3538 exal-

258 3609 279 3640 ι
320 3598 447 3643 tate
481 3592 543 3640 et
565 3584 810 3638 invocate
834 3594 1031 3636 nomen
1056 3579 1192 3650 ejus.
1225 3598 1244 3631 ι
1274 3576 1610 3649 Tympanum
1637 3575 1856 3645 quidam

249 3679 461 3733 dicunt
512 3687 634 3728 esse
660 3671 927 3726 musicum
971 3669 1409 3733 instrumentum,
1453 3664 1610 3736 quasi
1652 3663 1857 3719 duabus

250 3769 452 3824 mitris
483 3763 618 3820 solis
644 3762 911 3834 capitibus
933 3758 1379 3816 convenientibus
1405 3763 1569 3828 supra
1588 3770 1684 3812 eas
1702 3756 1859 3811 densi

248 3861 403 3915 curii
442 3871 647 3912 sonora
689 3853 1021 3920 resultante,
1059 3854 1203 3923 quod
1242 3852 1439 3907 musici
1475 3847 1860 3918 disciplinabili

248 3961 539 4006 ntetisura
548 3945 908 4016 pereutientes
917 3944 1129 4014 gemina
1144 3943 1484 3999 resonatione
1496 3942 1858 3997 modulantur.

246 4042 367 4096 Alii
405 4048 601 4092 autem
625 4036 810 4092 dicunt
844 4031 1156 4108 tympanum
1187 4048 1309 4089 esse
1331 4047 1445 4088 rem
1464 4034 1765 4100 minimam,
1797 4050 1864 4091 eo

249 4133 415 4202 quod
444 4131 505 4184 in
526 4143 692 4182 manu
716 4127 958 4182 mulieris
981 4126 1407 4196 portaripo'test;
1438 4124 1578 4180 sicut
1602 4125 1863 4195 scriptum

250 4225 439 4280 estin
480 4217 712 4274 Exodo:
759 4237 777 4270 ι
815 4218 1057 4288 Sumpsit
1105 4231 1236 4288 ergo
1280 4216 1447 4271 Maria
1498 4216 1862 4286 prophetissa,

247 4328 432 4371 soror
458 4311 667 4376 Aaron,
697 4320 1010 4382 tympanum
1040 4310 1097 4364 in
1124 4324 1289 4363 manu
1318 4324 1413 4364 sua
1452 4308 1649 4381 (Exod.
1690 4308 1801 4381 xv).
1841 4328 1859 4361 ι

246 4411 323 4466 Et
354 4405 490 4462 fieri
524 4405 709 4459 tubam
731 4418 853 4459 cum
876 4418 979 4459 una
1010 4401 1187 4456 fistula
1209 4404 1264 4456 in
1289 4402 1463 4473 capite
1490 4412 1741 4473 angusto,
1768 4418 1869 4473 per

1952 3225 2071 3280 bire
2095 3224 2447 3294 praeconium.
2473 3222 2776 3276 Laudemus
2817 3236 2948 3293 ergo
2978 3222 3260 3276 devotione
3282 3236 3387 3292 qua
3413 3236 3539 3293 pos-

1954 3328 2162 3379 sumus,
2208 3322 2264 3368 et
2290 3314 2377 3368 hic
2423 3313 2512 3366 illa
2576 3311 2734 3367 beata
2800 3312 2939 3367 dona
2988 3311 3331 3366 meditemur.
3397 3310 3538 3376 Quid

1955 3404 2098 3460 enim
2125 3404 2352 3469 felicius,
2385 3418 2546 3473 quam
2591 3404 2751 3457 modo
2792 3415 3050 3456 exercere
3084 3401 3228 3470 quod
3269 3411 3322 3455 te
3350 3414 3538 3470 speras

1955 3501 2011 3556 in
2037 3499 2219 3554 futura
2247 3496 2579 3554 beatitudine
2607 3508 2768 3564 posse
2791 3508 3069 3564 peragere.
3102 3491 3209 3562 Spe
3235 3492 3380 3546 enim
3403 3490 3541 3546 salvi

1957 3589 2086 3646 facti
2137 3603 2345 3653 sumus,
2374 3586 2470 3642 sed
2525 3585 2761 3640 nondum
2812 3582 3081 3654 apparuit,
3136 3583 3266 3652 quid
3311 3581 3534 3636 erimus.

1957 3681 2093 3738 Cum
2124 3681 2270 3737 enim
2303 3678 2551 3734 Christus
2578 3674 2894 3747 apparuerit
2933 3674 3042 3728 vita
3088 3681 3295 3737 nostra,
3328 3678 3456 3724 tunc
3485 3678 3542 3724 et

1959 3775 2061 3847 ipsi
2114 3789 2237 3828 cum
2284 3787 2349 3827 eo
2398 3769 2777 3841 apparebimus
2814 3768 2871 3821 in
2918 3766 3106 3838 gloria.
3162 3764 3317 3820 Unde
3362 3771 3416 3818 et
3454 3777 3542 3819 se-

1961 3865 2146 3935 quitur
2168 3881 2181 3917 :

2036 3972 2054 4004 ι
2092 3951 2349 4007 Dominus
2388 3958 2674 4005 conterens
2724 3947 2887 4013 bella,
2937 3946 3194 4002 Dominus
3230 3960 3427 4000 nomen
3457 3953 3543 4000 est

1968 4066 1985 4097 ι
2022 4045 2121 4111 illi,
2168 4043 2261 4114 qui
2286 4042 2466 4113 posuit
2512 4048 2693 4095 castra
2734 4055 2831 4094 sua
2875 4039 2929 4093 in
2961 4038 3138 4093 medio
3156 4037 3339 4109 populi
3375 4038 3478 4093 sui.
3518 4057 3539 4091 ι

1966 4136 2293 4205 Redemptor
2324 4142 2533 4199 noster,
2572 4134 2637 4188 de
2661 4148 2766 4202 quo
2798 4132 2851 4186 in
2887 4130 3103 4186 Psalmo
3120 4132 3381 4200 scriptum
3415 4137 3499 4184 est
3527 4147 3541 4182 :

1972 4248 1990 4280 ι
2030 4228 2289 4283 Dominus
2336 4226 2512 4293 fortis,
2542 4224 2801 4279 Dominus
2845 4233 3038 4294 potens
3067 4224 3123 4276 in
3154 4222 3339 4293 praelio
3370 4219 3544 4293 (Psal.

1966 4321 2149 4392 χχιιι),
2181 4321 2292 4390 ipse
2315 4334 2412 4389 per
2436 4318 2752 4389 sanguinem
2777 4317 2953 4372 crucis
2976 4331 3085 4370 sua:
3108 4316 3364 4371 contrivit
3392 4315 3551 4370 saevi-

1970 4411 2101 4465 tiam
2146 4409 2369 4474 diaboli,
2404 4416 2458 4462 et
2504 4408 2762 4462 mundum
2795 4405 3024 4476 subjecit
3069 4421 3180 4460 sua:
3208 4405 3422 4469 ditioni,
3455 4403 3550 4474 qui

244 4501 417 4574 quod
444 4498 769 4568 inspiratur,
811 4497 1039 4567 mystice
1068 4496 1338 4567 significat
1372 4495 1654 4550 minimam
1682 4495 1862 4550 scicn-
1894 4470 1946 4531 Ῐ)
1970 4516 2261 4571 resurgens
2291 4515 2320 4552 a
2352 4499 2579 4553 mortuis
2607 4498 2677 4552 ad
2714 4497 3003 4567 discipulos
3033 4511 3160 4553 suos
3187 4496 3265 4550 ait
3306 4510 3320 4549 :
3361 4514 3380 4547 ι
3414 4494 3551 4549 Data

246 4598 403 4648 tiam
448 4602 575 4644 esse
614 4587 747 4659 legis
776 4587 976 4642 veteris
1013 4588 1067 4641 in
1106 4602 1270 4642 manu
1313 4586 1610 4658 Synagoga:
1651 4585 1866 4642 iudico-

242 4699 385 4741 rum
434 4678 682 4748 antiquis
728 4678 1079 4748 temporibus,
1116 4692 1237 4747 qua:
1262 4678 1423 4733 modo
1463 4692 1559 4746 per
1592 4675 1864 4732 Christum

240 4776 508 4832 dilatata
538 4780 624 4826 est
666 4770 719 4823 in
757 4769 1006 4825 manibus
1040 4778 1243 4824 sach
1287 4767 1568 4824 Ecclesia.
1610 4767 1869 4839 Cymbala

237 4886 396 4928 vero
431 4874 570 4923 sunt
595 4864 929 4934 parvissima:
947 4863 1140 4934 phialae
1167 4862 1452 4933 permixtis
1478 4862 1707 4917 metallis
1728 4876 1871 4918 com-

233 4964 496 5038 positae,
537 4956 841 5012 ventricula
876 4956 996 5010 fusa
1042 4956 1098 5010 in
1127 4955 1387 5011 lateribus
1416 4955 1700 5020 habentes,
1748 4968 1867 5023 quae

232 5050 582 5111 artiﬁciosa
632 5046 999 5102 modulatione
1035 5045 1236 5101 collisa:
1275 5044 1646 5101 acutissimum
1676 5059 1868 5099 sonum

236 5139 596 5201 delecubili
620 5139 1008 5193 consonatione
1025 5137 1337 5203 restituunt,
1357 5135 1872 5206 etsigniticatlahio-

231 5252 385 5297 rum
416 5241 741 5288 nostrorum
766 5240 995 5291 motum,
1023 5245 1144 5300 qua:
1164 5245 1272 5286 non
1293 5229 1566 5283 immerito
1582 5229 1725 5283 inter
1748 5243 1863 5282 mu-

229 5333 374 5388 sica
441 5325 813 5378 instrumenta
866 5322 1038 5393 posita
1094 5330 1239 5388 sunt,
1292 5322 1420 5391 quia
1470 5328 1527 5376 et
1578 5319 1870 5375 similitudo

226 5419 535 5498 quaedam
562 5426 646 5470 est
674 5414 1064 5487 cymbalorum,
1089 5424 1143 5468 et
1171 5429 1269 5484 per
1294 5428 1414 5468 eam
1437 5426 1596 5467 voces
1622 5413 1873 5466 humanae

225 5509 629 5577 harmoniam
661 5508 887 5564 reddere
907 5508 1283 5563 suavissimam
1306 5506 1709 5575 comprobatur.
1738 5505 1874 5560 Har-

223 5608 465 5670 monia
500 5602 646 5658 enim
674 5610 760 5658 est
800 5601 1134 5657 diversarum
1164 5614 1347 5655 rerum
1374 5599 1428 5653 in
1460 5614 1625 5652 unum
1673 5608 1872 5652 conve-

222 5701 557 5763 nientium
582 5696 800 5753 redacta
824 5695 1114 5768 copulatio,
1146 5693 1290 5764 quod
1317 5701 1372 5750 et
1398 5693 1454 5749 in
1476 5706 1608 5748 voce
1638 5692 1871 5749 humana

1970 4604 2054 4649 est
2085 4592 2218 4647 mihi
2267 4591 2446 4647 omnis
2472 4599 2714 4661 potestas
2740 4588 2796 4644 in
2820 4588 2958 4645 coelo
2982 4596 3038 4642 et
3062 4588 3118 4642 in
3155 4597 3319 4644 terra.
3349 4586 3554 4641 Euntes

1971 4682 2163 4738 docete
2195 4696 2385 4735 omnes
2434 4687 2645 4750 gentes,
2692 4677 3030 4748 baptizantes
3085 4692 3179 4732 eos
3231 4676 3289 4732 in
3334 4675 3555 4731 nomine

1971 4772 2169 4838 Patris,
2214 4780 2271 4826 et
2298 4770 2439 4835 Filii,
2471 4778 2528 4825 et
2553 4768 2790 4837 Spiritus
2814 4767 3011 4833 sancti,
3042 4767 3296 4822 docentes
3330 4780 3424 4821 eos
3452 4766 3555 4820 ob-

1976 4881 2197 4921 servare
2240 4863 2445 4929 omnia,
2473 4875 2809 4933 quaecunque
2843 4859 3092 4914 mandavi
3123 4860 3295 4916 vobis.
3330 4859 3400 4913 Et
3427 4872 3557 4914 ecce

1969 4975 2068 5031 ego
2115 4957 2394 5013 vobiscum
2428 4969 2548 5010 sum
2587 4954 2839 5009 omnibus
2884 4952 3092 5018 diebus,
3123 4966 3294 5022 usque
3331 4951 3403 5006 ad
3427 4965 3553 5007 con-

1971 5048 2386 5107 summationem
2440 5043 2624 5101 sxeculi
2656 5042 2873 5115 (Matth.
2903 5043 3119 5114 xxvut).
3151 5060 3170 5093 ι
3202 5041 3394 5097 Castra
3428 5053 3558 5109 ergo

1973 5157 2068 5198 sua
2093 5142 2148 5195 in
2170 5139 2351 5195 medio
2380 5136 2563 5208 populi
2593 5135 2677 5191 sui
2701 5135 2899 5205 posuit,
2927 5149 3049 5190 cum
3080 5133 3379 5191 Ecelesiam
3401 5145 3557 5187 suam

1973 5233 2031 5287 in
2053 5231 2231 5286 medio
2252 5229 2533 5284 nationum
2560 5226 2857 5290 constituit,
2876 5240 2931 5279 tn
2958 5240 3066 5295 qua
3096 5238 3311 5294 semper
3330 5233 3557 5276 manens

1972 5322 2219 5395 quotidie
2261 5320 2465 5375 electos
2496 5332 2624 5375 suos
2646 5318 2712 5373 de
2748 5317 3002 5373 manibus
3029 5316 3372 5371 inimicorum
3419 5311 3557 5366 libe—

1974 5424 2081 5479 rat,
2131 5413 2224 5468 sed
2274 5412 2331 5466 in
2367 5410 2472 5465 line
2517 5409 2703 5464 mundi
2739 5407 3036 5478 perfectam
3074 5405 3446 5462 liberationem
3475 5399 3557 5454 eis

1974 5506 2272 5580 praestabit,
2300 5504 2516 5575 quando
2546 5501 2864 5557 absorbetur
2889 5501 2942 5556 id
2981 5500 3123 5570 quod
3145 5494 3374 5552 mortale
3407 5499 3493 5547 est
3522 5507 3555 5546 a

1976 5600 2111 5663 vita,
2161 5608 2217 5652 et
2252 5595 2368 5665 ipsa
2411 5591 2703 5647 novissima
2752 5592 3061 5646 destruetur
3113 5599 3289 5650 mors;
3340 5580 3557 5651 quando

1979 5688 2151 5746 sancti
2185 5683 2483 5757 fulgebunt,
2506 5682 2648 5738 sicut
2676 5679 2756 5737 sol
2782 5681 2835 5737 in
2856 5674 3022 5749 regno
3052 5676 3229 5734 Patris
3255 5687 3467 5742 eorum,
3496 5683 3558 5730 et
