3928 6176
426 292 529 352 583

1077 282 1134 334 Β.
1173 274 1425 332 RABANI
1460 273 1681 330 MAURI
1717 268 2032 327 ARCHIEP.
2080 263 2389 326 MOGUNT.
2432 260 2721 321 OPERUM
2757 262 2937 317 PARS
2963 259 3006 315 Ι.

3580 250 3697 309 581

430 405 710 464 interitum
740 398 977 456 omnium
1003 394 1241 450 hostium
1272 405 1515 455 suorum,
1543 404 1667 444 cum
1699 388 1873 458 capite
1903 400 2003 441 suo
2031 390 2079 447 Α
2106 392 2515 453 persecutorum
2544 386 2747 435 sanct:e
2768 376 3024 431 Ecclesiae
3050 372 3407 445 ajuvenilius,
3440 369 3545 425 hoc
3575 377 3697 429 est.

430 500 533 572 ipsi
572 497 817 552 videntes
842 486 1091 543 ridebunt
1130 492 1185 538 et
1220 483 1438 537 dic‘ent:
1469 499 1485 532 ι
1526 479 1665 534 Ecce
1695 479 1875 540 homo,
1915 475 2008 545 qui

433 566 540 647 non
591 586 773 658 posuit
817 581 983 635 Deum
1036 576 1338 646 adjutorem
1388 571 1509 635 sibi,
1538 570 1633 625 sed
1683 567 1920 637 speravit
1953 566 2008 619 in

436 683 779 743 multitudine
823 676 1128 732 divitiarum
1157 685 1397 733 suarum,
1426 678 1480 723 et
1507 664 1790 738 praevaluit
1835 664 1888 718 in
1917 678 2013 715 va-

438 781 606 834 nitate
632 788 748 830 sua.
776 771 888 839 Ego
917 774 1095 821 autem
1120 761 1263 818 sicut
1294 760 1433 815 oliva
1462 757 1741 813 fructifera
1775 756 1830 809 in
1854 754 2014 808 domo

439 869 533 923 Dei
564 862 775 936 speravi
813 862 866 913 in
897 853 1269 912 misericordia
1310 850 1429 922 ejus
1458 849 1512 905 in
1544 858 1829 909 aeternum,
1876 850 1931 898 et
1961 841 2015 896 in

440 958 694 1016 sreculum
718 950 897 1009 saeculi
916 947 1215 1005 confitebor
1239 945 1314 999 illi
1343 940 1516 1015 (Psal.
1542 940 1638 1013 LI).
1661 959 1679 991 ι
1700 936 1853 994 Unde
1875 949 2018 990 nunc

441 1046 708 1116 replicans
747 1048 935 1095 contra
982 1035 1245 1092 malitiam
1304 1032 1647 1087 inimicorum
1692 1042 1910 1084 suorum
1964 1024 2018 1078 in

442 1137 684 1194 carmine
700 1150 796 1189 suo
815 1130 1091 1200 subjunxit
1118 1144 1131 1180 :

519 1248 538 1281 ε
577 1227 733 1282 Venit
756 1225 924 1277 Assur
959 1236 1026 1275 ex
1055 1216 1327 1272 montibus
1368 1214 1436 1268 ab
1467 1212 1717 1283 aquilone
1749 1210 1803 1265 in
1836 1207 2021 1264 multi-

451 1338 469 1371 ‹
508 1317 693 1373 tudine
717 1310 1043 1368 fortitudinis
1076 1323 1208 1370 sure,
1250 1302 1404 1372 cujus
1433 1302 1718 1356 multitudo
1751 1299 2026 1353 obturavit

449 1433 468 1465 ‹
501 1419 790 1471 torrentes,
815 1414 868 1460 et
888 1403 1010 1474 equi
1042 1415 1228 1457 eorum
1256 1401 1647 1467 cooperuerunt
1668 1392 1854 1447 valles.
1883 1390 2028 1443 Dixit

452 1523 471 1556 ‹
506 1517 564 1556 εε
591 1502 933 1554 incensurum
962 1495 1095 1549 lines
1116 1505 1282 1554 meos,
1315 1488 1617 1558 etjuvenes
1642 1499 1792 1541 meos
1819 1483 2029 1537 occisu-

454 1611 473 1644 ι
504 1607 621 1646 rum
645 1588 842 1660 gladio,
871 1584 1105 1640 infantes
1130 1596 1279 1637 meos
1314 1580 1444 1635 dare
1470 1579 1524 1633 in
1555 1578 1810 1648 praedam,
1840 1585 1895 1630 et
1921 1575 2031 1630 vir-

456 1703 474 1733 ι
506 1682 657 1753 gines
688 1680 742 1733 in
775 1677 1163 1747 captivitatem.
1197 1670 1457 1726 Dominus
1483 1677 1661 1723 autem
1691 1666 2032 1735 omnipotens

2111 490 2177 529 ex
2214 471 2406 527 robore
2448 471 2628 527 carnis
2667 475 2973 539 superatur,
3026 479 3127 519 nec
3155 462 3424 533 sagacitas
3465 456 3701 514 humani

2113 560 2333 632 ingenii,
2390 568 2485 613 aut
2536 558 2794 613 fortitudo
2848 553 3058 624 imperii
3110 552 3307 607 terreni
3354 565 3541 605 necem
3582 538 3704 603 illis

2115 630 2317 705 inferre
2364 648 2558 718 potuit,
2584 646 2677 702 sed
2705 646 2878 700 virtus
2905 644 3089 697 divina
3118 657 3212 711 per
3252 630 3612 694 humilitatem
3642 644 3707 694 et

2116 740 2519 810 simplicitatem
2548 736 2785 792 fidelium
2837 749 3059 790 suorum
3108 733 3378 786 inimicam
3415 730 3706 784 cohortem

2117 829 2433 901 superavit,
2476 827 2729 882 contrivit
2766 841 2831 880 ac
2865 823 3177 893 dissipavit;
3214 822 3421 891 species
3459 818 3603 872 enim
3634 832 3707 871 ac

2119 920 2338 976 claritas
2366 920 2604 975 omnium
2650 918 2930 981 virtutum,
2965 929 3084 984 quae
3112 912 3326 968 lucebat
3363 912 3416 965 in
3449 924 3713 965 sermone

2120 1019 2317 1067 nostra:
2341 1008 2549 1073 Judith,
2571 1005 2821 1062 similiter
2844 1012 2898 1059 et
2933 1017 3118 1073 opere,
3143 1017 3302 1057 causa
3332 999 3432 1054 fuit
3457 1000 3715 1054 hostibus

2124 1103 2372 1157 maximae
2406 1101 2595 1155 ruinae.
2625 1098 2726 1166 Qui
2754 1098 2900 1153 enim
2946 1096 3191 1152 nesciunt
3227 1094 3426 1148 bonum
3474 1093 3530 1147 in
3577 1091 3712 1145 aliis

2124 1201 2396 1264 repertum
2428 1199 2577 1246 caste
2605 1190 2846 1259 diligere,
2875 1188 2970 1243 sed
3001 1187 3250 1257 nequiter
3275 1185 3528 1246 invidere,
3561 1183 3720 1237 unde

2123 1292 2417 1357 potuerunt
2470 1284 2670 1337 habere
2718 1280 2969 1336 solatium
2993 1319 3007 1342 ,
3060 1277 3185 1332 inde
3238 1275 3341 1330 sibi
3387 1280 3721 1345 perpetuum

2128 1376 2414 1447 acquirunt
2445 1381 2796 1428 tormentum.

2207 1485 2225 1517 ι
2266 1464 2428 1519 Exuit
2464 1464 2607 1519 enim
2638 1477 2697 1517 se
2744 1460 3068 1516 vestimento
3097 1456 3396 1521 viduitatis,
3447 1462 3502 1510 ει
3538 1452 3725 1508 induit

2137 1578 2156 1611 ι
2191 1574 2249 1614 εε
2264 1558 2584 1612 vestimento
2600 1555 2800 1609 laztitize
2821 1555 2872 1608 in
2892 1551 3250 1608 exsultatione
3272 1549 3504 1603 ﬁliorum
3525 1546 3721 1602 lsrael.

2141 1669 2158 1702 ι
2197 1650 2361 1706 Unxit
2398 1646 2591 1703 faciem
2606 1662 2759 1702 suam
2783 1652 3079 1716 unguento,
3118 1649 3174 1697 et
3200 1640 3473 1710 colligavit
3504 1638 3718 1693 cincin-

459 1727 473 1733 _
543 1727 657 1735 .-.η
780 1727 1014 1747 "re.
1072 1727 1077 1728 ,
1842 1727 1858 1735 _

458 1790 479 1823 (
506 1727 700 1825 liiocuit
729 1781 851 1823 eum
874 1772 974 1831 ,.et
1000 1761 1220 1816 tradidit
1271 1773 1395 1814 eum
1444 1757 1498 1812 in
1548 1771 1739 1811 manus
1796 1744 2029 1817 femiiiae,
2061 1748 2109 1807 B
2143 1759 2162 1793 ί
2197 1755 2295 1794 “05
2330 1754 2458 1793 θυοδ
2506 1738 2702 1801 mil”;
2736 1735 2944 1803 accepit
2992 1732 3181 1789 δίοιδιῐι
3220 1744 3415 1785 “Nam
3460 1728 3528 1783 ad
3572 1727 3728 1781 ἀθείο

460 1880 479 1913 ι
516 1868 571 1915 ει
611 1855 852 1913 confodit
875 1868 1019 1908 eum.
1054 1871 1072 1903 ι
1109 1850 1280 1905 Assur
1304 1862 1464 1919 quem
1504 1847 1671 1901 Isaias
1700 1845 1904 1915 virgam
1944 1842 2031 1897 fu-

457 1952 597 2007 roris
634 1948 729 2004 Dei
777 1956 834 2002 et
884 1944 1132 2001 baculum
1173 1940 1556 2012 indignationis
1614 1935 1731 2007 ejus
1778 1937 2032 2008 appellat,

457 2042 684 2115 mystice
707 2036 972 2109 signiﬁcat
996 2033 1289 2096 diabolum,
1320 2031 1414 2101 (ιυί
1444 2045 1542 2099 per
1581 2029 1860 2083 ministros
1885 2043 2036 2094 suos,

459 2135 563 2189 hoc
586 2140 689 2197 est,
746 2126 1050 2185 immundos
1089 2124 1332 2195 spiritus,
1385 2122 1471 2177 vel
1517 2122 1764 2177 homines
1800 2135 2041 2190 paganos

458 2226 543 2280 vel
570 2224 783 2280 Judzeos
813 2220 925 2275 sive
950 2218 1117 2273 etiam
1157 2214 1463 2280 haaretieos,
1490 2213 1712 2269 veniens
1734 2228 1801 2268 ex
1842 2213 2042 2268 monti-

462 2317 582 2379 bus,
608 2315 782 2380 idest,
831 2310 1093 2383 superbiae
1132 2324 1243 2365 sua:
1272 2307 1566 2373 tractibus;
1595 2315 1647 2361 et
1672 2307 1741 2360 ab
1769 2304 2041 2374 aquilone,

465 2406 569 2461 hoc
597 2414 701 2469 est,
725 2405 792 2458 ab
821 2400 1150 2456 infidelitatis
1182 2396 1401 2469 frigore,
1416 2397 1681 2466 disposuit
1701 2395 1900 2450 bellum
1923 2409 2046 2449 con-

465 2509 550 2553 tra
578 2496 834 2569 populum
862 2493 992 2557 Dei;
1016 2492 1169 2562 cujus
1210 2489 1415 2544 militia:
1456 2481 1742 2542 multitudo
1770 2485 2048 2541 obturavit

465 2595 753 2649 torrentes,
784 2601 904 2639 cum
928 2582 1108 2636 varias
1131 2579 1496 2650 temporalitcr
1526 2577 1769 2633 fidelibus
1789 2575 2049 2631 excitavit

468 2677 892 2749 persecutiones,
942 2673 1163 2743 ejusque
1211 2672 1336 2742 equi
1391 2677 1786 2741 cooperuerunt
1839 2668 2046 2736 valles,

469 2784 593 2824 cum
624 2768 873 2839 superbia
914 2767 1165 2821 lictorum
1201 2764 1318 2833 ejus
1344 2764 1576 2819 vinculis
1614 2765 1923 2833 captivarat
1952 2764 2052 2818 hu-

470 2860 643 2915 miles.
692 2857 855 2930 Cujus
884 2858 1193 2929 arrogantia
1241 2856 1438 2928 plausit
1480 2856 1581 2910 sibi
1618 2856 1756 2912 lines
1798 2857 2055 2912 Ecclesiae.

471 2948 871 3005 devastaturani
900 2987 914 3011 ,
948 2955 1001 3000 et
1030 2944 1259 3014 juvenes
1308 2946 1424 3016 ejus
1454 2986 1470 3009 ,
1511 2946 1614 2999 hoc
1647 2954 1751 3011 est,
1803 2946 2055 3001 robustos

473 3055 685 3112 quoque
720 3040 775 3095 in
805 3039 909 3094 fide
935 3047 991 3094 et
1016 3039 1170 3093 bonis
1184 3038 1436 3108 operibus
1458 3036 1634 3108 gladio
1666 3039 2058 3109 persecutionis

2144 1848 2162 1881 ι
2192 1828 2447 1900 piendum
2500 1828 2649 1881 illum
2685 1844 2698 1880 :
2739 1825 2995 1880 Sandalia
3039 1821 3154 1891 ejus
3194 1827 3488 1890 rapuerunt
3533 1817 3729 1872 oculos

2146 1938 2163 1970 ι
2202 1917 2338 1987 ejus,
2364 1917 2711 1988 pulchritudo
2739 1913 2854 1983 ejus
2875 1914 3142 1983 captivam
3174 1911 3551 1965 fecitanimam
3578 1907 3725 1976 ejus.

2145 2034 2163 2067 ‹
2201 2013 2503 2085 amputavit
2540 2012 2774 2084 pugione
2811 2008 3075 2064 cervicem
3103 2004 3236 2075 ejus.
3273 2023 3292 2054 ι
3324 2002 3489 2057 Exuit
3530 2014 3588 2055 se
3615 1999 3731 2053 Ec-

2142 2106 2306 2163 clesia
2354 2104 2676 2159 vestimento
2724 2098 3021 2162 viduitatis,
3064 2111 3188 2150 cum
3239 2094 3442 2148 veteris
3487 2090 3731 2145 hominis

2146 2206 2327 2261 actus,
2349 2210 2451 2264 pro
2477 2194 2672 2263 quibus
2698 2186 3105 2253 meruitdeseri,
3132 2187 3186 2240 in
3214 2200 3351 2256 aqua
3383 2182 3730 2252 baptismatis

2145 2287 2334 2352 abluit,
2383 2294 2438 2341 et
2468 2285 2588 2340 novi
2627 2283 2863 2339 hominis
2892 2278 3354 2351 conversationem
3402 2273 3603 2338 induit;
3631 2272 3728 2342 qui

2147 2386 2439 2437 renovatur
2468 2377 2534 2433 de
2564 2377 2649 2432 die
2679 2376 2728 2430 in
2757 2376 2896 2430 diem
2929 2372 3223 2431 secundum
3263 2369 3554 2439 imaginem
3587 2368 3731 2437 ejus,

2149 2472 2241 2542 qui
2285 2470 2492 2527 creavit
2545 2483 2689 2532 eum,
2744 2467 3017 2539 particeps
3049 2462 3191 2518 facta
3245 2461 3422 2533 gaudii
3467 2459 3731 2515 caalestis.

2152 2562 2305 2619 Unde
2326 2576 2419 2633 per
2446 2559 2639 2615 lsaiam
2682 2559 2747 2614 de
2786 2560 2885 2612 hac
2914 2555 3335 2612 commutatione
3370 2553 3733 2623 spiritualium

2152 2654 2590 2709 indumentorum
2614 2651 2679 2704 ad
2696 2648 2995 2704 Jerusalem
3022 2648 3257 2719 typicam
3280 2645 3477 2700 dicitur
3501 2662 3516 2698 :
3548 2663 3566 2695 ‹
3588 2644 3737 2700 Con-

2153 2748 2380 2804 fusionis
2415 2744 2791 2802 adolescentia:
2834 2750 2938 2796 tuae
2969 2738 3330 2803 obliviscaris,
3355 2746 3411 2792 et
3457 2735 3735 2806 opprobrii

2155 2838 2433 2895 viduitatis
2459 2845 2566 2891 tua:
2587 2851 2692 2891 non
2724 2830 3096 2889 recordaberis
3122 2827 3373 2899 amplius,
3401 2827 3529 2895 quia
3560 2826 3736 2881 domi-

2156 2931 2377 2987 nabitur
2400 2929 2475 2985 tui
2505 2928 2597 2999 qui
2631 2925 2761 2982 fecit
2788 2933 2861 2990 te,
2889 2922 3148 2979 Dominus
3176 2918 3513 2976 exercituum
3539 2931 3737 2971 nomen

2159 3024 2275 3096 ejus
2303 3018 2549 3093 (Istum).
2572 3038 2591 3071 ›
2622 3017 2788 3073 Unxit
2819 3014 3009 3070 faciem
3040 3027 3190 3068 suam
3208 3019 3500 3081 unguento,
3524 3007 3741 3079 quando

475 3135 806 3198 occisuram;
838 3131 1068 3186 infantes
1098 3098 1315 3200 quippe,
1342 3130 1407 3184 dc
1429 3098 1624 3200 quibus
1652 3098 1912 3201 scriptum
1932 3139 2048 3187 est;
2081 3123 2125 3185 C
2159 3114 2470 3171 unctionem
2492 3110 2633 3166 sacri
2658 3107 2971 3163 chrismatis
2998 3103 3208 3173 accepit
3229 3103 3282 3156 in
3310 3100 3478 3165 vultu,
3506 3108 3568 3153 ut
3586 3098 3741 3168 juxta

482 3243 501 3276 ι
532 3224 610 3278 Ex
649 3236 744 3277 ore
783 3220 1065 3276 infantium
1096 3229 1151 3274 et
1183 3219 1497 3276 lactentium
1542 3222 1819 3291 perfecisti
1842 3221 2054 3277 laudem

480 3313 694 3386 (Matth.
740 3310 876 3383 xxi),
916 3331 934 3364 ι
970 3311 1216 3382 accipere
1265 3312 1319 3365 in
1364 3311 1692 3366 seductionis
1724 3313 1980 3382 praedam,
2004 3320 2059 3368 et

460 3402 751 3473 virgines,
784 3400 834 3453 id
862 3408 964 3467 est,
1007 3410 1183 3455 castas
1222 3407 1276 3455 et
1304 3401 1528 3471 pudicas
1554 3400 1761 3455 animas
1805 3401 2062 3456 abductu-

483 3508 599 3549 ram
627 3491 679 3547 in
715 3507 989 3548 carcerem
1019 3492 1291 3547 vitiorum.
1324 3490 1432 3547 Sed
1462 3491 1588 3547 licet
1613 3492 1727 3562 ipse
1758 3508 1903 3548 caeca
1932 3494 2062 3548 stul-

484 3583 604 3637 tilia
627 3591 834 3635 tantum
881 3581 980 3636 sibi
1003 3580 1279 3649 plauserit,
1305 3596 1413 3635 non
1439 3589 1616 3635 tamen
1645 3581 1939 3636 secundum
1969 3598 2063 3637 vo-

485 3684 601 3732 tum
646 3675 763 3744 ejus
801 3689 981 3728 rerum
1025 3674 1157 3729 ordo
1182 3673 1258 3728 illi
1305 3676 1511 3740 cessit,
1542 3674 1633 3728 sed
1670 3674 1902 3728 mirabili
1930 3689 2063 3729 con-

485 3768 606 3824 silio
645 3766 740 3822 Del
786 3764 1035 3835 superbia
1074 3762 1189 3831 ejus
1245 3764 1517 3819 destructa
1549 3774 1652 3819 est.
1689 3766 1756 3819 Et
1806 3765 1921 3836 ipse
1973 3765 2064 3834 qui

487 3857 615 3912 alibi
643 3857 765 3911 ait:
812 3874 831 3907 t
867 3854 925 3909 In
969 3854 1164 3909 omium
1201 3855 1509 3919 ascendam,
1555 3869 1717 3924 super
1763 3855 1938 3909 sidera
1970 3854 2064 3909 Dei

485 3948 734 4003 exaltabo
749 3946 941 4002 solium
972 3961 1169 4009 meum,
1201 3944 1399 4000 sedebo
1430 3945 1483 3999 in
1510 3954 1691 4001 monte
1732 3945 2064 4009 testamenti,

490 4038 547 4093 in
576 4038 831 4093 lateribus
862 4036 1130 4106 aquilonis
1164 4055 1176 4090 :
1211 4037 1500 4090 ascendam
1533 4052 1694 4106 super
1729 4036 2063 4089 altitudinem

489 4128 735 4193 nubium,
758 4135 812 4181 ει
836 4140 932 4180 cro
958 4125 1149 4180 similis
1175 4123 1452 4179 Altissimo
1483 4124 1613 4195 (Isa.
1646 4125 1781 4196 xxv),
1820 4144 1838 4175 ι
1876 4124 2070 4179 cecidit

490 4217 557 4273 de
587 4215 723 4271 casio
750 4214 982 4280 Lucifer,
1027 4214 1118 4283 qui
1164 4229 1322 4267 mane
1351 4206 1648 4279 oriebatur,
1692 4222 1747 4268 et
1776 4212 1982 4267 corruit
2013 4212 2069 4266 in

490 4316 564 4361 tet
578 4321 711 4369 ram,
744 4305 836 4375 qui
865 4303 1185 4358 vulnerabat
1208 4311 1416 4373 gentes.
1446 4303 1703 4358 Dominus
1724 4318 1852 4374 ergo
1891 4302 2070 4357 omni-

489 4406 681 4469 potens
710 4397 892 4451 nocuit
930 4410 1087 4459 eum,
1130 4402 1185 4449 et
1219 4395 1438 4449 tradidit
1489 4394 1541 4448 in
1588 4410 1781 4449 manus
1832 4393 2065 4457 feminae,

2157 3204 2500 3261 Psalmistam
2542 3200 2875 3255 exhilararet
2905 3195 3097 3250 faciem
3137 3208 3292 3248 suam
3338 3193 3390 3246 in
3424 3190 3567 3247 oleo.
3600 3189 3739 3246 Con-

2160 3293 2690 3354 cinnavitcincinnos
2705 3305 2832 3345 suos
2857 3289 3035 3351 mitra,
3066 3301 3188 3340 cum
3216 3284 3542 3339 ﬂuctuantes
3566 3290 3741 3337 motus

2162 3388 2548 3461 cogitationum
2591 3397 2812 3439 suarum
2858 3379 3040 3435 divino
3073 3377 3267 3431 timore
3311 3373 3644 3429 constrinxit
3683 3387 3743 3426 ac

2164 3497 2262 3552 spe
2314 3480 2470 3534 firma
2523 3473 2866 3538 coadunavit,
2924 3487 3021 3543 per
3069 3470 3213 3540 quod
3261 3478 3489 3524 conatus
3539 3466 3744 3536 antiqui

2166 3573 2340 3628 hostis
2388 3568 2692 3626 certissime
2733 3563 2946 3619 delusit.
2996 3560 3247 3616 Sandalia
3291 3558 3408 3630 ejus
3452 3566 3746 3627 rapuerunt

2166 3664 2351 3721 oculos
2370 3663 2506 3732 ejus,
2551 3659 2678 3730 quia
2709 3656 3022 3711 indumenta
3051 3654 3245 3723 pedum
3279 3666 3524 3715 suorum,
3555 3651 3745 3719 quibus

2168 3759 2407 3814 calceata
2435 3753 2536 3807 fuit
2586 3753 2640 3805 in
2671 3747 3065 3820 praeparatione
3107 3744 3379 3815 Evangelii
3433 3742 3588 3813 pacis
3612 3757 3743 3811 pun-

2168 3855 2366 3904 xcrunt
2392 3843 2576 3900 oculos
2608 3840 2834 3904 inimici,
2862 3848 2917 3894 et
2956 3835 3297 3911 pulchritudo
3319 3836 3581 3888 virtutum
3610 3831 3746 3887 illius

2168 3940 2521 4009 impotentem
2549 3931 2677 3987 fecit
2724 3931 2960 3985 animam
3014 3929 3150 3998 ejus.
3202 3927 3351 3984 Unde
3382 3926 3569 3980 evenit
3610 3922 3746 3993 quod

2168 4028 2415 4099 superior
2437 4024 2601 4086 facta,
2630 4020 2859 4092 propria:
2902 4018 3154 4088 nequitiae
3182 4015 3413 4087 pugione
3442 4011 3744 4067 damnando

2163 4117 2427 4190 jugulavit
2455 4113 2719 4168 cervicem
2746 4108 3103 4166 contumaciae
3127 4107 3263 4177 ejus.

2247 4226 2267 4259 ι
2312 4207 2649 4260 llorruerunt
2693 4200 2873 4254 Persa:
2920 4197 3281 4253 constantiam
3313 4195 3454 4265 ejus,
3500 4203 3556 4249 et
3611 4191 3743 4246 Medi

2179 4316 2197 4349 ι
2226 4295 2503 4351 audaciam
2526 4293 2662 4362 ejus.
2695 4309 2713 4341 ι
2743 4290 2800 4343 ln
2830 4287 3031 4348 Persis,
3055 4287 3147 4357 qui
3184 4286 3610 4354 interpretantur
3637 4292 3746 4335 ten-

2174 4397 2363 4449 tantes,
2396 4393 2450 4439 et
2485 4382 2652 4436 Medis
2678 4422 2693 4447 ,
2721 4381 2811 4449 qui
2861 4387 3114 4433 resonant
3140 4385 3422 4430 metuentes
3442 4414 3459 4438 ,
3483 4374 3748 4428 exercitus

490 4463 612 4559 quae
657 4496 819 4558 caput
848 4486 1115 4558 serpentis
1160 4495 1441 4541 conterere
1495 4486 1549 4539 in
1593 4484 1788 4540 Genesi
1825 4485 1951 4539 olim
1974 4486 2069 4539 de-
2096 4490 2149 4548 D
2175 4474 2392 4538 diaboli,
2427 4473 2479 4526 id
2501 4479 2603 4535 est,
2634 4468 2852 4539 maligni
2881 4467 3113 4537 Spiritus
3142 4473 3371 4533 possunt
3399 4464 3617 4533 intelligi
3652 4463 3745 4530 qui

491 4581 693 4649 scripta
728 4589 832 4643 est,
863 4587 918 4632 et
967 4575 1209 4632 confudit
1250 4591 1394 4641 eum,
1434 4577 1607 4646 ligans
1650 4591 1771 4630 eum
1822 4576 2072 4630 videlicet

494 4668 706 4721 ancillis
748 4667 882 4730 suis,
913 4681 1033 4735 qua:
1062 4668 1314 4719 devotum
1358 4664 1633 4718 servitium
1660 4664 1846 4718 humili
1890 4665 2071 4718 animo

493 4772 708 4828 semper
754 4755 1023 4811 conditori
1071 4771 1168 4810 suo
1211 4754 1577 4819 exhibebant;
1622 4763 1781 4824 atque
1830 4756 1902 4808 ita
1936 4756 2068 4824 ipse,

493 4851 584 4919 qui
615 4863 712 4919 per
749 4848 1059 4918 superbiam
1095 4846 1197 4901 sibi
1244 4845 1649 4900 similitudinem
1689 4846 1780 4899 Dei
1815 4847 2071 4916 promise-

495 4948 599 5003 rat,
624 4940 899 4993 detractus
929 4938 995 4991 ad
1041 4935 1260 4997 inferos,
1309 4943 1365 4988 et
1394 4934 1446 4987 in
1476 4933 1798 5003 profundum
1829 4933 1929 4989 laci
1976 4935 2073 4988 de-

498 5044 708 5083 mersus
744 5038 846 5091 est,
882 5029 933 5083 id
959 5036 1060 5089 est,
1097 5027 1163 5080 ad
1187 5025 1457 5081 infernum
1485 5024 1749 5090 ultimum,
1782 5026 1886 5080 hoc
1929 5024 2073 5079 enim

497 5121 767 5191 significat
818 5120 921 5174 laci
974 5117 1340 5189 profunditas;
1393 5130 1489 5186 pro
1537 5132 1644 5185 quo
1686 5115 1737 5168 in
1788 5114 2075 5184 Evangelio

503 5229 523 5261 ‹
552 5213 802 5265 tenebras
836 5208 1132 5263 exteriores
1167 5228 1185 5259 ι
1219 5206 1446 5275 legimus
1474 5244 1488 5269 ,
1528 5223 1545 5254 ι
1577 5204 1665 5258 ubi
1711 5211 1793 5255 est
1839 5201 1992 5256 ﬂetus
2021 5210 2075 5255 et

498 5301 701 5356 stridor
723 5300 963 5355 dentium
996 5297 1211 5370 (Matth.
1241 5296 1380 5363 vtu).
1420 5314 1438 5348 ι

575 5409 594 5441 ‹
630 5389 744 5445 Non
772 5390 914 5444 enim
945 5389 1138 5444 cecidit
1178 5396 1371 5456 potens
1395 5399 1582 5439 eorum
1614 5399 1642 5436 a
1668 5382 1954 5452 juvenibus
1973 5423 1987 5443 ,
2018 5391 2074 5436 et

503 5502 522 5534 ε
555 5482 646 5537 filii
686 5482 840 5537 Titan
869 5488 1254 5553 percusserunt
1288 5493 1432 5542 eum,
1466 5492 1565 5530 nec
1611 5475 1808 5529 excelsi
1834 5476 2074 5545 gigantes

496 5583 861 5646 opposuerunt
903 5589 961 5629 se
988 5574 1080 5635 illi,
1115 5572 1209 5627 sed
1237 5569 1420 5623 Judith
1450 5568 1555 5622 lilia
1587 5567 1778 5621 Merari
1819 5568 1869 5620 in
1897 5567 2074 5636 specie

499 5664 658 5718 faciei
708 5678 817 5719 suae
867 5662 1112 5718 dissolvit
1156 5675 1302 5713 eum.
1352 5677 1370 5708 ι
1407 5655 1521 5712 Non
1559 5658 1703 5711 enim
1765 5656 2074 5711 immanitas

2175 4575 2385 4621 tentare
2415 4578 2477 4617 ac
2508 4561 2754 4629 decipere
2796 4573 2981 4612 servos
3019 4555 3112 4610 Dei
3144 4569 3359 4623 semper
3384 4554 3556 4623 parati
3598 4563 3742 4605 sunt.

2174 4654 2302 4709 Inde
2334 4652 2533 4722 legitur
2576 4648 2631 4701 in
2675 4643 2964 4715 Evangelio
2990 4644 3056 4696 ad
3085 4651 3245 4713 caput
3284 4651 3527 4695 nostrum
3566 4654 3745 4692 acces-

2175 4747 2309 4801 sisse
2331 4745 2382 4797 in
2415 4743 2632 4796 deserto
2662 4744 3005 4800 tentatoreni,
3048 4748 3207 4802 quem
3227 4732 3387 4803 paulo
3408 4741 3527 4804 post
3559 4731 3743 4786 eadem

2175 4835 2456 4904 Scriptura
2506 4827 2739 4900 appellat
2764 4825 3055 4883 diabolum.
3083 4825 3148 4878 Et
3173 4827 3361 4879 doctor
3380 4824 3611 4894 gentium
3636 4821 3745 4877 Co-

2175 4925 2392 4981 rinthiis
2438 4922 2681 4977 scribens
2723 4919 2837 4972 ait:
2873 4934 2891 4967 I
2935 4915 3011 4970 Ne
3057 4923 3271 4981 tentet,
3318 4916 3527 4984 inquit,
3577 4929 3666 4968 vos
3697 4915 3744 4967 is

2176 5019 2267 5088 qui
2293 5023 2463 5071 tentat
2490 5011 2543 5086 (1
2569 5008 3104 5079 ϐον.γιι).›Ηοι“ι·εηι
3148 5025 3276 5080 ergo
3317 5009 3499 5064 Persae
3526 5017 3576 5063 et
3605 5007 3740 5061 Medi
3759 4991 3785 5005 ⁸

2178 5105 2503 5178 spiritu-ales,
2539 5104 2642 5157 hoc
2687 5111 2791 5165 est,
2824 5099 3116 5170 phalanges
3165 5100 3362 5155 diaboli
3393 5098 3738 5156 constantiam

2177 5208 2232 5253 et
2260 5196 2538 5250 audaciam
2579 5193 2848 5253 Ecclesia),
2879 5193 3004 5259 quia
3041 5202 3339 5260 agnoscunt
3379 5194 3453 5246 illi
3485 5209 3513 5245 a
3535 5192 3740 5245 Christo

2178 5298 2498 5361 potestatem
2536 5289 2713 5341 datam
2751 5302 2870 5340 esse
2912 5284 3154 5339 calcandi
3203 5300 3366 5354 supra
3405 5290 3663 5353 serpentes
3680 5290 3741 5356 et

2173 5378 2515 5449 scorpiones,
2530 5388 2585 5431 et
2602 5392 2766 5448 super
2783 5393 2999 5433 omnem
3023 5381 3277 5431 virtutem
3305 5378 3525 5432 inimici.
3546 5376 3602 5429 Et
3620 5373 3748 5441 quia

2177 5470 2395 5527 fundata
2413 5481 2492 5526 cst
2506 5485 2669 5540 supra
2689 5479 2895 5539 petram
2913 5486 3011 5524 nec
3029 5480 3195 5540 portae
3216 5468 3374 5522 inferi
3394 5465 3750 5535 praevalebunt

2179 5569 2440 5649 adversus
2464 5584 2579 5621 eam
2603 5605 2616 5620 .
2654 5566 2793 5621 Hinc
2822 5577 2873 5619 et
2905 5563 3141 5618 Jacobus
3190 5567 3469 5617 auditores
3497 5572 3615 5612 suns
3645 5555 3748 5607 ad-

2185 5645 2394 5715 monuit
2441 5662 2629 5714 dicens
2664 5661 2684 5729 (
2716 5674 2762 5710 iv
2794 5659 2846 5727 ):
2885 5674 2902 5708 ι
2946 5657 3204 5711 Ριεείειὶῑε
3234 5655 3469 5719 diabolo,
3498 5661 3545 5706 et
3584 5645 3749 5713 fugiet
