3960 6178
267 348 387 405 583

1383 344 1745 411 EXPOSITIO
1782 346 1850 401 IN
1887 346 2146 404 LIBRUM
2183 347 2446 404 JL'DITH.

3445 349 3551 407 586

266 482 303 521 a
344 463 529 530 vobis;
553 460 716 517 niihil
754 460 897 516 enim
927 457 1211 530 superbius
1236 468 1290 513 et
1335 458 1570 516 ferocius
1620 460 1708 514 illo
1760 469 1863 525 est,
1894 472 1944 532 Α
1972 479 2073 518 nus
2096 462 2310 533 (Ezeclt.
2341 461 2556 533 xxvnt).
2592 482 2608 513 ι
2641 461 2882 518 Primum
2906 478 3100 521 nomen
3141 471 3556 541 tetragramma-

264 572 406 612 cum
455 552 621 609 animi
674 551 756 607 sui
806 549 1095 605 ostendere
1142 549 1475 619 permittitur
1523 550 1865 620 qualitatem,

264 647 374 702 sed
421 644 558 700 nihil
608 658 674 699 eo
723 639 1013 706 inﬁrmius,
1061 639 1275 710 quando
1306 655 1405 708 per
1436 654 1624 694 servos
1665 638 1868 694 Christi

263 737 461 791 divina
490 733 792 791 conteritur
819 738 1111 801 potestate.
1141 729 1301 794 Nota,
1334 729 1525 795 lector,
1566 732 1709 801 quod
1737 730 1870 785 dicit

262 827 475 884 Persas
500 835 556 881 et
582 824 763 881 Medos
790 824 1014 878 horrere
1037 821 1396 877 constantiam
1416 819 1554 890 eius,
1578 831 1632 877 et
1660 821 1868 877 ululare

260 919 551 991 Assyrios,
574 923 629 972 et
648 916 769 971 vide
790 915 835 969 si
867 913 1007 971 forte
1035 930 1163 970 vera
1186 915 1369 985 opinio
1397 915 1483 979 sit,
1513 931 1675 984 quam
1702 931 1865 987 supra

257 1010 657 1082 proposuimus
686 1007 752 1061 de
771 1004 1036 1077 Cambyse
1058 1005 1168 1061 ﬁlio
1190 1005 1336 1079 Cyri,
1368 1006 1512 1077 quod
1538 1022 1567 1060 a
1595 1007 1867 1077 plerisque

260 1103 373 1157 iste
408 1099 930 1165 Nabuchodonosor,
961 1112 1124 1169 quem
1172 1098 1401 1154 historia
1431 1106 1717 1163 memorat,
1745 1113 1867 1154 esse

257 1191 612 1255 crederetur,
636 1189 729 1260 qui
758 1188 942 1244 Persis
964 1197 1019 1244 et
1044 1186 1215 1243 Medis
1239 1197 1401 1259 atque
1432 1188 1671 1259 Assyriis
1692 1188 1866 1244 domi-

259 1282 392 1335 nari
425 1280 850 1334 demonstratur.
1464 1333 1472 1347 Ι

338 1390 362 1422 ι
410 1371 566 1426 Tunc
611 1368 958 1425 ululaverunt
1002 1376 1180 1423 castra
1226 1367 1572 1439 Assyriorum
1599 1409 1614 1431 ,
1645 1368 1862 1438 quando

262 1482 282 1512 ι
319 1468 705 1532 apparuerunt
728 1458 960 1514 humiles
986 1459 1092 1514 mei
1110 1467 1422 1514 arescentes
1451 1460 1503 1514 in
1531 1459 1642 1514 siti.
1678 1478 1696 1510 ι
1736 1458 1865 1515 Ulu-

256 1552 383 1607 lant
429 1559 610 1608 castra
640 1549 1008 1621 Assyriorum,
1052 1549 1145 1619 qui
1184 1548 1466 1620 diligentes
1500 1550 1864 1621 interpretan-

254 1655 375 1711 tur,
414 1644 633 1717 quando
661 1652 1038 1715 persecutores
1072 1641 1345 1703 Ecclesite,
1379 1642 1470 1712 qui
1503 1643 1863 1712 disponebant

253 1740 408 1795 bella
456 1739 716 1793 adversus
761 1735 984 1801 ﬁdeles,
1033 1750 1132 1805 per
1178 1733 1538 1789 humilitatem
1593 1735 1854 1803 ipsorum,

1972 561 2064 607 ton
2088 561 2192 618 est,
2229 552 2372 623 quod
2406 554 2623 624 preprie
2647 554 2715 608 ad
2749 555 3034 610 Domitium
3063 557 3322 627 pertinet,
3343 566 3398 614 et
3422 558 3560 615 incf-

1971 643 2132 700 fabile
2160 644 2359 699 dicitur
2379 645 2674 700 secundum
2706 660 2995 701 commune
3033 648 3178 716 quod
3205 664 3346 719 sape
3380 650 3433 703 in
3458 650 3558 706 ho-

1968 736 2204 792 minibus
2252 737 2545 792 invenitur.
2596 737 2663 791 Et
2708 737 2846 793 bene
2871 737 3080 794 Adonai
3111 742 3429 812 congenitus
3459 740 3554 798 Dei

1968 826 2186 895 dicitur,
2218 828 2344 898 quia
2390 828 2529 882 Deus
2560 838 2615 883 et
2648 828 2829 883 homo.
2881 828 3142 885 Dominus
3180 845 3311 900 ergo
3339 841 3424 886 est
3451 832 3556 888 Do-

1966 917 2167 983 minus,
2198 918 2343 989 quod
2383 918 2691 973 dominetur
2721 920 2971 975 omnibus
3003 918 3083 975 vel
3117 922 3264 990 quod
3302 923 3556 979 timeatur

1967 1022 1999 1062 a
2035 1009 2267 1074 cunctis,
2322 1024 2482 1079 quem
2529 1023 2688 1063 nemo
2717 1010 2769 1064 in
2820 1011 3021 1066 virtute
3063 1027 3323 1082 superare
3350 1022 3552 1085 potest,

1966 1099 2062 1154 sed
2092 1108 2272 1170 potest
2298 1114 2396 1169 per
2431 1100 2790 1155 humilitatem
2818 1111 2872 1155 et
2901 1103 3288 1172 subiectionem
3314 1105 3550 1175 placare,

1964 1198 2019 1245 et
2055 1190 2122 1243 ad
2145 1190 2571 1244 misericordiam
2620 1192 2854 1257 ﬂectere,
2878 1193 2968 1260 qui
3009 1193 3130 1262 pius
3158 1201 3213 1247 et
3239 1195 3553 1252 misericors

1964 1286 2047 1334 est
2065 1280 2335 1345 omnibus,
2354 1281 2445 1350 qui
2467 1280 2534 1334 ad
2557 1281 2672 1352 ejus
2693 1282 2956 1353 pietatem
2978 1292 3032 1337 et
3056 1283 3397 1340 clementiam
3419 1301 3554 1342 con-

1964 1370 2195 1440 fugiunt.

2040 1482 2057 1514 ‹
2094 1461 2213 1516 Tibi
2251 1464 2452 1518 serviat
2490 1480 2668 1519 omnis
2720 1474 2967 1520 creatura
3017 1474 3129 1533 tua,
3188 1468 3314 1538 quia
3367 1467 3551 1527 dixisti

1969 1571 1989 1602 ί
2023 1559 2079 1606 et
2101 1551 2243 1608 facta
2289 1562 2453 1608 sunt:
2505 1554 2701 1610 misisti
2742 1555 3002 1624 Spiritum
3034 1568 3220 1626 tuum,
3268 1568 3323 1615 et
3365 1572 3551 1618 creata

1968 1661 1987 1694 ε
2025 1652 2170 1707 sunt,
2220 1652 2277 1697 et
2328 1659 2434 1698 non
2487 1653 2568 1699 est
2608 1647 2697 1715 qui
2727 1647 2948 1701 resistat
2996 1648 3115 1703 voci
3163 1657 3288 1705 tum.
3336 1669 3355 1703 ι
3413 1651 3551 1707 Nota

1961 1735 2105 1804 quod
2132 1743 2375 1791 sanctam
2407 1734 2728 1792 Trinitatem
2753 1736 2868 1792 hzec
2912 1739 3235 1809 hymnistria
3267 1743 3545 1819 prtedicat,

251 1835 352 1905 qui
397 1846 499 1904 per
539 1829 921 1885 abstinentiam
971 1825 1370 1881 mortiﬁcabant
1415 1826 1468 1880 in
1506 1840 1563 1880 se
1592 1825 1856 1881 desideria
1888 1831 1933 1891 B
1961 1828 2065 1883 hoc
2093 1836 2195 1893 est,
2234 1828 2521 1883 Dominum
2552 1837 2786 1900 patrem,
2821 1831 2911 1900 qui
2960 1832 3107 1888 dicto
3147 1850 3267 1900 suo,
3305 1837 3406 1891 hoc
3440 1846 3544 1903 est,

250 1928 471 1991 carnis,
490 1925 822 1988 etesuriunt,
849 1930 1009 1990 atque
1036 1920 1228 1975 sitiunt
1243 1918 1854 1988 iustitiam,vincuntur.

338 2039 358 2071 ε
403 2016 527 2072 Filii
583 2014 887 2085 puellarum
940 2017 1372 2081 compunxerunt
1426 2025 1550 2075 eos,
1604 2019 1659 2064 et
1719 2009 1859 2063 sicut

249 2127 469 2187 pueros
526 2109 815 2179 fugientes,
843 2106 1159 2162 occiderunt
1201 2119 1315 2159 eos.
1353 2124 1371 2156 ι
1404 2102 1525 2158 Filii
1554 2103 1854 2173 puellarum

249 2212 392 2261 sunt
424 2201 522 2256 ﬁlii
544 2199 910 2256 Ecclesiarum
938 2195 1162 2260 Christi,
1192 2194 1283 2265 qui
1320 2194 1507 2249 hostes
1537 2207 1665 2249 suos
1688 2192 1853 2247 veluti

248 2297 494 2369 pavidos
539 2303 596 2349 et
641 2291 909 2348 inhabiles
961 2290 1029 2344 ad
1056 2288 1400 2360 pugnandum
1428 2328 1444 2354 ,
1484 2287 1663 2359 gladio
1703 2286 1854 2341 verbi

250 2387 544 2451 occidunt,
594 2400 718 2440 cum
758 2384 826 2437 ab
847 2381 1073 2437 audacia
1104 2380 1376 2451 pugnandi
1405 2394 1500 2435 eos
1534 2378 1849 2448 deponunt:

251 2495 371 2536 non
409 2492 540 2549 ergo
564 2476 637 2532 illi
665 2476 860 2546 quibus
878 2481 1207 2545 praeceptum
1230 2479 1338 2537 est,
1366 2481 1430 2526 ut
1457 2470 1702 2525 inimicos
1725 2485 1853 2525 suos

253 2570 522 2640 diligant,
552 2575 608 2622 et
630 2582 730 2637 pro
771 2564 1222 2636 persequentibus
1247 2576 1306 2617 se
1330 2569 1507 2627 orent,
1544 2561 1714 2616 armis
1736 2575 1855 2616 cor-

246 2659 542 2732 poralibus
589 2656 881 2728 quemlibet
928 2653 1236 2709 interﬁcere
1263 2652 1519 2722 gestiunt,
1550 2651 1647 2706 sed
1687 2651 1849 2722 spiri-

249 2749 528 2814 tualibus,
567 2747 673 2802 hoc
696 2755 803 2810 est,
831 2744 1003 2801 sacris
1056 2743 1350 2798 virtutibus
1379 2742 1565 2796 hostes
1589 2756 1716 2797 suos
1755 2758 1853 2812 per

248 2840 506 2895 divinum
521 2837 846 2907 adiutorium
880 2848 1137 2905 superare
1165 2831 1500 2888 contendunt
1526 2850 1537 2884 :
1564 2831 1705 2888 unde
1733 2847 1853 2886 cer-

249 2940 372 2985 tum
403 2929 488 2984 eis
514 2942 728 2998 semper
744 2934 1032 2996 praestatur
1054 2923 1337 2988 auxilium,
1370 2922 1515 2977 sicut
1540 2921 1595 2975 in
1619 2935 1851 2991 sequen-

247 3022 408 3077 tibus
444 3027 636 3075 nostra
664 3016 877 3072 cantrix
900 3015 1126 3073 dicendo
1162 3016 1517 3070 demonstrat.

326 3134 350 3166 ι
392 3111 686 3168 Perierunt
711 3111 764 3165 in
787 3109 971 3181 pratlio
993 3124 1023 3162 a
1046 3107 1184 3163 facie
1212 3105 1428 3163 Domini
1451 3107 1577 3163 mei.
1608 3127 1627 3159 ι
1658 3106 1846 3161 Domi—

1958 1933 2056 1987 pcr
2085 1917 2321 1974 Verbum
2348 1934 2503 1974 suum
2526 1922 2706 1975 omnia
2730 1922 2877 1990 fecit,
2901 1934 2953 1978 et
2980 1939 3078 1993 per
3103 1925 3363 1997 Spiritum
3390 1943 3549 1984 suum

1958 2017 2151 2061 cuncta
2196 2007 2420 2061 creavit.
2467 2007 2783 2077 Huiusmodi
2835 2021 2919 2067 est
2946 2022 3002 2068 et
3045 2014 3177 2070 illud
3222 2016 3544 2083 Psalmistte,

1957 2100 2049 2168 qui
2080 2100 2156 2153 ait
2192 2114 2207 2153 :
2241 2120 2259 2151 ι
2294 2099 2472 2156 Verbo
2503 2102 2595 2157 Dei
2626 2103 2748 2158 cmli
2795 2103 2993 2161 ﬁrmati
3042 2116 3192 2175 sunt,
3240 2118 3295 2163 et
3330 2108 3540 2179 Spiritu

1955 2188 2067 2244 oris
2095 2188 2210 2258 ejus
2238 2190 2417 2244 omnis
2456 2190 2633 2246 virtus
2675 2207 2865 2247 eorum
2893 2192 3063 2266 (Psal.
3090 2196 3285 2268 xxxii).
3326 2218 3344 2250 ι
3378 2198 3544 2269 Cujus

1954 2285 2099 2349 voci,
2137 2283 2191 2337 id
2219 2290 2302 2337 est
2317 2282 2569 2353 iussioni,
2596 2284 2777 2339 nullus
2821 2286 3078 2341 resistere
3101 2297 3301 2358 potest,
3339 2291 3463 2360 quia
3484 2292 3540 2346 in

1953 2372 2231 2429 voluntate
2250 2373 2367 2445 eius
2380 2375 2634 2431 universa
2656 2384 2781 2430 sunt
2809 2376 3005 2446 posita,
3031 2376 3185 2447 cuius
3202 2379 3338 2435 velle
3358 2379 3541 2437 facere

1954 2470 2058 2518 est.

2031 2572 2050 2606 ι
2087 2554 2296 2612 Montes
2320 2568 2352 2609 a
2379 2554 2745 2611 fundamentis
2774 2557 3137 2613 movebuntur
3166 2570 3289 2614 cum
3312 2561 3488 2631 aquis.
3512 2582 3533 2617 ι

1952 2647 2058 2702 Per
2105 2657 2315 2705 montes
2357 2650 2610 2720 superbia
2662 2651 3065 2707 demonstratur
3097 2663 3535 2724 persecuturum,

1953 2738 2043 2810 qui
2075 2753 2104 2792 a
2128 2738 2497 2795 fundamentis
2532 2750 2819 2797 moventur
2856 2757 2979 2798 cum
3020 2744 3197 2814 aquis,
3230 2747 3448 2816 quando
3469 2748 3539 2802 ab

1953 2832 2153 2903 iniquis
2172 2833 2414 2888 consiliis
2438 2843 2493 2889 et
2517 2833 2874 2890 seditionibus
2899 2836 3184 2903 desistunt,
3201 2855 3324 2914 .non
3351 2839 3539 2895 volun~

1953 2934 2062 2979 tate
2094 2934 2293 2991 tamen,
2323 2924 2419 2980 sed
2469 2926 2793 2981 necessitate
2823 2942 2837 2991 ;
2890 2927 3013 2995 quia
3045 2926 3099 2982 id
3130 2929 3275 2999 quod
3320 2925 3555 3001 superbi

1952 3027 2255 3089 coeperunt,
2306 3019 2430 3074 victi
2461 3020 2701 3089 potentia
2728 3020 2822 3074 Dei
2853 3021 2920 3075 ad
2955 3020 3207 3077 elfeclum
3241 3024 3539 3094 perducere

1950 3125 2057 3164 non
2087 3118 2330 3178 possunt.
2363 3109 2442 3165 De
2465 3125 2573 3181 qua
2615 3125 2675 3166 re
2716 3108 2875 3166 aliam
2914 3113 3373 3184 comparationem
3405 3117 3539 3172 sub-

245 3222 361 3262 nus
388 3204 540 3260 enim
565 3201 1004 3267 fortis,Dominus
1057 3207 1250 3270 potens
1280 3198 1332 3252 in
1352 3198 1538 3269 prmlio
1564 3197 1678 3269 ipse
1704 3197 1854 3252 dabit
1878 3183 1922 3245 C
1954 3201 2090 3256 didi;
2110 3202 2328 3257 dicens;

247 3295 526 3350 virtutem
560 3299 616 3346 et
652 3289 1022 3345 fortitudinem
1048 3287 1192 3358 plebi
1220 3302 1351 3353 sum,
1380 3295 1436 3342 et
1464 3295 1741 3357 protector
1762 3302 1853 3341 sa-

248 3385 530 3442 lutarium
553 3381 755 3437 Christi
786 3380 871 3437 sui
906 3388 1009 3446 est,
1041 3379 1223 3450 populi
1252 3379 1505 3435 videlicet
1532 3379 1851 3443 Christiani,

247 3478 349 3549 qui
383 3481 515 3531 sunt
544 3473 782 3528 membra
804 3470 1064 3541 unigeniti
1091 3470 1183 3525 Dei
1203 3470 1343 3536 Filii,
1367 3470 1581 3525 Domini
1608 3470 1856 3525 videlicet

248 3569 440 3626 nostri
479 3564 609 3622 Jesu
641 3565 862 3632 Christi,
891 3565 982 3636 qui
1009 3571 1092 3620 est
1129 3578 1291 3635 super
1314 3563 1496 3620 omnia
1518 3565 1660 3619 Deus
1686 3564 1853 3620 bene-

251 3664 449 3718 dictus
473 3662 530 3715 in
559 3659 774 3715 saecula.

331 3771 354 3803 ι
398 3750 675 3821 Hymnum
728 3756 1007 3804 cantemus
1037 3747 1266 3802 Domino
1292 3788 1306 3813 ,
1349 3747 1608 3818 hymnum
1655 3762 1852 3802 novum

254 3862 275 3893 ι
316 3851 614 3897 cantemus
649 3839 758 3893 Deo
788 3847 995 3893 nostro.
1036 3859 1054 3891 ι
1088 3838 1231 3894 Bene
1260 3853 1388 3908 ergo
1416 3837 1606 3891 incitat
1627 3837 1854 3907 mystica

247 3930 456 3985 Iudith
485 3929 740 4000 populum
765 3944 959 3984 novum
992 3929 1256 3999 sanguine
1293 3927 1593 3982 Salvator-is
1645 3928 1855 3982 redem-

248 4032 441 4092 ptum,
480 4028 543 4075 ut
589 4028 768 4076 cantet
802 4020 1029 4075 Domino
1061 4020 1318 4091 hymnum
1349 4034 1571 4085 novum,
1603 4018 1706 4073 hoc
1750 4023 1854 4083 est,

246 4113 400 4170 Novi
430 4112 762 4168 Testameuti
812 4111 1070 4183 praedicet
1103 4119 1524 4178 sacramentum,
1572 4111 1715 4181 quod
1736 4110 1856 4166 ideo

248 4208 470 4263 dicitur
521 4221 743 4269 novum,
796 4204 923 4275 quia
952 4204 1379 4259 incarnationem
1413 4204 1625 4258 Domini
1662 4218 1855 4273 corpo-

250 4300 371 4355 reis
418 4297 594 4352 oculis
634 4304 768 4351 astas
809 4304 993 4350 nostra
1033 4294 1176 4349 nulla
1218 4296 1542 4366 conspexit,
1583 4294 1719 4349 alias
1745 4296 1859 4350 Deo

250 4388 401 4446 nihil
425 4402 625 4443 novum
664 4394 767 4451 est,
797 4386 1013 4456 quando
1045 4396 1170 4440 ante
1200 4385 1641 4441 constitutionem
1671 4384 1855 4439 mttndi

249 4483 522 4538 universa
554 4478 845 4551 praescivit.
898 4476 1149 4549 Hymnus
1199 4486 1379 4531 autem
1436 4476 1638 4532 Graecis
1676 4492 1857 4531 sermo

248 4586 368 4643 est,
401 4575 457 4629 id
488 4538 592 4639 est,
622 4538 738 4626 laus
753 4538 1052 4626 carminum
1079 4569 1194 4640 lege
1217 4569 1535 4640 composita,
1562 4569 1653 4639 qui
1672 4570 1855 4640 hymni

248 4676 448 4732 erant,
477 4680 615 4735 quos
658 4664 816 4719 idolis
853 4664 967 4720 suis
997 4664 1164 4718 etiam
1196 4660 1473 4733 gentilitas
1507 4663 1854 4732 personabat.

245 4759 491 4816 Addidit
518 4757 626 4812 Deo
649 4764 853 4819 nostro,
884 4768 943 4810 ut
974 4754 1189 4825 qualem
1216 4754 1478 4825 hymnum
1505 4754 1727 4818 diceret,
1751 4752 1861 4806 dis—

251 4852 442 4909 tincte
464 4848 825 4918 potuissemus
844 4846 1145 4900 advertere.

335 4965 356 4996 ι
388 4939 607 4996 Adonei
649 4939 895 5003 Domine,
924 4953 1150 5008 magnus
1176 4951 1236 4991 es
1272 4944 1351 5001 tu,
1381 4943 1435 4990 et
1473 4934 1766 5006 praeclarus
1806 4934 1860 4988 in

255 5058 277 5087 ι
317 5035 538 5089 virtute
561 5038 672 5095 tua,
702 5037 757 5083 et
777 5044 937 5098 quem
966 5043 1226 5098 superare
1257 5041 1416 5082 nemo
1439 5036 1637 5097 potest.
1668 5047 1686 5078 ι
1719 5026 1864 5081 Ado-

247 5127 355 5183 nai
384 5138 558 5177 unum
578 5128 660 5174 est
681 5121 748 5175 de
770 5121 955 5175 decem
978 5118 1282 5172 nominibus
1304 5116 1397 5172 Dei
1422 5118 1561 5188 apud
1582 5116 1857 5182 llebrmos,

248 5228 313 5274 et
349 5218 748 5282 interpretatur
776 5210 1049 5271 Dominus,
1081 5208 1182 5262 hoc
1215 5208 1527 5279 signiﬁcans
1547 5249 1562 5273 ,
1592 5207 1735 5278 quod
1767 5209 1861 5262 do-

248 5311 517 5366 minetur
550 5311 759 5358 cunctae
785 5311 1069 5357 creaturae.
1109 5297 1209 5354 Ubi
1242 5298 1557 5360 notandum,
1584 5299 1725 5367 quod
1749 5298 1861 5352 ubi-

248 5409 492 5466 cunque
541 5393 759 5463 ponitur
802 5389 1060 5454 secundo,
1106 5387 1388 5452 Dominus,
1426 5396 1484 5440 ut
1523 5387 1574 5440 in
1606 5386 1859 5459 prmseuti

244 5495 416 5555 loco,
464 5489 604 5543 etin
656 5486 940 5542 Ezechiele
970 5524 984 5549 ,
1025 5484 1115 5537 ubi
1162 5483 1456 5538 secundum
1513 5481 1861 5552 Septuaginta

246 5584 574 5641 editionem
595 5580 661 5634 ad
681 5577 980 5648 principem
1002 5574 1129 5646 Tyri
1155 5589 1336 5630 sermo
1365 5573 1604 5643 loquitur
1638 5573 1823 5628 dicens
1845 5592 1857 5626 :

255 5698 278 5731 ι
327 5673 515 5730 Morte
541 5669 1044 5726 incircumcisorum
1088 5666 1338 5723 morieris
1367 5665 1419 5721 in
1452 5665 1703 5721 manibus
1726 5666 1862 5722 alie-

248 5779 499 5830 norum,
533 5761 658 5833 quia
702 5776 803 5832 ego
836 5759 1048 5821 locutus
1098 5774 1239 5825 sum,
1268 5757 1355 5814 die
1382 5765 1395 5807 I
1421 5756 1633 5813 Adonai
1678 5755 1862 5813 Domi-

603 5851 878 5912 Pn‘noc.
924 5849 1087 5911 CIX.

1884 4535 1935 4593 D

2029 3312 2050 3346 ‹
2086 3292 2261 3348 Petra!
2287 3294 2430 3350 sicut
2452 3309 2577 3350 cera
2598 3294 2900 3365 liquescent
2936 3305 3061 3352 ante
3087 3295 3283 3355 faciem
3312 3308 3479 3355 tuam.
3513 3321 3533 3353 ι

1954 3384 2069 3442 Hoc
2108 3395 2213 3452 est,
2240 3387 2441 3441 duritia
2465 3387 2839 3458 superborum,
2871 3404 2991 3458 quin
3019 3404 3079 3445 se
3124 3391 3539 3464 insuperabilem

1956 3476 2070 3530 fore
2099 3477 2371 3537 credebat.
2405 3478 2460 3532 in
2504 3479 2791 3549 prarsentia
2820 3480 3085 3535 adventus
3114 3481 3191 3536 tui
3217 3483 3541 3541 mollescens

1955 3565 2206 3632 deﬁciet;
2254 3582 2382 3619 nam
2431 3566 2573 3621 sicut
2627 3582 2754 3621 cera
2786 3584 2854 3621 ex
2900 3567 3037 3623 favis
3077 3569 3304 3626 collecta
3354 3581 3541 3628 tenera

1953 3666 2058 3723 est,
2088 3659 2372 3729 mollisque
2408 3659 2737 3723 substantia,
2767 3675 2889 3729 quae
2930 3660 3008 3715 sic
3044 3661 3187 3732 ignis
3231 3662 3413 3718 calore
3452 3681 3538 3720 re-

1956 3747 2205 3814 solvitur,
2253 3756 2315 3802 ιιι
2361 3747 2409 3802 ei
2461 3748 2800 3817 corpulentia
2836 3749 3049 3819 penitus
3097 3749 3429 3815 absumatur,
3460 3753 3536 3809 ita

1953 3852 2169 3908 quoque
2202 3836 2409 3903 judicio
2447 3838 2544 3893 Dei
2574 3853 2605 3892 a
2636 3837 2775 3893 facie
2804 3839 2972 3909 ipsius
2998 3840 3309 3909 dispereunt
3335 3858 3539 3914 pecca-

1956 3934 2126 3991 tores,
2150 3927 2603 3995 quemadmodum
2618 3943 2741 3981 ccra
2764 3928 3011 3998 proximo
3035 3929 3158 3999 igne
3180 3933 3538 3990 consumitur.

1955 4015 2023 4069 Et
2048 4025 2229 4070 tamen
2276 4016 2463 4071 dicita
2512 4016 2653 4072 facie
2681 4018 2777 4072 Dei
2826 4032 2921 4072 eos
2971 4034 3093 4074 esse
3142 4020 3538 4092 dissolvendos,

1956 4106 2083 4176 quia
2113 4121 2391 4176 nunquam
2418 4107 2485 4161 ad
2511 4106 2741 4176 gratiam
2786 4107 2953 4177 ipsius
3006 4108 3378 4183 beneﬁciaque
3412 4131 3542 4170 ven-

1960 4199 2065 4252 turi
2089 4207 2235 4252 sunt.
2268 4198 2312 4252 E
2352 4198 2648 4263 contrario,
2701 4199 2830 4268 quid
2859 4198 2964 4254 illis
2989 4200 3080 4269 qui
3130 4200 3301 4256 Deum
3352 4206 3538 4261 timent

1958 4289 2190 4351 eveniet,
2239 4289 2557 4343 audiamus:

2036 4402 2054 4432 ι
2089 4382 2190 4449 Qui
2218 4382 2429 4447 timent,
2461 4382 2655 4450 inquit,
2690 4390 2764 4448 te,
2788 4385 2967 4453 magni
2999 4395 3159 4441 erunt
3183 4389 3324 4458 apud
3367 4398 3419 4443 te
3445 4404 3542 4461 per

1968 4493 1987 4524 ι
2028 4473 2230 4528 omnia.
2258 4492 2275 4523 ι
2307 4472 2459 4527 Sicut
2487 4483 2542 4527 et
2568 4483 2978 4531 contemnentes
3005 4476 3175 4532 Deum
3201 4481 3542 4536 miuorautur

1963 4579 2025 4619 ac
2054 4563 2330 4629 deﬁciunt,
2364 4563 2439 4617 ita
2484 4563 2738 4619 timentes
2775 4565 2946 4631 illum,
2984 4569 3165 4639 magni
3213 4582 3373 4626 erunt
3398 4576 3537 4643 apud

1960 4654 2134 4723 ipsum
2156 4668 2253 4723 per
2272 4653 2474 4719 omnia,
2497 4654 2706 4709 scilicet
2724 4656 2776 4709 in
2809 4656 3099 4715 collatione
3117 4661 3392 4729 virtutum,
3414 4674 3468 4718 et
3488 4667 3541 4721 in

1961 4752 2250 4815 augmento
2272 4743 2639 4814 praemiorum.
2668 4745 2799 4801 Post
2819 4748 2934 4802 habe
2959 4749 3098 4804 redit
3122 4750 3320 4807 iterum
3342 4770 3544 4810 memo-

1964 4845 2079 4890 rata
2103 4837 2441 4905 prophetissa
2469 4837 2536 4891 ad
2561 4841 2908 4909 exponendas
2947 4856 3136 4911 poenas
3159 4845 3397 4901 hostium
3420 4863 3545 4904 suo-

1963 4946 2106 4994 rum,
2134 4945 2197 4983 ac
2219 4929 2349 4983 dicit
2378 4948 2390 4982 :

2040 5039 2058 5070 ‹
2096 5020 2186 5074 Va:
2213 5021 2360 5091 genti
2406 5020 2700 5093 insurgenti
2732 5039 2895 5094 super
2922 5042 3091 5097 genus
3116 5044 3294 5083 meum
3323 5050 3334 5085 :
3363 5033 3540 5087 Domi-

1969 5132 1985 5162 ι
2016 5127 2118 5165 nus
2166 5113 2309 5166 enim
2349 5112 2690 5181 omnipotens
2734 5116 3027 5171 vindicabit
3074 5121 3126 5173 in
3175 5122 3271 5175 eis.
3312 5142 3329 5173 ι
3363 5123 3545 5181 Genus

1961 5220 2118 5259 suum
2146 5204 2277 5258 dicit
2300 5205 2443 5259 viros
2464 5205 2699 5260 cultores
2729 5207 2844 5271 Dei,
2870 5210 2934 5263 de
2962 5227 3067 5280 quo
3100 5212 3150 5265 in
3177 5212 3391 5267 Psalmo
3415 5216 3543 5270 scri-
3572 5210 3577 5221 ’

1960 5304 2110 5363 ptum
2126 5302 2210 5348 est
2234 5313 2245 5347 :
2268 5314 2284 5345 ι
2313 5293 2438 5349 lltec
2452 5306 2531 5349 est
2558 5298 2832 5366 generatio
2854 5302 3207 5367 quzerentium
3240 5303 3543 5358 Dominum.

1964 5387 2356 5458 requirentium
2382 5387 2575 5442 faciem
2606 5389 2695 5443 Dei
2721 5388 2885 5444 Jacob
2910 5388 3265 5461 (Psal.xxnt).
3302 5414 3318 5443 ι
3352 5394 3391 5447 [εἰ
3419 5411 3495 5447 ωε

1966 5486 2131 5542 trario
2155 5493 2236 5539 est
2261 5484 2348 5537 illa
2374 5485 2670 5555 generatio,
2691 5486 2793 5541 hoc
2820 5497 2923 5550 est,
2939 5504 3103 5558 prava
3119 5496 3170 5541 et
3185 5503 3458 5558 perversa,
3479 5488 3543 5541 de
3568 5552 3571 5555 _

1966 5594 2071 5647 qua
2105 5576 2364 5632 Dominus
2387 5576 2439 5630 in
2466 5576 2759 5649 Evangelio
2789 5579 2898 5632 ait:
2932 5597 2949 5628 ε
2987 5579 3126 5634 Ecce
3162 5592 3260 5647 ego
3294 5579 3450 5632 mitto
3474 5575 3541 5633 ad
3568 5648 3574 5659 ν

1966 5683 2063 5723 vos
2093 5668 2384 5739 prephetas
2412 5678 2467 5722 et
2515 5670 2786 5739 sapientes
2818 5680 2871 5723 et
2900 5671 3128 5724 scribas.
3155 5669 3230 5723 E\‘
3271 5669 3374 5724 illis
3398 5671 3537 5726 occi-

1970 5760 2108 5816 detis
2133 5768 2188 5815 et
2217 5776 2269 5815 cr
2282 5758 2561 5829 uciﬁgetis,
2588 5770 2641 5815 et
2669 5777 2734 5815 ex
2757 5763 2836 5816 eis
2860 5761 3201 5833 flagellabitis
3236 5764 3289 5818 in
3321 5756 3570 5837 synago-'

3000 5854 3075 5915 19
