3960 6178
418 256 519 313 587

1067 256 1127 309 Β.
1171 254 1423 311 RABANI
1462 252 1681 311 MAURI
1721 252 2043 310 ARClllEP.
2089 253 2396 315 MOGUNT.
2441 253 2724 313 OPERUM
2760 254 2940 311 PARS
2978 255 3017 310 Ι.

3567 263 3675 321 568

407 387 490 443 gis
516 378 734 437 vestris,
765 378 821 425 et
843 369 1243 448 persequamini
1271 369 1337 427 de
1364 369 1586 426 civitate
1610 369 1662 424 in
1686 368 1985 434 civitatem,
2017 371 2065 430 Λ
2093 366 2417 422 versationis
2444 384 2573 422 suae.
2605 367 2830 435 Quando
2861 367 3170 438 illud,quod
3192 368 3245 423 in
3268 369 3590 448 Apocalypsi
3612 376 3678 432 de

409 440 469 516 ut
490 460 674 515 veniat
698 475 861 530 super
876 475 972 515 vos
992 459 1170 515 omnis
1201 440 1421 529 sanguis
1443 458 1645 530 justus,
1673 460 1765 530 qui
1783 459 1987 515 ell‘usus

406 561 492 608 est
535 568 697 624 super
728 559 927 631 terram
956 590 974 617 ,
1005 566 1034 606 a
1068 551 1330 621 sanguine
1373 552 1506 608 Abel
1537 550 1680 622 justi
1720 568 1891 631 usque
1920 550 1986 607 cd

406 626 1023 718 sanguinem'Zaeharia‘.
1053 645 1147 699 lilii
1190 644 1490 711 Barachiaz,
1519 661 1680 715 quem
1709 626 1988 701 occidistis

407 742 544 797 intra
582 737 840 810 templum
878 746 933 791 et
963 738 1153 792 altare.
1189 738 1359 793 Amen
1396 739 1518 795 dico
1554 739 1740 803 vobis,
1772 739 1990 793 venient

404 837 518 893 hanc
588 832 773 889 omnia
830 848 994 903 super
1063 833 1468 904 generationem
1532 833 1691 888 istam
1748 832 1983 905 (Matth.

401 931 581 998 mn).
623 944 643 977 ι
689 923 824 980 Huic
865 937 996 994 ergo
1028 922 1366 995 generationi
1394 939 1475 978 va:
1511 923 1618 978 erit
1646 932 1983 994 perpetuum,

403 1017 531 1088 quia
562 1018 679 1073 sine
707 1015 815 1072 ullo
866 1017 971 1071 line
997 1023 1258 1070 aeternum
1291 1015 1364 1069 illi
1407 1023 1592 1070 manet
1635 1024 1984 1082 tormentum,

397 1110 542 1180 justo
581 1104 765 1177 judice
795 1108 897 1163 sibi
931 1115 1078 1161 recte
1115 1105 1447 1161 retribuente
1470 1147 1484 1170 ,
1534 1121 1655 1176 qum
1692 1107 1783 1161 illa
1826 1117 1983 1162 antea

400 1198 668 1255 malitiose
689 1197 742 1253 in
759 1197 1035 1269 proximos
1048 1211 1176 1252 suos
1190 1205 1375 1268 egerat
1394 1213 1409 1263 ;
1433 1195 1576 1251 unde
1601 1194 1945 1267 subjungitur
1969 1216 1981 1251 :

478 1306 498 1339 ι
539 1289 598 1343 ln
633 1287 720 1343 die
756 1285 946 1355 judicii
986 1285 1231 1340 visitabit
1256 1285 1396 1339 illos.
1438 1302 1458 1337 ι
1500 1282 1751 1339 Visitabit
1798 1284 1985 1354 utique

400 1380 542 1445 illos,
584 1394 691 1435 non
720 1387 783 1433 ut
805 1392 1039 1448 superna
1085 1391 1209 1431 cum
1235 1376 1441 1431 sanctis
1463 1375 1714 1430 mercede
1740 1382 1983 1440 coronet,

398 1470 493 1526 sed
520 1480 580 1524 ut
615 1484 737 1525 cum
780 1467 994 1524 diabolo
1023 1476 1077 1523 et
1101 1466 1309 1539 angelis
1336 1464 1453 1536 ejus
1491 1466 1770 1538 perpetuis
1808 1467 1986 1538 poenis

397 1559 676 1617 excruciet
701 1559 756 1613 in
787 1556 1020 1614 inferno.

473 1672 490 1704 ι
530 1652 683 1718 Dabit
713 1651 858 1713 enim
890 1650 1067 1727 ignem
1102 1657 1159 1711 et
1183 1664 1397 1711 vennes
1425 1649 1481 1709 iu
1507 1663 1726 1710 Carnem
1770 1664 1981 1720 eoruul,
2015 1715 2019 1719 ,

2090 456 2296 511 sanctis
2319 458 2580 527 scriptum
2609 464 2713 521 est,
2745 458 3078 527 completur:
3109 478 3128 510 c
3169 458 3481 533 Absterget,
3523 485 3543 518 ι
3601 466 3679 521 in-

2090 548 2239 617 quit,
2277 567 2295 598 ι
2349 548 2491 605 Deus
2530 534 2746 605 omnem
2802 550 3097 624 lacrymam
3149 553 3218 609 ab
3273 556 3447 612 oculis
3494 574 3676 616 eorum

2091 637 2276 711 (Apoc.
2310 637 2430 712 vn).
2464 659 2485 693 ι
2516 641 2689 695 Tanta
2733 642 2876 697 illius
2919 643 3175 707 civitatis,
3218 654 3272 700 et
3299 655 3406 701 tam
3434 649 3579 704 celsa
3615 652 3677 707 de

2090 729 2184 785 Dei
2216 746 2443 786 munere
2487 730 2706 787 claritas
2753 733 3055 803 apparebit,
3085 744 3145 789 ut
3187 736 3330 791 nulla
3362 751 3677 796 remaneant

2088 821 2315 892 vestigia
2347 823 2654 878 vetustatis.
2695 822 2846 879 Tunc
2881 825 3145 897 siquidem
3171 844 3398 900 corpora
3443 833 3677 891 cmlestis

2088 913 2366 984 corruptio
2396 912 2728 983 sublimabit,
2757 925 2813 972 et
2836 926 3048 974 mentes
3074 920 3265 976 aaterni
3307 924 3449 996 regis
3492 937 3675 997 pascet

2090 1004 2334 1060 intuitus.
2361 1005 2432 1060 Et
2453 1022 2601 1062 mors
2621 1008 2762 1063 ultra
2791 1025 2898 1065 non
2927 1011 3054 1079 erit,
3079 1028 3254 1084 neque
3280 1013 3480 1082 luctus,
3503 1036 3673 1090 neque

2086 1096 2317 1163 clamor,
2348 1112 2524 1168 neque
2558 1099 2712 1154 dolor
2731 1101 2856 1168 erit,
2886 1118 3007 1173 qua:
3048 1106 3225 1176 prima
3252 1108 3526 1178 abierunt,
3552 1129 3672 1171 cum

2088 1196 2278 1242 sancta
2306 1187 2526 1243 civitate
2563 1191 2859 1248 novissimo
2896 1193 3102 1262 judicio
3137 1198 3459 1271 gloriﬁcata,
3501 1206 3666 1272 dolor,

2087 1274 2265 1331 luctus
2312 1286 2367 1332 et
2414 1279 2720 1336 mortalitas
2772 1290 2978 1339 tantum
3022 1286 3079 1341 in
3120 1288 3369 1359 gehenna
3423 1307 3669 1351 remane-

2085 1366 2239 1421 bunt.

2162 1474 2181 1506 ι
2219 1456 2386 1513 Porro
2407 1455 2594 1515 Iudith
2633 1461 2885 1518 universa
2930 1478 3057 1520 vasa
3105 1465 3297 1523 bellica
3345 1424 3668 1541 Iloloferhis,

2092 1566 2110 1599 ι
2150 1564 2270 1619 qua:
2298 1550 2451 1606 dedit
2473 1552 2521 1606 ei
2551 1552 2871 1623 populus,ct
2907 1570 3217 1627 conopmum
3250 1562 3390 1630 quod
3418 1563 3533 1633 ipsa
3559 1580 3672 1621 sus-

2092 1661 2109 1692 ι
2148 1641 2363 1713 tulerat,
2399 1644 2466 1702 de
2495 1644 2657 1699 cubili
2696 1646 2886 1716 ipsius,
2917 1648 3112 1704 obtulit
3141 1652 3195 1706 in
3231 1655 3519 1709 anathema
3543 1658 3670 1713 obli-

404 1772 424 1804 ι
456 1762 515 1811 ut
530 1761 819 1808 uranturet
844 1723 1265 1818 sentiantusque
1285 1747 1339 1803 iu
1364 1747 1815 1817 sempiternum:
1847 1744 1982 1803 lliuc
2013 1723 2057 1790 Β
2090 1756 2109 1787 ί
2149 1736 2341 1792 νῖοηῖεο
2380 1757 2399 1790 ι
2435 1737 2587 1806 Ωιιοίί
2613 1751 2741 1810 ΘΓὲὊ
2766 1735 2950 1795 Ῐωίίῑιι
3001 1740 3253 1795 universa
3307 1758 3435 1798 V853
3484 1745 3670 1803 bellica

397 1860 529 1902 voce
576 1842 936 1900 consolatoria
982 1838 1243 1895 Dominus
1294 1853 1393 1909 per
1428 1837 1623 1892 Isaiam
1666 1836 1983 1908 prophetam

394 1935 467 1989 ad
511 1932 691 2003 justos
718 1932 958 2002 loquitur
1006 1930 1237 1986 dicens:
1275 1946 1293 1980 ι
1327 1927 1505 1984 Nolite
1555 1911 1745 1985 timere
1792 1944 1986 1999 oppro-

396 2027 573 2083 brium
603 2024 859 2090 hominis,
887 2033 944 2080 et
961 2021 1326 2092 blasphemias
1354 2036 1540 2077 eorum
1575 2036 1644 2077 ne
1685 2022 1939 2075 metuatis
1967 2039 1980 2075 :

396 2118 536 2173 sicut
556 2124 612 2171 et
633 2114 1039 2178 vestimentum,
1055 2112 1136 2167 sic
1159 2111 1409 2167 comedet
1434 2125 1528 2165 eos
1556 2109 1775 2173 vermis,
1804 2119 1860 2164 et
1878 2108 1983 2165 sic-

395 2216 455 2262 nt
484 2207 687 2269 lanam,
726 2204 806 2260 sic
837 2202 1117 2260 devorabit
1142 2216 1237 2257 eos
1264 2200 1406 2255 tinea
1435 2218 1447 2255 :
1481 2199 1629 2255 salus
1651 2207 1832 2255 autem
1859 2213 1982 2254 mea

395 2296 449 2350 in
474 2306 735 2350 :eternum
763 2291 890 2357 erit,
920 2298 976 2346 et
995 2289 1206 2360 justitia
1249 2304 1367 2345 mea
1400 2289 1451 2344 in
1484 2289 1857 2360 generationes
1891 2305 1985 2362 ge-

394 2387 738 2443 neratiouum
786 2384 923 2457 (ha.
968 2383 1066 2455 ιι).
1110 2403 1128 2436 ι
1167 2382 1284 2439 Νοιι
1313 2383 1486 2439 solum
1512 2383 1657 2439 enim
1704 2381 1758 2439 in
1788 2398 1983 2440 carnes

393 2485 741 2545 peccatorum
793 2481 1060 2530 tormenta
1100 2472 1292 2529 inferni
1318 2474 1643 2539 redundant,
1668 2475 1762 2530 sed
1817 2476 1981 2530 etiam

395 2567 450 2622 in
483 2566 711 2628 animas,
738 2564 863 2634 quia
901 2571 1130 2632 utraque
1156 2563 1456 2618 substantia
1488 2563 1648 2636 digne
1683 2564 1754 2620 ibi
1787 2566 1980 2636 punie-

394 2666 506 2720 tur,
543 2670 663 2727 quae
683 2654 775 2712 hic
808 2653 1182 2729 paenitentiam
1209 2663 1553 2726 peccatorum
1572 2697 1587 2722 ,
1614 2664 1669 2712 et
1715 2656 1981 2712 bonorum

394 2760 617 2816 operum
648 2742 880 2802 fructum
910 2760 1076 2818 agere
1105 2745 1359 2819 neglexit.
1393 2745 1502 2803 Sed
1532 2747 1654 2804 ideo
1702 2748 1757 2803 in
1804 2749 1983 2804 carni-

392 2839 497 2895 bus
521 2836 653 2894 dicit
680 2839 856 2911 ignem
883 2846 939 2894 et
964 2853 1179 2895 vermes
1205 2839 1341 2905 dari,
1370 2840 1497 2911 quia
1526 2839 1689 2897 fmtor
1716 2841 1981 2896 vermium

394 2929 462 2985 de
483 2929 830 3000 corruptione
865 2928 1002 2985 solet
1028 2928 1180 2985 nasci
1221 2930 1402 2987 carnis
1448 2940 1503 2987 et
1528 2932 1822 3004 sanguinis.
1856 2930 1981 2988 Ideo

393 3035 523 3076 caro
548 3034 740 3076 recens
766 3018 879 3074 sale
904 3018 1175 3086 conditur,
1201 3025 1260 3074 ut
1288 3021 1561 3076 exsiccato
1600 3022 1827 3078 humore
1848 3038 1975 3077 san-

392 3112 588 3184 guineo
628 3124 961 3166 vermcscere
1008 3117 1259 3181 nequeat.
1289 3110 1427 3167 Caro
1468 3112 1630 3182 igitur
1654 3122 1709 3168 et
1758 3113 1978 3184 sanguis

392 3216 606 3257 vermes
634 3210 803 3257 creat.
835 3201 902 3256 Et
930 3201 1058 3272 quia
1088 3201 1372 3258 delectatio
1405 3203 1661 3270 carnalis,
1715 3204 1800 3259 cui
1851 3220 1981 3259 con-

393 3294 690 3349 dimentum
742 3292 1086 3348 continentiae
1128 3292 1370 3359 resistit,
1421 3309 1637 3365 poenam
1691 3294 1982 3351 luxuriosis

393 3393 617 3456 generat
640 3391 923 3449 :etcrnam,
941 3383 1007 3439 de
1030 3399 1138 3453 quo
1166 3382 1418 3439 Salvator
1454 3384 1508 3440 in
1538 3384 1830 3461 Evangelio
1857 3386 1934 3440 ait
1962 3404 1975 3440 :

398 3497 418 3527 ι
452 3474 555 3532 Ubi
580 3476 779 3531 vermis
806 3490 996 3531 eorum
1017 3490 1122 3531 non
1151 3476 1380 3531 moritur
1398 3484 1453 3531 et
1479 3477 1620 3550 ignis
1646 3493 1752 3533 non
1775 3479 1981 3533 exstin-

393 3567 578 3638 guitur
603 3565 794 3639 (Marc.
828 3565 929 3641 ιχ),
972 3587 992 3618 ι
1029 3567 1083 3622 in
1112 3582 1296 3623 verme
1327 3567 1666 3639 putredinem
1697 3568 1977 3640 gehenme,

392 3664 535 3716 sicut
564 3661 619 3715 in
675 3659 797 3731 igne
826 3658 1075 3716 ardorem
1105 3660 1381 3732 designat;
1416 3660 1528 3715 sive
1561 3676 1802 3715 vermem
1847 3661 1978 3716 dicit

391 3767 571 3807 seram
600 3750 863 3806 scelerum
886 3750 1301 3823 paenitudinem,
1328 3765 1450 3822 qua:
1478 3766 1754 3822 nunquam
1784 3751 1838 3805 in
1867 3760 1980 3806 tor-

391 3841 593 3897 mentis
620 3842 1008 3898 conscientiam
1050 3839 1374 3897 aﬂlictorum
1427 3843 1676 3899 mordere
1719 3844 1976 3909 cessabit,

393 3943 452 3989 ut
478 3933 619 4007 ignis
645 3936 719 3989 sit
758 3948 918 4004 poma
947 3934 1287 3990 extrinsecus
1313 3934 1559 4001 sazviens,
1598 3935 1799 3991 vermis
1827 3934 1979 3991 dolor

394 4026 620 4081 interius
652 4041 931 4083 accusans.

471 4136 490 4169 ι
527 4117 596 4173 Et
623 4114 823 4173 factum
854 4130 938 4173 est
981 4129 1104 4187 post
1132 4118 1269 4185 lucc,
1295 4117 1473 4173 omnis
1496 4117 1725 4188 populus
1749 4127 1870 4188 post
1898 4117 1976 4173 vi-

401 4210 682 4271 Lctoriam
711 4210 861 4264 venit
886 4209 940 4263 in
964 4208 1264 4264 Ierusalem
1297 4209 1529 4264 adorare
1582 4209 1893 4275 Dominum,
1922 4218 1980 4265 et

401 4320 419 4352 ι
456 4316 583 4356 mox
612 4308 670 4357 ut
696 4299 966 4373 purificati
994 4312 1139 4366 sunt,
1163 4299 1478 4356 obtulerunt
1509 4315 1701 4356 omnes
1721 4299 1976 4356 holocau-

400 4413 419 4447 ι
457 4402 563 4460 sta,
580 4402 635 4448 et
658 4402 782 4449 vota
811 4402 867 4450 et
882 4394 1271 4464 promissiones
1289 4409 1433 4450 suas.
1476 4413 1496 4447 ›
1533 4394 1601 4449 Ει
1631 4393 1836 4449 factum
1871 4401 1971 4456 est,

395 4485 590 4557 inquit,
619 4493 742 4558 post
766 4485 905 4552 haec,
934 4486 987 4541 id
1024 4494 1108 4542 est
1142 4495 1263 4556 post
1290 4502 1475 4543 necem
1506 4485 1833 4551 Holofernis,
1854 4494 1978 4557 post

394 4575 631 4632 hostium
666 4574 846 4647 fugam
881 4582 936 4631 et
964 4574 1263 4641 interitum,
1294 4582 1417 4645 post
1449 4574 1975 4646 congratulationem

392 4666 593 4723 civium
622 4678 745 4721 cum
781 4662 967 4719 Iudith
994 4664 1059 4719 de
1082 4663 1265 4719 divino
1288 4662 1489 4718 auxilio
1517 4664 1620 4719 sibi
1668 4663 1898 4729 collato;
1922 4672 1978 4719 et

392 4758 460 4813 de
483 4755 802 4812 liberatione
830 4769 949 4820 sua,
984 4764 1040 4809 et
1066 4752 1313 4809 laudibus
1337 4768 1473 4824 quas
1496 4768 1595 4825 pro
1621 4753 1724 4809 hoc
1750 4754 1979 4809 Domino

393 4845 664 4911 solvebat;
692 4844 842 4901 venit
867 4845 1043 4900 omnis
1066 4842 1294 4915 populus
1326 4844 1555 4900 adorare
1580 4848 1633 4900 in
1676 4848 1977 4900 Jerusalem

396 4936 702 5002 Dominum,
731 4944 787 4992 et
808 4934 1055 5009 proferre
1077 4935 1275 4991 ibidem
1303 4936 1634 5002 holocausta,
1664 4945 1789 4991 vota
1817 4945 1871 4991 et
1894 4951 1978 4991 rc-

394 5026 811 5098 prou.issioncs;
860 5025 987 5095 quia
1030 5026 1106 5081 ibi
1142 5036 1263 5081 erat
1288 5027 1544 5097 templum
1574 5028 1669 5082 Dei
1701 5036 1756 5082 et
1783 5027 1976 5093 altare,

394 5116 839 5176 etsanctilicatio
877 5116 1171 5187 prmcipua.
1217 5116 1442 5188 Mystiee
1473 5127 1651 5173 autem
1683 5118 1976 5190 significat,

393 5208 538 5284 quod
573 5205 945 5278 unusquisque
976 5205 1271 5263 electorum
1318 5215 1442 5276 post
1466 5215 1745 5278 peractum
1776 5208 1974 5264 bellum

392 5299 555 5372 hujus
579 5297 788 5364 mundi,
818 5306 874 5351 et
899 5296 1182 5353 victoriam
1211 5305 1414 5353 certam
1440 5299 1508 5353 de
1533 5298 1798 5366 hostibus,
1828 5300 1975 5371 puri-

393 5392 589 5447 llcatus
616 5389 685 5445 ab
703 5389 851 5445 omni
880 5388 1002 5445 labe
1035 5398 1383 5460 peccatorum
1412 5399 1666 5461 properat
1708 5391 1762 5447 in
1789 5406 1977 5463 super-

392 5496 520 5537 nam
548 5481 823 5537 civitatem
846 5469 965 5547 Dci,
1016 5479 1109 5536 ubi
1159 5495 1289 5537 vera
1316 5489 1402 5537 est
1447 5483 1584 5538 visio
1603 5483 1774 5553 pacis,
1809 5491 1865 5539 et
1885 5483 1977 5539 ubi

315 5640 318 5644 ,
392 5566 586 5631 offeret
608 5573 883 5632 Conditori
914 5589 1013 5631 suo
1031 5587 1168 5645 pura
1197 5582 1322 5631 vota
1343 5575 1545 5641 cordis,
1563 5575 1815 5646 placitam
1846 5592 1976 5631 con-

394 5663 682 5724 fessionem
711 5669 843 5731 oris,
875 5677 930 5724 et
955 5676 1109 5739 grata
1141 5666 1454 5728 holocausta
1482 5668 1591 5726 Deo
1636 5671 1800 5726 totius
1849 5685 1977 5725 con—

2087 1824 2412 1892 llolofernis,
2463 1829 2565 1883 sibi
2606 1829 2730 1883 data
2755 1845 2784 1883 a
2813 1829 3009 1901 populo
3041 1832 3395 1892 consecrabat
3422 1835 3671 1903 Domino,

2085 1918 2354 1987 significat
2383 1921 2527 1991 quod
2578 1931 2763 1977 sancta
2814 1922 3051 1979 Ecclesia
3097 1925 3216 1982 illas
3257 1929 3485 1993 animas,
3541 1946 3676 2003 quas

2084 2010 2332 2067 diabolus
2363 2026 2459 2067 sua
2489 2012 2693 2068 malitia
2728 2014 2943 2069 delusas
2974 2014 3040 2069 ad
3072 2030 3227 2071 usum
3252 2018 3539 2075 ministerii
3568 2022 3671 2086 sui,

2084 2100 2151 2154 ad
2181 2116 2344 2171 opera
2388 2102 2597 2158 scilicet
2637 2104 2930 2174 impietatis
2978 2106 3252 2177 subjectos
3298 2110 3509 2179 habuit,
3560 2113 3671 2183 ipsa

2082 2203 2182 2260 per
2205 2190 2403 2246 bonum
2436 2192 2673 2247 studium
2708 2194 2777 2249 ab
2827 2194 2969 2250 illius
3003 2206 3269 2266 potestate
3296 2216 3516 2269 eruens,
3546 2219 3672 2259 vasa

2084 2283 2433 2352 acceptabilia
2463 2299 2602 2354 aqua
2642 2295 2697 2340 et
2719 2287 2884 2342 verbo
2913 2288 3092 2344 effecit
3142 2291 3271 2355 Deo,
3316 2290 3472 2360 juxta
3523 2295 3671 2351 illam

2082 2373 2392 2441 parabolam
2417 2374 2711 2448 Evangelii,
2738 2393 2845 2449 qua
2884 2379 3146 2437 Dominus
3168 2385 3235 2438 ad
3260 2384 3478 2442 Iudmos
3502 2387 3673 2459 loqui-

2086 2472 2175 2518 tur
2209 2464 2394 2521 dicens
2422 2485 2436 2521 :
2470 2486 2495 2518 ς
2534 2466 2704 2523 Nemo
2726 2478 2906 2540 potest
2934 2473 3263 2529 vasa‘fortis
3303 2476 3582 2549 ingressus
3616 2482 3669 2538 ia

2084 2556 2303 2619 domum
2330 2558 2584 2629 diripere,
2613 2560 2718 2616 nisi
2761 2562 2915 2632 prius
2950 2563 3144 2619 fortem
3197 2567 3399 2639 alliget,
3447 2581 3502 2625 et
3550 2581 3671 2629 tun:

2082 2645 2302 2701 domum
2332 2644 2449 2716 ejus
2470 2648 2685 2718 diripiet
2708 2648 2902 2723 (Marc.
2927 2652 3010 2722 ιιι)
3063 2673 3082 2704 ι
3109 2652 3244 2710 Cum
3265 2669 3319 2710 et
3345 2657 3675 2732 Redemptor

2084 2735 2305 2791 humani
2338 2739 2553 2809 generis
2581 2740 2882 2811 principem
2913 2743 3074 2815 hujus
3104 2747 3289 2802 mundi
3328 2748 3492 2818 ejecit
3528 2752 3672 2810 foras

2082 2834 2138 2880 et
2182 2826 2418 2899 alligavit
2472 2828 2702 2896 fortem,
2756 2838 2884 2888 tunc
2935 2835 3145 2904 accepit
3209 2835 3455 2895 Ecclesia
3505 2841 3672 2913 ipsius

2081 2926 2405 2987 potestatem
2431 2920 2499 2975 ab
2530 2935 2616 2986 co,
2646 2930 2705 2976 ut
2733 2938 2860 2979 vasa
2886 2922 3059 2981 hostis
3084 2927 3344 2999 diripiens
3381 2943 3665 2989 converte—

2083 3017 2168 3065 ret
2194 3010 2244 3064 in
2273 3026 2398 3066 vasa
2428 3012 2665 3082 pietatis,
2696 3029 2797 3070 nec
2819 3030 2922 3071 non
2952 3026 3007 3072 et
3034 3019 3294 3088 studium,
3318 3039 3427 3095 quo
3455 3023 3670 3083 nefandi

2083 3101 2384 3159 seductoris
2411 3102 2629 3162 fraudes
2648 3109 2949 3177 [medicans
2973 3110 3273 3183 detegebat,
3297 3114 3475 3186 ipsum
3504 3119 3668 3175 etiam

2081 3209 2180 3264 pro
2210 3194 2349 3251 dono
2375 3199 2694 3269 acceptabili
2721 3199 2879 3257 oﬂ'ert
2902 3203 3014 3275 regi
3043 3212 3096 3259 et
3117 3208 3350 3262 creatori
3370 3224 3491 3266 suo.
3522 3210 3671 3269 Unde

2082 3286 2422 3359 subjungitur
2455 3308 2466 3344 :
2505 3309 2524 3341 ι
2561 3289 2629 3346 Ει
2675 3307 2988 3365 conopazum
3019 3297 3161 3366 quod
3200 3298 3313 3369 ipsa
3352 3302 3669 3370 sustulerat,

2082 3377 2137 3433 in
2189 3380 2478 3435 anathema
2526 3381 2834 3440 oblivionis.
2877 3405 2897 3439 ι
2948 3385 3270 3459 (Ζοιιορεειιω
3328 3406 3479 3463 ergo,
3529 3395 3670 3465 quod

2081 3477 2198 3525 rete
2223 3486 2532 3527 muscarum
2583 3489 2702 3531 esse
2740 3475 2957 3544 dicitur,
2988 3477 3094 3534 doli
3149 3492 3294 3548 sunt,
3328 3483 3527 3552 quibus
3574 3485 3672 3540 im-

2082 3561 2371 3630 prudentes
2397 3563 2703 3632 capiuntur.
2734 3564 2842 3622 Sed
2871 3569 2971 3623 hos
2991 3571 3415 3628 anathematizat
3440 3582 3496 3628 et
3523 3575 3672 3630 dam-

2081 3658 2176 3705 nat
2190 3659 2375 3706 sancta
2393 3660 2568 3707 mater
2580 3653 2841 3722 Ecclesia,
2856 3658 2982 3726 quia
3008 3658 3124 3713 illos
3145 3660 3429 3731 displicere
3447 3663 3672 3720 Domino

2080 3740 2249 3805 novit,
2282 3740 2646 3798 innocentiam
2676 3754 2855 3802 autem
2886 3747 3134 3818 placere;
3172 3750 3325 3821 juxta
3363 3751 3492 3808 illud
3524 3757 3669 3825 psal-

2079 3830 2255 3886 mistze
2286 3849 2299 3886 ι
2335 3850 2353 3883 ι
2407 3832 2673 3892 lnuocens
2720 3837 2973 3894 manibus
3016 3848 3073 3895 et
3120 3843 3322 3899 mundo
3364 3845 3548 3913 corde,
3580 3848 3671 3918 qui

2077 3939 2185 3980 non
2209 3926 2418 3996 accepit
2446 3925 2501 3983 in
2532 3942 2728 3983 vanum
2755 3931 2991 3986 animam
3021 3948 3198 4001 suam,
3237 3950 3338 3992 nec
3366 3934 3570 4006 juravit
3615 3941 3669 3995 in

1988 4030 1999 4035 ί
2079 4012 2206 4068 dolo
2232 4015 2481 4084 proximo
2507 4031 2626 4083 suo,
2657 4018 2745 4074 hic
2776 4021 3006 4092 accipiet
3032 4023 3463 4084 benedictionem
3504 4045 3535 4085 a
3565 4031 3671 4086 θοι

2079 4103 2228 4158 mino
2246 4144 2262 4169 ,
2288 4113 2344 4160 et
2373 4105 2799 4164 misericordiam
2828 4125 2857 4165 a
2885 4110 2996 4168 Deo
3049 4117 3275 4172 salutari
3307 4134 3427 4176 suo.
3487 4120 3667 4194 (ρςαι.

2080 4194 2262 4267 xxm.)
2294 4215 2313 4248 ι

2156 4308 2175 4337 ι
2212 4287 2341 4341 Erat
2368 4298 2545 4344 autem
2579 4291 2805 4362 populus
2839 4291 3110 4363 jucundus
3140 4301 3437 4356 secundum
3476 4303 3672 4361 faciem

2087 4398 2107 4429 ι
2144 4389 2472 4435 sanctorum.
2509 4401 2528 4434 ι
2566 4383 2845 4439 Veraeiter
2869 4393 2925 4441 et
2954 4395 3081 4444 tunc
3108 4390 3335 4460 populus
3358 4393 3456 4449 Dei
3482 4394 3675 4466 jucun-

2083 4471 2183 4527 dus
2210 4471 2346 4538 erit,
2377 4487 2500 4527 cum
2529 4476 2839 4544 pervenerit
2865 4476 2933 4530 ad
2958 4481 3468 4550 contemplationem
3494 4483 3676 4540 vultus

2080 4562 2381 4620 conditoris
2406 4563 2512 4630 sui,
2545 4580 2646 4620 nec
2669 4581 2774 4620 non
2807 4577 2862 4623 et
2889 4567 2943 4622 in
2970 4570 3073 4625 hac
3099 4574 3537 4644 peregrinatione
3554 4576 3669 4645 jam

2084 4652 2140 4707 in
2167 4668 2263 4724 spe
2288 4653 2590 4710 futurorum
2615 4656 2878 4713 bonorum
2905 4661 3300 4728 quodammodo
3320 4662 3592 4733 jucundus
3618 4676 3676 4722 et

2084 4746 2239 4818 lactus
2271 4756 2376 4802 est.
2408 4744 2563 4803 Unde
2585 4748 2716 4803 dicit
2736 4749 3026 4819 Apostolus
3051 4770 3064 4806 :
3099 4770 3119 4803 ι
3153 4752 3260 4823 Spe
3281 4752 3396 4822 jam
3426 4756 3560 4812 salvi
3591 4757 3674 4811 fa-

2088 4847 2161 4894 cti
2188 4851 2377 4893 sumus
2402 4837 2579 4910 (Rom.
2611 4842 2750 4908 vm).
2784 4860 2803 4892 ι
2835 4840 2901 4895 Ει
2929 4841 3124 4897 iterum
3153 4860 3167 4897 :
3207 4863 3226 4895 ι
3263 4841 3390 4916 Spe,
3424 4866 3443 4899 ι
3477 4847 3674 4918 inquit,

2090 4948 2109 4980 ι
2145 4930 2464 5000 gaudentes,
2500 4930 2555 4984 in
2594 4930 2940 4989 tribulatione
2972 4936 3239 5005 patientes
3275 4935 3455 5008 (Rom.
3486 4942 3606 5010 ιιι).
3649 4961 3669 4992 ι

2085 5020 2221 5077 llinc
2249 5030 2305 5077 et
2348 5023 2463 5093 ipsa
2496 5023 2707 5079 Veritas
2746 5024 2800 5079 in
2845 5025 3137 5099 Evangelia
3180 5030 3256 5083 ait
3293 5047 3309 5084 :
3347 5048 3368 5083 ι
3403 5031 3541 5087 Cum
3574 5048 3672 5089 vos

2082 5115 2351 5184 persecuti
2382 5113 2600 5181 fuerint,
2624 5124 2680 5171 et
2703 5116 2940 5172 dixerint
2966 5134 3127 5175 omne
3152 5120 3353 5177 malum
3380 5124 3674 5181 adversum

2083 5218 2200 5269 vos,
2237 5205 2558 5261 mentientes
2601 5215 2825 5277 propter
2868 5222 3065 5264 nomen
3099 5225 3279 5266 meum
3299 5253 3316 5280 ,
3357 5216 3586 5285 gaudete
3612 5224 3673 5270 et

2082 5296 2373 5365 exsultatc,
2413 5299 2539 5368 quia
2577 5314 2789 5355 merces
2822 5308 3002 5357 vestra
3041 5302 3260 5374 copiosa
3299 5314 3384 5361 est
3424 5307 3479 5363 in
3517 5307 3673 5364 ccelis

2084 5386 2298 5454 (Matth.
2330 5387 2407 5461 v).
2444 5409 2462 5441 ι

2159 5500 2180 5534 ι
2215 5482 2285 5538 Ει
2309 5498 2406 5554 per
2444 5490 2555 5539 tres
2594 5498 2808 5540 menses
2836 5485 3088 5557 gaudium
3118 5486 3279 5559 hujus
3314 5488 3556 5546 VlClOl'lLB
3579 5505 3672 5546 ce-

2088 5596 2107 5628 ι
2144 5575 2409 5633 lebratum
2434 5586 2518 5635 est
2541 5594 2663 5634 cum
2691 5576 2898 5635 Iudith.
2931 5600 2950 5634 ι
2986 5580 3127 5650 Quid
3154 5593 3236 5637 est
3258 5598 3356 5655 per
3381 5594 3493 5641 tres
3520 5600 3670 5641 men-

2083 5684 2172 5726 ses
2216 5670 2467 5739 gaudium
2506 5669 2667 5740 hujus
2708 5672 2948 5728 victorize
2988 5672 3254 5730 celebrari
3288 5692 3410 5731 Clllll
3447 5676 3665 5743 Iudith,
