3928 6176
409 359 509 415 591

1045 352 1112 406 Β.
1156 348 1418 404 llAllANl’
1447 346 1664 404 MAUlil
1705 343 2026 400 ARClllEP.
2069 337 2377 396 MOGUNT.
2420 333 2706 392 OPERUM
2747 331 2928 387 PARS
2964 331 3002 385 ι.

3571 326 3670 382 592

402 485 583 526 -uuum
609 467 770 524 finem
800 471 1092 536 properant
1119 462 1330 527 omnia;
1364 470 1508 515 terra
1531 459 1695 515 etiam
1722 456 1996 527 sepultura
2025 460 2075 518 Α
2102 453 2299 507 festum
2327 458 2438 513 est,
2471 446 2617 517 quod
2647 445 2826 500 nullus
2853 445 3053 498 electos
3093 442 3184 497 Dei
3225 441 3280 496 in
3309 439 3563 512 praesenti
3594 439 3684 495 Ec-

415 559 718 616 commuuis
760 565 845 611 est
887 555 1147 609 bonorum
1195 561 1252 607 et
1298 551 1582 606 malorum.
1633 548 1761 604 Sive
1807 547 1998 602 altiore

416 666 578 706 sensu
627 646 876 702 defuncta
924 658 988 698 ac
1033 642 1244 711 sepulta
1289 641 1472 697 Judith
1523 655 1644 695 cum
1696 635 1995 702 viro'suo,

417 738 632 810 quando
675 733 914 790 Ecclesia
946 733 999 787 in
1035 731 1359 801 baptismate
1387 729 1739 785 commoritur
1760 725 1998 788 Christo,

2102 544 2262 600 clesia
2294 555 2488 596 nocere
2514 538 2755 592 funditus
2778 536 2974 607 possit;
3007 535 3058 588 id
3079 542 3178 595 est,
3205 546 3376 602 usque
3405 529 3472 585 ad
3500 531 3688 584 animm

2103 636 2378 692 interitum
2400 632 2724 702 pertingere.
2755 629 2910 684 Unde
2938 628 3053 696 ipsa
3077 625 3288 680 Veritas
3315 624 3369 678 in
3397 621 3688 694 Evangelia

2104 726 2179 780 ait
2213 743 2225 778 :
2263 744 2280 775 ι
2317 724 2489 780 Omne
2521 723 2664 791 quod
2697 721 2841 774 dedit
2870 719 3002 772 mihi
3042 717 3224 780 Pater,
3262 715 3329 770 ad
3369 729 3457 769 me
3491 715 3687 778 veniet,

418 807 477 888 ut
503 837 748 901 resurgat
772 843 893 883 cum
935 827 1071 896 ipso.
1114 825 1265 880 Unde
1291 823 1420 879 dicit
1445 821 1736 891 Apostolus
1763 839 1776 875 :
1807 839 1827 869 ι
1864 818 2004 874 Con-
2104 828 2160 874 et
2203 832 2326 872 eum
2366 815 2646 884 qui-venit
2691 814 2757 868 ad
2801 827 2906 876 me,
2955 827 3061 865 non
3107 807 3320 876 ejiciam
3361 807 3529 863 foras.
3567 827 3588 859 ι
3632 808 3693 860 Et

419 921 608 993 sepulti
637 919 780 975 enim
806 933 993 972 sumus
1019 932 1141 970 cum
1170 915 1261 969 illo
1282 929 1378 983 per
1409 912 1734 983 baptismum
1777 911 1828 964 in
1861 923 2005 963 mor-

2109 909 2277 963 item;
2318 927 2335 956 ι
2371 905 2472 973 Qui
2503 906 2724 959 verbum
2771 917 2948 956 meum
2990 899 3170 964 audit,
3217 907 3271 954 et
3310 899 3480 954 credit
3513 899 3563 954 ei
3606 899 3694 970 qui

420 990 556 1077 tetu;
606 1020 664 1066 ut
703 1009 973 1081 quomodo
1013 1007 1310 1063 resurrexit
1339 1005 1588 1061 Christus
1631 1020 1660 1058 a
1693 1011 1866 1057 morte
1910 1016 2006 1070 per
2107 1013 2194 1052 me
2223 997 2388 1058 misit,
2422 996 2584 1050 bal-et
2612 995 2776 1048 vitam
2804 1002 3061 1047 aeternam
3083 1032 3098 1054 ,
3131 1000 3183 1045 ct
3219 991 3270 1045 in
3293 990 3558 1060 judicium
3592 1006 3694 1044 non

418 1103 646 1174 gloriam
687 1101 894 1164 Patris,
941 1101 1015 1154 ita
1051 1105 1107 1152 et
1146 1112 1244 1152 nos
1278 1097 1332 1150 in
1377 1097 1616 1151 novitate
1656 1095 1779 1148 vitae
1817 1093 2007 1146 ambu-

421 1197 594 1252 lemus
619 1195 798 1266 (Rom.
825 1193 923 1265 vi).
963 1212 982 1244 ›

500 1308 516 1338 ι
557 1287 825 1355 Luxitque
857 1285 1000 1339 illam
1031 1283 1206 1338 omnis
1247 1280 1478 1352 populus
1506 1279 1696 1333 diebus
1723 1284 1947 1345 septem.
1985 1293 2002 1326 ι

425 1379 564 1448 Quid
603 1385 686 1431 est
727 1375 874 1445 quod
917 1374 1096 1430 omnis
1121 1371 1347 1443 populus
1376 1386 1474 1440 pro
1506 1376 1677 1422 morte
1704 1366 1888 1422 Iudith
1931 1365 2011 1418 lu-

425 1479 548 1541 geat
575 1468 766 1524 diebus
802 1476 1036 1537 septem,
1080 1466 1182 1520 nisi
1211 1463 1351 1534 quod
1393 1463 1547 1518 electi
1587 1462 1680 1516 Dei
1721 1475 1819 1530 per
1853 1474 2014 1514 omne

427 1571 640 1630 tempus
665 1555 947 1628 prmsentis
967 1555 1112 1621 vitae,
1135 1556 1277 1624 quod
1302 1569 1396 1624 per
1419 1551 1779 1623 septenarium
1803 1550 2013 1604 dierum

425 1665 711 1706 numerum
737 1648 938 1714 currit,
967 1656 1192 1719 prepter
1214 1647 1702 1718 peregrinationem
1734 1643 2015 1714 praesentis

429 1739 681 1794 Ecclesia:
712 1738 766 1792 in
793 1737 977 1792 dolore
1000 1745 1054 1791 et
1077 1736 1279 1808 gemitu
1305 1751 1364 1790 se
1389 1733 1647 1806 atlligunt,
1677 1734 1848 1789 donec
1873 1732 2016 1801 aspi-

2109 1088 2276 1152 veuit,
2305 1085 2399 1141 sed
2430 1085 2639 1139 transiit
2680 1099 2710 1137 a
2739 1093 2912 1136 morte
2947 1082 3000 1136 in
3035 1076 3222 1136 Vitam.
3260 1100 3278 1133 ι
3316 1080 3450 1136 Hinc
3481 1089 3537 1136 et
3561 1082 3699 1150 Apo-

2111 1181 2280 1238 stolus
2310 1181 2386 1234 ait
2413 1197 2426 1233 :
2471 1197 2489 1229 ι
2525 1178 2670 1245 Quos
2697 1185 2876 1230 autem
2915 1174 3344 1245 przedestinavit,
3392 1174 3493 1228 hos
3523 1182 3582 1228 et
3607 1189 3697 1229 vo-

2112 1274 2284 1339 cavit;
2317 1281 2370 1328 et
2407 1286 2542 1341 quos
2570 1269 2812 1332 vocavit,
2843 1267 2943 1321 hos
2966 1273 3021 1321 et
3057 1265 3406 1333 justiﬁcavit;
3437 1279 3574 1334 quos
3606 1279 3699 1318 au-

2113 1377 2221 1422 tem
2240 1361 2578 1434 justificavit,
2612 1360 2732 1414 illos
2761 1367 2814 1413 et
2840 1357 3180 1429 glorificavit.
3221 1355 3276 1410 Si
3310 1355 3450 1410 Deus
3477 1370 3577 1425 pro
3607 1371 3703 1409 no-

2113 1460 2232 1523 bis,
2275 1457 2398 1527 quis
2440 1463 2631 1510 contra
2684 1468 2782 1507 nos
2829 1451 3006 1523 (Rom.
3053 1449 3210 1520 vnn)?
3245 1469 3262 1502 ι
3308 1448 3532 1504 Cunctis
3574 1464 3700 1521 ergo

2116 1550 2326 1613 diebus,
2353 1547 2548 1617 quibus
2577 1543 2816 1598 Ecclesia
2859 1542 2910 1595 in
2953 1539 3188 1596 incolatu
3219 1539 3374 1594 istius
3405 1538 3586 1593 mundi
3613 1554 3702 1607 pe-

2118 1639 2444 1710 regrinatur,
2493 1633 2652 1690 electi
2698 1632 2791 1686 lilii
2820 1632 2936 1700 ejus
2977 1631 3078 1684 sub
3124 1630 3314 1683 umbra
3359 1627 3570 1681 alarum
3610 1627 3704 1681 Dei

2117 1744 2287 1800 usque
2313 1728 2381 1782 ad
2411 1727 2573 1781 linem
2601 1731 2956 1796 proteguntur
2983 1721 3151 1776 illzesi.
3178 1720 3246 1774 Et
3275 1720 3321 1774 si
3353 1720 3408 1774 in
3439 1721 3543 1774 hoc
3575 1727 3706 1774 tem-

430 1839 515 1885 ret
543 1830 677 1894 dies,
707 1836 764 1882 et
792 1827 1117 1883 inclinentur
1154 1827 1376 1882 umbrze.
1415 1825 1521 1880 Sed
1548 1825 1726 1880 luctus
1770 1825 1872 1879 iste
1907 1838 2015 1878 non
2045 1811 2092 1869 Β
2121 1837 2250 1894 pore
2287 1819 2562 1876 doloribus
2589 1825 2644 1871 et
2689 1814 2954 1885 angustiis
2996 1812 3308 1883 plenissimo
3348 1811 3467 1865 sine
3511 1810 3705 1864 damno

430 1934 499 1975 ex
529 1918 924 1988 desperatione,
955 1917 1050 1972 sed
1081 1917 1252 1986 magis
1289 1916 1448 1970 taedio
1475 1916 1845 1986 prmsentium,
1870 1922 1924 1968 et
1951 1929 2018 1968 ex

431 2010 626 2066 affectu
658 2009 959 2064 futurorum
979 2048 994 2075 ,
1036 2023 1198 2078 quem
1223 2007 1441 2063 assidue
1469 2008 1669 2062 habent
1691 2006 1887 2069 sancti,
1925 2019 2020 2060 na-

433 2101 622 2158 scitur.
666 2099 745 2154 Ex
771 2112 1001 2167 quorum
1030 2112 1260 2167 persona
1301 2095 1567 2166 Propheta
1599 2096 1651 2149 in
1689 2095 1910 2165 psalmis
1942 2094 2016 2150 lo-

432 2192 616 2263 quitur
642 2190 827 2244 dicens
855 2206 868 2242 :
906 2209 924 2240 ε
961 2187 1136 2258 Super
1163 2186 1384 2241 ﬂumina
1410 2185 1698 2256 Babylonis
1726 2185 1849 2240 illuc
1873 2185 2020 2240 sedi-

436 2299 554 2338 mus
581 2290 636 2335 et
665 2277 934 2343 llevimus,
962 2278 1087 2333 dum
1121 2292 1219 2332 rec-
1249 2277 1532 2333 rdaremur
1559 2277 1654 2341 tui,
1687 2275 1816 2332 Sion
1847 2275 2018 2348 (Psal.

441 2365 684 2431 cum).
723 2383 742 2418 ι
766 2364 830 2420 Et
850 2366 1008 2432 item,
1029 2385 1049 2419 ε
1080 2366 1282 2434 Sitivii,
1306 2387 1325 2420 ι
1349 2370 1541 2440 inquit,
1567 2387 1588 2422 α
1613 2371 1791 2427 anima
1811 2387 1930 2428 mea
1949 2371 2016 2426 ad

446 2451 611 2505 Deum
631 2452 823 2508 fortem
846 2455 1046 2516 vivum.
1065 2457 1281 2526 quando
1298 2461 1508 2513 veniam
1527 2469 1582 2514 et
1597 2462 1866 2532 apparebo
1888 2471 2015 2518 ante

445 2533 640 2588 faciem
669 2534 764 2590 Dei
786 2535 1071 2590 lFuerunt
1113 2539 1242 2593 mihi
1288 2539 1538 2613 lacrymaa
1565 2557 1697 2597 mea:
1733 2559 1896 2613 panes
1931 2546 2017 2600 die

445 2639 509 2678 ac
544 2635 722 2692 nocte,
757 2627 882 2682 dum
915 2627 1116 2685 dicitur
1141 2631 1272 2686 mihi
1304 2634 1586 2704 quotidie:
1625 2633 1726 2692 Ubi
1757 2646 1839 2692 est
1873 2638 2010 2693 Deus

437 2735 564 2784 tuus
589 2725 763 2800 (Psal.
793 2728 941 2802 XLI)?
971 2749 992 2783 υ
1034 2729 1177 2802 Ergo
1201 2739 1261 2786 ut
1292 2730 1549 2797 diximus,
1582 2730 1828 2801 planctus
1855 2730 2028 2786 eccle-

437 2818 644 2874 siastici
667 2819 936 2876 solemnes
961 2830 1109 2888 sunt,
1135 2835 1240 2877 non
1268 2821 1546 2892 lugubres.
1583 2820 1737 2877 Unde
1773 2821 1826 2876 in
1851 2821 2028 2876 Evan-

2120 1913 2308 1969 salutis
2343 1925 2453 1965 sum
2490 1913 2899 1970 conservantur,
2942 1911 3145 1973 quanto
3181 1901 3352 1973 magis
3391 1909 3519 1971 post
3551 1899 3704 1955 linem

2121 2007 2276 2060 istius
2305 2004 2428 2057 vitae
2473 2002 2589 2057 sine
2635 2001 2783 2054 omni
2829 1998 3097 2067 angustia,
3145 1996 3345 2066 gemitu
3375 2004 3433 2050 et
3472 1993 3706 2064 periculo

2120 2096 2514 2159 custodiuntur,
2545 2093 2637 2147 ubi
2666 2091 2818 2148 dolor
2842 2091 2923 2145 vel
2953 2091 3183 2162 gemitus
3209 2087 3440 2158 amplius
3459 2087 3574 2158 jam
3603 2103 3706 2142 non

2121 2188 2228 2244 erit
2249 2187 2412 2242 ullus.
2444 2185 2512 2239 Et
2537 2185 2638 2239 hoc
2667 2191 2747 2238 est
2776 2183 2918 2253 quod
2949 2183 3145 2237 dicitur
3172 2191 3294 2252 post
3335 2189 3569 2235 mortem
3597 2179 3710 2249 ejus

2123 2278 2280 2332 annis
2321 2275 2536 2341 multis;
2588 2274 2715 2345 quia
2750 2283 2872 2343 post
2917 2273 3122 2327 obitum
3170 2271 3455 2342 prazsentis
3484 2273 3611 2326 vita:
3661 2272 3709 2326 in

2123 2367 2377 2424 saeculum
2415 2365 2597 2422 saeculi
2623 2365 2747 2420 anni
2778 2364 2892 2434 ejus
2929 2371 3090 2428 sunt,
3119 2362 3314 2431 quibus
3343 2377 3466 2417 cum
3497 2361 3713 2418 Christo

2125 2459 2354 2514 feliciter
2380 2458 2541 2520 vivit,
2571 2465 2626 2510 et
2655 2463 2842 2524 regnat
2871 2453 2923 2506 in
2950 2462 3228 2507 :elernum.

2200 2569 2216 2601 ι
2254 2548 2379 2602 Dies
2411 2555 2588 2600 autem
2618 2544 2858 2599 victoriae
2903 2540 3062 2610 hujus
3106 2540 3440 2605 festivitatis,
3489 2541 3561 2595 ab
3609 2539 3712 2595 lle-

2133 2659 2150 2691 ι
2186 2640 2348 2696 bneis
2389 2639 2443 2692 in
2488 2651 2713 2692 numero
2749 2643 3056 2689 sanctorum
3099 2633 3308 2687 dierum
3339 2631 3626 2702 accipitur,
3664 2640 3718 2686 et

2134 2755 2152 2788 ι
2190 2735 2387 2791 colitur
2432 2749 2463 2787 a
2508 2731 2708 2786 Iuda-ais
2752 2745 2820 2785 ex
2860 2729 2951 2784 illo
2997 2737 3260 2798 tempore,
3297 2742 3469 2797 usque
3499 2728 3554 2782 in
3585 2744 3719 2799 pra:-

2134 2847 2151 2879 ι
2189 2833 2394 2882 sentem
2439 2824 2601 2878 diem.
2639 2842 2658 2874 ι
2690 2821 2882 2875 Merito
2916 2821 3079 2890 igitur
3123 2819 3387 2875 festivitas
3435 2817 3600 2886 hujus
3643 2820 3720 2874 vi-

437 2910 578 2982 gelio
615 2910 829 2983 legitur,
857 2912 1002 2982 quod
1042 2931 1060 2964 ι
1098 2912 1300 2969 Rachel
1342 2913 1582 2983 ploraret
1625 2913 1764 2969 filios
1792 2929 1939 2980 suos,
1974 2923 2029 2969 et
2127 2916 2313 2973 ctoriaa
2340 2915 2409 2969 ab
2439 2913 2698 2978 Hebraeis,
2729 2913 2832 2968 hoc
2857 2920 2958 2975 est,
2994 2911 3383 2976 transitoribus,
3410 2911 3464 2964 in
3491 2925 3718 2965 numero

437 2999 603 3055 υοΠθι
631 3001 934 3068 οοηεοιπίν
961 3002 1089 3074 quia
1131 3019 1238 3058 non
1281 3013 1408 3058 sunt
1435 3003 1651 3076 (Matth.
1683 3003 1769 3077 ιι).
1806 3024 1824 3055 ι
1859 3005 2030 3060 Cura-
2131 3009 2338 3065 dierum
2369 3015 2678 3062 sanctorum
2708 3004 2974 3073 accipitur
3001 3012 3054 3057 et
3079 3002 3275 3057 colitur
3307 3016 3337 3054 a
3367 2998 3593 3065 Judazis,
3621 3001 3722 3060 hoc

434 3101 632 3148 verunt
653 3092 757 3148 viri
792 3093 1030 3149 timorati
1060 3092 1426 3165 Stephanum,
1465 3103 1520 3151 et
1545 3095 1898 3151 confecerunt
1939 3113 2030 3152 su-
2071 3163 2096 3165 _
2130 3106 2231 3160 est,
2263 3095 2682 3160 confessoribus,
2711 3110 2778 3148 ex
2812 3093 2902 3148 illo
2933 3102 3176 3162 tempore
3205 3107 3375 3162 usque
3403 3091 3459 3146 in
3490 3107 3724 3165 prasen-

434 3197 534 3253 per
556 3199 680 3239 eum
710 3184 983 3255 planctum
1011 3163 1285 3256 magnum.
1323 3185 1472 3241 Beati
1513 3187 1604 3256 qui
1649 3187 1836 3256 lugent
1862 3203 2024 3253 nunc,
2056 3163 2100 3224 (λ
2127 3198 2243 3270 tem
2271 3188 2446 3254 diem;
2476 3187 2604 3258 quia
2633 3201 2821 3242 omnes
2849 3187 2942 3256 qui
2986 3185 3042 3239 in
3082 3184 3168 3238 via
3221 3182 3380 3256 hujus
3406 3163 3536 3242 vita:
3565 3187 3722 3258 positi

437 3273 691 3344 quoniam
724 3273 828 3344 ipsi
854 3275 1298 3331 consolabuntur.
1337 3276 1381 3331 E
1408 3278 1683 3334 contrario
1709 3285 1920 3346 autem,
1950 3294 2030 3334 va:

438 3367 545 3421 illis
587 3367 678 3437 qui
725 3383 870 3422 nunc
897 3369 1096 3435 rident,
1137 3369 1391 3439 quoniam
1433 3369 1657 3426 flebunt.
1702 3370 1857 3425 Flent
1899 3385 2030 3442 ergo

438 3458 598 3512 modo
632 3457 806 3512 sancti
836 3457 933 3514 Dei
972 3478 990 3510 ι
1027 3467 1217 3516 euntes
1244 3468 1302 3515 et
1337 3461 1616 3517 mittentes
1642 3462 1849 3517 semina
1895 3478 2022 3530 sua;

437 3547 716 3603 venientes
755 3556 935 3604 autem
976 3550 1195 3606 venient
1237 3551 1290 3607 in
1345 3552 1706 3608 exsultatione
1747 3562 2028 3624 portantes

437 3641 741 3710 manipulos
770 3656 897 3697 suos
925 3639 1096 3712 (Psal.
1125 3642 1307 3714 cxxv).
1348 3663 1366 3695 ι

517 3753 536 3785 ι
577 3732 637 3789 ln
668 3733 813 3788 omni
848 3742 1028 3790 autem
1074 3735 1250 3804 spatio
1281 3735 1406 3790 vitae
1443 3736 1561 3806 ejus
1605 3751 1711 3790 non
1755 3735 1892 3803 fuit,
1933 3737 2026 3805 qui

445 3844 463 3874 ι
497 3825 840 3896 perturbaret
863 3824 1047 3890 lsrael,
1080 3833 1134 3880 et
1157 3835 1277 3897 post
1303 3836 1534 3882 mortem
1565 3825 1682 3895 ejus
1705 3826 1860 3881 annis
1889 3827 2028 3884 ωυι-

444 3932 462 3965 ι
503 3913 589 3968 tis.
624 3931 644 3965 ι
679 3912 958 3980 Quomodo
999 3923 1180 3969 autem
1221 3915 1420 3972 dicitur
1447 3919 1589 3987 quod
1620 3919 1674 3972 in
1704 3920 1875 3988 spatio
1905 3919 2027 3973 vitae

437 4003 622 4060 Judith
651 4004 828 4060 nullus
867 4007 1211 4076 perturbaret
1250 4010 1434 4076 Israel,
1476 4027 1601 4066 cum
1649 4019 1757 4066 tota
1805 4011 2024 4066 humani

439 4099 654 4171 generis
688 4100 799 4154 vita
831 4103 1055 4158 tentatio
1091 4104 1162 4159 sit
1190 4119 1351 4175 super
1381 4113 1603 4160 terram.
1650 4104 1756 4160 Sed
1798 4104 2025 4160 forsitan

439 4191 506 4245 de
533 4189 685 4246 clade
712 4191 947 4247 hostium
989 4192 1293 4250 forinsecus
1320 4195 1480 4261 dicit,
1513 4195 1657 4266 quod
1700 4203 1823 4266 post
1869 4209 2025 4251 acce—

439 4291 588 4354 ptam
626 4300 724 4356 per
750 4282 934 4340 Judith
969 4287 1251 4342 victoriam
1291 4288 1469 4343 minus
1497 4288 1709 4344 molesti
1735 4287 1936 4342 fuerint
1962 4284 2030 4339 ad

2133 3279 2368 3335 transire
2396 3281 2620 3351 cupiunt
2647 3279 2714 3334 ad
2752 3291 2976 3349 regnum
3014 3275 3266 3346 cmleste,
3304 3287 3362 3334 et
3397 3277 3724 3334 confitentur

2133 3372 2361 3428 Domino
2385 3370 2813 3427 misericordiam
2851 3367 2990 3438 ejus,
3034 3380 3088 3426 et
3118 3370 3388 3426 mirabilia
3419 3369 3538 3440 ejus
3567 3384 3725 3440 super

2131 3463 2271 3518 filios
2296 3463 2597 3528 hominum,
2619 3460 2763 3516 nullo
2792 3460 2953 3519 modo
2979 3461 3221 3517 oblivisci
3248 3466 3503 3531 poterunt
3533 3460 3724 3515 solem-

2131 3554 2322 3610 nitatis
2362 3552 2548 3618 istius,
2583 3551 2677 3607 sed
2708 3551 2764 3608 in
2801 3567 3028 3608 numero
3056 3561 3365 3607 sanctorum
3395 3550 3608 3605 dierum
3637 3564 3722 3603 ac-

2130 3646 2338 3717 cipiunt
2377 3645 2559 3712 illam,
2603 3649 2817 3716 quando
2852 3647 2993 3700 hanc
3040 3645 3210 3700 solam
3261 3645 3313 3697 in
3362 3642 3562 3713 gaudio
3610 3640 3722 3695 uni—

2129 3756 2410 3796 versarunt
2465 3742 2864 3797 solemnitatem
2915 3754 3132 3794 suarum
3179 3736 3476 3794 celebrant.
3530 3735 3609 3790 Ex
3656 3747 3720 3789 eo

2130 3830 2340 3888 scilicet
2387 3840 2650 3902 tempore,
2697 3845 2806 3899 quo
2854 3829 3087 3899 primum
3131 3842 3226 3898 per
3279 3826 3608 3895 baptismum
3654 3824 3720 3879 de

2131 3927 2335 3983 inimici
2385 3934 2676 3981 evaserunt
2722 3931 3023 3994 potestate;
3076 3935 3245 3990 usque
3291 3920 3345 3974 in
3398 3928 3719 3986 prmsentent

2129 4017 2298 4082 diem,
2330 4017 2384 4071 id
2412 4025 2518 4081 est,
2547 4016 2720 4071 donec
2748 4028 2988 4084 praasens
3021 4010 3276 4067 saeculum
3311 4008 3555 4062 ﬁniatur.
3584 4005 3714 4061 Cum

2131 4119 2313 4161 autem
2345 4106 2524 4160 futura
2557 4104 2766 4159 venerit
2793 4103 2926 4169 vita,
2953 4110 3081 4156 tunc
3107 4101 3221 4171 jam
3250 4097 3520 4155 festivitas
3546 4094 3712 4151 stabi-

2132 4197 2199 4252 lis
2227 4199 2333 4252 erit
2368 4206 2530 4266 atque
2562 4197 2822 4267 perfecta,
2856 4194 3072 4266 quando
3102 4191 3373 4248 videbitur
3416 4190 3554 4244 Deus
3593 4186 3718 4241 deo-

2137 4304 2257 4342 rum
2290 4289 2343 4342 in
2392 4288 2543 4353 Sion,
2589 4295 2644 4342 et
2689 4287 2864 4343 sancti
2899 4284 3015 4356 ejus
3052 4283 3355 4356 regnabunt
3391 4294 3516 4338 cum
3554 4290 3618 4334 eo
3657 4274 3712 4329 ie

440 4387 653 4450 tempus
700 4377 847 4448 genti
891 4375 1221 4436 Judzeorum.
1275 4379 1586 4452 Mysterium
1633 4389 1813 4435 autem
1860 4376 2036 4433 mani-
2138 4379 2334 4434 saecula
2361 4380 2698 4435 saeculorum.
