3928 6176
208 247 314 304 (.05

806 370 1035 429 CAPUT
1067 371 1157 429 IV.

188 476 323 535 Filii
346 476 600 536 Israelse
642 482 883 555 muniunt
930 482 1179 555 aduersus
1225 482 1628 555 Holophernem,
1652 488 1778 541 hor-

404 560 578 605 tantes
611 567 698 605 eos
728 551 798 605 ad
830 551 924 606 hoc
947 551 1212 607 Eliacln’m
1234 551 1523 610 sacerdote.

259 682 281 716 σ
328 664 486 720 Tune
509 665 790 719 audientes
819 665 936 719 luce
961 665 1053 719 lilii
1106 666 1289 733 Israel,
1317 667 1406 733 qui
1457 668 1776 722 habitabant

194 751 211 785 ι
252 735 305 788 in
337 744 485 789 terra
540 734 713 793 ﬁndat.
746 735 1044 790 timuerunt
1084 736 1237 789 valde
1262 753 1291 791 a
1325 734 1464 792 facie
1492 737 1629 805 ejus,
1668 747 1776 793 tre-

195 823 213 856 ι
256 821 379 858 mor
402 805 571 860 etiam
596 813 653 859 et
680 805 877 859 horror
920 805 1115 859 invasit
1138 821 1329 862 sensus
1357 822 1544 863 eorum
1577 824 1645 863 ne
1674 811 1776 863 hoc

197 895 213 927 ι
250 874 457 948 faceret
485 874 824 948 Hierusalem
850 885 904 930 et
915 875 1131 948 templo
1159 878 1369 932 Doinini
1398 878 1543 948 quod
1573 878 1774 933 fecerat

195 964 222 1019 _c_
247 945 466 999 ceteris
492 944 826 1019 civitatibus.
862 964 881 998 ι
912 944 1205 1019 Postquam
1234 944 1503 1017 descripta
1532 957 1619 1002 est
1644 965 1773 1019 qua-

192 1014 256 1070 lis
280 1015 596 1088 persecutio
618 1015 848 1088 aliarum
892 1014 1158 1088 gentium,
1183 1015 1296 1084 jam
1328 1014 1773 1088 aid—persecutio-

191 1101 311 1141 nem
340 1086 627 1142 descendit
652 1085 885 1156 filiorum
936 1086 1124 1149 Israel,
1181 1088 1331 1156 prius
1376 1085 1554 1142 tamen
1583 1104 1772 1143 eorum

188 1164 508 1225 apparatum
533 1157 600 1210 ad
630 1155 829 1210 bellum
857 1155 960 1212 hoc
985 1158 1164 1225 capite
1187 1155 1522 1213 recensens.
1553 1159 1649 1213 Est
1669 1174 1770 1213 an-

192 1234 295 1310 "tem
320 1225 432 1310 iste
456 1240 598 1281 unus
622 1240 688 1280 ex
712 1225 778 1310 iis
804 1225 956 1310 locis,
976 1241 1066 1310 _ex
1092 1227 1554 1310 quibusprobare
1579 1229 1775 1310 nititur

190 1296 469 1363 Zieglerus
494 1311 600 1350 non
636 1304 759 1364 post
791 1296 1162 1365 captivitatem
1193 1296 1488 1360 contigisse
1515 1299 1655 1353 hanc
1685 1300 1773 1353 hi-

190 1367 439 1438 storiam,
468 1374 562 1419 aut
588 1376 828 1436 tempore
881 1365 1186 1438 Cambysis,
1217 1376 1311 1422 aut
1354 1376 1597 1438 tempore
1624 1369 1773 1423 Darii

193 1436 480 1506 Histaspis,
511 1446 569 1490 ut
596 1447 780 1491 nostra
807 1445 891 1493 est
928 1436 1215 1502 sententia,
1245 1439 1339 1493 sed
1363 1436 1490 1493 ante
1516 1455 1531 1504 ;
1561 1446 1774 1494 constat

191 1508 332 1562 enim
362 1515 611 1576 tempore
665 1506 828 1578 hujus
875 1506 1023 1578 Darii
1059 1507 1353 1578 Histaspis,
1383 1517 1594 1563 tantum
1619 1507 1772 1576 jaeta

192 1578 538 1630 fundamenta
567 1577 768 1647 templi,
799 1576 942 1632 unde
991 1585 1168 1633 metus
1192 1576 1312 1634 esse
1356 1595 1463 1633 non
1503 1578 1770 1645 debuerit,

192 1647 383 1716 inquit,
411 1662 477 1719 ne
513 1646 771 1719 templum
825 1646 1224 1718 profanaretur,
1255 1650 1398 1719 quod
1428 1649 1659 1704 necdum
1687 1664 1775 1704 es-

192 1711 294 1793 set,
324 1716 495 1771 ιιιυΙιο
520 1711 652 1772 vero
681 1711 860 1793 minus
883 1732 955 1793 ne
975 1719 1169 1793 civitas
1192 1711 1482 1785 deleretur,
1505 1733 1625 1793 qua:
1649 1736 1774 1793 nec-
1804 1733 1850 1793 Β
1880 1711 2105 1793 Videtur
2128 1724 2308 1793 autem
2322 1711 2437 1771 ista
2458 1719 2652 1793 eiviias

193 1788 328 1860 dum
346 1794 527 1860 erepta
551 1796 672 1842 erat
699 1788 977 1860 azdilicari.
1011 1789 1227 1860 Verum,
1268 1798 1327 1844 ut
1349 1806 1510 1860 supra
1530 1792 1692 1845 etiam
1719 1791 1774 1845 in

192 1857 511 1928 prmfatione
540 1858 865 1924 monuimus,
894 1858 1075 1928 templi
1098 1862 1317 1916 nomine
1337 1857 1508 1915 altare
1527 1860 1636 1928 iam
1660 1875 1777 1916 ere-

194 1926 337 2000 ctum
370 1926 781 2000 intelligendum
827 1937 932 1995 est,
962 1926 1020 1983 in
1050 1944 1161 2000 quo
1199 1929 1311 1999 jam
1349 1940 1487 1988 teste
1522 1926 1542 1986 I
1587 1930 1776 1987 Esdrae

196 2015 276 2061 ιιι,
312 1999 633 2054 holocauSta
673 1998 1041 2054 oﬂerebantur
1070 1998 1276 2055 'diurna
1321 2010 1375 2057 et
1405 2010 1691 2068 nocturna,
1718 2012 1775 2057 et

195 2069 651 2140 pet-Hierusalem
678 2069 823 2138 jacta
859 2068 975 2138 jam
1022 2069 1374 2127 fundamenta
1421 2087 1546 2127 cum
1598 2073 1685 2137 iis,
1718 2074 1775 2128 in

194 2139 386 2214 ignibus
411 2139 526 2209 jam
550 2140 815 2214 degebant
839 2140 1380 2214 habitaculis.Atque
1400 2143 1543 2198 istud
1572 2143 1777 2214 liquido

197 2209 543 2264 manifestum
578 2209 760 2264 evadit
783 2225 816 2265 e
838 2210 1028 2265 ϐιωρο
1063 2219 1236 2276 textu,
1285 2209 1372 2267 ubi
1399 2221 1514 2268 tum
1565 2209 1776 2269 reditus

196 2296 380 2335 comm
403 2296 436 2334 a
466 2281 785 2352 captivitate
807 2281 1068 2352 meminit,
1097 2292 1210 2337 tum
1235 2284 1427 2339 altaris
1446 2283 1559 2352 jam
1583 2300 1776 2340 recens

197 2349 661 2425 sanctiticaii.’_Sic
698 2351 859 2425 en_im_
882 2351 1079 2425 habet;
1112 2352 1178 2425 Et
1200 2368 1296 2425 pro
1333 2349 1694 2420 Hierusalem,
1721 2363 1777 2409 et

201 2436 296 2491 pro
330 2422 539 2491 templo
565 2420 778 2495 Domini
830 2421 926 2495 Dei
965 2421 1175 2495 turbati
1201 2420 1355 2489 sunt,
1401 2426 1528 2495 quia
1562 2425 1776 2495 fuerant

202 2501 450 2564 recenter
487 2491 850 2564 ascendentes
886 2493 952 2546 de
982 2493 1292 2564 captivitate
1318 2505 1373 2549 et
1397 2491 1570 2564 nuper
1598 2494 1777 2550 (nanis

195 2560 422 2632 populus
441 2571 798 2632 congregatus
828 2561 1004 2618 fuerat
1026 2560 1090 2617 ex
1135 2562 1339 2629 Judma,
1367 2573 1423 2620 et
1452 2560 1580 2619 vasa
1607 2578 1663 2619 et
1696 2565 1775 2620 al-

200 2631 309 2687 tare
364 2631 669 2704 e_t_g_domus’
722 2648 909 2704 eorum
951 2648 988 2704 a7
1026 2633 1403 2704 profanatione
1437 2635 1774 2692 sanctificata

196 2711 365 2773 erant.
398 2700 545 2756 Nihil
569 2702 747 2773 itaque
773 2703 914 2757 istud
940 2700 1121 2759 obstat
1142 2716 1342 2760 neStrae
1367 2706 1667 2761 sententiae.

264 2793 283 2824 ‹
319 2772 392 2827 Et
419 2772 684 2846 miserunt
723 2773 775 2827 in
799 2788 1011 2829 omnem
1037 2775 1338 2830 Samariam
1368 2792 1463 2846 per
1488 2776 1775 2831 circuitum

202 2861 221 2897 ι
258 2858 440 2925 usque
458 2841 698 2926 Iericho,
721 2852 776 2898 et
796 2841 1524 2926 prteoccupavoruntoinnes
1547 2847 1778 2926 vertices

205 2932 223 2965 ι
260 2913 553 2969 montium.
580 2913 649 2968 Et
668 2913 840 2968 muris
864 2913 1337 2971 circumdederunt
1366 2918 1515 2972 vicos
1541 2931 1689 2981 suos,
1721 2925 1777 2971 et

202 3004 220 3033 ι
262 2993 733 3068 congregaverant
773 2984 1044 3068 frumenta
1093 2985 1778 3068 in'prwparationemnpu-

202 3072 221 3104 ι
263 3054 405 3126 gnai.
442 3074 462 3107 ι
482 3054 786 3128 Aptissima
810 3063 898 3110 est
930 3054 1221 3125 descriptio
1246 3054 1538 3128 apparatus
1574 3054 1771 3128 bellici,

198 3125 300 3180 tam
352 3127 539 3208 quoad
597 3125 949 3208 munitionem
1005 3125 1332 3208 oppidorum
1376 3144 1540 3199 quam
1572 3127 1773 3208 .quoad

193 3205 573 3261 commeatum,
601 3210 724 3265 qua;
747 3196 854 3250 duo
878 3195 1125 3266 inprimis
1161 3205 1286 3251 sunt
1314 3195 1642 3255 necessaria.
1668 3195 1770 3251 Sa-

194 3269 362 3322 maria
394 3274 578 3321 autem
598 3267 689 3338 hic
710 3273 769 3320 ut
798 3265 962 3321 etiam
1011 3281 1170 3338 supra
1209 3269 1260 3322 in
1294 3284 1311 3322 ι
1343 3284 1461 3338 cap.
1492 3276 1576 3324 est
1597 3283 1771 3321 anno-

195 3345 386 3401 tatum,
416 3338 561 3393 sicut
594 3336 688 3403 ibi,
714 3351 823 3407 non
876 3351 975 3407 pro
1004 3336 1119 3393 sola
1170 3338 1389 3394 civitate
1412 3336 1509 3392 illa
1537 3338 1765 3407 capitur,

309 3423 416 3478 pro
447 3415 562 3480 toto
594 3421 762 3478 regno
795 3406 1274 3480 decemitribuum,
1308 3409 1556 3480 intelligit
1587 3406 1771 3480 itaque

195 3477 333 3548 itlos,
395 3477 763 3548 quicunqnee
805 3478 1123 3548 captivitate
1167 3479 1344 3535 adlmc
1382 3477 1539 3534 erant
1582 3479 1634 3532 in
1666 3480 1770 3533 illis

195 3546 643 3618 ﬁnibus’reliqui.
689 3546 840 3614 Quod
874 3546 1024 3603 satis
1082 3549 1244 3603 etiam
1276 3549 1478 3605 indicat
1519 3548 1769 3604 Gnaeum

189 3619 483 3689 exemplar,
511 3619 651 3687 quod
677 3620 754 3673 sic
778 3618 939 3673 habet
961 3636 974 3671 :
1000 3619 1347 3689 Etrmiserunt
1364 3621 1430 3675 ad
1447 3634 1636 3675 omnes
1659 3629 1766 3674 ter-

193 3688 390 3752 miros,
416 3697 472 3744 et
495 3689 645 3743 vicos
683 3689 962 3754 Samarite,
992 3700 1047 3744 et
1072 3688 1343 3745 Bethoron
1366 3699 1422 3745 et
1448 3690 1689 3754 Belmen,
1714 3697 1769 3743 et

189 3756 434 3824 Jericlio,
464 3768 522 3813 et
544 3760 612 3813 ad
631 3757 813 3813 Choba
850 3770 905 3814 et
927 3759 1121 3825 Esora,
1149 3767 1202 3815 et
1247 3761 1440 3815 vallem
1471 3760 1672 3824 Salem,
1711 3768 1768 3814 et

187 3838 725 3899 prmoccupaverunt,
761 3838 815 3884 et
847 3837 1066 3896 czetera,
1095 3832 1170 3885 uti
1216 3839 1609 3887 enumerantur
1634 3830 1769 3885 civi-

190 3907 331 3955 tates
364 3901 573 3970 aliquot
608 3902 727 3954 sitm
758 3901 809 3955 in
840 3901 1024 3955 decem
1049 3902 1313 3957 tribubus.
1341 3900 1559 3957 Jcricho
1582 3908 1766 3970 autem

188 3970 386 4026 civitas
406 3969 509 4025 fuit
534 3971 942 4040 opulentissima
967 3972 1022 4026 in
1054 3973 1195 4027 tribu
1230 3970 1510 4040 Beniamin
1554 3971 1621 4026 ab
1645 3969 1769 4025 Hie-

188 4042 482 4113 rosolyutis
515 4050 741 4113 centum?
763 4042 1174 4113 quinquaginta,
1226 4044 1294 4098 ab
1326 4042 1563 4113 Iordane
1609 4055 1767 4113 sexa-

183 4110 352 4181 ginta'
374 4110 584 4183 distans
608 4111 817 4183 stadiis,
842 4110 1039 4167 nobilis
1064 4112 1313 4183 palmetis
1342 4122 1398 4167 et
1430 4111 1655 4166 balsami
1689 4110 1767 4164 vi-

188 4182 434 4253 ridariis.
490 4182 660 4253 Hujus
690 4182 969 4253 pulchram
1013 4182 1430 4252 descriptionem
1461 4182 1645 4253 videre
1684 4189 1768 4237 cst

182 4250 647 4324 apud‘Josephum
670 4252 745 4324 ide
768 4252 909 4324 bello
930 4250 1153 4324 Iudaico
1178 4250 1272 4324 lib.
1305 4269 1340 4307 v
1364 4268 1482 4324 cap.
1522 4251 1576 4307 4.

258 4343 279 4373 ι
314 4320 586 4379 Sacerdos
609 4323 772 4393 etiam
801 4322 1082 4377 Eliachim.
1135 4341 1155 4374 ι
1197 4320 1450 4391 Quaedam
1496 4320 1768 4393 exempla-

178 4393 261 4447 ria
296 4394 482 4463 legunt
509 4393 666 4447 enim.
698 4392 810 4448 Hoc
847 4393 1011 4448 etiam
1037 4396 1366 4463 notandum,
1400 4395 1543 4463 quod
1585 4392 1768 4447 excin-

939 259 1034 315 ΑΙ)
1067 258 1574 318 EXPOSITIONEM
1613 261 1680 317 IN
1718 261 1978 320 LIBRUM
2011 263 2255 323 JUDITH
2292 266 2654 324 APPISNDIX.

3348 275 3457 347 an

1803 383 1852 444 Α
1880 378 2070 457 cerdos
2093 395 2340 457 magnus,
2366 383 2509 437 unde
2532 392 2587 438 et
2615 383 2730 457 ipse
2762 382 3027 456 Lyranus,
3052 388 3142 456 qui
3176 388 3229 442 in
3259 404 3460 457 prtere-

1878 448 2128 530 denlt‘ibus
2147 448 2429 530 mordicus
2440 448 2761 530 senteniiam
2778 448 2897 509 eam
2918 465 3004 509 est
3018 448 3323 528 amplexus,
3338 475 3463 530 quas

1876 518 1947 573 de
1967 518 2234 600 Cambysc
2264 523 2528 601 intelligit,
2560 525 2661 579 hoc
2691 535 3010 601 argumento
3040 518 3239 601 motus,
3267 518 3460 601 frigida

1878 590 2230 665 responsione
2257 590 2555 665 pnelnissa,
2578 596 2720 663 quod
2753 590 3072 665 binonymus
3104 590 3265 653 fuerit
3303 590 3470 656 Iesus

1877 657 2019 713 filius
2050 657 2565 735 immunem
2598 657 2839 719 nondum
2887 657 3209 735 argumento
3242 671 3465 727 satisfa-

1876 737 2043 796 ctum,
2077 734 2408 807 atu,_inquit,
2455 734 2730 807 fatendum
2771 736 2878 790 erit
2917 734 3159 807 tempore
3178 739 3463 807 Cambysis

1877 813 1992 878 non
2015 800 2311 878 contigisse
2335 804 2475 878 hanc
2498 805 2911 878 historiam,sed
2932 800 3091 878 longe
3110 817 3296 876 postea
3322 800 3463 866 tem-

1874 869 2364 948 po_ris_in_tervallo;
2399 874 2552 948 plura
2578 876 2719 948 quod
2750 877 2819 929 ad
2857 876 3001 948 hunc
3024 869 3218 933 attinet
3256 881 3456 948 locum,

1876 939 1968 1007 qui
2005 941 2305 1017 desiderat,
2354 939 2422 1000 ad
2470 939 2847 1017 prtrfationeni
2896 947 3067 1017 ipsam
3124 950 3363 1017 remitto,
3402 939 3457 1008 in

1875 1024 1981 1079 qua
2005 1010 2166 1067 latius
2191 1014 2421 1068 aliorum
2448 1010 2744 1071 sententias
2765 1010 3137 1072 refutavimus.

1953 1098 1972 1131 ι
2012 1080 2243 1151 Scripsit
2268 1085 2335 1139 ad
2361 1085 2644 1155 universos
2673 1087 2764 1155 qui
2794 1096 2950 1142 erant
2974 1097 3163 1143 contra
3198 1091 3459 1149 Esdrelon

1881 1167 1901 1200 ε
1936 1167 2057 1234 quae
2084 1163 2168 1234 est
2192 1162 2380 1208 contra
2407 1153 2599 1211 faciem
2623 1153 2796 1234 cainpi
2825 1159 3002 1234 magni
3025 1159 3179 1227 juxta
3208 1162 3459 1219 Dotbaim

1881 1237 1901 1271 ι
1938 1230 1996 1301 et
2022 1227 2304 1301 universos
2328 1239 2427 1294 per
2449 1240 2585 1295 quos
2613 1227 2874 1301 transitus
2919 1227 3019 1284 viae
3060 1244 3184 1285 esse
3222 1241 3458 1301 poterat,

1881 1307 1900 1341 ι
1936 1298 1998 1345 ιιι
2016 1291 2608 1369 οὶιιίηθνβῃιίιιδοέιιειιε
2638 1298 2926 1369 montium,
2949 1312 3045 1369 per
3063 1314 3199 1368 quos
3224 1291 3311 1356 via
3336 1291 3460 1359 esse

1879 1380 1900 1411 ι
1937 1369 2150 1431 poterat
2179 1364 2245 1418 ad
2272 1365 2604 1421 Hierusalem
2630 1377 2685 1422 et
2703 1368 2816 1423 illic
2848 1364 3215 1434 custodirent,
3245 1373 3335 1426 ubi
3364 1388 3463 1429 ana»

1881 1448 1900 1482 ‹
1938 1441 2154 1506 gustum
2189 1434 2295 1506 iter
2317 1450 2439 1490 esse
2463 1445 2678 1506 poterat
2701 1439 2846 1493 inter
2868 1447 3096 1494 montes.
3128 1441 3197 1495 Et
3216 1442 3463 1498 fecerunt

1881 1518 1900 1552 ι
1938 1502 2031 1579 lilii
2056 1502 2535 1579 Israei‘secundum
2555 1507 3077 1579 qnod.eonstituerat
3104 1512 3185 1565 eis
3208 1515 3464 1568 sacerdos

1881 1589 1900 1625 ι
1940 1573 2148 1629 Domini
2196 1575 2481 1631 Eliacbim.
2521 1596 2540 1629 ι
2573 1573 2772 1633 ‘Multis
2818 1580 2907 1635 hic
2956 1580 3213 1635 describit
3263 1584 3461 1638 minimi

1876 1644 2175 1725 sacerdotis
2224 1645 2559 1731 diligentiam
2602 1649 2654 1702 in
2703 1658 2963 1772 apparatu
3006 1651 3131 1733 belli
3162 1651 3458 1735 .fsciendo.

1880 1711 2105 1767 Videtur
2128 1724 2308 1771 autem
2336 1725 2437 1771 ista
2458 1729 2652 1772 civitas
2676 1719 2765 1772 ιε(
2787 1721 2956 1772 relou.
2984 1736 3138 1772 cultis
3160 1737 3268 1772 iam
3296 1724 3458 1772 etiam

2787 1721 2956 1783 relon,
2984 1721 3138 1791 cujus
3155 1722 3269 1791 jam
3296 1724 3467 1777 etiam

1879 1783 2166 1859 aliquoties
2204 1787 2259 1840 in
2291 1788 2691 1859 exemplaribus
2715 1789 2917 1845 Graecis
2940 1783 3081 1845 facta
3111 1783 3195 1848 est
3233 1794 3461 1859 mentio,

1877 1854 1980 1931 sita
2012 1853 2179 1931 fuisse
2201 1873 2307 1931 non
2347 1853 2535 1927 procul
2569 1876 2598 1912 a
2643 1858 2912 1931 Samaria,
2941 1874 3008 1916 eo
3030 1863 3173 1931 quod
3208 1853 3458 1927 addatur,

1871 1923 2330 2004 juxta_Dothaim,
2349 1923 2519 1998 quem
2543 1939 2755 1984 constat
2780 1923 2955 1986 locum
2986 1923 3126 2004 esse,
3147 1934 3235 1987 ubi
3260 1923 3459 2004 Josepli

1878 1997 2080 2064 reperit
2114 1997 2309 2070 fratres
2328 1997 2478 2065 suos,
2500 2015 2695 2069 pecora
2719 2011 3004 2070 pascentes
3025 2001 3221 2058 Genes.
3244 1997 3457 2068 xxxvii,

1876 2081 2037 2135 quem
2061 2068 2225 2123 etiam
2252 2083 2351 2140 suo
2379 2068 2622 2140 tempore
2648 2068 2986 2139 superfuisse
3026 2074 3182 2128 testis
3222 2083 3309 2129 est
3335 2074 3459 2128 Hie-

1877 2151 2136 2212 ronymus
2162 2140 2215 2212 in
2253 2139 2569 2212 duodecimo
2595 2159 2624 2195 a
2656 2143 2883 2195 Sebaste
2937 2143 3022 2212 (ea
3045 2145 3315 2212 quondam
3349 2143 3453 2198 Sa-

1876 2208 2048 2285 maria
2072 2208 2378 2285 dicebatur)
2410 2211 2663 2285 milliario
2693 2220 2886 2285 contra
2916 2208 3195 2285 Aquilonis
3221 2213 3457 2285 plagam,

1876 2276 2031 2345 cujus
2074 2279 2238 2353 etiam
2286 2276 2572 2353 litimentio
2598 2280 2660 2353 IV
2681 2282 2899 2353 Regum
2926 2276 2999 2336 vr.
3032 2276 3256 2338 Graecus
3287 2276 3453 2353 porro

1878 2357 2058 2404 textus
2102 2350 2269 2404 etiam
2313 2352 2402 2406 hic
2449 2352 2695 2406 nouitibil
2741 2350 2932 2417 variat,
2958 2361 3015 2407 et
3047 2354 3198 2408 addit
3223 2350 3458 2412 in'bunc

1876 2419 2093 2492 modum
2123 2438 2137 2473 :
2172 2441 2191 2473 ι
2230 2419 2462 2491 Scripsit
2504 2422 2572 2476 iis
2614 2422 2706 2492 qui
2742 2422 3058 2478 habitabant
3105 2423 3349 2479 Bcthulia
3404 2436 3460 2480 et

1876 2489 2477 2563 Bethscmesthanmua:
2499 2500 2584 2547 est
2608 2489 2794 2548 contra
2816 2493 3101 2557 Esdrelon,
3126 2512 3144 2545 ι
3163 2503 3216 2548 et
3241 2502 3456 2552 czctera.

1953 2579 1976 2634 ι
2012 2560 2079 2615 Ει
2108 2561 2361 2617 clamavit
2378 2560 2570 2618 omnis
2599 2563 2831 2634 populus
2851 2563 3230 2634 adTDomimnn
3259 2566 3459 2620 instan-

1881 2649 1901 2681 ο
1942 2631 2019 2704 tia
2051 2646 2266 2703 magna,
2288 2641 2351 2704 et
2394 2631 2820 2688 liumiliaverunt
2854 2633 3062 2689 animas
3093 2650 3222 2689 snas
3246 2635 3298 2688 in
3318 2634 3461 2704 jeju-

1882 2719 1902 2752 ε
1950 2701 2053 2755 uiis
2074 2710 2130 2757 et
2152 2701 2517 2767 orationibus,
2546 2705 2645 2774 ipsi
2664 2712 2720 2759 et
2745 2703 3000 2758 mulieres
3018 2718 3226 2759 eertum.
3262 2726 3280 2757 ι
3315 2701 3464 2761 Ριιειο

1875 2786 2043 2844 quam
2074 2782 2335 2842 quantum
2367 2774 2433 2827 ad
2463 2775 2608 2829 vires
2648 2775 2886 2844 pertinet
2933 2775 3218 2844 humanas,
3254 2791 3313 2830 se
3342 2790 3462 2829 mn-

1877 2843 2149 2907 niverunt,
2172 2846 2405 2899 scientes
2427 2845 2613 2916 plagas
2638 2842 2669 2898 a
2699 2845 2936 2916 Deonon
2980 2842 3216 2909 immitti,
3253 2847 3353 2916 nisi
3389 2846 3467 2900 ob‘

1876 2920 2121 3036 Beecata.
2150 2929 2396 2971 necesse
2421 2915 2620 2970 malum
2647 2916 2699 2969 in
2732 2915 2973 2977 civitate,
3022 2917 3172 2984 quod
3190 2931 3296 2969 non
3327 2915 3459 2970 fecit

1921 2983 2157 3036 ominus.
2186 2985 2253 3036 ad
2274 3001 2465 3036 nreees
2493 2996 2549 3036 et
2574 2984 2772 3036 ieiunia
2800 2983 3179 3036 confuaernnt.
3203 2986 3459 3036 omnibus

1921 2983 2157 3056 ominus,
2186 2985 2253 3039 ad
2274 3001 2465 3056 preces
2493 2996 2549 3040 et
2569 2983 3179 3056 jejunia‘confugerunt,
3203 2986 3460 3042 omnibus

1879 3053 2033 3137 nobs
2064 3053 2119 3135 in
2171 3053 2499 3137 exemplum,
2555 3053 2697 3109 utin
2723 3054 3103 3137 alili'ctionibus
3149 3057 3453 3137 constituti,

1879 3123 1934 3177 id
1982 3124 2232 3193 inprimis
2252 3123 2411 3180 unice
2433 3141 2707 3191 curemus,
2732 3133 2793 3179 ut
2816 3124 2958 3181 Deus
2992 3127 3230 3194 peccatis
3255 3127 3459 3182 nostris

1877 3194 2277 3261 reconcilietur,
2329 3211 2393 3251 ac
2417 3196 2496 3250 sic
2525 3197 2632 3251 Deo
2677 3196 2950 3267 negotium
2999 3210 3163 3267 omne
3209 3206 3454 3267 nostrum

1874 3267 2339 3337 commendemus,
2376 3282 2484 3322 non
2512 3265 2767 3329 dubium;
2818 3265 2949 3336 quin
2977 3265 3120 3321 sicut
3150 3266 3239 3321 isti
3293 3282 3458 3322 exau-

1872 3334 2054 3389 diendi
2082 3334 2276 3391 simus.

1948 3425 1966 3456 ι
2001 3404 2069 3459 Ει
2106 3406 2398 3462 induerunt
2431 3422 2491 3463 se
2523 3407 2831 3463 sacerdotes
2874 3406 3096 3470 ciliciis,
3128 3414 3183 3461 et
3226 3407 3460 3463 infantes

1877 3493 1896 3526 ι
1930 3484 2346 3599 prostraverunt
2357 3488 2556 3559 contra.
2569 3478 2759 3561 faciem
2778 3477 2959 3547 templi
2977 3476 3208 3558 Domini,
3223 3486 3277 3558 et
3291 3478 3461 3560 aliare

1877 3565 1895 3598 ι
1977 3560 2144 3599 οιῐιιιιι
2195 3546 2485 3599 induerunt
2512 3549 2710 3599 CIIICIO.
2754 3567 2773 3598 ι
2808 3547 2996 3599 Modus
3024 3555 3126 3599 Iste
3158 3557 3460 3599 antiquitus

1875 3565 1895 3598 ‹
1930 3546 2144 3600 Domini
2195 3546 2485 3603 induerunt
2512 3549 2710 3603 cilicio.
2754 3567 2773 3598 ι
2808 3546 2996 3602 Modus
3024 3547 3126 3601 iste
3158 3548 3460 3615 antiquitus

1868 3625 2159 3688 usurpatas
2171 3628 2253 3673 cst
2267 3618 2455 3687 agendi
2483 3618 2856 3688 pmnitentiam
2873 3625 2931 3671 ut
2945 3616 3128 3671 videre
3139 3626 3348 3688 esttum
3367 3617 3459 3672 ,Ιο-
3496 3672 3505 3685 ,

1870 3686 1956 3757 hel
1985 3695 2069 3741 tet
2090 3702 2150 3752 ιι,
2167 3695 2279 3742 tum
2295 3686 2443 3745 Jome
2464 3686 2544 3752 III,
2561 3697 2672 3743 tum
2689 3689 2809 3742 aliis
2826 3686 3119 3757 Scriptura:
3142 3686 3274 3741 locis
3294 3703 3454 3756 quam

1869 3756 2134 3827 plurimis.
2157 3757 2379 3813 Videtur
2407 3768 2584 3815 autem
2604 3759 2691 3814 hic
2713 3759 2778 3811 ad
2799 3756 3252 3826 complementum
3271 3758 3460 3812 deesse

1870 3826 2153 3881 Sententia:
2181 3829 2505 3898 praepositio,
2533 3845 2616 3898 se,
2640 3836 2700 3881 ut
2736 3828 2943 3897 legatur
2976 3845 2989 3879 :
3030 3847 3047 3898 ι
3088 3827 3151 3880 Et
3176 3836 3456 3898 postrave-

1871 3906 1997 3951 runt
2019 3911 2107 3961 sc;
2149 3896 2343 3953 {inule
2367 3906 2423 3951 et
2460 3898 2511 3951 in
2539 3896 2730 3967 Grzeco
2760 3896 2907 3951 textu
2932 3898 3010 3951 sic
3031 3896 3225 3967 legitur
3252 3914 3264 3950 :
3295 3915 3313 3946 ι
3352 3897 3457 3966 Ipsi

1869 3974 1924 4020 et
1953 3967 2207 4021 mulieres
2229 3975 2509 4031 eornm,et
2529 3965 2773 4035 jumenta
2801 3982 2988 4022 eorum
3017 3976 3071 4021 ct
3089 3965 3273 4020 omnis
3294 3965 3457 4023 adve-

1870 4051 1960 4102 na,
1990 4046 2046 4090 et
2071 4038 2437 4092 mercenarius
2453 4047 2507 4092 et
2527 4053 2733 4099 servus,
2763 4038 3135 4105 imposuerunt
3160 4036 3338 4091 cicilia
3366 4053 3458 4092 su-

1867 4123 1967 4177 per
2010 4107 2223 4178 lumbns
2271 4123 2418 4172 suos,
2463 4118 2518 4163 et
2543 4108 2718 4162 omnis
2746 4109 2912 4178 viret
2950 4108 3144 4162 nmlicr
3186 4116 3241 4161 et
3280 4108 3458 4178 pueri,

1871 4177 2183 4248 ceciderunt
2231 4189 2418 4233 contra
2451 4179 2644 4234 faciem
2685 4177 2947 4248 templi.)

1945 4266 1964 4298 ι
1996 4247 2064 4302 Ει
2094 4248 2464 4303 clamaverunt
2491 4250 2558 4303 ad
2584 4246 2867 4304 Dominum
2900 4247 3068 4302 Deum
3112 4246 3276 4303 Israel
3321 4263 3460 4301 una-

1875 4335 1894 4368 ι
1936 4317 2177 4384 nimiter,
2213 4335 2279 4374 ne
2309 4320 2570 4374 darentur
2606 4319 2658 4374 in
2696 4319 2931 4388 praedam
2968 4319 3201 4372 infantes
3241 4333 3454 4384 eorum,

1878 4406 1895 4439 ι
1929 4396 1983 4444 et
2009 4404 2206 4444 uxores
2239 4405 2425 4443 eorum
2458 4391 2510 4444 in
2535 4389 2877 4453 divisionem,
2903 4397 2959 4443 et
2991 4389 3241 4444 civitates
3265 4403 3455 4442 eorum

176 4465 303 4534 plar
326 4453 576 4519 Graecum
611 4472 923 4519 constanter
948 4463 1093 4534 legat
1121 4482 1134 4518 :
1174 4482 1193 4515 ι
1229 4453 1473 4518 Joachiin
1513 4465 1768 4519 sacerdos
1794 4453 1846 4512 D
1878 4477 1897 4510 ι
1933 4460 1987 4514 in
2009 4460 2417 4534 _exterm_inium,
2445 4468 2501 4534 et
2524 4469 2715 4534 sancta
2741 4473 2928 4534 eorum
2974 4460 3055 4534 ἰιιΔ
3070 4458 3417 4529 pollutionem
3438 4499 3455 4522 ,

175 4550 434 4606 magnus,
461 4535 554 4603 qui
586 4541 712 4606 erat
757 4535 810 4606 in
854 4535 1045 4606 diebus
1089 4534 1196 4589 illis
1239 4534 1293 4606 in
1339 4534 1698 4606 Hierusalem,
1734 4552 1753 4584 ι

172 4602 344 4674 idque
365 4620 432 4659 co
457 4602 650 4674 magis,
671 4604 812 4672 quod
842 4604 977 4659 infra
1000 4620 1118 4674 cap.
1148 4620 1217 4658 xv
1237 4604 1325 4659 hic
1355 4604 1496 4659 idem
1514 4602 1759 4659 Joachim

172 4620 344 4674 quue
365 4620 432 4659 co
457 4621 542 4659 ma
584 4620 650 4668 IS,
671 4620 812 4672 quoa
842 4620 977 4659 intra
1000 4620 1118 4674 cap.
1148 4620 1217 4658 xv
1238 4620 1325 4659 me
1355 4620 1496 4659 mem
1514 4620 1759 4659 Joactnm

169 4676 503 4746 appelletur.
534 4620 689 4730 ﬁnde
716 4684 773 4729 et
793 4684 944 4730 notat
968 4676 1120 4730 Philo
1140 4690 1435 4746 synonyma
1462 4689 1582 4730 esse
1609 4674 1762 4746 Syris

167 4758 227 4800 et
256 4745 536 4817 ngypziis
577 4747 693 4800 hzec
726 4746 945 4809 nomina
972 4763 985 4800 :
1012 4745 1504 4817 EliachimpElicb,
1537 4754 1591 4817 et
1637 4745 1759 4817 .ioa-

167 4814 571 4879 cbimi'fuisse
598 4824 775 4871 autem
817 4817 983 4881 hunc,
1008 4818 1166 4881 cujus
1194 4817 1280 4871 hic
1310 4816 1371 4869 fit
1407 4816 1611 4871 mentio
1639 4814 1762 4869 Joa-

162 4888 324 4943 ιιιίω
354 4887 525 4940 tilium
565 4884 694 4939 Jcsu
726 4885 817 4939 lilii
845 4884 1107 4942 Iosedech
1138 4888 1239 4942 sub
1264 4901 1372 4954 quo
1403 4887 1604 4942 reversi
1634 4892 1762 4939 sunt

162 4974 196 5012 e
235 4958 563 5026 captivitate
606 4956 700 5009 lilii
748 4956 944 5022 Israel,
993 4957 1158 5012 refert
1195 4957 1340 5012 enim
1392 4956 1540 5010 illum
1577 4955 1760 5011 Iesum

162 5029 409 5081 missum
459 5026 720 5098 fuissead
749 5026 970 5098 Darium
997 5027 1192 5098 smpius
1219 5027 1555 5098 nominatum
1590 5028 1760 5098 inter-

158 5113 391 5152 cessum
422 5112 523 5168 pro
551 5096 811 5161 Hebraeis,
833 5113 899 5151 eo
924 5094 1284 5167 quod‘contra
1315 5112 1423 5168 eos
1464 5097 1629 5168 duces
1662 5094 1764 5166 Sy-

159 5170 265 5222 ria:
317 5169 387 5221 ad
426 5167 615 5237 regem
661 5168 1020 5237 scripserant,
1071 5168 1258 5224 relicto
1311 5167 1364 5220 in
1422 5167 1761 5237 pontificatu,

153 5253 320 5292 anno
349 5238 672 5293 duodecimo
697 5238 919 5292 Assueri
961 5239 1161 5302 nostri,
1195 5238 1309 5293 sive
1342 5237 1765 5292 Nabuchodono-

150 5324 278 5373 sor,
323 5308 435 5363 tilio
461 5323 562 5363 suo
590 5307 856 5374 Joacbim,
889 5309 980 5377 qui
1009 5318 1064 5362 et
1102 5308 1393 5374 Eliachim;
1445 5307 1545 5362 hoc
1580 5308 1763 5376 itaque

230 5379 551 5433 ntitieatum
574 5393 844 5432 summum
870 5378 1604 5448 administrante,contigisse
1624 5379 1764 5433 hanc

192 5450 483 5506 istoriam.
529 5449 627 5504 Est
657 5458 837 5502 autem
868 5449 971 5504 hoc
1019 5448 1136 5504 loco
1189 5448 1528 5519 potissimum
1568 5453 1765 5519 nostra

144 5530 339 5589 quam
377 5520 659 5590 sequimur
699 5523 979 5574 sententiae
1021 5518 1460 5582 fundamentum,
1484 5531 1549 5572 eo
1597 5518 1761 5590 quod,

144 5588 214 5646 ut
242 5592 311 5644 in
361 5588 682 5661 praefatione
722 5590 886 5645 latius
929 5590 1358 5661 declaravimus,
1402 5603 1508 5643 non
1555 5588 1766 5656 pessint

143 5660 462 5717 commode
484 5660 700 5725 dooere,
727 5669 993 5730 quotquot
1027 5660 1190 5714 aliaat
1219 5660 1622 5730 amplectuntur
1640 5674 1767 5714 sen-

145 5734 428 5800 tentiam,
458 5731 582 5805 quis
622 5727 780 5787 fuerit
808 5727 914 5789 istc
942 5730 1236 5798 Eliachim,
1260 5727 1372 5787 sive
1400 5727 1643 5786 Joarliim
1669 5744 1760 5787 sae-

1864 4546 1888 4580 ‹
1921 4536 1976 4584 et
2001 4528 2194 4585 fierent
2219 4531 2270 4585 in
2292 4531 2639 4602 opprobrium
2668 4530 2937 4602 gentibus.
2972 4550 2990 4583 ι
3016 4527 3240 4585 Grtccus
3278 4536 3457 4602 textus

1861 4606 1984 4670 post
2028 4598 2382 4683 unanimiter;
2416 4598 2694 4683 subjungii
2742 4600 2972 4683 assidue,
3018 4616 3116 4683 per
3165 4598 3309 4683 quod
3358 4598 3455 4653 do-

1862 4668 2049 4725 cernar
2076 4672 2334 4727 orationis
2377 4668 2755 4735 conditionem,
2777 4681 2835 4724 ut
2858 4668 3199 4735 exaudiatur,
3214 4668 3298 4724 vel
3320 4684 3458 4738 pra:-

1863 4743 2077 4811 cipuam
2117 4758 2236 4797 eam
2279 4758 2398 4797 esse
2440 4743 2656 4806 debere,
2681 4751 2739 4796 ut
2778 4742 2994 4796 assidua
3022 4741 3094 4795 sit
3119 4751 3174 4794 ct
3197 4752 3454 4811 perseve-

1864 4809 2011 4874 rans,
2044 4812 2184 4867 unde
2206 4823 2261 4866 ct
2299 4812 2440 4866 infra
2476 4813 2577 4869 hoc
2613 4812 2801 4866 eodem
2829 4826 2950 4879 cap.
2988 4809 3247 4865 Eliachim
3274 4809 3448 4879 victo:

1866 4883 2009 4952 riam
2028 4880 2330 4950 pollicetur,
2356 4883 2399 4936 si
2429 4883 2585 4936 modo
2620 4878 3087 4952 perseveraverint
3140 4881 3235 4934 lilii
3272 4878 3453 4952 Israel

1866 4952 1919 5005 in
1939 4950 2162 5021 jejuniis
2188 4959 2244 5004 ct
2269 4950 2636 5016 orationibus,
2655 4953 2719 5004 de
2749 4968 2852 5021 qua
2881 4950 3187 5006 conditione
3218 4951 3284 5004 ad
3327 4963 3454 5003 ora-

1864 5024 2072 5092 tionem
2097 5021 2349 5089 requisita
2379 5022 2741 5092 pulcherrime
2788 5031 2987 5077 tractat
3029 5022 3453 5092 Cbrysostomus

1864 5108 2026 5161 supra
2054 5090 2253 5147 Psalm.
2288 5109 2360 5157 tv,
2379 5090 2434 5146 et
2460 5108 2674 5147 rursum
2700 5108 2795 5153 vn,
2817 5093 2906 5146 ubi
2936 5090 3298 5162 prieter’hanc
3321 5105 3454 5160 quo-

1864 5178 1967 5232 que
1993 5163 2328 5218 conditiones
2350 5162 2509 5217 affert
2537 5162 2828 5232 requisitas
2850 5164 2917 5216 ad
2952 5163 3375 5220 exauditionem.

1941 5251 1960 5284 ι
1995 5234 2145 5289 Tunc
2174 5234 2435 5288 Eliachim
2464 5234 2717 5304 sacerdos
2743 5232 2950 5286 Domini
2976 5249 3204 5304 magnus
3224 5234 3450 5287 circnm-

1872 5322 1889 5356 ι
1925 5304 2025 5358 ivit
2047 5319 2261 5358 omnem
2292 5304 2476 5369 Israel,
2516 5303 2888 5373 allocutusque
2926 5313 3009 5358 est
3052 5303 3145 5358 eos
3192 5304 3378 5357 dicens
3431 5316 3444 5352 :

1871 5392 1891 5424 ι
1924 5374 2127 5450 Scitote
2151 5376 2404 5443 quoniam
2433 5373 2687 5450 exaudiet
2709 5372 2965 5450 Dominus
3003 5387 3193 5444 preces
3213 5380 3447 5450 Y-QSIEIS,

1872 5464 1891 5498 ι
1925 5445 1971 5499 si
2001 5437 2283 5500 manentes
2312 5443 2720 5515 permanseritis
2743 5442 2966 5515 jejuniis
3004 5437 3070 5515 "et
3114 5437 3451 5497 orationibus

1874 5534 1892 5566 ι
1929 5515 1983 5569 in
2010 5511 2567 5585 conspectu'Dominir
2590 5533 2609 5564 ι
2632 5511 2873 5585 Hursum
2896 5512 2984 5585 hic
3001 5511 3247 5585 Graecum
3268 5520 3450 5585 exem-

1866 5584 1985 5657 plar
2012 5580 2407 5659 legit'Joachirn
2441 5602 2454 5636 :
2484 5583 2681 5659 deinde
2709 5597 2888 5659 sermo
2914 5582 3017 5659 ille,
3049 5580 3141 5659 osi
3169 5580 3449 5659 manentes

1869 5650 2203 5718 inansefitis,
2243 5674 2259 5706 I
2304 5654 2653 5710 Hebraismus
2695 5662 2780 5707 est
2807 5650 3448 5722 ,Seripturisusitatissi-

1868 5742 1989 5785 mus
2007 5766 2021 5794 ,
2045 5724 2341 5798 cuiusmodi
2369 5735 2449 5781 est
2481 5723 2610 5780 illud
2649 5740 2667 5775 ι
2705 5718 2970 5781 desiderio
2994 5718 3320 5789 desideravi,
3350 5738 3367 5771 ι
3390 5727 3446 5776 et
