3928 6176
247 259 343 318 603

997 258 1085 315 AD
1125 254 1637 316 EXPOSITIONEM
1675 254 1742 311 IN
1779 254 2038 312 LIBRUM
2076 254 2321 313 .‘UDITH
2360 254 2722 312 API’ENDIX.

3421 253 3528 327 clo

249 374 511 446 primitur
538 371 750 446 Genes._
768 387 857 433 xv.
907 372 1422 446 quadringentorum
1453 384 1647 440 nempe
1676 382 1845 423 anno-
1873 376 1923 435 Α
1951 376 2077 446 runt
2101 370 2555 446 adversariostet
2584 370 2664 425 sol
2693 368 2842 423 stetit
2881 366 3192 435 immobilis,
3222 375 3283 423 ut
3305 365 3469 446 Josuo
3495 387 3527 427 x

247 440 388 500 rum.
421 442 566 508 Sunt
590 442 833 506 interim,
862 440 1270 510 tit—completum
1298 440 1504 495 habeas
1530 453 1836 503 numerum,

246 515 301 569 hi
350 515 482 568 anni
532 512 919 583 computandi,
957 527 987 565 a
1026 514 1217 583 quinto
1251 526 1394 565 anno
1424 523 1450 552 ει
1478 511 1626 583 Isaac
1657 517 1840 571 autem

243 584 436 641 Ismael
458 579 681 639 domum
719 583 972 647 Abrahae,
995 579 1437 645 si'numerentur,
1460 588 1520 633 ut
1539 579 1723 633 Actor.
1740 593 1840 643 vn,

246 654 628 726 quadringenti
646 662 703 707 et
718 653 902 726 decem
921 651 1051 726 _ann_i
1072 651 1417 726 computandi
1434 658 1561 726 sunt
1581 664 1611 702 a
1630 658 1842 726 septua-

189 727 207 742 ‘
246 719 453 795 ggsimo
483 719 674 795 Quinto
704 736 847 777 anno
873 721 1104 777 Abraha:
1134 719 1238 775 no'n
1268 721 1643 790 peregrinatus
1673 727 1757 773 est
1785 719 1841 773 in

428 804 567 860 tum,
596 809 758 865 quem
786 801 1097 847 secuturum
1124 800 1243 846 erat
1271 804 1452 865 semen
1483 804 1662 865 suum.

325 856 963 948 iiilnumquéugrava‘sset
1010 876 1103 916 eos
1154 877 1248 916 rex
1298 859 1516 948 {Egypti
1570 869 1733 948 atque
1787 856 1843 948 in

252 950 278 990 ι
302 929 760 991 κάἱῐίρειίοηίιιῦε
787 933 1003 987 urbium
1040 947 1259 986 suarum
1309 929 1525 985 invluto
1564 938 1619 983 et
1658 929 1845 983 labore

254 1026 279 1061 ι
305 1005 658 1076 subjugasset
681 1018 796 1069 eos,
844 1003 1216 1076 clamave_rnnt
1244 1002 1515 1076 ad_Deum
1545 1014 1704 1076 suum
1723 1038 1738 1062 ,
1771 1003 1845 1076 _et

255 1096 279 1153 ς
303 1068 579 1149 percussit
608 1068 789 1153 totam
807 1082 1008 1153 terram
1287 1071 1456 1153 plagis
1482 1069 1670 1153 variis.
1702 1088 1720 1119 ›
1769 1068 1847 1153 D‘e

248 1137 701 1220 istogravamirie
727 1137 1162 1220 etpromissiou'é
1182 1137 1401 1220 ᾈΞςξιριῖ
1430 1141 1483 1195 in
1512 1137 1848 1220 plagis_mul-

251 1220 319 1272 tis
354 1209 529 1272 habes
558 1216 615 1270 in
645 1209 831 1269 Exodo
860 1213 1043 1268 statim
1076 1228 1105 1265 a
1130 1209 1402 1336 Erineipio
1441 1224 1614 1277 usque
1650 1209 1715 1262 ad
1749 1223 1845 1263 ca-

251 1295 346 1336 nut
375 1302 501 1336 xui.
534 1284 696 1336 Addit
720 1291 901 1336 autem
933 1290 1112 1336 textus
1182 1297 1389 1336 rancus:
1424 1299 1443 1332 ι
1472 1279 1654 1336 Plagis
1678 1278 1845 1333 variis

250 1295 346 1370 put
375 1302 501 1370 xiii.
533 1284 696 1341 Addit
720 1291 901 1370 autem
933 1290 1112 1370 textus
1130 1278 1352 1337 Graecus
1377 1300 1389 1335 :
1424 1299 1443 1332 ι
1472 1279 1654 1351 Plagis
1678 1278 1847 1333 variis

251 1353 302 1413 in
333 1358 536 1426 quibus
567 1362 823 1426 nouerat
849 1353 1075 1408 sanitas.
1103 1371 1128 1426 ε

324 1420 624 1496 (Cumque
650 1425 939 1496 eiecissent
963 1438 1057 1479 eos
1078 1420 1317 1496 Egyptii
1343 1436 1372 1475 a
1397 1437 1475 1485 se,
1501 1431 1554 1477 et
1578 1428 1848 1496 cessasset

258 1515 276 1547 ι
308 1496 469 1567 plaga
503 1491 572 1551 ab
598 1491 704 1567 eisi,
744 1502 800 1549 et
829 1495 1025 1549 iterum
1059 1491 1380 1567 eos’vellent
1412 1506 1639 1567 capere,
1687 1500 1742 1546 et
1781 1493 1849 1567 ad

255 1585 274 1618 ι
306 1560 472 1621 suum
493 1565 775 1621 servitium
798 1578 1072 1627 revocare,
1097 1561 1427 1632 fugientibus
1449 1562 1534 1616 his
1557 1561 1698 1616 Deus
1723 1560 1849 1615 caeli

258 1654 276 1688 ι
310 1652 469 1691 mare
497 1636 741 1706 aperuit,
784 1634 868 1706 ita
893 1640 953 1687 ut
982 1632 1444 1706 hinc‘inde‘aqua}
1474 1632 1644 1706 quasi
1661 1646 1850 1685 murus

258 1725 276 1757 ι
310 1700 699 1768 solidarentur,
722 1710 778 1756 et
798 1704 873 1758 illi
918 1702 1052 1773 pede
1081 1702 1226 1773 sicco
1257 1700 1481 1756 fundum
1511 1701 1682 1756 maris
1704 1772 1707 1773 ν
1726 1716 1849 1773 per-

256 1796 276 1828 c
308 1775 641 1831 ambulando
669 1771 984 1829 transirent.
1008 1793 1025 1825 ι
1062 1771 1257 1842 Paucis
1280 1781 1546 1836 recenset,
1571 1772 1716 1842 quod
1743 1772 1849 1827 late

253 1847 587 1902 describitur
611 1844 782 1900 Exodi
810 1860 911 1898 xm
939 1852 993 1898 et
1017 1858 1132 1898 xw.
1171 1841 1287 1897 Non
1314 1851 1398 1896 est
1427 1841 1611 1913 itaque
1642 1842 1730 1897 hic
1756 1842 1852 1913 iui-

254 1916 582 1972 morandum
610 1956 625 1980 ,
672 1929 796 1970 cum
827 1915 1024 1969 nudam
1056 1922 1305 1967 recenset
1335 1910 1618 1967 historiam
1638 1952 1653 1979 ,
1697 1910 1853 1982 cujus

254 1987 512 2043 tractatio
540 2001 649 2040 non
679 1983 747 2039 ad
778 1986 941 2047 hunc,
976 1982 1070 2039 sed
1100 1983 1169 2037 ad
1195 1982 1342 2036 illum
1375 1990 1603 2052 spectat.

329 2076 349 2108 ί
382 2058 440 2111 In
475 2071 584 2127 quo
618 2054 739 2111 loco
769 2070 888 2109 cum
929 2052 1343 2127 innumerabilis
1371 2049 1645 2127 exercitus
1675 2049 1844 2122 Egy-

260 2145 279 2178 ι
309 2123 551 2197 ptioruin
601 2141 695 2181 eos
742 2133 1180 2197 persequeretur,
1234 2123 1307 2178 ita
1357 2124 1513 2197 aquis
1563 2134 1854 2193 coopertus

262 2217 281 2247 ι
310 2191 423 2263 est,
445 2204 508 2251 ut
538 2211 647 2250 non
675 2191 1002 2259 remaneret,
1026 2193 1110 2248 vel
1136 2209 1298 2257 unus,
1323 2191 1421 2263 qui
1445 2191 1645 2247 factum
1665 2191 1854 2262 “poste-

260 2285 281 2317 ι
314 2269 389 2323 ris
420 2267 722 2321 nuntiaret.
744 2285 764 2318 ι
804 2264 1014 2332 Quanto
1043 2263 1215 2319 serior
1242 2264 1478 2318 vindicta
1508 2263 1854 2332 peccantium

256 2348 357 2403 est,
385 2346 541 2393 tanto
554 2335 755 2405 justior
775 2336 829 2391 in
854 2334 1260 2390 similitudinem
1279 2333 1600 2405 Pharaonis,
1623 2333 1714 2401 qui
1738 2332 1855 2388 dire

256 2409 431 2480 plagis
454 2404 767 2480 admonitus
782 2421 898 2480 _no_n
922 2405 1161 2480 punitus,
1176 2404 1453 2480 induritia
1474 2417 1852 2480 perseverans,

259 2471 321 2532 ad
346 2471 662 2533 Extremum
698 2476 862 2530 Rubri
892 2471 1061 2529 maris
1086 2473 1338 2531 ﬂuctibus
1366 2482 1449 2529 est
1475 2471 1724 2529 obrutus.
1762 2471 1856 2527 Sic

260 2548 488 2629 Hieron.
519 2562 684 2629 super
710 2562 831 2617 cap.
862 2561 1014 2599 xxxu
1042 2543 1314 2629 legendae.

331 2638 349 2671 ι
382 2611 641 2689 Egressis
686 2611 867 2671 autem
917 2630 1068 2689 mare
1114 2614 1395 2689 iiubrum,
1452 2613 1670 2689 deserta
1724 2611 1855 2689 Sina

266 2708 285 2740 ι
314 2683 521 2744 ιιιοιῆἰε
550 2694 928 2748 occurrerunt,
959 2686 1013 2739 in
1045 2685 1241 2754 quibus
1270 2700 1542 2755 nunquam
1572 2683 1744 2755 homo
1766 2683 1859 2737 ha-

265 2777 283 2809 ι
316 2759 495 2813 bitare
530 2758 729 2829 potuit,
757 2756 844 2810 vel
878 2755 1033 2829 illius
1050 2753 1286 2810 hominis
1316 2753 1602 2825 requievit.
1640 2773 1661 2829 ι
1714 2753 1860 2829 Quo-

263 2844 381 2883 rum
411 2824 750 2896 exemplaria
776 2826 938 2896 paulo
966 2825 1144 2889 aliter,
1167 2840 1329 2881 sensu
1358 2824 1538 2879 tamen
1562 2825 1754 2879 eodem
1779 2824 1859 2878 sic

263 2897 447 2969 legunt
474 2917 487 2951 :
523 2916 543 2949 ι
574 2896 794 2969 Egressi
824 2897 1010 2962 etiam,
1033 2904 1166 2969 etc._,
1191 2896 1404 2951 deserta
1433 2896 1596 2969 etiam
1626 2908 1860 2969 occupa-

263 2963 480 3024 ve'runt.
515 2986 534 3020 ι
575 2963 711 3022 eam
746 2976 925 3021 autem
956 2966 1253 3022 secundum
1281 2981 1403 3036 cap.
1433 2963 1610 3036 Exod.
1638 2979 1708 3036 xv
1746 2964 1859 3033 pri-

266 3054 412 3093 mam
445 3038 857 3108 occupaverint,
892 3037 1212 3108 etiprimum
1240 3034 1542 3108 occurrerit
1568 3035 1649 3090 eis
1676 3034 1858 3108 desert

265 3086 656 3173 sagire;
673 3086 1212 3176 ὲιὶἰείἧὶιεὲὶιίῖιιῖῖῐὶἱ
1238 3086 1514 3161 iam;
1527 3086 1667 3176 ’νὲῖο
1684 3086 1857 3159 "san
1885 3086 1930 3149 C

267 3187 481 3233 tantum
538 3177 700 3248 tertio
751 3175 937 3232 mense
981 3176 1311 3248 egressionis
1348 3176 1561 3231 venisse
1595 3175 1861 3248 dicuntur

269 3249 441 3303 Exod.
476 3263 594 3302 nx.
646 3246 704 3301 In
750 3248 853 3302 hoc
883 3244 1208 3311 notandum,
1259 3262 1365 3302 non
1403 3245 1607 3301 servari
1641 3244 1861 3300 omnino

268 3318 516 3386 ejusdem
548 3318 639 3373 hic
667 3317 912 3372 ordinem
939 3317 1039 3387 qui
1063 3316 1119 3370 iu
1144 3316 1351 3387 Exodo,
1378 3317 1471 3371 sed
1503 3325 1708 3387 tantum
1742 3316 1861 3369 bre—

271 3390 410 3443 viter
444 3388 618 3458 repeti
651 3388 935 3458 historiam
957 3385 1138 3442 exitus
1167 3386 1400 3441 filiorum
1431 3385 1627 3458 Israel.
1672 3398 1862 3458 recent

273 3459 393 3513 sitis
427 3453 538 3512 non
570 3460 822 3512 omnibus
850 3457 1019 3528 locis,
1045 3473 1167 3528 per
1201 3473 1321 3526 qua:
1366 3456 1715 3528 transierint,
1768 3453 1864 3509 sed

273 3537 484 3598 tantum
514 3529 821 3598 prmcipuis.
858 3527 982 3582 Ileo
1007 3523 1124 3597 plus
1151 3523 1447 3598 notandum
1470 3526 1617 3598 quod
1637 3523 1858 3598 Hieron.

276 3599 341 3652 ad
372 3594 695 3653 Eﬂ'abiolam
726 3606 941 3668 tractat.
977 3594 1029 3651 in
1062 3597 1418 3668 quadraginta
1449 3594 1582 3651 duas
1622 3594 1861 3668 mansio-

275 3683 369 3723 nes
420 3668 657 3722 liliorum
708 3667 909 3733 Israel,
960 3665 1173 3736 quando
1223 3665 1473 3723 octavam
1525 3665 1862 3736 mansionem

272 3746 499 3794 tractat.
536 3737 826 3794 Sciendum
853 3779 866 3803 ,
916 3734 1129 3807 inquit,
1175 3738 1318 3805 quod
1361 3736 1537 3792 omnis
1579 3750 1752 3805 usque
1797 3734 1866 3789 ad

274 3817 518 3864 montem
568 3807 717 3863 Sinai
766 3806 1117 3863 eremus’Sin
1153 3816 1379 3861 vocatur
1407 3818 1460 3860 et
1493 3822 1558 3859 ex
1592 3814 1701 3861 tota
1734 3821 1864 3875 pro-

272 3880 457 3934 vincia
485 3878 652 3933 etiam
687 3878 837 3933 Iocus
867 3892 1061 3932 nomen
1099 3877 1261 3931 unius
1298 3877 1600 3932 mansionis
1630 3877 1862 3944 accepit.

274 3948 458 4014 Istud,
502 3949 723 4018 inquam
744 3990 757 4010 ,
797 3948 1126 4009 notandum,
1168 3947 1294 4018 quia
1323 3946 1523 4016 alioqui
1554 3963 1665 4018 non
1697 3945 1903 4018 possit

275 4015 839 4141 commode—intelligi,
869 4018 1015 4088 quod
1040 4018 1130 4072 hic
1160 4015 1290 4071 dicit
1322 4015 1519 4080 textus,
1552 4016 1605 4069 in
1636 4015 1868 4070 desertis

277 4088 410 4141 Sina
431 4130 448 4141 .
492 4088 611 4141 sive
645 4087 742 4141 Sin
797 4097 952 4141 ontes
986 4102 1201 4141 amaros
1233 4086 1573 4141 obdulcatos.
1609 4085 1689 4140 sic
1722 4085 1868 4141 enim

277 4088 448 4171 Sina,
492 4088 611 4144 sive
645 4087 742 4143 Sin
770 4085 952 4144 lontes
986 4102 1201 4142 amaros
1233 4086 1573 4152 obdulcatos,
1609 4085 1689 4140 sic
1722 4085 1870 4141 enim

274 4167 531 4285 ⁵⁸Ἱ¹ῗιῖῗέ
560 4198 738 4284 fontes
774 4228 944 4282 amari
979 4226 1251 4281 obdulcati
1281 4235 1406 4282 sunt
1447 4227 1526 4282 eis
1570 4225 1637 4280 ad
1681 4225 1871 4281 biben-

282 4319 310 4350 ν
337 4300 468 4354 dum
486 4340 501 4366 ,
541 4306 598 4353 et
622 4313 723 4369 per
750 4312 920 4352 annos
948 4298 1303 4420 quadraginta
1336 4313 1606 4378 annonam
1639 4296 1703 4351 de
1732 4307 1869 4351 casto

284 4387 305 4420 ι
339 4369 625 4420 consecuti
670 4377 814 4420 sunt.
850 4387 869 4420 ι
910 4368 953 4420 Α
979 4367 1114 4420 ludit
1142 4367 1209 4420 ad
1238 4367 1369 4420 lIIlItI
1400 4367 1572 4420 Exodi
1604 4383 1672 4420 xv
1700 4384 1713 4419 :
1749 4384 1767 4414 ι
1802 4366 1869 4419 Ει

284 4387 305 4420 α
339 4366 643 4426 consecuti
670 4377 814 4423 sunt.
850 4387 869 4421 ι
910 4366 1114 4422 Alludit
1142 4366 1209 4421 a'd
1238 4367 1369 4423 illud
1400 4366 1572 4422 Exodi
1604 4383 1672 4420 xv
1700 4384 1713 4419 :
1749 4384 1767 4414 ι
1802 4366 1869 4419 Ει

1948 440 2192 510 invenire
2224 450 2325 495 est.
2381 440 2607 510 Reliqua
2636 455 2756 509 qua:
2786 447 3088 510 sequuntur
3116 446 3305 509 patent
3341 439 3398 495 in
3431 439 3532 496 de-

1944 524 2105 565 cursu
2132 508 2309 565 Judic.
2342 518 2398 580 et
2427 510 2492 563 IV
2522 508 2747 580 Regum.

2021 580 2316 652 giDenique
2362 576 2728 652 Chananmum
2778 594 2993 652 regem__
3015 586 3072 652 et
3117 576 3424 652 Jebusaeum
3477 586 3533 635 et

1950 668 1970 700 ι
2005 649 2373 714 Chaereseum,
2421 658 2475 705 et
2523 650 2799 715 Hcvzeum,
2846 648 2904 704 'et
2949 648 3228 703 Hetbaeum
3257 658 3314 703 et
3334 650 3532 704 Amor-

1950 738 1970 771 ι
2005 721 2227 784 rhaeum,
2249 730 2303 775 et
2324 736 2513 776 omnes
2533 729 2778 791 potentes
2802 721 2855 774 iu
2870 719 3082 775 Esebon
3097 728 3533 791 prostraverunt,

1951 808 1970 841 ι
2006 799 2062 846 et
2090 800 2265 846 terras
2294 806 2483 846 eorum
2533 789 2588 846 et
2632 791 2883 846 civitates
2911 805 3099 845 eorum
3141 790 3242 860 ipsi
3284 789 3532 860 posside-

1951 877 1971 912 ι
2005 869 2151 926 runt,
2182 868 2237 914 et
2264 860 2588 931 usquedum
2626 877 2734 916 non
2761 869 3072 931 peccarent,
3097 857 3254 931 erant
3277 857 3400 914 eum
3427 857 3535 931 illis

1951 949 1970 981 ι
2005 932 2167 1003 bona,
2196 939 2301 1003 etc.
2336 930 2359 985 ί
2410 930 2600 1003 Melior
2626 944 2741 998 est,
2772 930 2892 1003 quae
2915 930 3007 1003 hic
3035 930 3275 1001 tangitur
3301 930 3531 1003 historia

1946 1016 2012 1055 ex
2044 1001 2197 1057 libris
2223 1000 2466 1056 Numeri.
2506 998 2806 1057 Deuteronf
2826 1010 2882 1056 et
2910 998 3058 1055 Josu.
3090 998 3253 1070 quam
3281 1009 3341 1056 ut
3366 999 3537 1070 iuba:-

1946 1071 2174 1126 rendum
2205 1072 2314 1137 sit;
2366 1086 2558 1143 omnes
2589 1087 2763 1143 reges,
2803 1073 2896 1142 qui
2936 1071 3026 1125 hic
3066 1069 3321 1143 breviter,
3356 1069 3538 1143 latius

1948 1150 2443 1197 commemorantur
2464 1140 2576 1195 Jos.
2601 1140 2678 1196 xii
2708 1143 2775 1196 ad
2804 1140 3086 1196 numerum
3114 1155 3285 1211 usque
3309 1140 3401 1206 '50,
3425 1148 3532 1196 etc.

1948 1212 2121 1266 Erant
2147 1220 2330 1282 autem
2357 1212 2440 1266 hae
2466 1220 2653 1282 gentes
2681 1213 2986 1267 habitantes
3012 1211 3063 1265 in
3089 1226 3153 1266 ea
3182 1220 3351 1277 terra,
3370 1226 3533 1281 quam

1946 1282 2116 1407 totiels)
2149 1295 2207 1338 se
2242 1281 2497 1337 daturum
2546 1283 2869 1353 promiserat
2911 1282 3188 1338 Abraham
3213 1320 3228 1347 ,
3280 1282 3431 1337 Isaac
3477 1289 3536 1337 et

1980 1368 2079 1407 aco
2122 1393 2135 1406 .

1980 1368 2135 1407 acon.

2024 1441 2044 1474 ι
2076 1421 2210 1477 Nam
2240 1427 2293 1477 ‘et
2319 1429 2444 1478 ante
2473 1422 2572 1476 hos
2600 1437 2773 1478 annos
2797 1439 2919 1479 cum
2950 1423 3307 1478 recessissent
3330 1436 3361 1476 a
3389 1428 3539 1477 terra

1955 1512 1975 1545 c
2008 1508 2171 1562 quam
2199 1494 2421 1548 dederat
2450 1492 2556 1547 illis
2586 1492 2729 1550 Deus
2755 1503 2813 1549 ut
2844 1494 3184 1553 ambularent
3213 1492 3269 1546 in
3297 1507 3361 1547 ea
3386 1531 3400 1557 ,
3444 1507 3541 1547 ex-

1956 1582 1976 1615 ι
2010 1563 2286 1618 terminati
2323 1571 2452 1618 sunt
2488 1563 2687 1632 praeliis
2714 1581 2744 1619 a
2775 1564 2957 1619 multis
2982 1563 3318 1627 nationibus,
3341 1570 3397 1617 et
3416 1562 3537 1632 plu-

1957 1652 1977 1683 ι
2011 1633 2134 1688 rimi
2175 1648 2363 1705 eorum
2385 1633 2615 1705 abducti
2663 1644 2789 1689 sunt
2831 1634 3029 1705 captivi
3081 1635 3135 1689 in
3188 1641 3391 1705 terram
3428 1646 3538 1705 non

1959 1723 1978 1755 ‹
2011 1719 2188 1776 suam.
2201 1723 2218 1755 ι
2236 1703 2292 1776 In
2315 1703 2506 1776 primis
2526 1712 2768 1776 tempore
2788 1700 3280 1776 transmigrationis
3293 1700 3541 1776 Inachio)

1951 1783 2008 1829 et
2051 1774 2382 1844 captivitatis
2412 1788 2523 1828 suae
2557 1775 2657 1829 sub
2704 1774 2969 1831 Sedechia
3019 1774 3370 1830 exterminati
3415 1781 3543 1829 sunt

1950 1845 2173 1928 νηλεεῖῘὶ
2181 1860 2278 1914 per
2314 1858 2471 1928 reges
2507 1844 2888 1927 essyriorum,
2930 1844 3367 1928 et.1Egy'_pti,_ut
3392 1851 3545 1928 patet

1952 1914 2006 1970 in
2038 1914 2103 1969 IV
2136 1915 2266 1987 Reg.
2299 1914 2822 1987 etiplurimi'eorum
2863 1917 3062 1987 captivi
3089 1914 3325 1987 abducti
3370 1921 3539 1987 sunt,

1953 1987 2193 2057 primum
2216 1980 2315 2056 per
2343 1980 2607 2057 Theglath
2632 1985 2880 2041 Philasar
2905 1980 2973 2057 IV
3000 1985 3134 2057 Reg.
3164 2001 3254 2040 xv.
3289 1984 3542 2057 Secundo

1951 2054 2065 2127 p'eri
2106 2054 2717 2127 Salmanasari’lViReg.
2747 2072 2878 2111 xvn.
2933 2054 3163 2112 Possem
3212 2062 3394 2127 autem
3427 2055 3544 2109 hanc

1954 2124 2144 2197 verba,
2173 2133 2234 2179 ut
2271 2124 2403 2197 facit
2433 2124 2730 2197 Zieglerus,
2760 2128 2990 2197 intelligi
3022 2135 3234 2180 tantum
3260 2125 3328 2180 de
3356 2133 3542 2197 exter-

1954 2196 2122 2250 minio
2148 2196 2298 2265 regni
2328 2195 2490 2250 Israel
2508 2194 2652 2259 {sed
2680 2205 2792 2250 tum
2820 2194 2979 2252 lectio
3000 2197 3207 2258 Graeca,
3234 2203 3348 2249 tum
3376 2194 3543 2265 verba

1954 2263 2236 2336 sequentia
2271 2266 2493 2321 omnino
2528 2266 2732 2337 addunt
2771 2267 2936 2337 etiam
2967 2266 3188 2337 intelligi
3236 2265 3435 2337 debere
3471 2263 3543 2318 de

1956 2333 2441 2408 tra'nsmigratione
2456 2336 2603 2408 regni
2618 2333 2767 2408 AJuda
2797 2346 2853 2392 et
2881 2333 3172 2408 Babylone,
3199 2335 3377 2408 primo
3406 2343 3545 2408 tento

1954 2422 2089 2477 pore
2114 2403 2361 2477 Joachim
2394 2405 2488 2477 lilii
2519 2403 2709 2471 Iasiae,
2748 2403 3264 2477 secundo'tempore
3288 2403 3544 2477 Joachiin

1956 2464 2057 2549 ἰιιιι
2091 2476 2242 2545 ejus,
2288 2464 2354 2532 IV
2384 2476 2517 2549 Reg.
2550 2493 2675 2532 xxv.
2696 2464 2706 2471 ’
2728 2476 2919 2533 Graece
2945 2478 3089 2549 enim
3134 2464 3388 2549 additur:
3422 2494 3442 2527 ι
3475 2474 3545 2529 Et

1956 2548 2208 2605 civitates
2237 2562 2427 2602 eorum
2456 2545 2776 2614 devastata},
2821 2556 2879 2603 et
2905 2547 3165 2617 templum
3195 2545 3499 2617 desolatam
3523 2559 3541 2609 ;

1957 2619 2101 2689 quod
2127 2626 2342 2689 constat
2364 2633 2470 2689 non
2495 2618 2812 2689 contigisse,
2832 2619 2935 2674 nisi
2963 2619 3017 2673 in
3042 2617 3228 2673 ultima
3255 2616 3344 2670 illa
3366 2624 3547 2689 trans-

1959 2685 2285 2813 niiglrahionte
2308 2686 2444 2742 Iuda
2480 2696 2534 2743 et
2568 2685 2855 2759 Babylone.
2890 2689 3070 2745 Verba
3097 2701 3227 2743 vero
3254 2685 3546 2756 sequentia

1959 2773 2039 2813 διε
2084 2774 2132 2812 ia
2172 2773 2239 2812 en
2288 2776 2300 2811 :
2512 2780 2515 2781 ν

1959 2759 2039 2814 sic
2066 2759 2264 2813 habent
2288 2776 2300 2811 :
2512 2780 2515 2781 ν

2034 2847 2053 2880 ι
2088 2827 2270 2897 Nuper
2297 2836 2475 2883 autem
2516 2829 2721 2884 reversi
2761 2830 2828 2884 ad
2870 2830 3158 2884 Dominum
3184 2827 3354 2883 Deum
3384 2840 3545 2882 suum

1966 2916 1986 2951 ι
2020 2914 2087 2954 ex
2117 2898 2475 2969 dispersione,
2497 2915 2602 2969 qua
2628 2898 2857 2968 dispersi
2888 2898 3126 2965 fuerant,
3147 2897 3367 2954 adunati
3393 2906 3543 2969 sunt.

1967 2987 1987 3021 ι
2020 2977 2075 3027 et
2103 2966 2467 3025 ascenderunt
2497 2966 2613 3025 haec
2640 2966 2922 3036 montana,
2954 2979 3011 3025 et
3040 2972 3237 3025 iterum
3266 2966 3548 3038 possident

1968 3058 1986 3090 ι
2021 3038 2381 3105 Hierusalem,
2406 3040 2497 3095 ubi
2527 3050 2652 3096 sunt
2679 3040 2874 3095 saecula
2904 3036 3293 3097 saeculorum}
3329 3036 3542 3102 Obstat,

1961 3111 2202 3180 inquam,
2237 3108 2367 3181 illud
2395 3112 2676 3167 sententiae
2697 3111 2926 3181 Ziegleri
2951 3126 3112 3181 quam
3141 3108 3548 3181 maximaquia

1961 3178 2230 3250 nusquam
2259 3180 2489 3251 legimus
2519 3195 2767 3237 reversos
2792 3178 3128 3237 fuisse—filios
3154 3178 3355 3251 Israel,
3401 3178 3546 3244 illos,

1961 3249 2222 3333 inquam,
2268 3249 2362 3321 qui
2398 3259 2555 3333 eraut
2583 3251 2812 3333 subjecti
2846 3249 3504 3333 regnodecemntribuum
3527 3286 3547 3313 ,
3648 3251 3655 3257 “

1962 3319 2067 3376 nisi
2097 3319 2331 3376 fortasse
2367 3321 2528 3378 simul
2563 3319 2694 3378 cum'
2724 3322 2846 3378 aliis
2873 3319 3073 3378 Iudaeis
3101 3319 3378 3385 omnibus,
3410 3327 3549 3375 tem-

1962 3406 2094 3462 pore
2122 3389 2249 3464 gyri
2282 3390 2566 3464 Persarum
2598 3393 2760 3464 regis.
2814 3393 3018 3464 Deinde
3051 3400 3184 3464 ante
3211 3388 3376 3464 Josiat
3412 3398 3551 3464 tegn-

1963 3459 2097 3532 pora
2124 3459 2458 3533 Hierusalem
2493 3459 2701 3533 perdita
2730 3479 2836 3518 non
2868 3463 3001 3526 fuit,
3048 3470 3110 3516 ut
3135 3459 3550 3533 dici‘potuerit,

1970 3529 1987 3582 ἱ
2020 3547 2165 3587 nunc
2213 3531 2408 3586 iterum
2451 3529 2727 3601 possident
2768 3533 3127 3589 Hierusalem.
3157 3553 3178 3585 ι
3228 3529 3551 3601 Quanquam

1965 3602 2112 3674 enim
2138 3602 2190 3655 in
2220 3602 2371 3674 libris
2402 3588 2608 3674 Regum
2638 3588 2803 3658 seInel
2834 3613 2996 3674 atque
3034 3588 3551 3674 iterum~spoliatam

1966 3673 2208 3745 legamus
2235 3671 2596 3745 Hierusalem,
2624 3689 2840 3743 semper
2870 3671 3050 3745 tamen
3082 3686 3251 3740 usque
3278 3671 3349 3745 ad
3373 3683 3555 3724 vasta-

1966 3741 2171 3798 tionem
2199 3758 2321 3812 qua:
2356 3759 2453 3813 per
2480 3741 2976 3800 Nabuchodonosor
3005 3742 3147 3813 facta
3175 3749 3291 3806 est,
3336 3741 3391 3795 in
3418 3750 3553 3813 pos-

1968 3809 2374 3883 sessione—ejus—
2392 3823 2830 3883 permanserunt.
2867 3813 3032 3867 Plane
3062 3812 3243 3883 itaque
3274 3809 3553 3883 convincit

1969 3891 2148 3939 textus
2176 3881 2582 3953 intélligendum
2612 3884 2715 3953 hoc
2744 3883 2811 3938 de
2838 3883 3014 3937 reditu
3043 3896 3108 3953 ex
3135 3881 3554 3953 dispersioueet

1967 3953 2286 4025 captivi_tat_e
2314 3951 2414 4025 sub
2440 3951 2601 4025 Cyro,
2625 3951 2778 4025 cujus
2805 3953 2867 4025 iit
2890 3952 3093 4025 mentio
3117 3952 3304 4025 statim
3333 3951 3557 4025 inprio-

1970 4020 2111 4092 cipio
2162 4023 2182 4076 l
2231 4023 2414 4078 Esdra:
2462 4020 2501 4078 ιζ
2581 4023 2914 4078 Hierusalem
2973 4021 3191 4076 interim
3246 4020 3554 4092 proditione

1971 4091 2461 4163 Hierosolymitana
2488 4094 2770 4149 commode
2798 4093 3108 4162 accipienda
3129 4132 3146 4156 ,
3194 4091 3261 4147 et
3295 4092 3374 4147 sic
3419 4091 3556 4148 nihil

1970 4164 2126 4218 nobis
2152 4164 2406 4234 obstabit,
2433 4165 2577 4233 quod
2606 4163 3005 4234 objiciuntialii,
3032 4163 3269 4234 nondum
3301 4177 3558 4234 consum;

1973 4243 2175 4304 matam
2208 4232 2372 4304 fuisse
2398 4232 2644 4304 tempore
2675 4232 2816 4304 regis
2845 4232 3363 4297 Nabuchodonosor,
3404 4232 3554 4287 Darii

1974 4302 2254 4375 Hystaspis
2277 4302 2691 4359 aedificationem
2717 4302 2970 4375 civitatis.

2050 4392 2068 4425 ι
2102 4371 2252 4427 Nunc
2277 4388 2427 4442 ergo,
2475 4376 2549 4429 mi
2587 4374 2832 4438 domine,
2866 4373 3151 4443 perquire,
3185 4373 3229 4428 si
3261 4381 3344 4427 est
3374 4371 3555 4440 aliqua

276 4447 551 4514 venerunt
581 4439 637 4493 in
666 4438 874 4514 Nam“!
892 4479 906 4503 ν
944 4453 1045 4492 πιθα
1071 4446 1364 4507 Pomorum
1394 4438 1579 4514 Where
1607 4451 1775 4506 aquas
1804 4436 1869 4490 de
1894 4447 1947 4505 D
1978 4464 1996 4496 ι
2030 4442 2284 4511 iniquitas
2309 4436 2519 4509 eorum,
2545 4445 2599 4500 iu
2624 4436 2914 4514 conspectu
2940 4436 3033 4514 Dei
3057 4458 3267 4508 eorum,
3289 4453 3345 4497 et
3366 4436 3558 4514 ascen-

279 4508 496 4564 Maratb
517 4549 535 4571 ,
573 4523 641 4564 eo
669 4510 811 4578 quod
841 4516 1024 4578 essent
1042 4522 1266 4578 amara;
1306 4508 1447 4561 unde
1481 4514 1538 4563 et
1571 4520 1869 4578 congruum

278 4579 403 4634 loco
452 4593 655 4633 nomen
686 4576 962 4648 imposuit
1009 4576 1252 4639 Marath,
1297 4578 1356 4648 id
1388 4585 1506 4648 est,
1555 4576 1872 4648 amaritudi-

280 4664 438 4713 nem,
466 4657 576 4703 etc.
607 4670 626 4701 ι
666 4646 869 4704 Deinde
905 4648 973 4704 ad
1011 4663 1130 4718 cap.
1159 4647 1400 4718 ejusdem
1426 4647 1520 4702 lib.
1554 4646 1724 4718 Exod,
1757 4659 1870 4709 xvi,

278 4720 357 4774 ibi
393 4719 464 4789 de
507 4718 650 4774 ccelo
694 4719 926 4789 primum
961 4717 1647 4789 carnes,deinde_ma_nna
1687 4717 1871 4771 datum

277 4798 368 4844 est
396 4788 501 4851 eis,
534 4804 644 4858 quo
686 4786 873 4858 postea
900 4789 985 4842 usi
1013 4797 1262 4858 suntpcr
1290 4786 1649 4858 quadraginta
1681 4799 1872 4852 annos,

277 4857 839 4930 quibusmanserunt
863 4858 916 4911 in
943 4857 1251 4930 solitudine.

360 4947 383 4980 c
403 4927 731 4997 Ubicunque
761 4928 993 4997 ingressi
1017 4934 1162 4991 sunt,
1195 4926 1313 4982 sine
1337 4940 1465 4982 arcu
1493 4934 1547 4981 et
1573 4925 1791 4997 sagitta,
1818 4933 1873 4979 et

280 5018 301 5051 ι
342 4995 784 5068 διιείιιιογνεῐεάἰο
825 4995 880 5051 et
924 5007 1079 5053 scuto
1108 4998 1249 5052 Deus
1273 5010 1461 5051 eorum
1487 4995 1749 5068 pugnavit
1772 5010 1874 5064 pro

281 5089 305 5119 α
340 5064 503 5138 εἰς.)
563 5064 835 5138 Hactenus
864 5068 1130 5138 originem
1174 5074 1230 5122 et
1266 5064 1612 5138 progressum
1643 5064 1874 5138 fiiiorum

279 5137 464 5196 Israel
492 5139 605 5193 late
631 5137 891 5203 deduxit;
932 5135 1074 5193 n'unc
1103 5135 1300 5208 quibus
1330 5135 1548 5208 viribus
1561 5135 1872 5208 confidunt,

275 5214 692 5279 consequenter
716 5209 991 5269 ostendit,
1044 5205 1274 5276 ut'pote
1320 5220 1426 5279 non
1471 5206 1584 5279 suis
1624 5205 1718 5261 sed
1759 5205 1874 5279 Dei.

274 5274 619 5347 Quanquam
653 5279 799 5333 enim
834 5274 1190 5350 pugnaverint
1234 5292 1357 5350 cum
1399 5275 1617 5350 Amalec
1660 5283 1714 5330 et
1759 5274 1878 5330 aliis

275 5350 518 5413 armati,
544 5362 653 5403 non
680 5347 861 5404 tamen
887 5347 1238 5403 obtinuerunt
1262 5347 1545 5403 victoriam
1580 5360 1679 5416 per
1703 5360 1880 5416 arma,

1980 4533 1997 4566 ι
2034 4514 2223 4568 demus
2250 4514 2315 4567 ad
2346 4515 2486 4578 illos,
2510 4524 2621 4570 etc.
2651 4536 2667 4567 ι
2709 4512 2941 4575 Narrata
2967 4512 3276 4568 Juelmorum
3309 4512 3556 4576 historia,

1976 4583 2417 4655 finemimponit,
2446 4585 2773 4641 concludens
2796 4600 2895 4655 per
2919 4583 3206 4655 consilium
3233 4584 3375 4655 quod
3398 4581 3560 4655 Helo:

1974 4653 2166 4726 pherui
2198 4654 2318 4717 dat,
2359 4655 2630 4724 quomodo
2659 4672 2718 4711 se
2746 4652 2936 4726 gerere
2966 4654 3190 4717 debeat,
3238 4652 3296 4707 in
3331 4652 3556 4726 instanti

1976 4722 2229 4806 negotio,
2275 4733 2334 4778 ut
2372 4722 2564 4806 nempe
2610 4722 2902 4806 cognoscat
2950 4740 3086 4806 non.
3118 4737 3194 4804 se_
3220 4738 3381 4806 posse
3420 4722 3559 4806 filios

1975 4792 2149 4876 Israci
2163 4807 2440 4876 superare,
2465 4792 2565 4850 nisi
2594 4792 2973 4876 per'oll'ensam
2990 4794 3090 4876 _Dei
3109 4792 3409 4876 sui,’quale_
3427 4792 3560 4876 quid

1978 4872 2032 4918 et
2059 4862 2278 4917 Balaam
2310 4863 2438 4933 olim
2469 4862 2687 4920 secutus
2709 4873 2817 4929 est,
2848 4865 2940 4933 qui
2974 4864 3233 4926 docebat,
3262 4862 3330 4919 ut
3357 4862 3562 4923 dicitur

1973 4933 2194 5003 Apocal.
2218 4949 2278 4998 ιι,
2303 4932 2466 4989 Balac
2491 4934 2705 4991 mittere
2724 4932 3037 4991 scandalum
3061 4933 3188 4988 filiis
3207 4933 3373 4989 Israel
3398 4933 3564 4989 edere

1973 5001 2033 5058 et
2049 5001 2325 5066 fornicari,
2349 5019 2661 5074 quanquam
2687 5005 2897 5060 meliori
2922 5004 3088 5059 fuerit
3110 5005 3214 5061 iste
3237 5005 3560 5070 intentione,

1976 5087 2137 5127 uuam
2168 5073 2407 5127 Balaam.

2015 5087 2137 5128 nam
2169 5087 2407 5127 [5318311].

1976 5089 2137 5144 quam
2169 5089 2407 5127 uataam.

2041 5162 2072 5216 rt
2105 5143 2170 5197 Et
2198 5142 2401 5216 factum
2430 5153 2514 5201 est
2537 5161 2660 5200 cum
2691 5154 2961 5203 cessasset
2987 5146 3139 5216 loqui
3163 5144 3369 5201 Achior
3395 5144 3562 5200 verba

1985 5233 2003 5264 ι
2037 5215 2187 5287 haec,
2220 5213 2347 5287 irati
2372 5224 2537 5287 sunt
2555 5230 2745 5272 omnes
2786 5213 3075 5287 magnates
3098 5215 3461 5287 Holophernis
3503 5222 3561 5268 et

1988 5303 2006 5335 ‹
2040 5283 2347 5353 cogitabant
2369 5284 2677 5341 interficere
2697 5302 2843 5352 eum,
2862 5283 2967 5341 etc.
2994 5306 3013 5338 ι
3051 5286 3180 5341 Post
3199 5283 3565 5353 narrationem

1983 5351 2187 5409 Achior
2231 5353 2573 5427 subiungitur
2614 5357 2851 5411 maxima
2895 5371 3019 5427 cum
3054 5356 3408 5427 Assyriorum
3441 5351 3569 5427 reli-

272 5419 387 5500 get]
410 5417 847 5500 virtuto_divina.
867 5418 1037 5500 _Un_de
1058 5417 1094 5471 2
1115 5417 1353 5500 Aumalec.
1377 5431 1496 5500 cap.
1518 5413 1824 5500 ρι’ὲεοεᾱςη-
1987 5438 2240 5492 quorum,
2266 5413 2376 5478 tuin
2400 5413 2799 5500 Ii‘ociloco,_tum
2832 5426 3003 5500 ipsius
3030 5413 3188 5500 ducis
3207 5419 3567 5491 Holophcrnis

272 5489 415 5569 los.
435 5502 574 5553 xvu,
598 5487 769 5569 Moysi
798 5488 1095 5569 debellatus
1121 5488 1338 5569 dicitur,
1361 5495 1416 5542 et
1520 5484 1698 5569 pugna
1723 5484 1887 5569 Jﬂosue
1988 5484 2237 5563 s'equent.
2268 5509 2386 5569 cap.
2416 5484 2737 5569 indignatio,
2766 5510 2833 5552 eo
2853 5484 3005 5565 'quod
3033 5484 3390 5569 dicereanoit
3409 5502 3572 5569 posite

275 5568 490 5615 contra
522 5554 961 5629 reges'Chanaan
981 5597 996 5622 ,
1043 5557 1250 5628 lapides
1282 5554 1566 5629 grandinis
1596 5554 1888 5614 interfecc-
1989 5554 2085 5620 eos
2112 5577 2208 5620 sua
2233 5554 2431 5621 virt'ute
2464 5554 2772 5621 Iudaeorum
2801 5554 3017 5637 gentem
3043 5562 3148 5617 sibi
3173 5554 3484 5631 subjugare,
3513 5558 3573 5614 in

362 5702 393 5731 ο
426 5685 654 5745 Videtur
680 5689 886 5762 aliquid
917 5691 1141 5774 deesse.
