3928 6176
191 252 293 307 ϐυ

184 360 784 443 εξίθιίιιιεμιίειοιὶξιιη,
809 370 1130 443 cumtamen
1153 361 1252 441 sub
1274 356 1419 440 losia
1447 367 1507 443 et
1533 357 1777 443 Manasse
1805 363 1853 422 Α
1883 361 2103 443 angeltts
2160 362 2213 416 in

168 429 351 505 'atque
389 432 517 505 aliis
551 429 1038 505 praedecessoribus
1082 427 1338 505 JosiacLsi
1370 438 1614 505 _un_quatn
1636 428 1779 505 alias

181 495 275 561 vel
309 495 569 558 maxime
592 500 893 555 idololatria
924 500 1087 556 etiam
1114 500 1168 553 in
1199 500 1340 555 tribu
1363 495 1499 553 Iuda
1524 499 1775 568 viguerit.

187 592 212 628 ι
238 575 630 643 Exspectemus
669 570 898 643 humiles
942 569 1364 643 consolationem
1408 569 1525 643 ejus
1556 608 1571 630 ,
1601 588 1641 643 ι⁸
1670 577 1775 625 etc.

180 638 393 705 Similis
432 651 518 698 est
547 642 699 696 locus
731 641 819 695 illc
854 639 1051 695 Psalmi
1084 657 1096 692 :
1131 657 1151 689 ι
1183 638 1450 709 Exspecta
1490 639 1776 697 Dominum

179 724 236 772 et
260 714 648 783 viriliterage,
669 720 725 783 et
746 711 1011 783 custodiet
1045 720 1098 764 te
1124 711 1400 783 Dominus.
1432 727 1451 759 ι
1518 709 1668 783 Unde
1695 718 1780 783 est

176 794 237 843 et
260 785 394 839 illud
427 778 729 838 Salvatoris
761 800 775 835 :
808 800 827 832 r
855 781 956 848 Qui
985 780 1409 851 perseveraverit
1433 794 1605 849 usque
1630 779 1684 834 in
1715 778 1779 834 ti-

178 872 329 917 nem,
360 855 452 911 hic
479 852 664 908 salvus
690 852 815 906 erit.
845 870 863 902 ›
1178 878 1189 887 -

166 954 167 957 η
256 945 276 976 ι
307 926 376 979 Et
405 939 571 986 nunc,
600 921 816 986 fratres,
849 920 941 989 qui
968 919 1104 975 estis
1143 919 1197 973 in
1239 918 1438 989 populo
1466 918 1584 982 Dei,
1625 926 1682 974 et
1708 933 1775 974 ex

185 1014 203 1046 ι
232 996 392 1051 vobis
424 994 623 1064 pendet
646 996 826 1064 anima
847 989 1081 1064 illorum,
1113 1012 1130 1039 ι
1162 998 1268 1043 etc.
1312 989 1773 1064 Nunc_a_d_sacer-

176 1067 352 1129 dotes,
384 1059 448 1118 ut
474 1068 601 1134 pote
624 1062 805 1134 populi
830 1062 1080 1134 doctores
1101 1075 1405 1134 sermonem
1427 1059 1629 1129 dirigit,
1661 1074 1776 1115 mo—

176 1151 315 1192 nens
352 1150 448 1190 eos
476 1130 569 1187 'sui
611 1130 770 1187 ofﬁcii
796 1139 853 1185 et
872 1131 1079 1196 oneris,
1122 1145 1229 1201 quo
1269 1130 1492 1186 reddere
1525 1138 1777 1201 tenentur

175 1208 445 1260 rationem
501 1203 743 1259 omnium
804 1200 1153 1257 subditorum
1194 1215 1415 1254 suorum
1473 1200 1772 1258 secundum

174 1272 306 1330 illud
338 1275 561 1330 Hieron.
595 1272 706 1328 59c:
735 1272 834 1327 Fili
867 1271 1121 1342 hominis,
1141 1270 1538 1342 Speculatorem
1562 1278 1615 1326 te
1646 1269 1771 1325 dedi

174 1348 359 1403 domui
389 1342 580 1408 Israel,
613 1342 656 1397 si
681 1356 767 1398 me
798 1343 1009 1397 dicente
1036 1341 1103 1396 ad
1132 1340 1380 1410 impium,
1409 1340 1577 1412 lmpie
1597 1349 1773 1412 morte

174 1417 455 1481 morieris,
492 1430 600 1471 non
640 1412 805 1468 fueris
839 1413 1068 1473 locutus,
1101 1418 1163 1465 ut
1188 1426 1250 1466 se
1277 1411 1546 1465 custodiat
1575 1411 1773 1481 impius

174 1502 203 1542 a
248 1489 338 1541 via
385 1502 505 1550 sua,
555 1485 870 1555 sanguinem
912 1481 1030 1555 ejus
1066 1482 1133 1555 de
1167 1496 1329 1555 manu
1358 1489 1448 1535 tua
1476 1481 1768 1555 requiram,

172 1565 279 1613 ete
333 1551 676 1625 Cujusmodi'
699 1555 865 1609 etiam
913 1554 979 1607 ad
1018 1554 1242 1607 verbum
1290 1551 1406 1605 fere
1456 1552 1642 1606 videre
1688 1560 1772 1606 est

171 1627 604 1706 apudneumdem
633 1625 953 1706 prophetam
985 1638 1218 1706 captiti,

941 248 1033 305 AD
1070 246 1581 307 EXPOSITIONEM
1620 248 1685 303 l.\'
1728 248 1986 305 LIBRUM
2023 250 2268 307 JllDlTll
2310 252 2671 311 APPENDIX.

3366 259 3470 315 638

2302 378 2421 416 uetn
2478 362 2618 417 Deus
2671 362 2967 419 vindictam
3026 364 3331 431 exercebat,
3379 382 3473 425 aut

1885 431 2120 507 esitialis
2149 431 2408 507 (ιιι-ιιξιίιιιιιΔ
2424 431 2518 486 Dei
2549 432 2810 507 potentia,
2839 443 2896 488 et
2912 434 3084 507 virtus
3111 444 3333 507 peccata
3358 439 3475 494 vin-

1885 501 2071 577 dicans
2102 502 2441 571 intelligenda
2470 502 2650 577 venit;
2681 501 2749 577 de
2776 504 3064 577 posteriori
3103 501 3284 577 autem
3314 510 3475 577 puni-

1881 573 2032 657 tione
2069 586 2165 657 per
2191 579 2465 643 serpentes
2496 573 2693 642 ignitos
2718 572 2868 629 locus
2897 582 2980 628 est
3026 575 3195 630 Exodi
3226 572 3343 642 xxi,
3382 577 3475 633 ubi

1880 651 1988 695 [ate
2020 651 2303 697 tractatur.

1958 729 1976 760 ι
2007 712 2076 788 Et
2097 727 2199 767 nos
2225 728 2352 783 ergo
2396 729 2506 767 non
2554 713 2884 788 ulciscantur
2930 730 3029 770 nos
3079 731 3179 785 pro
3220 717 3310 773 his
3354 731 3476 788 quin

1887 784 2192 859 «patimur,
2226 802 2245 859 ι
2276 792 2408 859 etc.,
2453 785 2816 853 retorquendo
2861 799 3053 859 nempe
3080 784 3304 855 poenas,
3337 784 3478 859 quas

1879 854 2210 924 sustinemus
2232 854 2299 924 in
2317 854 2488 924 Deum
2534 862 2588 908 et
2632 856 3021 909 murmurando
3047 854 3236 911 contra
3279 854 3474 924 Deum,

1879 923 1984 977 nisi
2007 924 2249 978 dicamus
2279 922 2712 998 fuisset‘ortassis
2733 933 2897 998 tantae
2920 926 3138 998 malitia:
3157 922 3472 998 quospiam,

1879 1002 1941 1046 ut
1968 1002 2222 1066 tanquam
2245 993 2575 1066 estvindicta
2610 996 2841 1066 quadam
2870 1010 2937 1049 ex
2981 993 3323 1066 impatientia
3346 1012 3476 1053 con-

1877 1070 1962 1137 tra
1992 1063 2161 1137 Deum
2194 1063 2331 1117 tradi
2370 1062 2641 1137 noluerint
2681 1062 2956 1137 civitatem
2995 1062 3274 1137 Betlmliae,
3319 1070 3474 1137 quasi

1880 1134 1935 1207 in
1961 1133 2443 1207 ul_tionem_co_ntra_
2466 1133 2753 1207 Deum,_eo
2794 1136 2937 1207 quod
2969 1136 3198 1190 multum
3246 1133 3473 1207 periculi

1876 1203 2185 1278 immineret
2228 1203 2323 1278 Dei
2358 1203 2529 1257 cultui
2577 1203 2633 1258 in
2663 1202 3002 1260 Hierusalem
3041 1206 3144 1261 hac
3162 1202 3325 1278 capta
3347 1209 3478 1265 civi-

1880 1282 1991 1328 tate
2013 1274 2081 1327 ab
2112 1273 2376 1328 hostibus.

1951 1362 1976 1420 r_
2000 1343 2108 1420 Sed
2137 1352 2453 1413 reputantes
2478 1344 2721 1420 peccatis
2742 1346 2943 1401 nostris
2969 1345 3473 1420 hzecripsreﬂsuppli-

1882 1430 1909 1485 «γ
1929 1415 2023 1485 cia
2037 1415 2245 1468 minora
2268 1429 2408 1469 esse.
2435 1434 2454 1466 ›
2488 1413 2694 1470 Alludit
2731 1431 2955 1485 prorsus
2984 1419 3050 1470 ad
3083 1413 3210 1472 illud
3238 1413 3470 1485 Sapien-

1875 1484 1968 1549 tis,
1996 1483 2254 1539 Proverb.
2296 1499 2357 1538 ιιι
2386 1498 2549 1553 supra
2576 1483 2822 1540 citatum.
2864 1486 2961 1540 Est
2988 1496 3167 1542 autem
3198 1483 3473 1545 simillima

1874 1555 2034 1628 plane
2062 1564 2117 1609 et
2152 1554 2375 1628 pulchra
2400 1556 2710 1628 eithertatio
2737 1556 2849 1628 divi
2866 1556 3258 1628 Chrysostomi,
3283 1559 3469 1613 homil.

1876 1624 1946 1697 ad
1973 1640 2098 1695 pop.
2136 1624 2387 1697 Antioch.
2409 1625 2496 1697 _Ne
2524 1627 2802 1687 cadamus,
2837 1624 3033 1697 inquit,
3082 1629 3136 1681 in
3166 1628 3473 1684 tribulatio-

247 1717 278 1783 ‹Δ
300 1696 370 1754 Ut
400 1692 672 1783 memores
703 1692 834 1778 sint,
860 1693 987 1783 quia
1015 1694 1203 1783 tentati
1220 1698 1365 1783 rsunt
1392 1700 1577 1783 patres
1601 1692 1771 1783 vestri
1805 1720 1848 1783 Β
1876 1692 2061 1783 nibns,
2078 1696 2173 1750 sed
2193 1696 2246 1749 in
2278 1695 2780 1783 om‘nibus‘aigamus.
2796 1692 3025 1780 gratias,
3047 1707 3110 1752 ut
3137 1698 3473 1783 aliquidma-

177 1789 194 1820 ι
222 1777 285 1823 ut
310 1769 700 1839 probarentur,
732 1766 780 1820 si
809 1762 937 1839 vere
960 1763 1201 1839 colerent
1220 1762 1410 1828 Deum,
1433 1782 1453 1815 ι
1479 1771 1587 1839 etc.
1611 1762 1768 1831 Quali

171 1833 334 1894 modo
357 1836 526 1891 corda
555 1836 793 1906 ipsorum
822 1835 1031 1906 erigere
1055 1833 1269 1906 possint
1305 1834 1624 1906 sacerdotes
1643 1848 1772 1906 pau-

170 1910 250 1981 cis
280 1916 493 1981 monet.
526 1903 623 1961 Est
650 1914 838 1981 autent
851 1903 1043 1981 similis
1063 1903 1217 1981 incus
1240 1903 1396 1959 Deut.
1427 1919 1546 1971 xm,
1577 1903 1674 1981 ubi
1691 1904 1771 1959 di-

173 1973 314 2034 citur
346 1997 358 2032 :
400 1977 642 2033 i-Tentat
677 1990 773 2031 vos
804 1975 1067 2029 Dominus
1095 1973 1239 2030 Deus
1275 1982 1474 2036 vester,
1503 1982 1564 2028 ut
1588 1974 1766 2043 palam

173 2048 263 2104 ﬁat
307 2058 515 2117 utrum,
544 2046 779 2117 diligatis
817 2046 987 2100 Deum
1029 2060 1096 2117 a_n
1135 2060 1265 2117 non.
1294 2064 1312 2096 ›
1355 2042 1652 2117 Utrobique
1672 2060 1769 2099 au-

171 2130 275 2176 tem
308 2116 616 2175 ostenditur
641 2114 852 2179 modus,
893 2129 1001 2184 quo
1043 2114 1183 2171 Deus
1225 2114 1501 2169 hominem
1555 2123 1768 2169 tentare

168 2191 390 2251 dicitur,
420 2197 478 2242 ut
509 2195 718 2243 tentare
752 2187 844 2242 Dei
880 2183 1026 2240 aliud
1063 2183 1195 2238 nihil
1224 2185 1315 2248 sit,
1349 2199 1512 2252 quam
1537 2185 1769 2253 probare

173 2261 295 2314 tide.
350 2258 510 2315 Unde
543 2258 681 2328 Aug.
716 2256 958 2313 alludens
991 2256 1061 2310 ad
1087 2254 1263 2328 locum
1286 2253 1473 2309 Jacobi
1501 2270 1542 2319 ι,
1577 2271 1596 2304 ί
1626 2256 1768 2328 Deus

168 2331 312 2384 enim
342 2324 656 2384 intentatur
674 2328 939 2382 malorum
969 2334 1072 2388 est,
1101 2343 1120 2376 ι
1163 2324 1215 2378 id
1236 2332 1340 2388 est,
1371 2338 1477 2377 non
1502 2332 1674 2380 tentat
1699 2326 1767 2380 ad

171 2400 371 2457 malum
412 2398 749 2469 quempiam;
795 2397 912 2467 ipse
953 2394 1099 2469 enim
1142 2395 1413 2469 neminem
1453 2402 1642 2449 tentat.
1687 2395 1764 2451 De

170 2469 361 2524 Verbis
394 2464 608 2524 Domitii
636 2485 649 2520 :
677 2467 773 2523 Est
801 2464 1048 2530 tculatio,
1075 2464 1270 2534 inquit,
1295 2464 1554 2521 inducens
1575 2480 1766 2533 pecca-

172 2549 301 2603 tum,
336 2554 448 2608 qua
480 2538 623 2595 Deus
651 2538 923 2593 neminem
960 2544 1162 2608 tentat;
1191 2544 1354 2608 estet
1379 2535 1607 2608 tentatio
1635 2549 1763 2605 pro-

171 2609 300 2665 bans
350 2604 541 2673 fidem,
594 2622 700 2677 qua
736 2616 948 2662 tentare
984 2605 1256 2677 hominem
1312 2605 1455 2659 Deus
1491 2604 1761 2677 dignatur.

169 2680 258 2735 Cui
288 2679 490 2735 similia
518 2674 643 2733 sunt
668 2687 725 2732 et
749 2679 852 2731 alia
884 2677 998 2732 loca
1025 2676 1168 2747 apud
1192 2675 1417 2745 August.
1446 2674 1606 2747 epist.
1637 2674 1759 2741 156,

168 2752 233 2804 ad
254 2749 641 2807 Constantium
684 2748 778 2802 lib.
822 2761 883 2803 ιιι
922 2748 988 2802 de
1032 2744 1308 2817 peccator.
1343 2744 1554 2816 meritis
1587 2754 1643 2817 et
1684 2761 1765 2801 re-

166 2822 313 2876 miss.
342 2836 466 2897 cap.
497 2819 571 2897 μ
617 2828 697 2897 et__
704 2819 773 2897 de
813 2820 956 2873 bono
983 2816 1386 2897 perseverant;
1428 2830 1551 2897 cap.
1592 2816 1644 2880 6,
1670 2817 1764 2871 ubi

167 2898 370 2947 tractat
399 2887 532 2945 illud
558 2906 571 2941 :
601 2907 621 2942 ι
660 2888 725 2943 Et
746 2903 817 2944 ne
841 2898 941 2944 nos
982 2887 1205 2942 inducas
1233 2887 1288 2940 in
1329 2887 1705 2952 tentationem,
1737 2905 1758 2939 ι

165 2963 457 3031 quamdam
481 2960 664 3031 utilem
709 2960 1075 3031 tentatio_nem_
1091 2957 1431 3027 distinguens
1467 2957 1763 3031 secundum

166 3027 304 3101 quod
326 3033 564 3087 dicitur:
586 3029 786 3085 «Proba
802 3045 906 3095 me,
928 3027 1176 3101 Domine,
1189 3035 1243 3081 et
1264 3034 1411 3101 te_nta
1436 3041 1541 3101 me,
1558 3027 1760 3101 Psalm.

168 3096 292 3169 ixv,
318 3122 336 3155 ›
369 3103 537 3157 aliam
568 3100 804 3164 noxiam,
836 3116 941 3169 qua
980 3100 1272 3169 secundum
1302 3096 1563 3169 Iacobum
1588 3099 1762 3169 nemi-

166 3167 287 3228 nem
318 3175 469 3228 Deus
499 3180 692 3236 tentat,
736 3179 821 3225 est
847 3167 1009 3239 quam
1058 3168 1333 3239 significat
1378 3167 1688 3239 Apostolus.
1715 3168 1758 3224 Ι.

167 3241 411 3299 Thessal.
442 3260 503 3298 ιιι
532 3261 544 3294 :
578 3261 595 3293 ‹
626 3239 703 3296 Ne
729 3237 1181 3297 forteltentaverit
1205 3250 1300 3295 vos
1324 3238 1371 3293 is
1397 3237 1489 3308 qui
1517 3246 1708 3305 tentat,
1738 3260 1756 3294 ι

166 3315 414 3369 diabolus
436 3328 649 3383 nempe.

237 3402 256 3435 ι
288 3379 585 3438 Μθιιιοιεέ
606 3397 726 3438 esse
777 3381 996 3447 debent,
1056 3379 1324 3452 quomodo
1372 3386 1529 3452 pater
1577 3387 1764 3452 noster

170 3472 188 3504 ‹
214 3454 495 3509 Abraham
520 3460 755 3519 tentatus
772 3461 883 3517 est,
930 3460 1034 3508 etc.
1072 3449 1147 3507 Et
1190 3449 1384 3506 omnes
1424 3451 1517 3520 qui
1544 3449 1764 3519 placue-

171 3542 191 3574 ο
216 3533 346 3578 runt
391 3524 519 3586 Deo,
568 3537 666 3593 per
693 3522 889 3593 multas
920 3523 1294 3593 tribulationes
1334 3520 1671 3593 transierunt
1701 3520 1763 3574 li-

170 3612 189 3646 c
220 3593 391 3659 deles,
421 3615 440 3646 ι
466 3586 587 3648 διαί
606 3591 808 3648 Similis
835 3601 918 3648 est
953 3594 1103 3647 locus
1147 3591 1214 3647 ad
1235 3589 1498 3645 Timotb.:
1519 3610 1536 3641 ι
1561 3586 1763 3645 Omnes

165 3666 255 3747 qui
279 3666 369 3735 pie
410 3663 887 3747 vnlnnt‘vivere‘in
930 3661 1172 3747 Christo,
1201 3663 1634 3747 persecutionem
1666 3675 1761 3747 pa:

167 3730 386 3791 dentur.
414 3754 432 3786 ι
470 3732 674 3789 Similis
714 3742 799 3789 est
822 3733 974 3788 locus
1020 3732 1172 3787 Pauli
1203 3730 1272 3784 ad
1316 3730 1589 3791 Hebraeos,
1619 3730 1679 3784 xi
1705 3738 1761 3786 et

166 3820 237 3859 ut
263 3824 278 3859 :
308 3806 379 3860 Et
417 3806 611 3861 iterum
635 3804 894 3872 apertior,
924 3804 1269 3859 vehementer
1296 3816 1392 3872 eos
1416 3800 1759 3872 increpantes

162 3884 217 3929 et
240 3877 524 3931 dicentes:
580 3870 743 3929 Obliti
796 3875 928 3928 estis
980 3871 1384 3935 consolationis,
1439 3886 1559 3939 quae
1606 3870 1759 3939 vobis

164 3954 423 4017 tanquam
458 3944 585 4000 ﬁliis
615 3944 1077 4017 locutahl’roverb.
1116 3956 1306 4017 nempe
1347 3955 1437 3994 in:
1462 3938 1633 4017 ’r_F_ili
1661 3941 1756 4017 mi,

162 4009 575 4087 noli'negligere
615 4015 956 4087 disciplinam
1001 4009 1460 4087 Do_mini_,_:_neqt_te
1493 4009 1759 4087 fatigel‘isi

163 4087 288 4141 dum
313 4081 476 4156 ali—eo
499 4081 769 4156 argueris:
786 4084 958 4152 Quem
1000 4084 1146 4156 enim
1156 4153 1166 4156 Α
1190 4081 1365 4152 diligit
1392 4081 1651 4156 Dominus
1671 4094 1761 4134 ca-

164 4157 347 4228 stigat,
381 4149 617 4228 ﬂagellat
638 4149 826 4228 autem
840 4168 1055 4211 omnem
1096 4152 1263 4228 tilium
1290 4149 1456 4228 quem
1483 4149 1695 4228 recipit.
1732 4170 1751 4203 ι

163 4219 333 4295 Anim
358 4219 544 4282 autém
588 4226 889 4295 exemplum
926 4223 1242 4295 tentationis
1283 4219 1535 4295 Abrahae,
1576 4219 1754 4286 Isaac,

157 4293 348 4367 {scola
391 4306 448 4352 et
489 4297 678 4367 Moysi.
707 4291 1086 4367 Tentatusest
1110 4294 1264 4367 enirn
1292 4291 1563 4345 Abraham
1593 4305 1757 4367 super

162 4364 273 4420 ﬁlio
296 4358 477 4432 Isaac,
500 4358 663 4437 super
693 4368 776 4422 sui
815 4363 1185 4421 immolatione
1224 4362 1361 4417 Gen.
1405 4377 1557 4426 xxii;
1587 4358 1757 4415 Iacob

162 4452 322 4491 super
348 4437 476 4491 fusa
507 4437 898 4491 persecutionis
933 4435 1118 4489 fratris
1144 4434 1225 4489 sui
1257 4432 1417 4491 Esau,
1446 4431 1584 4488 Gen.
1605 4434 1753 4487 xxvii

160 4452 322 4506 super
348 4452 405 4491 Ill

160 4453 322 4506 super
348 4453 476 4510 luga
578 4453 898 4493 rsecuuonis
933 4453 1118 4489 Iratrts
1144 4453 1225 4489 SUl
1257 4453 1417 4495 nsau,
1446 4453 1584 4488 uen.
1607 4453 1753 4487 xxvu

159 4518 214 4580 et
234 4522 447 4574 xxviii;
479 4453 688 4580 divites
715 4516 895 4580 autem
921 4505 1013 4560 ubi
1038 4512 1275 4559 tentatus
1318 4501 1503 4566 fuerit,
1536 4516 1642 4580 non
1669 4510 1756 4555 at-

161 4578 375 4649 tingunt
412 4575 793 4635 comrhentarii
818 4594 833 4643 ;
862 4575 1091 4649 fortasse
1137 4584 1316 4629 tamen
1346 4582 1492 4628 recte
1520 4579 1758 4649 tentatus

158 4642 394 4715 dieétur,
446 4649 662 4719 quando
712 4642 825 4719 tpsi
861 4648 920 4719 in
971 4646 1112 4719 rubo
1152 4658 1439 4719 apparens,
1476 4642 1579 4697 tria
1610 4642 1759 4719 dedit

158 4719 315 4786 signa
340 4713 544 4790 quibus
564 4713 841 4791 populum
852 4716 1025 4791 lsrael
1026 4713 1116 4791 3d
1137 4713 1465 4791 credendum
1489 4717 1752 4791 moveret,

157 4782 424 4845 et'tamen
474 4782 588 4860 ipse
612 4782 929 4860 respondit:
966 4803 984 4835 ι
1026 4782 1271 4860 Domine,
1309 4799 1417 4839 non
1445 4783 1621 4839 solum
1648 4782 1761 4838 elo-

154 4876 329 4929 quens
358 4863 431 4914 ab
460 4856 615 4915 hodie
636 4856 910 4913 et'nudius
939 4856 1150 4929 tertius,
1181 4874 1199 4905 ι
1226 4864 1330 4909 etc.

231 4952 250 4979 ι
287 4931 371 4990 illi
419 4941 626 4994 autem,
665 4929 761 4999 qui
810 4927 1137 4999 tentationes
1184 4940 1313 4999 suas
1350 4938 1459 4979 non
1507 4936 1764 4999 suscepe-

157 5018 175 5050 ι
222 5002 338 5056 rint
366 5016 493 5056 cum
524 4994 717 5056 timore
740 4998 973 5061 Domini,
1006 5015 1025 5049 ›
1070 5005 1179 5051 etc.
1213 4994 1365 5049 Sicut
1388 4994 1635 5064 exemplo
1662 4998 1761 5064 bo-

151 5085 350 5126 norum
389 5070 691 5135 admoneri,
737 5069 811 5122 ita
848 5067 1112 5122 malorum
1145 5065 1394 5136 exemplo
1417 5063 1611 5136 terreri
1649 5063 1763 5117 vult

148 5144 433 5211 populum,
461 5140 655 5195 alludit
693 5146 899 5211 autem“
921 5139 991 5192 ad
1037 5136 1211 5211 illud,_
1231 5135 1485 5211 Νιιιιιηιι,
1517 5135 1607 5211 ubi
1629 5148 1760 5211 pro-

148 5204 277 5283 ῥυὲν
302 5204 555 5267 murmur
589 5208 773 5283 pepuli
819 5209 997 5283 adhuc
1028 5205 1299 5283 carnibus
1326 5205 1683 5283 existentibtis
1705 5204 1760 5261 in

149 5274 411 5338 dentibus
432 5274 623 5337 eorum
652 5274 806 5336 furor
830 5278 1044 5334 Domini
1068 5277 1368 5334 concitatus
1394 5277 1447 5330 in
1475 5274 1749 5347 populum,

146 5353 430 5421 percussit
459 5366 584 5408 eum
612 5351 767 5422 plaga
793 5364 990 5422 magna
1025 5349 1205 5412 nimis,
1241 5348 1431 5422 aut_ad
1471 5360 1590 5422 cap.
1636 5360 1751 5410 XIV,

148 5417 246 5479 ubi
276 5423 459 5495 agitur
486 5424 555 5495 de
591 5417 854 5495 sedi‘iione
891 5417 949 5476 ct
993 5432 1273 5475 murmure
1298 5418 1365 5495 ad
1398 5417 1628 5472 reditum
1652 5430 1752 5495 et:

148 5486 491 5563 pleniorem
530 5494 585 5548 in
615 5502 758 5547 terra
794 5490 1072 5563 Chanaan,
1118 5496 1209 5543 aut
1240 5489 1318 5563 ad
1344 5502 1468 5563 cap.
1497 5501 1635 5563 xvii,
1660 5486 1754 5540 ubi

148 5504 491 5563 paraturum
530 5506 585 5548 In
615 5504 758 5547 terra
794 5504 1072 5555 Chanaan,
1118 5504 1209 5543 aut
1251 5504 1318 5542 au
1344 5504 1468 5611 ME.
1497 5504 1635 5551 xvu,
1660 5504 1754 5540 unt

146 5564 217 5620 de
245 5565 521 5620 seditione
566 5562 779 5617 Dathan
826 5568 881 5615 et
931 5560 1136 5615 Abiron
1167 5560 1365 5627 agitur.
1465 5557 1612 5621 tsic,
1644 5565 1754 5627 tam

147 5634 241 5689 hic
270 5649 439 5704 quam
468 5634 489 5688 1
519 5631 645 5689 Cor.
677 5646 730 5693 ι,
762 5631 852 5684 ubi
875 5630 1123 5685 similiter
1151 5626 1388 5704 dicitur:
1422 5647 1441 5678 α
1476 5626 1752 5704 Et_perie-

147 5699 830 5773 mutabexterminatore
854 5718 868 5767 ;
896 5719 914 5753 ι
942 5699 1383 5756 exterminatoris
1415 5699 1633 5753 nomine
1662 5704 1756 5751 aut

567 5794 846 5857 ΡΑτιιοι..
895 5790 1059 5853 CIX.

1874 1768 1965 1837 gni
1994 1765 2291 1837 lucremur,
2318 1774 2379 1820 ut
2399 1766 2540 1835 apud
2564 1765 2731 1820 Deum
2769 1765 3109 1821 inveniamur
3134 1765 3471 1837 probabiles,

1868 1835 1963 1904 qui
1990 1835 2368 1891 tribulationes
2408 1837 2697 1906 permittit.
2745 1837 2987 1906 Ipsorum
3029 1835 3238 1894 lucrum
3269 1839 3472 1896 Paulus

1868 1906 2021 1960 novit
2047 1914 2430 1986 supencaput,
2451 1905 2597 1986 loco
2630 1905 2816 1969 citato,
2849 1906 2982 1986 dicit
3010 1909 3076 1962 ad
3117 1907 3350 1986 Doman.
3377 1925 3474 1967 oc—

1868 1987 2015 2047 tavo.
2047 1975 2347 2031 Tribulatio
2375 1976 2692 2047 patientiam
2731 1984 3007 2047 operatur,
3039 1978 3299 2047 patientia
3337 1995 3470 2036 vero

1869 2044 2558 2117 probationem,_probatio
2588 2044 2787 2101 autem
2812 2062 2987 2117 spem,
3034 2044 3157 2117 spes
3200 2064 3334 2106 vero
3359 2066 3469 2107 non

1867 2115 2235 2171 confunditur.
2265 2115 2466 2172 Alludit
2491 2125 2673 2170 autem
2718 2116 2772 2169 in
2800 2115 2906 2172 ﬁne
2943 2115 3164 2172 suorum
3194 2120 3467 2177 dictorum

1868 2187 2031 2240 etiam
2074 2187 2143 2241 ad
2190 2186 2339 2249 illud,
2380 2185 2521 2241 Deus
2567 2202 2671 2258 non
2720 2184 2835 2240 vult
2881 2197 3110 2241 mortem
3140 2192 3466 2258 peccatoris,

1869 2258 1963 2310 sed
1990 2264 2048 2310 ut
2075 2264 2427 2311 convertatur
2453 2263 2507 2309 et
2536 2257 2704 2310 vivat.

1949 2345 1967 2376 ι
1997 2326 2065 2381 Et
2091 2327 2344 2381 dixerunt
2387 2326 2463 2398 illi
2508 2325 2668 2398 inas
2714 2334 2769 2380 et
2811 2324 3132 2398 presbyteri,
3169 2336 3275 2383 etc.
3309 2329 3466 2388 Nunc

1881 2413 1898 2446 ι
1930 2411 2057 2467 ergo
2083 2411 2178 2451 ora
2201 2411 2299 2466 pro
2327 2396 2483 2467 nobis
2526 2396 2836 2467 Dominum,
2869 2415 2888 2448 ι
2920 2396 3024 2452 etc.
3052 2399 3287 2453 Ponitur
3327 2399 3465 2455 atl‘e-l

1867 2465 2283 2537 ctus‘gratiosus
2310 2466 2573 2521 orationis
2597 2465 2805 2531 Iudith,
2847 2482 3009 2536 quam
3045 2468 3110 2523 ad
3134 2482 3228 2524 eos
3251 2471 3459 2536 habuit,

1866 2534 1941 2590 ita
1967 2534 2037 2591 ut
2054 2538 2337 2610 ipsam,.ut
2358 2551 2456 2610 pro
2479 2537 2560 2610 eis
2587 2547 2726 2601 oret,
2756 2534 3161 2610 deprecentur;
3198 2534 3465 2610 eoneepe¥

1867 2615 1991 2660 rant
2037 2608 2181 2663 enim
2212 2614 2329 2660 tum
2369 2607 2424 2661 in
2466 2608 2597 2669 vita,
2645 2616 2758 2662 tum
2784 2621 2851 2662 ex
2898 2608 3080 2663 verbis
3118 2608 3235 2676 ejus
3262 2607 3464 2666 sanctis

1866 2677 2099 2746 gratiam
2124 2676 2223 2733 Dei
2249 2676 2305 2731 in
2331 2692 2395 2730 ea
2419 2691 2557 2731 esse.
2588 2678 2714 2733 Ideo
2737 2677 3017 2746 respondit
3042 2676 3227 2733 Judith
3252 2695 3266 2733 :

1942 2766 1960 2797 α
1991 2746 2146 2818 Sicut
2169 2746 2310 2817 quod
2332 2747 2483 2817 potui
2525 2747 2671 2817 loqui
2706 2746 2800 2801 Dei
2840 2762 2963 2803 esse
2998 2750 3341 2818 cognoscitis,
3368 2751 3464 2805 "ita

1872 2833 1893 2868 ι
1919 2819 2062 2886 quod
2108 2817 2289 2872 facere
2331 2818 2573 2888 disposui
2620 2818 2848 2888 probate
2894 2819 2939 2873 si
2983 2817 3213 2875 ex’Deo
3260 2828 3361 2886 est,
3407 2829 3465 2876 et

1873 2904 1892 2938 ι
1920 2884 2094 2951 orate,
2126 2908 2145 2941 ι
2192 2896 2297 2959 etc.
2330 2884 2451 2941 Non
2495 2884 2640 2956 quod
2668 2887 2801 2959 velit
2846 2902 2943 2959 eos
2969 2889 3130 2959 anxie
3176 2884 3455 2959 inquirere

1865 2958 2010 3028 quod
2036 2965 2221 3030 postea
2255 2956 2469 3030 factura
2488 2964 2590 3030 est,
2633 2973 2764 3030 nam
2790 2956 2932 3030 infra
2973 2957 3124 3030 dicit,
3155 2977 3174 3011 ‹
3206 2956 3340 3015 Nolo
3366 2974 3460 3015 ac-

1868 3027 1982 3082 tum
2008 3027 2187 3083 meum
2217 3029 2556 3092 scrutemini,
2583 3048 2601 3080 ι
2630 3027 2725 3084 sed
2753 3028 2894 3083 idem
2922 3042 2984 3089 ac
3007 3028 3053 3083 si
3084 3028 3227 3084 dicat
3253 3048 3265 3083 :
3306 3030 3463 3085 Sicut

1790 3073 1834 3137 Ο
1865 3099 2008 3170 quod
2031 3099 2207 3171 locuta
2235 3112 2355 3154 sum
2383 3098 2478 3152 Dei
2503 3073 2625 3171 esse
2648 3073 3463 3171 cdgnoscitis,

1865 3168 2119 3223 eventum
2151 3168 2412 3232 futurum,
2456 3178 2512 3223 et
2546 3168 2797 3223 videbitis
2826 3169 2971 3239 quod
3000 3170 3092 3224 ubi
3120 3168 3264 3227 facta
3294 3168 3462 3225 fuerit

1862 3240 2042 3311 populi
2067 3239 2334 3311 liberatio,
2385 3253 2451 3311 ex
2470 3240 2590 3311 Deo
2637 3253 2757 3295 esse
2800 3238 3219 3311 quodcogitavi
3260 3240 3458 3295 facere.

1863 3308 1957 3364 Est
1989 3309 2204 3365 interim
2236 3310 2400 3363 etiam
2424 3310 2514 3363 hic
2540 3312 2777 3366 notanda
2805 3308 3081 3365 humilitas
3115 3311 3323 3375 Judith,
3353 3326 3461 3379 qua

1863 3396 1973 3436 non
2002 3379 2105 3435 sibi
2144 3380 2265 3446 soli,
2313 3395 2413 3435 nec
2459 3379 2816 3444 orationibus,
2845 3388 2901 3435 et
2940 3379 3147 3450 jejunio
3175 3382 3288 3436 suis
3331 3381 3464 3435 Solis

1862 3450 2088 3516 conﬁsa,
2140 3451 2233 3505 sed
2258 3450 2438 3521 etiam
2481 3450 2784 3505 orationem
2832 3465 2931 3521 pro
2959 3464 3018 3505 se
3048 3450 3165 3505 ﬁeri
3197 3450 3457 3521 postulet,

1862 3529 1976 3575 tum
2008 3537 2038 3575 a
2084 3520 2473 3590 sacerdotibus,
2519 3528 2629 3573 tum
2674 3535 2704 3574 a
2745 3518 2985 3590 populo;
3037 3518 3279 3576 unde—et
3328 3522 3459 3576 sub-

1852 3591 2063 3661 jungit:
2092 3609 2110 3641 ι
2159 3588 2477 3661 Νίιιίιίξιιίυά
2510 3589 2605 3643 ﬁat
2633 3588 2757 3661 nisi
2787 3588 2973 3661 oratio
2989 3604 3088 3657 pro
3123 3607 3209 3646 me
3254 3592 3322 3645 ad
3349 3592 3461 3647 Do-

1862 3659 2091 3724 minum,
2116 3681 2134 3715 ι
2170 3669 2277 3717 etc.
2306 3660 2459 3730 Unde
2483 3667 2539 3714 et
2569 3659 2875 3715 valedicens
2920 3660 2997 3713 illi
3041 3662 3293 3730 princeps
3334 3675 3460 3715 cum

1859 3732 2255 3797 sacerdotibus,
2281 3749 2300 3782 ι
2355 3729 2523 3795 Vade,
2563 3731 2756 3800 inquit,
2799 3731 2852 3784 in
2895 3729 3054 3800 pace,
3101 3731 3362 3800 Dominus
3389 3732 3462 3785 sit

1860 3810 2062 3865 tecum,
2091 3821 2111 3855 ι
2147 3812 2251 3858 etc.
2282 3818 2297 3867 ;
2324 3816 2389 3855 ac
2414 3800 2461 3854 si
2499 3799 2687 3856 dicat:
2736 3799 2909 3856 Prout
2958 3800 3163 3870 petisti,
3209 3799 3461 3856 nolumus

1860 3871 2094 3940 amplius
2126 3884 2308 3927 actum
2352 3879 2504 3924 tuum
2525 3871 2759 3940 scrutari
2783 3887 2798 3936 ;
2833 3878 2888 3924 tu
2915 3871 3062 3939 quod
3083 3870 3285 3924 bonum
3310 3871 3460 3925 vide-

1860 3937 2025 4005 bitur,
2054 3950 2110 3995 et
2138 3942 2457 4011 inspiratum
2485 3954 2516 3993 a
2544 3940 2656 3994 Deo
2684 3937 2871 4005 fuerit,
2898 3937 3217 4009 cnsequere.
3288 3960 3295 3969 ι

2484 4048 2714 4106 CAPUT
2753 4047 2844 4104 IX.

1857 4121 2045 4178 Iudith
2081 4120 2371 4175 oratorium
2405 4122 2665 4192 ingressa,
2701 4120 2874 4174 cilicio
2911 4119 3097 4192 induta
3129 4128 3178 4174 et
3203 4129 3361 4192 caput
3386 4121 3456 4175 εἰς

1930 4209 2049 4277 itere
2070 4208 2370 4262 conspersa,
2401 4190 2568 4245 Deum
2590 4200 2704 4245 orat
2727 4207 2821 4261 pro
2846 4190 3038 4263 populo
3056 4207 3160 4256 suo
3183 4190 3450 4263 praetrem

1936 4273 1994 4318 in
2025 4273 2243 4317 terram.
2711 4283 2719 4290 '

1935 4374 1955 4406 ε
1988 4352 2196 4422 Quibus
2221 4352 2654 4424 abscedentibus,
2682 4352 2870 4424 Iudith
2900 4352 3253 4424 ingressaiest
3275 4360 3457 4424 orato-

578 4422 898 4493 rsecutionis
933 4435 1118 4489 fratris
1144 4434 1225 4489 sui
1257 4432 1417 4495 Esau,
1446 4422 1584 4488 Gen.
1605 4434 1753 4487 xxvii

1875 4444 1886 4477 l
1921 4426 2062 4480 rium
2088 4439 2264 4495 suum,
2293 4423 2601 4495 etinduens
2630 4436 2690 4478 se
2716 4422 2896 4489 cilico,
2914 4422 2979 4495 ,ξ’
2988 4431 3112 4495 etc.
3125 4423 3265 4478 Cum
3293 4422 3456 4478 Holo-

1858 4497 2041 4553 fernes
2081 4496 2170 4567 itte
2192 4494 2393 4567 (inquit
2425 4492 2860 4567 August._serm.
2905 4491 3033 4558 228,
3083 4494 3149 4547 de
3185 4496 3452 4562 tempore)

1862 4566 2093 4622 ﬁliorum
2118 4563 2314 4631 Israel,
2357 4564 2441 4619 sui
2483 4563 2634 4618 exitii
2666 4564 2953 4633 inimicus,
2984 4570 3292 4618 exterarum
3319 4578 3453 4633 gen-

1860 4638 1994 4715 tium
2020 4634 2122 4691 sibi
2144 4635 2234 4704 jus
2257 4635 2577 4715 vindicaret,
2605 4642 2767 4703 atque
2788 4632 3092 4715 obsidione,
3117 4633 3283 4688 armis
3311 4632 3450 4715 igni-

1866 4708 2075 4778 busque
2129 4702 2412 4778 pugnaret,
2463 4718 2565 4778 nec
2613 4702 2721 4760 non
2764 4712 2821 4760 et
2863 4702 3155 4778 multarum
3204 4702 3449 4773 gentium

1867 4773 2313 4847 camposfca'nis
2348 4775 2611 4830 messibus
2659 4783 2940 4847 oneratos,
2990 4773 3044 4827 in
3090 4773 3328 4847 cinerem
3359 4788 3452 4842 pa-

1869 4843 2057 4903 scente
2092 4847 2308 4900 ﬂamma
2338 4853 2703 4909 converteret,
2741 4843 2926 4901 Judith
2952 4844 3314 4907 sanctissima,
3354 4857 3453 4897 cu-

1863 4919 1958 4988 jus
1986 4917 2238 4990 precibus
2255 4916 2432 4990 patuit
2458 4915 2677 4981 crelum,
2708 4914 2973 4990 orationis
3004 4924 3132 4969 ante
3159 4928 3309 4968 arma
3331 4927 3452 4968 sus-

1867 4985 2086 5053 citavit,
2132 4987 2327 5057 quibus
2366 4986 2593 5057 adversa
2621 4985 2971 5057 conﬂigeret,
3010 4993 3066 5041 et
3092 4990 3454 5057 pavescentes

1864 5060 2013 5115 viros
2042 5052 2242 5113 femina
2270 5056 2666 5123 vindicaretur;
2709 5052 2816 5112 non
2842 5056 2989 5112 enim
3017 5052 3345 5111 suil'eeerunt
3372 5052 3449 5110 illi

1866 5145 2057 5200 preces
2092 5128 2319 5184 aliorum
2359 5135 2568 5181 tantum
2608 5136 2872 5200 quotquot
2911 5127 3166 5200 erantin
3206 5124 3450 5200 ciritate,

1864 5195 1969 5255 nisi
2001 5209 2056 5255 et
2100 5200 2216 5269 ipsa
2255 5212 2316 5253 se
2362 5195 2642 5269 quantum
2667 5195 2862 5269 potuit,
2909 5197 3215 5269 hurnilians
3242 5195 3449 5269 eisdem

1864 5284 2088 5341 operam
2117 5264 2488 5335 daret,sciens
2512 5268 2641 5324 illud
2668 5264 2812 5341 Eccl.
2832 5283 3006 5341 xxxvi:
3028 5287 3046 5319 ι
3069 5264 3255 5341 oratio
3275 5264 3452 5341 humi-

1862 5334 2045 5397 liantis
2072 5355 2132 5396 se
2153 5334 2397 5411 penetrat
2423 5342 2612 5394 nubes.
2650 5359 2670 5391 ι
2702 5337 2892 5396 Cilicio
2917 5347 3098 5395 autem
3129 5336 3326 5411 dicitur
3358 5334 3444 5411 in-

1861 5414 1989 5468 duta
2021 5403 2183 5484 etiarn
2214 5409 2489 5484 exterius;
2523 5425 2650 5484 nam
2679 5418 2738 5484 ut
2764 5425 2928 5480 supra
2952 5409 3185 5484 praeced.
3216 5419 3337 5484 cap.
3363 5403 3444 5457 di-

1861 5492 2007 5539 ctum
2037 5489 2142 5546 est,
2169 5482 2376 5536 habens
2390 5493 2553 5547 super
2577 5479 2787 5535 lumbos
2807 5479 2935 5535 suos
2958 5479 3214 5539 Cilicium,
3232 5479 3445 5541 jejuna-

1864 5556 1955 5610 bat
1981 5552 2235 5607 omnibus
2265 5550 2457 5605 diebus
2480 5550 2604 5604 vita:
2634 5565 2763 5605 suae.

1890 5666 1897 5671 .
1939 5643 1958 5674 l
1993 5623 2219 5678 Domine
2248 5620 2391 5675 Deus
2416 5620 2589 5688 patris
2617 5621 2724 5674 mei
2751 5621 2993 5675 Simeon.
3029 5634 3048 5670 ι
3078 5611 3329 5688 intelligit
3355 5609 3444 5667 Si-

1865 5708 2110 5749 meonem
2132 5681 2528 5763 patriarcham;
2556 5690 2698 5745 unde
2714 5698 2770 5745 et
2788 5702 2955 5759 supra
2974 5702 3093 5757 cap.
3110 5681 3438 5755 praesulem.
