3928 6176
67 361 156 421 637

1100 356 1467 416 EXPOSI'NO
1516 357 1581 413 ω
1618 356 1885 416 LIBRUM
1925 354 2221 415 ESTHER.

3234 361 3337 417 658

69 474 387 531 referuntur.
421 466 690 526 Eusebius
717 482 848 541 ergo
878 467 934 523 in
961 441 1245 527 Chronieis
1268 470 1382 527 suis
1412 469 1642 526 arhitra—
1669 472 1721 531 A
1744 469 1835 526 ille
1871 484 1965 526 rex
2007 470 2299 526 historicus
2325 470 2564 542 perﬁdus
2609 476 2748 537 erat,
2795 473 2949 543 quasi
2982 480 3204 546 propter
3230 477 3336 534 hoc

67 566 212 621 batur
251 560 406 617 hunc
440 558 737 615 Assuerum
790 572 915 615 esse
954 560 1310 617 Artaxerxem
1350 568 1642 627 vocatum;

70 652 303 727 regnavit
320 666 538 725 quoque
564 658 689 720 post
722 649 942 704 Darium
979 656 1231 720 patruum
1266 665 1423 707 suum
1451 665 1649 723 cogno-

69 757 235 805 mento
258 741 502 799 Notbum
520 782 535 807 ,
565 739 724 795 annis
739 740 831 796 40.

136 857 154 890 α
193 829 375 892 Susan
398 835 596 901 civitas
626 834 778 905 regni
813 830 932 902 ejus
966 835 1247 891 exordium
1279 834 1403 891 fuit.
1442 857 1461 891 ι
1494 837 1650 895 Susis

70 929 373 1000 metropolis
402 937 490 985 est
516 927 784 993 Persidis,
815 943 977 997 quam
1008 928 1163 983 aiunt
1198 929 1444 985 historici
1485 929 1650 985 Mem-

72 1025 217 1081 nonis
238 1020 473 1078 fratrem
500 1019 865 1076 constituisse.
902 1019 1057 1076 Dicta
1080 1020 1263 1076 autem
1300 1021 1476 1088 Susis,
1501 1023 1647 1093 quod

72 1119 341 1176 immineat
381 1115 542 1173 Susis
580 1112 763 1182 ﬂuvio,
810 1113 904 1170 ubi
944 1116 1101 1188 .regia
1144 1125 1231 1172 est
1273 1116 1421 1189 Cyri,
1474 1118 1651 1189 lapide

72 1210 285 1267 candido
307 1220 364 1265 et
387 1208 541 1264 vario
562 1248 579 1274 ,
609 1223 732 1264 cum
763 1207 1035 1264 columnis
1067 1209 1251 1265 aureis
1278 1217 1337 1263 et
1355 1209 1651 1265 lacunariis

74 1304 395 1375 gemmisque
434 1303 712 1369 distincta,
766 1302 1053 1361 continens
1088 1303 1251 1359 etiam
1296 1304 1649 1360 simulacrum

76 1399 179 1453 «eli
195 1397 375 1454 stellis
399 1396 728 1452 micantibus
747 1396 1153 1466 praesignatum,
1175 1404 1230 1451 et
1249 1404 1446 1452 caetera
1463 1397 1652 1451 huma-

78 1492 151 1546 nis
173 1490 453 1545 mentibus
481 1488 836 1544 incredibilia.
867 1487 968 1544 Ubi
997 1497 1052 1544 et
1074 1502 1316 1559 praesens
1349 1503 1444 1544 rex
1466 1489 1652 1544 eonvi-

74 1581 203 1634 vium
233 1579 540 1634 maximum
565 1592 688 1633 cum
717 1576 905 1648 grandi
936 1584 1219 1647 apparatu,
1255 1586 1312 1632 et
1334 1578 1651 1633 divitiarum

78 1672 211 1741 copia
252 1669 520 1739 subjectis
556 1668 770 1740 pepulis
815 1666 1129 1724 exhibuisse
1184 1676 1456 1723 narratur.
1498 1667 1653 1725 Unde

80 1766 306 1835 aequitur
333 1781 349 1818 :

1750 560 1897 631 regis
1936 559 2070 629 justi
2120 568 2305 631 typum
2347 567 2534 615 tenere
2575 560 2724 617 nullo
2758 563 2920 618 modo
2949 565 3125 634 possit
3170 584 3184 619 ε
3228 583 3337 622 non

1750 651 1896 706 enim
1944 651 2177 706 dicimus
2213 652 2358 720 quod
2399 652 2625 722 perﬁdia
2670 668 2766 709 seu
2813 664 3038 724 peccata
3090 657 3338 727 alicujus,

1751 741 1865 796 sive
1909 741 2106 807 ﬁdelis,
2148 742 2263 799 sive
2307 743 2471 799 etiam
2521 741 2744 813 perﬁdi,
2786 744 2942 801 istius
2975 757 3128 802 actus
3153 750 3338 820 expri-

1751 840 1903 886 mant
1955 851 1975 884 ‹
2026 832 2128 900 Qui
2161 842 2442 902 peccatum
2474 844 2581 888 nun
2634 834 2791 899 fecit,
2841 851 2941 891 nec
2968 846 3053 892 est
3081 839 3335 895 inventus

1750 922 1905 978 dolus
1932 924 1984 977 in
2011 937 2106 978 ore
2141 924 2258 993 ejus
2286 922 2337 994 (Ι
2365 921 2513 979 Petr.
2552 923 2633 996 ιι).
2667 944 2685 976 ι
2727 942 2747 975 ι
2782 924 2911 992 Qua:
2936 928 3082 981 enim
3105 931 3339 986 societas

1750 1010 1857 1066 luci
1883 1012 1954 1066 ad
1986 1014 2270 1080 tenebras;
2304 1022 2396 1069 aut
2422 1028 2545 1084 quae
2573 1015 2864 1070 conventio
2889 1014 3095 1074 Christi
3135 1020 3202 1075 ad
3229 1019 3335 1076 Be-

1748 1104 1840 1160 lial
1890 1104 1978 1176 (II
2001 1106 2149 1178 ,Cor.
2181 1108 2300 1180 vn).
2336 1127 2355 1160 ι
2389 1108 2497 1163 Sed
2524 1109 2663 1163 bona
2692 1108 2835 1164 facta
2872 1125 2937 1167 ac
2958 1110 3102 1179 justa
3134 1114 3350 1185 judicia»

1749 1199 2067 1272 cujusquam
2111 1201 2177 1256 ad
2218 1201 2424 1256 nullum
2466 1201 2658 1256 melius
2701 1199 3029 1269 referuntur,
3078 1220 3240 1277 quam
3271 1208 3339 1261 ad

1751 1292 1901 1348 illum
1926 1292 1995 1347 de
2012 1306 2120 1361 quo
2146 1301 2233 1347 est
2255 1306 2416 1346 omne
2444 1293 2667 1357 bonum,
2701 1293 2770 1347 de
2794 1307 2903 1362 quo
2927 1294 3185 1363 scriptum
3214 1306 3299 1351 est
3323 1315 3338 1352 τ

1756 1404 1775 1436 ι
1817 1381 2093 1438 Judicabit
2124 1383 2324 1438 orbem
2344 1391 2505 1437 terrae
2543 1382 2596 1438 in
2625 1384 2907 1454 aequitate,
2945 1392 3002 1440 et
3034 1387 3262 1455 populos
3285 1387 3340 1442 in

1750 1478 1982 1533 veritate
2010 1490 2107 1530 sua
2139 1472 2313 1546 (Psal.
2347 1474 2447 1545 ix).
2489 1493 2509 1527 ι
2555 1472 2690 1528 Nam
2716 1474 2857 1530 sicut
2887 1475 3168 1546 gentilium
3191 1491 3343 1532 erro-

1750 1581 1843 1625 res
1869 1575 2033 1639 atque
2060 1566 2226 1637 impia
2254 1564 2416 1630 facta,
2439 1565 2514 1619 ita
2538 1565 2650 1621 'nec
2683 1565 2920 1621 ﬁdelium
2958 1570 3341 1640 transgressio-

1751 1677 1852 1717 nes
1882 1668 2047 1731 atque
2089 1670 2315 1729 peccata
2345 1655 2506 1714 facile
2534 1672 2632 1728 per
2668 1658 3080 1714 similitudinem
3123 1662 3339 1716 veritati

1754 1761 2087 1827 competunt.
2136 1752 2265 1808 Haec
2305 1751 2450 1807 enim
2491 1750 2612 1806 ideo
2648 1750 2904 1819 diximus,
2950 1751 3078 1822 quia
3121 1753 3339 1823 quidam

142 1826 159 1906 ξ
191 1853 385 1909 Tertio
411 1853 575 1924 igitur
600 1864 746 1907 anno
769 1851 982 1923 imperii
1010 1851 1091 1907 sui
1129 1850 1256 1907 fecit
1285 1853 1489 1923 grande
1525 1869 1653 1910 con-
1678 1826 1729 1887 Β
1754 1826 2037 1906 ὀοοωηιηι
2060 1845 2229 1909 .DaVid
2261 1843 2464 1901 factum
2490 1844 2551 1898 in’
2575 1842 2763 1899 Uriam
2791 1853 2848 1901 et
2882 1858 3109 1902 uxorem
3128 1844 3253 1915 ejus
3279 1844 3343 1899 ﬁ-

85 1966 100 1998 ι
129 1946 323 2000 virium
352 1943 696 2015 principibus
720 1942 859 2008 suis,
884 1950 941 1998 et
968 1943 1151 2013 pueris
1181 1941 1494 1999 fortissimis
1518 1943 1652 1999 Per-

84 2058 99 2089 ι
130 2053 302 2093 sarum
342 2045 405 2094 et
429 2035 707 2091 Medorum
736 2032 983 2105 inclytis,
1030 2041 1087 2089 et
1120 2032 1391 2104 praefectis
1429 2034 1649 2105 provin-

85 2146 103 2180 τ
128 2130 322 2184 ciarum
376 2139 567 2183 coram
606 2140 699 2192 se,
750 2133 812 2179 ut
844 2125 1158 2180 ostenderet
1204 2124 1422 2180 divitias
1467 2126 1655 2197 gloriae

86 2239 105 2270 ι
130 2220 264 2290 regni
290 2219 402 2280 sui,
427 2202 852 2288 magnitudinem
874 2224 1037 2286 atque
1055 2214 1375 2285 jactantiam
1398 2217 1656 2287 potentiae

87 2330 107 2361 ι
132 2324 233 2365 suat
258 2308 443 2365 multo
479 2318 743 2379 teinpore,
774 2314 992 2362 centum
1019 2305 1270 2360 videlicet
1297 2315 1354 2360 et
1378 2306 1650 2378 octoginta

87 2421 107 2453 r
129 2404 325 2458 diebus.
380 2400 626 2470 Cumque
676 2397 1029 2468 implerentur
1060 2397 1177 2453 dies
1230 2397 1486 2465 convivii,
1522 2397 1651 2452 invi-

86 2512 102 2543 t
130 2493 249 2548 tavit
290 2505 517 2547 omnem
556 2489 811 2562 populum
850 2490 945 2560 qui
995 2489 1248 2544 inventus
1291 2497 1375 2544 est
1414 2488 1591 2554 Susis,
1618 2503 1649 2542 a

88 2603 103 2633 ι
134 2584 364 2639 maximo
410 2596 582 2652 usque
620 2582 688 2637 ad
739 2580 1042 2636 minimum.
1092 2580 1159 2635 Et
1208 2589 1414 2649 septem
1463 2566 1653 2635 diebus

89 2694 107 2725 σ
131 2674 279 2745 jussit
316 2673 633 2729 convivium
674 2671 971 2744 przeparari
1016 2671 1071 2725 in
1111 2670 1378 2726 vestibulo
1414 2670 1558 2725 horti
1597 2677 1654 2725 et

84 2786 105 2822 ‹
131 2769 383 2834 nemoris,
423 2767 568 2838 quod
588 2765 740 2835 regio
771 2764 919 2820 cultu
941 2773 990 2821 et
1026 2779 1189 2820 manu
1219 2764 1487 2819 consitum
1511 2770 1647 2819 erat.

87 2875 109 2912 ι
135 2859 197 2914 Et
215 2858 526 2931 pendebant
554 2872 623 2913 ex
662 2856 809 2911 omni
845 2864 1000 2925 parte
1028 2855 1258 2910 tentoria
1288 2855 1429 2910 aerii
1452 2854 1661 2910 coloris!

86 2957 175 3003 cet
203 2948 478 3005 carbasini
529 2962 595 3003 ac
650 2946 984 3018 hyacinthini
1014 2987 1030 3013 ,
1084 2953 1387 3002 sustentata
1436 2945 1659 3001 funibus

86 3034 360 3114 «byssinis
413 3051 576 3112 atque
624 3039 931 3110 purpureis,
980 3038 1071 3109 qui
1128 3038 1385 3095 eburneis
1432 3037 1653 3093 circulis

86 3150 104 3184 r
130 3134 309 3189 inserti
337 3141 519 3199 erant,
543 3140 600 3186 et
620 3130 886 3187 columnis
917 3129 1237 3184 marmoreis
1264 3127 1645 3183 fnlciebantur.

1754 1938 2014 2011 guraliter
2033 1936 2368 1993 transferunt
2388 1935 2457 1990 ad
2478 1933 2760 1991 Christum
2783 1944 2836 1992 et
2858 1936 3176 1993 Ecclesiam.
3203 1935 3341 2005 Quid

1752 2041 1932 2084 causae
1965 2035 2051 2084 est
2091 2035 2156 2082 ut
2191 2025 2391 2099 aliquis
2432 2025 2581 2081 dicat
2609 2023 2809 2099 Moysns
2843 2028 3234 2084 dubitationem
3274 2029 3341 2084 ad

1753 2116 1951 2191 aqbam
1980 2118 2451 2185 contradictionis,
2476 2119 2711 2177 Aaronis
2729 2119 3014 2192 ,ﬁctionem
3048 2122 3101 2175 iu
3131 2120 3339 2177 factura

1752 2211 1930 2278 vituli,
1977 2212 2282 2268 Salomonis
2325 2211 2602 2269 libidinem
2626 2252 2641 2278 ,
2673 2212 2920 2268 Ezechiae
2949 2217 3338 2284 arrogantiam,

1750 2301 1899 2359 Petri
1937 2302 2353 2375 abnegationem
2387 2318 2453 2360 ac
2487 2303 2668 2360 Saulis
2693 2304 3084 2376 blasphemiam
3110 2305 3343 2361 Redem-

1751 2397 1895 2467 ptori
1951 2403 2147 2449 nostro
2197 2394 2498 2467 ﬁguraliter
2549 2395 2875 2451 convenire?
2928 2395 3182 2451 Attamen
3237 2396 3344 2452 rite

1751 2485 1931 2541 nullus
1957 2486 2226 2556 denegare
2266 2495 2447 2557 potest
2473 2501 2663 2542 eorum
2702 2486 2844 2541 bona
2872 2484 3014 2542 facta
3039 2501 3104 2542 ac
3134 2496 3339 2543 rectam

1711 2592 1715 2596 '
1753 2577 2057 2633 doctrinam
2118 2576 2412 2647 plurimum
2468 2576 2545 2631 illi
2598 2576 2973 2633 testimonium
3024 2575 3339 2649 praebuisse.

1753 2666 1911 2724 Unde
1949 2680 2110 2722 nemo
2152 2681 2253 2722 nos
2287 2666 2684 2737 reprehendere
2710 2667 2871 2723 debet
2889 2666 3033 2737 quod
3060 2667 3205 2738 regis
3228 2681 3345 2721 ma-

1752 2759 1844 2831 gni
1879 2758 1969 2829 pia
1998 2773 2164 2829 opera
2194 2773 2259 2814 ac
2280 2759 2428 2829 justa
2465 2758 2659 2827 iudicia
2686 2760 2800 2830 regi
2829 2768 2879 2815 et
2901 2758 3069 2831 judici
3095 2760 3341 2817 omnium

1751 2848 2075 2906 sucularum
2117 2848 2353 2919 quodam
2402 2849 2564 2905 modo
2608 2848 2894 2904 Similando
2940 2863 3338 2919 comparemus,

1750 2942 1883 3013 quia
1916 2957 2079 2998 suum
2102 2950 2189 2997 est
2209 2941 2470 3014 quidquid
2500 2943 2703 2999 bonum
2727 2950 2810 2999 est
2834 2980 2850 3009 ,
2876 2943 3024 2999 etab
3047 2957 3114 2999 eo
3140 2942 3342 3015 refugit

1749 3033 1928 3115 omnis
1966 3034 2245 3105 iniquitas.
2290 3032 2347 3089 Si
2395 3033 2696 3100 cuiautem
2727 3034 2944 3091 videtur
2977 3033 3337 3106 incongruum

1753 3136 1874 3180 esse
1895 3123 2039 3195 quod
2064 3125 2315 3191 dicimus,
2346 3124 2489 3196 legat
2512 3123 2710 3181 Isaiam
2734 3124 3074 3195 prophetam,
3098 3125 3192 3195 qui
3220 3124 3329 3197 Cy-

85 3236 101 3274 t
130 3223 323 3279 Lectnh
348 3237 568 3295 quoque
585 3222 735 3277 aurei
755 3229 812 3276 et
829 3220 1070 3289 argentei
1093 3233 1258 3290 super
1283 3219 1650 3288 pavimentum
1677 3217 1722 3240 υ
1757 3228 1877 3273 rum
1904 3232 2091 3290 regem
2110 3217 2403 3275 Persarum
2426 3218 2702 3274 hominem
2725 3218 2981 3288 gentilem
3003 3218 3343 3288 comparavit

85 3328 104 3361 ι
133 3314 471 3386 smaragdina
521 3320 579 3367 et
626 3312 782 3383 pario
849 3318 1081 3366 stratum
1134 3307 1347 3378 lapide,
1406 3306 1650 3379 dispositi

87 3422 103 3455 ι
133 3414 286 3460 erant
314 3424 330 3459 :
363 3406 509 3477 quod
536 3405 671 3459 mira
692 3404 957 3458 varietate
981 3402 1192 3472 pictura
1219 3399 1529 3456 decorabat.
1557 3399 1651 3453 Bi-

86 3513 103 3547 ι
136 3497 333 3552 hebant
357 3504 537 3551 autem
564 3492 656 3566 qui
686 3493 894 3549 invitati
920 3500 1098 3557 erant,
1133 3490 1314 3546 aureis
1340 3491 1568 3562 poculis,
1597 3497 1655 3546 et

85 3604 102 3639 ι
135 3588 252 3643 aliis
298 3599 463 3658 atque
507 3586 630 3642 aliis
674 3585 825 3641 vasis
867 3585 974 3641 cibi
1021 3583 1415 3640 inferebantur.
1458 3583 1653 3638 Vinum

83 3692 103 3730 ι
128 3692 363 3748 quoque,
388 3686 448 3733 ut
472 3676 870 3748 magniﬁcentia
899 3676 1046 3748 regia
1070 3675 1289 3746 dign’um
1319 3683 1456 3741 erat,
1484 3675 1657 3731 abun-

86 3786 106 3821 ι
138 3771 273 3825 dans
306 3777 367 3824 et
393 3768 722 3839 praecipuum
761 3768 1078 3839 ponebatur.
1129 3765 1238 3823 Nec
1274 3774 1394 3822 erat
1430 3766 1522 3836 qui
1559 3782 1657 3823 no-

84 3879 101 3911 ‹
134 3860 306 3917 lentes
334 3867 556 3931 cogeret
580 3859 644 3914 ad
672 3858 984 3923 bibendum,
1027 3858 1125 3914 sed
1158 3858 1300 3913 sicut
1322 3872 1416 3913 rex
1447 3865 1652 3914 statue-

83 3968 101 4001 ‹
134 3961 254 4017 rat,
300 3964 621 4021 praeponens
659 3949 862 4004 mensis
909 3949 1152 4016 singulos
1204 3948 1272 4003 de
1323 3947 1656 4018 principibus

84 4056 103 4087 ι
134 4041 263 4106 suis,
293 4049 355 4095 ut
382 4047 624 4096 sumeret
666 4038 1035 4110 unusquisque
1075 4038 1219 4109 quod
1243 4035 1419 4095 vellet.
1459 4058 1478 4091 ι
1530 4037 1658 4093 ﬂare

75 4131 392 4202 przeparatio
417 4130 813 4201 opulentissimi
844 4127 1101 4196 convivii,
1130 4128 1258 4184 licet
1298 4126 1657 4183 histerialiter

78 4221 379 4279 divitiarum
420 4237 679 4294 pompam
714 4229 771 4276 et
817 4221 1130 4277 deliciarum
1175 4221 1335 4278 luxus
1376 4222 1521 4292 regis
1562 4236 1660 4291 po-

76 4313 233 4368 tentis
272 4314 649 4369 demonstrare
682 4312 959 4378 videatur,
993 4320 1175 4366 tamen
1215 4312 1512 4367 sacratiore
1547 4325 1662 4382 my-

78 4403 239 4458 sterio
280 4402 649 4475 potentissimi
702 4403 848 4473 regis
886 4403 1099 4468 nostri,
1148 4402 1397 4458 videlicet
1448 4402 1659 4457 Domini

77 4491 294 4559 Christi,
340 4494 657 4549 divitiarum
712 4493 1072 4565 spiritualium
1121 4492 1547 4563 magnitudinem
1596 4507 1661 4548 ac

78 4584 316 4640 vitalium
344 4598 508 4654 opum
538 4582 937 4649 excellentiam,
954 4598 1092 4654 quas
1112 4581 1204 4638 ille
1222 4584 1519 4639 secundum
1545 4598 1661 4639 mo-

77 4675 201 4730 dum
226 4676 653 4747 dispensationis
693 4690 806 4731 sutn
834 4676 1126 4746 unicuique
1164 4674 1400 4732 ﬁdelium
1438 4690 1661 4731 suorum

77 4769 297 4842 largiter
344 4769 643 4836 distribuit,
692 4767 984 4839 signiﬁcat.
1035 4767 1145 4823 Nec
1174 4768 1320 4823 enim
1358 4766 1519 4822 alicui
1563 4782 1660 4822 rex

73 4863 161 4918 ille
188 4863 517 4926 ditissimus,
552 4862 645 4933 qui
684 4861 873 4917 uxoris
902 4876 1014 4916 sua:
1042 4860 1368 4917 ﬁdelissimae
1409 4861 1663 4932 precibus

71 4965 350 5020 exoratus,
400 4950 745 5019 Iudaeorum,
796 4968 957 5023 quem
1011 4953 1184 5023 iniqui
1235 4952 1658 5017 meditabantur,

72 5050 449 5105 imminentem
494 5047 727 5102 removit
770 5046 1071 5111 interitum,
1111 5060 1274 5116 quam
1315 5044 1667 5115 Redemptori

70 5148 261 5194 nostro
288 5154 388 5211 per
424 5138 652 5209 ﬁguram
682 5147 921 5209 aptatur,
949 5137 1039 5207 qui
1063 5136 1306 5207 quotidie
1334 5145 1535 5192 sancte
1566 5132 1664 5191 Ec-

71 5229 273 5295 clesia,
311 5245 437 5300 qua:
468 5245 664 5300 sponsa
700 5229 873 5301 ipsius
896 5236 982 5283 est
1008 5227 1380 5293 dilectissima,
1408 5228 1666 5283 orationi-

68 5320 171 5376 bus
220 5320 623 5394 interpellatus,
665 5320 864 5375 liberat
911 5317 1114 5376 electos
1160 5334 1286 5374 suos
1331 5319 1398 5374 de
1426 5319 1664 5375 hostium

70 5413 359 5480 manibus,
400 5420 564 5485 atque
594 5413 855 5469 inimicos
874 5426 1065 5469 eorum
1095 5410 1273 5482 dignae
1304 5410 1520 5481 subjicit
1547 5410 1665 5466 vin-

70 5506 248 5564 dictae.
285 5507 445 5576 Quod
484 5516 665 5564 autem
710 5506 909 5564 Esther
942 5514 1126 5579 typum
1157 5507 1414 5563 Ecclesiae
1452 5514 1661 5572 teneat,

72 5598 202 5654 nulli
223 5600 471 5659 dubium.
500 5609 637 5668 est;
674 5615 777 5657 nec
825 5602 939 5672 ipsa
985 5599 1214 5669 alicujus
1253 5613 1451 5669 sponsa
1502 5613 1664 5669 quam

72 5689 278 5748 Christi
303 5690 417 5749 ullo
452 5693 615 5749 modo
653 5692 884 5749 dicenda
908 5699 1011 5748 est.
1046 5690 1200 5747 Unde
1230 5690 1480 5762 refugere
1506 5691 1665 5762 quili-

75 5781 169 5839 bet
208 5781 350 5842 hanc
390 5784 891 5856 interpretationem
922 5796 1028 5839 non
1071 5784 1249 5849 debet,
1298 5796 1396 5854 pro
1423 5798 1487 5838 eo
1523 5781 1664 5853 quod

1754 3306 2104 3379 Redemptori
2118 3309 2519 3376 nostro,dicens
2528 3322 2594 3365 ex
2611 3324 2841 3371 persona
2862 3307 3075 3365 Domini
3105 3326 3118 3364 :
3151 3329 3170 3361 ι
3191 3306 3345 3364 Dabo

1756 3402 1852 3458 tibi
1897 3403 2180 3458 thesauros
2203 3401 2551 3459 absconditos
2585 3411 2640 3457 et
2674 3408 2874 3458 arcana
2900 3410 3258 3470 secretorum,
3285 3411 3347 3456 ut

1758 3495 1898 3551 scias
1927 3496 2057 3564 quia
2084 3509 2189 3565 ego
2212 3494 2494 3562 Dominus,
2524 3495 2779 3565 quoniam
2808 3510 2946 3552 voco
2970 3508 3166 3551 nomen
3192 3507 3343 3551 tuum

1756 3584 1900 3640 Deus
1923 3583 2086 3640 lsrael
2111 3625 2126 3650 ,
2165 3593 2385 3656 propter
2414 3598 2631 3643 servum
2660 3601 2839 3641 meum
2875 3585 3069 3653 Iacob,
3098 3594 3154 3645 et
3180 3587 3348 3643 Israel

1757 3675 1988 3733 electum
2017 3692 2220 3742 meum,
2253 3685 2310 3732 et
2334 3677 2528 3733 vocavi
2558 3685 2613 3734 te
2647 3677 2703 3732 in
2726 3678 2945 3734 nomine
2969 3688 3096 3745 tuo;
3137 3678 3350 3734 assimi-
3393 3739 3401 3748 .

1760 3767 1867 3823 lavi
1892 3775 1967 3833 te,
2004 3776 2063 3822 et
2094 3783 2201 3824 non
2229 3768 2530 3840 cognovisti
2556 3783 2663 3824 me.
2691 3767 2807 3841 Ego
2835 3769 3119 3836 Dominus,
3155 3777 3211 3824 et
3236 3785 3347 3825 non

1759 3864 1843 3912 est
1866 3857 2129 3927 amplius,
2176 3865 2331 3912 extra
2355 3873 2443 3913 me
2466 3872 2576 3913 non
2604 3866 2689 3914 est
2721 3856 2884 3915 Deus.
2914 3860 3139 3916 Accinxi
3165 3868 3218 3916 te
3240 3845 3261 3927 ,’
3288 3870 3349 3917 et

1759 3962 1866 4002 non
1908 3947 2208 4017 cognovisti
2244 3961 2331 4001 me
2356 3945 2495 4019 (Isa.
2544 3947 2690 4019 xw).
2725 3967 2744 4001 ι
2776 3949 2945 4021 Legat
2983 3957 3038 4005 et
3088 3952 3347 4020 opuscula

1758 4037 2002 4105 Patrum,
2049 4038 2140 4107 qui
2187 4044 2343 4093 actus
2383 4037 2497 4094 sive
2540 4052 2703 4095 casus
2755 4053 2945 4111 regum
2991 4042 3354 4114 reproborum

1760 4130 1943 4185 Saulis
1976 4138 2034 4184 et
2068 4127 2342 4185 Jechoniae
2391 4129 2736 4185 sanctissima
2765 4128 3145 4201 Redemptoris
3175 4133 3353 4188 nostri

1759 4234 1924 4290 opera
1965 4218 2263 4288 ﬁguraliter
2299 4218 2584 4290 designare
2614 4219 2870 4275 dixerunt
2903 4239 2916 4274 :
2951 4220 3137 4277 Saulis
3160 4221 3379 4278 videli-.

1761 4319 1849 4366 cet
1874 4311 2021 4365 uncti
2047 4311 2100 4365 in
2127 4322 2331 4379 regem,
2361 4309 2455 4365 sed
2486 4309 2681 4365 merito
2716 4309 2984 4366 scelerum
3007 4328 3230 4369 suorum
3257 4328 3351 4369 oc-

1762 4404 1880 4470 cisi,
1908 4419 2070 4475 super
2094 4402 2296 4459 innoxii
2314 4402 2456 4473 regis
2471 4400 2671 4456 Christi
2687 4410 2864 4460 morte
2880 4404 3307 4475 interpretantes
3330 4423 3345 4473 ;

1688 4528 1738 4589 Β
1762 4495 2036 4553 Jcchonize
2058 4509 2187 4550 vero
2212 4494 2621 4550 translationem
2645 4493 2711 4549 de
2729 4492 2865 4549 Juda
2890 4497 2944 4549 in
2971 4494 3349 4568 Babyloniam,

1764 4607 1925 4663 quam
1949 4598 2170 4663 propter
2196 4599 2422 4660 peccata
2449 4589 2727 4653 sustinuit,
2759 4591 2828 4645 ad
2850 4590 3084 4661 gratiam
3107 4589 3349 4659 ejusdem

1765 4682 2145 4751 Redemptoris
2165 4681 2336 4736 nostri
2361 4680 2525 4751 typici
2550 4680 2869 4747 referentes,
2900 4697 3028 4752 qua,
3055 4681 3260 4739 relictis
3280 4683 3350 4739 ob

1762 4776 2046 4847 perﬁdiam
2077 4773 2300 4839 Judaais,
2340 4773 2409 4828 ad
2437 4773 2724 4829 salvandas
2754 4784 2850 4844 per
2889 4775 3074 4829 orbem
3104 4774 3353 4832 nationes

1763 4865 2155 4937 transmigrare
2184 4864 2437 4934 dignatus
2473 4871 2575 4917 est.
2621 4862 2723 4930 Qui
2753 4864 2895 4917 dicta
2942 4864 3024 4918 vel
3061 4873 3184 4919 acta
3210 4863 3352 4919 Phac

1767 4958 1951 5013 raonis
1987 4958 2101 5012 sive
2139 4954 2638 5011 Nabuchodonosor
2681 4955 2858 5026 typiee
2899 4970 3065 5024 super
3106 4956 3377 5015 hostibuS;

1768 5048 2025 5105 Ecclesia:
2072 5045 2420 5117 intelligenda
2476 5044 2834 5101 tradiderunt.
2887 5043 3049 5101 Verbi
3100 5048 3280 5117 gratia
3333 5063 3371 5102 τι

1769 5138 1981 5194 Pharao
2015 5141 2271 5211 praecepit
2297 5139 2530 5197 infantes
2552 5140 2735 5213 populi
2758 5140 2854 5196 Dei
2882 5141 3151 5197 masculos
3173 5143 3226 5196 in
3254 5141 3369 5197 θυι.

1768 5233 1917 5288 mine
1943 5232 2145 5299 necari,
2172 5231 2401 5289 feminas
2429 5233 2694 5289 reservari
2722 5247 2735 5286 :
2766 5230 2893 5302 quia
2923 5231 3369 5298 diabolusfortia,

1767 5325 1823 5380 in
1864 5325 2027 5381 nobis
2055 5340 2219 5395 opera
2266 5325 2633 5396 exstinguere,
2676 5323 2820 5379 ﬁuxa
2858 5332 2915 5380 et
2948 5324 3167 5380 inﬁrma
3207 5323 3369 5395 cupit-

1771 5419 2032 5474 enutrirc.
2076 5417 2207 5472 ltem
2245 5416 2742 5473 Nabuchodonosor
2760 5415 2927 5487 jussit
2955 5431 3147 5472 omnes
3183 5430 3374 5486 popu-.

1773 5509 1855 5565 los
1882 5509 1982 5565 sibi
2009 5509 2251 5564 subditos
2277 5509 2457 5565 audita
2485 5522 2612 5564 voce
2639 5506 3084 5578 symphoniarum
3109 5513 3163 5559 et
3188 5503 3374 5558 musi-.

1772 5613 1957 5654 corum
1988 5607 2287 5668 prostratos
2333 5599 2561 5652 adorare
2596 5605 2829 5651 statuam
2862 5609 3037 5649 suam.
3072 5592 3138 5646 Et
3165 5590 3373 5645 diabn-.

1772 5687 1857 5745 ius
1885 5692 2085 5761 satagit
2117 5702 2286 5761 genus
2324 5689 2616 5744 humanum
2648 5701 2745 5756 per
2765 5683 3103 5740 dulcedinem
3141 5692 3373 5752 pompm:

1772 5784 2046 5841 terrestris
2084 5800 2111 5838 a
2152 5784 2477 5840 rectitudine
2516 5782 2713 5838 mentis
2749 5781 3063 5846 inﬂectere,
3091 5786 3143 5835 et
3171 5777 3237 5839 ad
3264 5792 3351 5833 se-
