3960 6178
586 354 693 410 6‘59

1248 351 1310 408 Β.
1347 352 1603 410 RABANI
1642 353 1864 413 MAURI
1900 352 2223 412 ARCHIEP.
2268 356 2574 416 MOGUNT.
2616 358 2901 417 OPERUM
2941 358 3122 417 PARS
3157 361 3198 417 Ι.

3749 366 3854 424 διο

583 468 857 540 quendam
903 467 1253 539 cupiditatem
1279 509 1295 533 ,
1347 484 1470 540 quae
1528 480 1614 526 est
1667 488 1686 522 «
1745 471 2160 527 simulacrorum
2189 478 2240 537 Α
2265 481 2319 527 et
2366 473 2728 549 hyacinthini,
2760 497 2777 528 ι
2809 477 2939 546 quia
2965 475 3036 531 ibi
3069 486 3298 532 ornatus
3340 479 3640 549 spiritualis
3663 487 3853 551 studii,

584 561 855 622 servitus,
912 579 932 612 ι
980 560 1326 629 deceptorum
1361 561 1529 616 corda
1557 571 1888 632 pervertere.
1933 562 2165 633 Si‘ergo

582 651 828 721 quaedam
859 664 1041 719 opera,
1089 651 1172 705 vel
1194 651 1356 721 justae
1400 667 1574 722 ptenaz
1622 657 1975 723 reproborum
2013 654 2066 708 in
2103 653 2166 706 fl-

583 755 716 812 gnra
745 753 851 793 non
880 739 1052 794 solum
1094 740 1384 805 malorum,
1409 743 1507 796 sed
1553 750 1609 797 et
1642 742 1907 798 bonorum
1943 758 2167 813 praeces-

582 836 791 895 serunt,
818 844 914 882 cur
939 844 1044 884 non
1074 831 1237 884 etiam
1262 831 1390 886 boni
1432 830 1696 886 bonorum
1720 842 1874 888 actus
1899 833 2012 889 sive
2046 848 2163 888 ser-

582 934 792 984 mones,
822 921 914 988 qui
954 920 1006 974 in
1028 920 1349 991 pmphetico
1374 922 1647 977 volumine
1672 925 2037 990 continentur,
2069 925 2164 979 ho-

582 1027 651 1065 na
679 1013 1018 1082 sequentium
1054 1022 1203 1082 gesta
1232 1013 1583 1085 praeﬁgurare
1622 1016 1945 1085 potuerunt?
1980 1016 2165 1071 Virtus

583 1117 820 1172 namque
860 1104 1003 1158 sacri
1039 1104 1263 1174 eloquii,
1309 1114 1367 1160 ut
1393 1106 1615 1176 quidam
1649 1109 1749 1174 ait,
1778 1106 2064 1178 aliquando
2090 1109 2170 1164 sic

584 1201 858 1249 transacta
879 1202 1089 1257 narrat,
1116 1205 1177 1249 ut
1202 1204 1427 1251 ventura
1450 1198 1720 1266 exprimat
1750 1217 1763 1251 :
1795 1199 1873 1254 sic
1907 1198 2169 1254 factorem

584 1286 867 1356 approbat,
900 1294 961 1339 ut
1012 1286 1060 1340 ei
1097 1286 1151 1339 in
1185 1287 1450 1356 mysterio.
1482 1290 1817 1344 contradicat
1847 1306 1861 1355 ;
1908 1290 1991 1347 sic
2016 1299 2170 1361 gesta
2200 1298 2203 1299 '

583 1376 846 1442 damnat,
884 1386 945 1430 ut
972 1377 1084 1432 haec
1112 1378 1340 1448 mystice
1377 1380 1613 1450 gerenda
1647 1384 1987 1449 persuadeat.
2034 1379 2169 1437 Item

582 1468 863 1524 videamus
874 1469 1128 1538 opuscula
1152 1470 1640 1540 sanctiAugustiui,
1667 1472 1758 1542 qui
1780 1472 1942 1528 etiam
1962 1482 2168 1546 septem

584 1561 734 1615 viros
754 1560 921 1616 unius
947 1561 1191 1618 mulieris
1222 1563 1338 1619 sine
1378 1562 1503 1619 ﬁliis
1527 1564 1834 1631 defunctos,
1877 1560 2170 1635 de'quibus

586 1652 890 1718 Sadducaai,
922 1655 1380 1710 resurrectionem
1411 1665 1692 1727 negantes,
1730 1658 2017 1713 Dominum
2046 1667 2167 1713 ten-

586 1746 816 1811 tabant,
871 1754 1078 1801 certam
1131 1746 1486 1803 ecclesiastici
1543 1749 1871 1804 sacramenti
1936 1748 2167 1820 ﬁguram

2267 570 2323 618 et
2347 563 2600 631 splendor
2626 566 2866 621 cteléstis
2892 567 3171 636 sapientiae
3194 583 3322 623 cum
3366 567 3576 641 fulgore
3596 573 3854 630 virtutum

2269 657 2338 711 ad
2380 658 2794 714 instructionem
2826 660 2880 714 in
2913 674 2975 714 ea
3014 661 3172 729 digne
3218 662 3635 720 consistentium
3673 668 3851 723 micat.

2268 745 2598 803 Carbasinus
2623 751 2785 804 etiam
2823 749 2969 805 color
2993 752 3227 820 speciem
3258 754 3377 807 auri
3402 753 3485 823 (ut
3508 755 3731 825 quidam
3766 774 3856 814 vo-

2269 835 2407 906 lunt.)
2432 837 2716 906 praetendit
2761 847 2817 893 et
2844 841 3038 894 merito
3081 841 3245 895 nitori
3287 854 3638 912 comparatur
3668 846 3853 902 divin:

2271 926 2566 996 sapientiae,
2597 943 2716 998 quae
2745 929 2800 982 in
2833 930 2980 983 cultu
3008 938 3062 985 et
3089 931 3350 1002 religione
3375 934 3591 1004 pietatis
3618 939 3851 994 maxime

2270 1015 2502 1070 excellit.
2547 1035 2566 1066 «
2596 1017 2662 1070 Et
2707 1019 2821 1073 haec
2870 1020 3100 1074 tentoria
3150 1021 3385 1090 byssinis
3428 1009 3652 1084 funibus
3699 1037 3851 1098 atque

2268 1107 2553 1175 purpureis
2604 1116 2820 1162 extenta
2867 1118 3058 1177 erant,
3102 1121 3158 1167 et
3210 1113 3476 1172 columnis
3538 1121 3853 1176 marmoreis

2270 1196 2648 1253 iniciebantur.
2697 1200 2893 1270 Byssus
2951 1203 3095 1257 enim
3147 1205 3620 1263 mortiﬁcationem
3674 1212 3859 1285 carnis

2271 1288 2556 1359 signiﬁcat,
2601 1306 2839 1360 purpura
2872 1294 3189 1363 sanguinem
3229 1298 3500 1370 martyrii,
3530 1301 3670 1355 ebur
3697 1303 3852 1357 casti-

2274 1387 2437 1434 tatem
2485 1381 2747 1451 corporis,
2794 1392 2849 1437 et
2883 1382 3144 1439 columnae
3192 1401 3511 1444 marmoreae
3548 1389 3851 1449 ﬁrmitatem

2271 1478 2580 1524 sanctorum
2627 1471 2926 1527 doctorum.
2973 1473 3118 1528 Bene
3162 1490 3291 1546 ergo
3323 1477 3524 1533 dicitur
3568 1481 3715 1551 quod
3747 1491 3853 1538 tea.

2273 1561 2414 1617 toria
2461 1562 2660 1618 diversi
2698 1563 2899 1619 coloris
2933 1565 3171 1635 byssinis
3216 1566 3433 1623 funibus
3462 1578 3627 1641 atque
3658 1588 3851 1643 purpu-

2271 1652 2384 1709 reis
2419 1668 2516 1722 per
2555 1654 2790 1711 circulos
2828 1654 3096 1712 eburneos
3133 1658 3186 1711 in
3238 1659 3502 1716 columnis
3538 1667 3853 1721 marmoreis

2274 1757 2535 1813 suspensa
2567 1753 2771 1810 essent,
2817 1746 2945 1815 quia
2986 1747 3150 1802 decor
3189 1758 3390 1805 sanctae
3425 1750 3706 1818 Ecclesiae,
3750 1758 3854 1812 sive

589 1835 800 1890 dixerat
826 1836 1046 1891 habere.
1085 1836 1197 1892 Nec
1223 1853 1331 1893 non
1359 1848 1414 1893 et
1441 1838 1722 1894 mulierem
1744 1848 1801 1894 et
1826 1840 2168 1896 sterilitatem
2188 1826 2244 1886 Β
2271 1831 2344 1885 SN
2386 1831 2439 1887 in
2484 1832 2834 1889 DIEdiiatiOﬂe
2868 1835 3144 1904 sapientiae
3170 1851 3265 1892 seu
3312 1838 3368 1893 in
3403 1838 3653 1908 profectu
3694 1846 3850 1898 virttk

588 1925 706 1994 ejus
749 1934 804 1980 et
833 1934 1083 1990 mortem,
1137 1927 1374 1997 ipsorum
1407 1943 1623 1999 quoque
1669 1930 1912 1985 virorum
1942 1939 2172 1987 mortem

587 2012 792 2084 ﬁguras
817 2028 937 2069 esse
965 2014 1394 2070 memorabilium
1420 2031 1604 2072 rerum
1624 2017 1809 2073 docuit
1833 2059 1849 2084 ,
1887 2033 2011 2074 cum
2034 2019 2176 2077 hanc

587 2103 874 2158 historiam
921 2119 1098 2175 neque
1127 2106 1240 2175 ipse
1271 2106 1552 2173 Dominus,
1594 2123 1771 2178 neque
1816 2110 2177 2181 evangelista-

589 2211 709 2250 rum
743 2196 1028 2266 quisquam
1067 2211 1134 2252 ex
1162 2212 1255 2252 sua
1284 2212 1515 2268 persona
1550 2200 1893 2267 narraverit;
1929 2201 2023 2256 sed
2056 2217 2176 2272 quae

587 2286 741 2355 impii
785 2286 1019 2342 nefando
1071 2303 1167 2367 ore
1220 2298 1408 2344 contra
1460 2289 1750 2346 Dominum
1801 2292 2174 2362 protulerant,

587 2378 932 2449 evangelistae
974 2388 1197 2451 propter
1234 2383 1658 2439 sacratissimum
1699 2384 1915 2443 Domini
1954 2401 2178 2455 respon-

588 2488 707 2528 sum
741 2476 853 2529 suis
887 2476 1081 2531 litteris
1106 2476 1435 2533 indiderunt.
1463 2478 1590 2534 Haec
1614 2494 1742 2550 ergo
1770 2489 1824 2534 et
1856 2481 1942 2536 his
1970 2480 2170 2535 similia

591 2566 764 2620 lector
796 2566 968 2622 ﬁdelis
998 2569 1051 2621 in
1081 2577 1395 2625 sanctorum
1426 2570 1647 2626 Patrum
1679 2572 1841 2628 dictis
1871 2573 2171 2638 inveniens,

592 2670 702 2710 non
728 2656 884 2712 nobis
906 2659 1157 2726 imputet,
1184 2659 1228 2713 si
1253 2661 1322 2714 ad
1350 2675 1538 2715 eorum
1562 2661 1972 2718 similitudinem
1997 2663 2053 2718 in
2077 2679 2176 2719 no-

592 2745 725 2801 stris
756 2746 1031 2814 opusculis
1059 2748 1237 2818 aliqua
1263 2750 1588 2805 inseramus.

667 2852 686 2886 «
720 2832 906 2893 Tertio
928 2837 1091 2908 igitur
1113 2854 1256 2894 anno
1286 2840 1500 2911 imperii
1526 2842 1608 2897 sui
1636 2858 1733 2898 rex
1757 2841 2025 2899 Assuerus
2050 2842 2179 2900 fecit

587 2929 794 2999 grande
818 2931 1123 2987 convivium
1164 2935 1374 2990 cunctis
1400 2934 1733 3006 principibus
1760 2944 1815 2991 et
1846 2920 2034 3006 pueris
2067 2937 2180 2991 suis

549 3018 905 3080 fortissimis
961 3024 1250 3082 Persarum
1296 3037 1352 3083 et
1402 3028 1718 3098 Medorum,
1762 3040 1823 3085 ut
1871 3029 2180 3085 ostenderet

590 3116 809 3172 divitias
840 3117 1023 3189 gloria:
1054 3120 1206 3190 regni
1244 3121 1348 3175 sui.
1380 3140 1399 3174 ι
1444 3120 1577 3176 Cum
1609 3120 1940 3191 Redemptor
1966 3130 2176 3188 noster,

2277 1928 2390 1975 tum
2439 1936 2538 1991 per
2568 1923 2971 1981 continentiam
3018 1933 3178 1996 atque
3211 1929 3516 1985 castitatem
3553 1947 3849 2003 corporum,

2276 2013 2485 2070 scilicet
2506 2030 2629 2071 cum
2670 2017 2914 2088 martyrii
2942 2017 3204 2089 dignitate
3245 2020 3301 2075 in
3339 2021 3654 2080 doctoribus
3694 2030 3850 2082 sancti

2275 2104 2554 2177 Evangelii
2608 2107 2815 2178 fulgere
2855 2109 3048 2174 debet,
3095 2119 3150 2164 et
3183 2120 3293 2166 tam
3337 2113 3393 2167 in
3441 2114 3654 2171 illorum
3704 2121 3852 2174 verbo

2277 2212 2439 2266 quam
2465 2197 2630 2252 etiam
2676 2198 2923 2271 exemplo
2955 2200 3024 2255 ad
3052 2202 3345 2257 multorum
3391 2205 3638 2260 notitiam
3678 2224 3854 2278 perve-

2277 2289 2414 2356 nire,
2443 2299 2502 2344 ut
2539 2291 2607 2347 ab
2650 2290 2736 2346 his
2772 2291 3043 2357 instructi,
3080 2293 3163 2348 his
3210 2294 3418 2350 incitati
3451 2305 3611 2366 atque
3655 2300 3854 2355 confor-

2279 2383 2396 2449 tati,
2424 2383 2493 2436 ad
2521 2382 2700 2437 aulam
2743 2384 2983 2439 caelestis
3015 2386 3225 2455 imperii
3264 2376 3377 2441 rite
3408 2388 3721 2459 pertingere
3745 2407 3855 2460 pos-

2279 2475 2403 2530 sint.
2436 2473 2513 2529 lbi
2544 2489 2757 2544 quoque
2787 2493 2805 2526 (
2836 2474 3017 2530 lectuli
3047 2477 3195 2530 aurei
3233 2485 3391 2546 atque
3426 2481 3668 2550 argentei
3699 2494 3851 2549 super

2277 2564 2650 2634 pavimentum
2704 2565 3046 2637 smaragdino
3094 2572 3149 2620 et
3198 2568 3349 2635 pario
3401 2578 3633 2623 stratum
3687 2570 3849 2636 lapide

2279 2656 2525 2725 dispositi
2559 2664 2745 2722 erant,
2775 2658 2917 2727 quod
2942 2657 3081 2711 mira
3115 2660 3374 2713 varietate
3408 2661 3621 2729 pictura
3649 2662 3854 2717 decora-

2278 2745 2432 2811 bat,»
2482 2746 2608 2817 quia
2646 2746 2922 2801 humilitas
2964 2757 3274 2803 sanctorum
3317 2750 3547 2805 diversis
3588 2753 3858 2822 speciebus

2279 2839 2552 2893 variarum
2594 2838 2851 2893 virtutum
2883 2839 3157 2918 decorata,
3196 2841 3251 2894 in
3293 2841 3646 2897 meditatione
3693 2842 3853 2897 divini

2279 2928 2454 2995 verbi,
2481 2936 2538 2984 et
2579 2928 2636 2983 in
2668 2929 3012 3000 indagatione
3042 2945 3183 2985 vera:
3228 2930 3510 3002 sapientiae
3553 2932 3743 2987 electis
3766 2933 3856 2987 Dei

2280 3022 2517 3090 quietem
2557 3021 2783 3075 internae
2810 3029 3076 3091 praeparat
3103 3021 3591 3091 contemplationis.
3618 3022 3721 3078 Ubi
3744 3038 3862 3078 sua.

2281 3112 2422 3166 vitas
2469 3110 2760 3181 agnitionis
2801 3120 2857 3165 et
2892 3110 3200 3166 dilectionis
3231 3112 3325 3166 Det
3369 3114 3457 3182 pie
3498 3114 3857 3182 quaerentibus

587 3222 750 3277 quem
776 3185 1045 3266 As'suerus
1069 3185 1141 3266 (ξι⁷
1158 3214 1375 3269 nomine
1409 3214 1665 3282 exprimi;
1688 3224 1745 3272 ει
1783 3185 2059 3289 dignitate,
2094 3185 2178 3274 ίηζ
2204 3185 2249 3255 .C
2282 3201 2422 3257 done
2468 3201 2705 3272 Spiritus
2748 3202 2922 3257 sancti
2962 3202 3264 3273 largissime
3292 3203 3613 3258 infunditur.
3651 3203 3727 3259 De
3757 3219 3856 3273 quo

590 3306 924 3367 tcrpretatnr
949 3300 1092 3355 enim
1123 3303 1313 3357 ostium
1344 3304 1459 3359 sive
1483 3306 1679 3361 atrium
1707 3323 1898 3370 meum,
1930 3324 2054 3364 cum
2076 3310 2178 3364 Pa-

594 3397 677 3443 tre
717 3397 773 3444 ct
820 3389 1025 3461 Spiritu
1069 3403 1260 3450 sancto
1295 3396 1687 3466 sempiternum
1724 3400 1961 3457 hominis
2004 3403 2177 3472 impe-

594 3480 758 3547 rium,
788 3481 947 3536 tertio
975 3491 1219 3554 tempore
1249 3485 1402 3541 istius
1427 3488 1607 3543 saeculi
1652 3490 2041 3547 incarnationis
2068 3507 2183 3549 suae

593 3573 833 3629 humano
859 3574 1043 3645 generi
1058 3574 1321 3644 patefecit
1344 3588 1765 3646 sacramentum,
1794 3590 1849 3637 et
1873 3583 2028 3638 nobis
2056 3584 2183 3639 vitae

592 3665 808 3736 aperuit
841 3666 1069 3733 aditum,
1098 3667 1509 3740 spfiitualesque
1553 3671 1740 3741 epulas
1782 3672 2027 3730 ﬁdelibus
2069 3676 2182 3732 suis

591 3755 1058 3813 abundantissime
1102 3757 1446 3814 ministravit.
1506 3760 1749 3816 Primum
1793 3777 1923 3833 ergo
1971 3771 2182 3834 tempus

594 3854 720 3900 ante
761 3846 933 3917 legem
976 3847 1112 3915 fuit,
1156 3849 1449 3905 secundum
1486 3852 1591 3906 sub
1631 3851 1768 3922 lege,
1820 3853 2037 3907 tertium
2080 3856 2181 3911 sub

592 3936 791 4007 gratia,
829 3936 884 3990 in
913 3953 1021 4008 quo
1062 3938 1314 3994 videlicet
1341 3940 1706 4011 evangelicam
1747 3941 2181 4012 prtedicationem

597 4040 661 4081 ac
688 4028 932 4096 corporis
965 4037 1022 4084 et
1061 4030 1338 4099 sanguinis
1365 4031 1449 4085 sui
1479 4031 1747 4088 universis
1781 4034 2029 4104 gentibus
2053 4051 2186 4106 opu-

594 4112 950 4172 lentissimam
979 4121 1192 4189 paravit
1219 4120 1586 4177 refectionem.
1620 4121 1789 4194 Hujus
1818 4125 2023 4181 scilicet
2050 4140 2181 4183 con-

594 4205 725 4261 vivii
775 4206 1151 4264 excellentiam
1194 4210 1250 4264 in
1296 4211 1552 4280 parabola
1598 4211 1873 4284 Evangelii
1913 4214 2027 4283 ipse
2068 4214 2180 4272 Do-

596 4298 798 4365 minus,
822 4299 915 4355 ubi
938 4300 1005 4355 de
1042 4315 1169 4372 rege
1209 4302 1302 4372 qui
1330 4303 1546 4373 nuptias
1573 4302 1682 4358 ﬁlio
1720 4320 1820 4360 suo
1856 4304 2091 4371 fecit,.et
2116 4309 2182 4364 de

595 4401 755 4443 coma
782 4403 975 4460 magna
1004 4404 1100 4461 per
1137 4391 1410 4446 hominem
1440 4392 1581 4446 facta
1614 4392 1900 4460 referebat,
1934 4394 2183 4465 spiritua-

596 4480 721 4536 liter
760 4481 1019 4551 mysterio
1060 4482 1217 4536 nobis
1261 4483 1697 4538 commendabat.
1734 4501 1751 4533 «
1785 4482 2004 4554 Septem
2048 4500 2180 4555 ergo

597 4573 785 4628 diebus
811 4588 906 4627 rex
933 4587 1160 4643 magnus
1183 4575 1489 4629 convivium
1534 4575 1726 4629 instrui
1752 4572 1903 4641 fecit,
1933 4576 1987 4630 in
2015 4577 2179 4635 vesti-

595 4662 724 4718 bulo
770 4662 912 4717 horti
955 4675 1010 4717 et
1052 4664 1308 4728 nemoris,
1350 4664 1495 4733 quod
1542 4664 1690 4734 regio
1740 4665 1886 4720 cultu
1917 4674 1972 4721 et
2014 4682 2181 4722 manu

598 4753 955 4823 compositum
980 4762 1118 4821 erat,
1141 4774 1160 4808 ι
1188 4769 1313 4810 eum
1340 4753 1670 4824 Redemptor
1696 4763 1881 4811 noster
1909 4765 2022 4813 toto
2047 4768 2183 4815 tem-

597 4859 728 4915 pore
761 4845 916 4900 istius
938 4846 1083 4911 vitae,
1109 4845 1252 4917 quod
1286 4861 1383 4916 per
1412 4861 1698 4902 numerum
1728 4847 1983 4903 discurrit
2008 4858 2184 4918 septe-

599 4933 838 4997 narium,
880 4934 933 4989 in
981 4936 1233 5005 praesenti
1277 4935 1535 5003 Ecclesia,
1582 4936 1636 4990 in
1681 4951 1783 5006 qua
1816 4937 2183 5009 unusquisque

599 5023 839 5078 ﬁdelium
866 5025 1214 5094 semetipsum
1239 5034 1391 5081 recta
1421 5026 1525 5082 ﬁde
1564 5036 1618 5081 et
1644 5028 1801 5082 bonis
1829 5029 2085 5098 operibus
2110 5029 2178 5085 ad

602 5111 879 5166 introitum
924 5114 1160 5183 paradisi
1194 5123 1251 5169 et
1285 5115 1435 5184 regni
1469 5124 1736 5185 praeparat
1774 5111 2038 5183 ccclestis,
2077 5132 2178 5187 pa-

598 5200 728 5257 bulo
756 5201 923 5257 divini
961 5203 1111 5259 verbi
1152 5212 1209 5260 et
1251 5204 1480 5275 dapibus
1517 5205 1776 5262 virtutum
1809 5207 2009 5263 electos
2052 5222 2180 5265 suos

599 5292 798 5359 satiat;
824 5301 1088 5365 quatenus
1109 5296 1314 5352 deliciis
1343 5305 1395 5352 et
1417 5298 1743 5369 iucunditati
1779 5300 1998 5370 superni
2028 5301 2180 5373 regni

597 5398 697 5456 per
719 5385 899 5440 omnia
933 5386 1139 5443 habiles
1162 5387 1317 5455 ﬁant,
1344 5388 1432 5443 ubi
1463 5388 1688 5444 arbores
1725 5389 2015 5446 fructiferae
2054 5406 2182 5446 con-

598 5479 718 5533 sitae
757 5485 905 5544 sunt,
933 5477 1036 5534 hoc
1061 5488 1163 5545 est,
1207 5482 1379 5536 sancti
1410 5480 1509 5535 viri
1536 5489 1591 5535 et
1617 5480 1772 5536 bonis
1801 5481 2011 5536 meritis
2041 5496 2180 5551 prte-

599 5566 756 5631 clari,
784 5566 927 5624 dono
970 5566 1241 5640 largiente
1273 5570 1475 5635 divino,
1507 5579 1709 5625 sanctae
1751 5571 2179 5627 Conversationis

598 5664 657 5711 et
694 5668 858 5714 rectae
903 5658 1161 5717 doctrinae
1205 5660 1494 5714 ostendunt
1534 5659 1801 5715 decorem.
1834 5660 1911 5715 lbi
1945 5661 2182 5731 pendent

606 5762 630 5793 ε
663 5762 728 5802 ex
766 5750 912 5806 enini
944 5760 1097 5818 parte
1129 5752 1358 5809 tentoria
1402 5752 1545 5807 aerei
1584 5751 1778 5807 coloris
1817 5760 1869 5807 et
1909 5753 2176 5811 carbasini

2285 3294 2482 3350 lectulo
2507 3309 2702 3365 sponsa
2731 3294 2786 3348 in
2802 3293 3026 3350 Cantico
3050 3295 3379 3350 canticorum
3394 3294 3552 3350 dicit:
3578 3313 3597 3345 ι
3619 3294 3858 3350 Lectulus

2283 3392 2468 3440 noster
2502 3383 2724 3439 ﬂoridus
2762 3382 2937 3454 (Cant.
2966 3385 3027 3458 ι),
3051 3405 3071 3437 ι
3102 3385 3228 3454 quia
3253 3387 3506 3442 nimirum
3549 3388 3723 3440 sancti
3748 3385 3858 3456 qni-

2283 3490 2389 3546 que
2413 3490 2539 3530 cum
2573 3475 2961 3545 tranquillitate
2990 3484 3292 3545 temporum
3340 3484 3591 3541 utuntur,
3614 3488 3672 3532 et
3710 3493 3741 3532 a
3771 3478 3857 3532 tri-

2234 3606 2241 3609 .
2283 3564 2616 3620 bulationum
2647 3566 2975 3636 temporibus
3005 3575 3238 3633 cessant,
3273 3578 3403 3623 tunc
3429 3570 3671 3624 maxime
3690 3569 3854 3625 lectio-

2281 3654 2444 3710 nibus
2469 3655 2661 3721 sacris,
2695 3653 2935 3724 jejuniis,
2966 3658 3304 3714 orationibus
3335 3660 3655 3730 ueterisque
3681 3660 3855 3716 fructio

2282 3751 2383 3806 bus
2402 3751 2625 3821 spiritus
2644 3759 2860 3816 vacant,
2881 3753 3010 3806 etin
3034 3768 3392 3823 supernorum
3415 3755 3851 3825 contemplatione

2286 3848 2412 3894 tunc
2457 3856 2577 3896 sese
2616 3840 2781 3895 altius
2823 3841 3095 3908 attollunt,
3145 3844 3214 3898 ad
3247 3842 3633 3912 speculandum
3678 3846 3847 3914 utique

2283 3931 2507 4002 gloriam
2538 3930 2838 4000 maiestatis
2868 3933 3080 3998 divinae,
3129 3948 3253 3987 cum
3296 3948 3551 3989 serenum
3594 3936 3664 3989 ab
3710 3947 3847 3989 exte-

2284 4022 2516 4078 rioribus
2556 4022 2996 4093 occupationibus
3048 4031 3257 4091 tempus
3304 4023 3596 4093 accipiunt.
3647 4024 3850 4080 Smara~

2281 4115 2416 4185 gdus
2449 4114 2595 4170 enim
2621 4129 2827 4185 gemma
2855 4123 2937 4169 est
2966 4130 2994 4168 a
3025 4115 3190 4168 nimia
3220 4114 3494 4170 viriditate
3524 4127 3735 4180 vocata,
3762 4114 3854 4171 Pa-

2282 4206 2501 4277 riusquc
2548 4218 2715 4275 genus
2756 4215 2839 4260 est
2883 4205 3172 4260 marmoris
3214 4205 3608 4261 candidissimi.
3638 4207 3704 4268 Et
3740 4217 3850 4276 apte

2282 4296 2480 4352 dicitur
2521 4296 2604 4351 his
2631 4296 2840 4351 duobus
2885 4296 3148 4366 lapidibus
3200 4297 3571 4367 pavimentum
3618 4314 3738 4354 esse
3766 4300 3850 4353 de.

2281 4389 2506 4460 pictum,
2533 4388 2621 4443 ubi
2654 4388 2777 4443 lecti
2808 4389 3028 4443 fuerunt
3053 4388 3235 4457 positi,
3264 4389 3390 4459 quia
3424 4403 3522 4459 per
3552 4391 3847 4449 candorem.

2281 4480 2384 4534 hoc
2408 4486 2523 4544 est,
2553 4479 2859 4534 castitatem
2898 4479 3164 4548 corporis,
3194 4484 3245 4533 et
3292 4493 3390 4547 per
3433 4479 3668 4534 virorem
3713 4480 3853 4534 bona

2285 4568 2479 4622 mentis
2503 4568 2559 4621 in
2585 4568 2756 4638 gratia
2796 4567 2891 4622 Dei
2932 4582 3145 4637 semper
3173 4567 3396 4622 virentis
3424 4568 3563 4623 bene
3596 4568 3853 4624 construi-

2285 4666 2373 4713 tur
2400 4657 2809 4714 fundamentum
2839 4658 3187 4725 humilitatis,
3217 4659 3305 4715 uhi
3336 4660 3621 4730 condignis
3650 4659 3850 4729 quiim-

2284 4762 2389 4817 que
2438 4749 2719 4819 praemium
2770 4758 3107 4820 praeparatur
3164 4758 3387 4806 aeternae
3443 4752 3668 4821 quietis.
3719 4749 3849 4807 [inde

2282 4838 2543 4908 scriptum
2571 4846 2680 4894 est:
2711 4839 2891 4894 «Beati
2913 4855 3176 4912 pauperes
3199 4842 3414 4912 spiritu,
3437 4843 3697 4913 quoniam
3723 4842 3847 4911 ipso-

2283 4944 2402 4985 rum
2428 4940 2747 5002 estregnum
2761 4931 3024 4988 caelorum
3041 4933 3257 5005 (Matth.
3273 4936 3347 5007 v).
3361 4956 3381 4989 δ
3400 4936 3489 5002 Et,
3510 4936 3643 5005 «Qui
3660 4937 3847 4993 sebene

2285 5020 2664 5085 humiliaverit,
2690 5024 2792 5077 rite
2819 5024 3147 5081 exaltabitur
3163 5026 3374 5099 (Matth.
3394 5030 3608 5101 uno.»
3629 5028 3847 5084 Hincea-

2285 5110 2407 5165 dem
2452 5111 2666 5183 Veritas
2712 5112 2840 5169 alibi
2884 5116 2940 5171 in
2990 5116 3278 5187 Evangelia
3319 5118 3389 5172 ad
3426 5120 3717 5191 discipulos
3741 5120 3841 5172 ait:

2292 5200 2520 5257 «Discite
2543 5218 2574 5256 a
2601 5214 2686 5258 me
2709 5205 2834 5275 quia
2856 5206 3003 5262 mitis
3028 5206 3168 5273 sum,
3193 5216 3246 5263 et
3267 5207 3487 5281 Immitis
3503 5210 3758 5275 corde,et
3775 5209 3846 5262 in-

2288 5292 2507 5347 venietis
2533 5294 2774 5364 requiem
2790 5296 3071 5353 animabus
3087 5299 3298 5365 vestris,
3317 5298 3504 5369 jugum
3520 5300 3664 5355 enim
3687 5311 3847 5354 meum

2285 5400 2450 5441 suave
2478 5394 2579 5452 est,
2607 5395 2664 5442 et
2692 5402 2828 5443 onus
2868 5403 3046 5446 meum
3089 5390 3203 5445 leve
3230 5388 3444 5461 (Matth.
3473 5392 3574 5463 ιι).
3600 5412 3619 5444 ι
3658 5411 3677 5442 ι
3705 5389 3845 5445 Bibe-

2284 5477 2415 5531 l:ant
2444 5485 2643 5542 autem,
2674 5479 2767 5547 qui
2802 5478 3011 5535 invitati
3042 5488 3196 5534 erant
3222 5479 3291 5535 ad
3331 5478 3510 5551 regale
3535 5478 3845 5535 convivium.

2284 5568 2464 5625 aureis
2492 5570 2716 5639 poculis.
2748 5590 2766 5623 ι
2800 5570 2995 5626 Aureis
3039 5570 3246 5641 poculis
3276 5571 3499 5635 bibunt,
3531 5570 3623 5640 qui
3661 5568 3711 5623 in
3736 5579 3849 5636 pre-

2284 5661 2591 5717 tiosissimis
2636 5662 2810 5718 sancti
2856 5662 3131 5734 Evangelii
3175 5662 3335 5718 dictis
3362 5662 3681 5732 sapientiam
3722 5655 3845 5712 divi-

2284 5764 2408 5808 nam
2438 5752 2725 5821 hauriunt;
2755 5753 2951 5824 hisque
2974 5752 3078 5808 cibi
3109 5752 3336 5810 diversis
3363 5752 3508 5808 vasis
3534 5749 3823 5807 inferuntur
