3960 6178
120 312 178 365 ﬁl
191 313 208 364 l

1200 298 1668 357 EXPOSITIO'IN
1707 299 1968 356 LIBRUM
2009 300 2300 356 ESTl—lER.

3301 312 3404 366 64⁸2

115 425 200 488 qni
255 425 312 476 in
364 417 708 476 lectionibus
733 415 865 486 legis
913 423 967 470 et
1011 413 1393 484 preplietarum
1443 412 1707 483 apostolo-
1738 419 1789 474 Α
1817 414 2066 470 cunditas
2097 415 2310 481 carnis;
2360 415 2438 469 sic
2482 415 2821 484 prcedicanda
2869 425 2992 470 sunt
3040 417 3201 484 bona,
3231 435 3298 473 ne
3335 437 3405 477 ex

115 530 352 583 rumque
397 521 453 567 et
497 509 958 580 Evangelistarnm
993 505 1314 574 multiplices
1356 505 1520 575 dapes
1552 504 1712 574 spiri-

115 607 279 662 tualis
318 604 582 660 doctrinm
617 601 862 669 accipere
913 607 1129 661 norunt,
1161 598 1356 666 quibus
1393 597 1712 666 saginantur

114 701 315 754 anima:
347 711 469 767 qua:
513 694 580 747 ad
612 676 778 746 vitam
827 689 1141 743 nutriuntur
1192 696 1473 741 aeternam.
1512 685 1710 739 Vinum

113 805 334 860 quoque
361 798 420 842 ut
445 783 843 856 magniﬁcentia
869 781 1015 851 regia
1045 781 1266 851 dignum
1296 787 1396 844 est,
1429 779 1710 834 abundans

113 895 164 938 et
208 883 548 954 praecipuum
599 877 1008 934 convivantibus
1048 875 1283 946 ponitur,
1333 890 1456 929 cum
1504 875 1706 929 donum

112 975 358 1033 caelestis
378 973 566 1046 gratia:
587 969 811 1041 singulis
826 967 1128 1038 quibusque
1151 965 1394 1020 ﬁdelibus
1411 965 1707 1019 secundum

113 1062 574 1134 dispensationem
603 1057 797 1114 divina:
836 1055 1138 1110 clementia:
1163 1063 1218 1108 et
1254 1054 1425 1108 sancti
1473 1053 1708 1123 Spiritus

115 1153 556 1209 distributionem
598 1146 902 1218 largissime
928 1143 1278 1214 impenditur,
1309 1144 1524 1212 quando
1553 1144 1706 1212 juxta

115 1246 262 1301 Pauli
293 1243 622 1300 sententiam
649 1259 661 1292 :
706 1258 724 1290 ι
753 1238 1005 1294 Charitas
1033 1236 1126 1291 Dei
1157 1235 1346 1291 dill'usa
1378 1245 1460 1291 est
1498 1238 1550 1290 in
1581 1252 1706 1291 cor-

116 1339 271 1392 dibus
309 1335 514 1390 nostris
540 1347 638 1403 per
677 1340 924 1386 sanctum
963 1328 1246 1398 Spiritum,
1289 1327 1382 1398 qui
1431 1329 1588 1383 datus
1622 1335 1706 1382 est

117 1431 271 1485 nobis
301 1428 482 1498 (Rom.
505 1426 581 1496 v),
607 1446 624 1477 ι
655 1435 740 1488 et,
774 1443 791 1474 ε
823 1422 1124 1491 Unicuique
1154 1422 1312 1474 datur
1339 1419 1706 1475 manifestatio

117 1522 354 1591 Spiritus
375 1516 441 1571 ad
465 1516 771 1570 utilitatem.
788 1513 892 1568 Alii
914 1512 1130 1581 quidem
1154 1526 1250 1580 per
1270 1508 1528 1581 Spiritum
1543 1510 1704 1564 datur

115 1627 296 1665 sermo
342 1606 650 1680 sapientiae;
680 1605 769 1658 alii
807 1612 986 1658 autem
1017 1616 1195 1656 sermo
1224 1600 1482 1666 scientite,
1516 1616 1704 1656 secun-

116 1704 234 1756 dum
269 1701 524 1756 eumdem
569 1696 869 1766 Spiritum:
910 1693 1064 1748 alteri
1105 1691 1238 1748 ﬁdes
1265 1691 1318 1746 in
1363 1691 1552 1746 eodem
1583 1689 1702 1761 Spi-

1815 505 1984 561 latere
2021 505 2315 574 iubeantur
2357 515 2412 559 et
2449 505 2619 572 mala;
2666 506 2744 561 sic
2793 507 3060 563 laudanda
3107 520 3232 565 sunt
3264 511 3404 567 bona

1814 613 2048 662 summa,
2078 613 2145 651 ne
2187 599 2556 668 despiciantur
2587 599 2774 652 ultima
2795 642 2808 666 ,
2851 600 2927 654 sic
2959 602 3242 656 nutrienda
3279 611 3408 660 sunt

1813 689 2020 756 ultima,
2053 707 2120 744 ne
2143 691 2269 744 dum
2301 690 2595 744 creduntur
2616 689 2884 754 sufficere,
2919 707 3261 761 nequaquam
3292 703 3406 748 ten-

1813 781 1974 836 datur
1999 781 2065 835 ad
2095 798 2326 837 summa.
2357 781 2556 835 Servus
2577 796 2704 852 ergo
2735 781 2904 836 ﬁdelis
2926 792 2978 836 et
3008 785 3261 853 prudens,
3286 786 3404 854 qui,

1812 874 2136 927 constitutus
2164 889 2193 926 a
2229 873 2448 926 domino
2491 871 2853 941 dispensator,
2889 874 3169 928 conservis
3197 875 3310 930 suis
3345 875 3402 929 in

1812 971 2052 1032 tempore
2072 963 2238 1016 tritici
2266 963 2357 1015 dat
2385 977 2712 1026 mensuram,
2733 977 2864 1017 voce
2899 963 3178 1018 Dominica
3208 963 3398 1019 lauda-

1813 1066 1919 1120 tur,
1948 1065 2003 1110 et
2029 1071 2190 1124 super
2229 1056 2408 1109 omnia
2439 1056 2579 1109 bona
2608 1071 2703 1109 sua
2733 1055 3141 1110 constituendus
3178 1058 3400 1126 promit-

1809 1148 1960 1201 titur.
1992 1147 2144 1202 Unde
2181 1163 2400 1202 necesse
2441 1156 2522 1202 est
2569 1156 2628 1200 ut
2674 1148 2765 1216 qui
2805 1147 2952 1201 verbi
3000 1149 3191 1218 pocula
3234 1150 3398 1203 mini-

1808 1249 1963 1305 strat,
2001 1240 2346 1295 discretionis
2391 1255 2636 1293 normam
2669 1247 2868 1305 teneat,
2909 1249 3172 1309 quatenus
3202 1240 3265 1294 de
3299 1240 3398 1293 mi-

1807 1332 2032 1386 nisterio
2059 1347 2156 1386 suo
2185 1331 2356 1400 magis
2387 1331 2595 1385 laudent
2638 1339 2692 1385 et
2730 1332 3010 1402 praemium
3043 1348 3205 1402 quam
3248 1334 3399 1388 dam»

1807 1439 1934 1504 num
1962 1431 2018 1477 ει
2048 1432 2312 1477 tormenta
2340 1432 2722 1490 consequatur.

2429 1514 2759 1592 CAPUTIL

1805 1627 1882 1682 De
1922 1626 2100 1682 Vasthi
2127 1629 2306 1697 regina
2331 1643 2470 1696 qum,
2494 1636 2673 1697 vocata
2698 1625 2765 1678 ad
2793 1641 2980 1697 regem,
3009 1627 3178 1680 venire
3202 1626 3392 1694 noluit,

1875 1699 1936 1752 ob
1959 1699 2094 1769 quod
2125 1716 2155 1750 a
2183 1696 2433 1767 dignitate
2460 1696 2617 1766 regali
2642 1696 2877 1766 deposita
2901 1704 2949 1748 et
2975 1713 3006 1748 a
3031 1698 3220 1750 marito
3245 1715 3392 1767 repu-

115 1795 252 1857 ritu;
289 1792 382 1845 alii
417 1788 590 1860 gratia
608 1763 922 1841 sanitatum
949 1785 1003 1840 in
1041 1798 1149 1838 uno
1177 1782 1381 1852 Spiritu
1410 1800 1421 1835 :
1455 1781 1543 1836 alii
1574 1798 1697 1852 ope-
1729 1763 1778 1821 Β
1878 1763 2025 1822 dial“
2049 1777 2146 1822 εδει

115 1883 246 1936 ratio
269 1881 558 1942 virtutum,
579 1876 666 1930 alii
693 1875 994 1946 prophetia,
1013 1873 1104 1927 alii
1127 1872 1377 1928 discretio
1394 1872 1698 1940 spirituum,

117 1971 200 2024 alii
231 1984 437 2040 genera
483 1967 809 2037 linguarum,
839 1965 928 2018 alii
973 1964 1350 2034 interpretatio
1393 1978 1699 2018 sermonum

117 2061 163 2130 (1
192 2061 323 2115 Cor.
349 2060 469 2130 xu).
496 2079 513 2111 ι
561 2058 715 2125 Quod
745 2066 922 2111 autem
960 2056 1252 2111 novissime
1295 2062 1550 2108 narratur
1593 2070 1699 2108 non

117 2167 230 2208 esse
280 2165 609 2222 quemquam
638 2149 730 2218 qui
764 2149 1007 2203 nolentes
1046 2156 1261 2218 cogeret
1287 2147 1353 2200 ad
1390 2147 1696 2212 bibendum,

117 2245 206 2300 sed
239 2245 385 2299 sicut
419 2257 511 2296 rex
542 2248 827 2306 statuerat,
858 2253 1178 2310 praeponens
1219 2238 1420 2292 mensis
1464 2237 1701 2308 singulos

118 2337 181 2389 de
223 2335 566 2407 principibus
605 2333 736 2398 suis,
767 2341 826 2386 ut
875 2340 1112 2386 sumeret
1148 2332 1516 2400 unusquisque
1559 2332 1701 2400 quod

117 2427 302 2491 vellet;
329 2424 599 2495 signiﬁcat
623 2423 811 2494 gratiae
839 2422 1163 2485 libertatem,
1193 2421 1279 2474 ubi
1309 2436 1465 2475 nemo
1489 2421 1553 2474 ad
1579 2434 1698 2488 per-

117 2519 422 2588 cipiendum
448 2518 646 2572 donum
683 2515 960 2585 spiritu-ale
995 2515 1206 2585 cogitur
1233 2515 1454 2575 invitus.
1484 2515 1575 2567 sed
1606 2529 1700 2568 vo-

117 2607 289 2662 luntas
337 2615 585 2676 prompta
640 2605 974 2674 singulorum
1032 2605 1313 2674 quaeritur,
1360 2602 1514 2670 juxta
1567 2604 1697 2657 illud

116 2697 455 2752 Dominicum
501 2695 900 2760 testimonium,
955 2709 1062 2764 quo
1111 2695 1287 2749 dicit:
1327 2713 1344 2744 σ
1376 2693 1473 2760 Qui
1521 2702 1701 2764 potest

114 2803 306 2859 capere
333 2785 515 2857 capiat
560 2785 772 2858 (Matth.
803 2789 936 2856 XIX).
962 2805 980 2838 ι
1019 2786 1084 2840 Et
1130 2786 1298 2840 item:
1343 2805 1360 2835 ‹
1397 2786 1453 2840 Si
1491 2788 1572 2840 vis
1626 2787 1697 2840 ad

116 2881 277 2933 vitam
315 2878 546 2949 ingredi,
578 2891 735 2931 serva
778 2877 1026 2930 mandata
1058 2875 1266 2947 (Ibid.).
1301 2895 1318 2926 ι
1360 2875 1425 2929 Ει
1456 2876 1652 2930 iterum
1680 2893 1694 2930 :

123 2988 140 3018 ι
169 2968 224 3023 Si
254 2970 358 3033 vis,
387 2969 484 3032 ait,
523 2965 793 3037 perfectus
815 2981 955 3030 esse,
990 2967 1143 3030 vade,
1171 2966 1342 3020 venzle
1371 2966 1552 3020 omnia
1578 2982 1698 3035 quae

120 3062 283 3115 habes
311 3070 360 3114 et
409 3060 474 3113 da
527 3059 871 3129 pauperibus,
911 3067 965 3112 et
1011 3057 1234 3112 habebis
1279 3058 1593 3113 thesaurum
1639 3060 1692 3112 in

118 3156 269 3220 cmlo,
313 3163 368 3207 et
400 3155 544 3217 veni,
573 3167 800 3222 sequere
849 3168 936 3206 me
967 3151 1174 3223 (lbid.).
1200 3173 1216 3202 ι
1255 3151 1525 3221 Ρωιροηίι
1553 3152 1695 3205 enim

120 3261 206 3298 rex
244 3255 431 3298 noster
458 3245 510 3297 in
539 3252 738 3297 sancta:
766 3242 1020 3296 Ecclesiae
1051 3241 1247 3296 celebri
1295 3257 1356 3294 ac
1385 3257 1542 3296 sacro
1571 3258 1698 3296 con-

119 3338 256 3392 vivio
283 3337 535 3390 doctores
576 3350 703 3388 suos
745 3348 908 3403 super
938 3348 1178 3388 mensam
1219 3348 1498 3387 sacrarum
1549 3334 1698 3388 Scri-

117 3437 418 3497 pturarum,
461 3434 520 3481 ut
551 3425 840 3496 unicuique
879 3424 1115 3479 ﬁdelium
1161 3407 1478 3493 dispensent
1506 3425 1698 3497 dogma

118 3533 434 3589 congruum,
461 3525 517 3571 et
555 3516 973 3586 uniuscujusque
1011 3517 1326 3587 qualitatem
1364 3514 1700 3570 conforment

116 3612 264 3664 verbi
295 3609 686 3680 prmdicationi,
719 3617 777 3661 ut
804 3608 926 3661 inde
954 3619 1132 3662 sumat
1159 3607 1528 3676 unusquisque
1555 3606 1699 3675 quod

119 3702 219 3756 sibi
245 3700 501 3772 possibile
531 3709 586 3755 et
615 3699 744 3754 utile
770 3715 889 3754 esse
917 3699 1267 3771 perspexerit.
1303 3699 1474 3754 Tanta
1501 3698 1698 3768 quippe

116 3803 234 3847 arte
275 3807 378 3846 vox
426 3792 664 3847 doctoris
701 3791 1042 3861 temperanda
1092 3799 1197 3855 est,
1228 3800 1288 3844 ut
1333 3807 1454 3844 cum
1485 3789 1699 3845 diversa

116 3886 226 3938 sint
252 3885 558 3939 auditorum
589 3873 738 3946 vitia,
764 3892 820 3937 et
849 3884 1072 3954 singulis
1099 3883 1405 3938 inveniatur
1433 3896 1696 3952 congrua,

115 3986 169 4028 ct
199 3985 376 4030 tamen
415 3975 733 4044 sibimetipsi
762 3991 866 4030 non
914 3975 982 4029 sit
1019 3976 1265 4039 diversa;
1307 3982 1364 4027 ut
1409 3975 1550 4028 inter
1577 3988 1701 4044 pas-

115 4069 294 4123 siones
323 4068 532 4122 medias
562 4083 669 4123 uno
696 4067 910 4137 quidem
943 4067 1104 4122 ductu
1140 4075 1395 4130 transeat,
1425 4067 1518 4121 sed
1550 4082 1699 4122 more

115 4161 365 4230 ancipitis
397 4161 556 4230 gladii
605 4170 840 4214 tumores
877 4160 1259 4228 cogitationum
1304 4159 1599 4213 carnalium
1631 4174 1696 4213 ex

117 4255 332 4309 diverso
365 4254 598 4317 incidat,
648 4263 912 4324 quatenus
960 4256 1039 4310 sic
1086 4255 1333 4324 superbis
1377 4256 1702 4325 prtedicetur

117 4345 417 4408 humilitas,
463 4353 523 4398 ut
571 4354 749 4398 tamen
789 4345 988 4399 timidis
1033 4360 1135 4398 non
1182 4356 1440 4416 augeatur
1489 4355 1696 4410 metus;

1883 1896 1902 1930 σ
1933 1876 2120 1934 Vasthi
2164 1891 2378 1946 quoque
2428 1877 2609 1947 regina
2643 1875 2768 1931 fecit
2815 1878 3118 1932 convivium
3168 1878 3395 1933 femina-

1810 1987 1829 2020 ‹
1875 1984 1993 2022 rum
2024 1969 2077 2022 in
2121 1967 2344 2038 palatio,
2373 1969 2462 2022 ubi
2494 1984 2588 2022 rex
2622 1969 2889 2024 Assuerus
2916 1986 3139 2025 manere
3169 1985 3391 2028 consue-

1810 2082 1830 2114 ‹
1877 2071 2044 2117 verat.
2074 2083 2090 2114 ι
2142 2063 2280 2130 Quid
2311 2078 2408 2132 per
2437 2061 2625 2118 Vasthi
2673 2065 2915 2134 reginam
2962 2066 3064 2120 nisi
3115 2067 3267 2135 plebs
3296 2067 3390 2122 Ju-

1803 2155 1956 2209 daica
1999 2155 2338 2224 exprimitur,
2372 2171 2490 2224 quae
2521 2156 2676 2225 quasi
2728 2155 2911 2225 regina
2950 2173 3206 2227 regnasse
3235 2159 3388 2213 vide-

1802 2242 1981 2307 batur,
2011 2259 2133 2298 cnm
2167 2246 2218 2298 in
2245 2245 2393 2299 cultu
2419 2246 2580 2298 unius
2621 2245 2713 2298 Dei
2745 2246 2956 2300 cmteris
2982 2247 3232 2316 gentibus
3254 2264 3388 2317 prte-

1801 2333 2042 2388 etninere
2085 2333 2471 2388 inveniebatur.
2521 2333 2644 2387 Haec
2672 2349 2799 2404 ergo
2826 2335 3130 2388 convivium
3161 2335 3387 2390 femina-

1801 2442 1942 2492 rum,
1974 2426 2062 2480 ubi
2095 2441 2186 2480 rex
2225 2441 2443 2480 manere
2474 2433 2844 2488 consueverat,
2876 2425 3020 2490 fecit,
3056 2427 3158 2480 hoc
3187 2436 3287 2489 est,
3331 2429 3384 2483 in

1803 2518 1916 2588 ipsa
1954 2517 2282 2581 Jerusalem,
2328 2519 2418 2573 ubi
2471 2518 2725 2586 templum
2773 2519 2866 2573 Dei
2914 2527 2968 2572 et
3009 2517 3206 2573 Sancta
3255 2536 3387 2574 san-

1801 2617 2011 2663 ctorum
2080 2610 2328 2673 fuerant,
2389 2608 2532 2663 cultu
2589 2608 2987 2664 observantiam
3046 2609 3178 2680 legis
3229 2611 3383 2664 exhi-

1799 2700 1934 2765 buit,
1961 2701 2047 2755 vel
2081 2703 2133 2755 in
2177 2700 2580 2771 Scripturarum
2618 2717 2898 2755 sacrarum
2929 2702 3297 2767 meditatione,
3331 2703 3382 2757 in

1799 2806 1904 2862 qua
1948 2793 2202 2847 divinitus
2236 2792 2487 2863 potentia:
2533 2807 2643 2846 sua:
2692 2792 2937 2846 notitiam
2991 2794 3233 2848 tribuens
3275 2794 3388 2847 suis

1799 2885 2082 2940 animabus
2141 2883 2487 2939 refectionem
2541 2884 2782 2939 scientiae
2831 2884 3126 2954 spiritualis
3173 2885 3384 2953 impen-

1801 2977 1897 3032 dit.

1877 3087 1894 3120 ‹
1931 3069 2114 3139 Itaque
2161 3068 2248 3123 die
2293 3069 2544 3138 septimo,
2590 3083 2711 3121 cum
2751 3080 2845 3120 rex
2887 3073 3032 3120 esset
3059 3063 3302 3129 hilarior,
3331 3072 3384 3118 et

1807 3178 1825 3210 ι
1870 3168 1992 3230 post
2038 3159 2258 3212 nimiam
2311 3159 2640 3227 potationem
2693 3155 3005 3210 incaluisset
3036 3171 3203 3219 mero,
3251 3169 3388 3222 pra:-

1806 3271 1824 3303 ς
1871 3254 2016 3322 cepit
2046 3252 2331 3315 Maumam,
2365 3260 2419 3304 et
2446 3250 2702 3314 Bazatba,
2730 3260 2784 3303 et
2815 3249 3085 3313 Harbona,
3120 3258 3173 3302 et
3216 3248 3388 3319 Baga-

1806 3363 1827 3399 t
1875 3347 1994 3411 tha,
2039 3354 2094 3399 et
2121 3346 2382 3415 Abgatha,
2428 3352 2482 3397 et
2511 3343 2726 3405 Zethar,
2757 3351 2812 3397 et
2854 3341 3151 3409 Cbarchas,
3182 3351 3386 3411 septem

1806 3456 1826 3490 ‹
1871 3436 2149 3500 eunuchis,
2182 3435 2271 3505 qui
2320 3436 2371 3488 in
2415 3443 2710 3504 conspectu
2753 3434 2868 3504 ejus
2899 3431 3300 3497 ministrabant,
3331 3441 3390 3487 ut

1807 3545 1826 3580 ι
1875 3528 2280 3581 introducerent
2317 3525 2554 3595 reginam
2587 3523 2768 3578 Vasthi
2817 3537 2998 3577 coram
3035 3538 3181 3593 rege,
3215 3523 3391 3592 posito

1807 3635 1824 3665 ι
1873 3632 2036 3685 super
2065 3624 2227 3685 caput
2257 3615 2373 3684 ejus
2403 3613 2726 3674 diademate,
2757 3619 2815 3666 ut
2841 3611 3152 3666 ostenderet
3180 3611 3390 3665 cunctis

1808 3725 1824 3758 ι
1873 3706 2082 3776 populis
2118 3715 2169 3760 et
2197 3705 2529 3775 principibus
2578 3702 3026 3773 pulchritudinem
3056 3700 3236 3754 illius:
3271 3709 3389 3754 erat

1809 3818 1826 3850 ι
1873 3799 2014 3853 enim
2055 3799 2278 3868 pulchra
2324 3797 2495 3851 valde.
2535 3797 2664 3861 Quae
2694 3795 2892 3859 renuit,
2924 3802 2974 3848 et
3007 3794 3072 3847 ad
3106 3792 3247 3863 regis
3280 3792 3384 3846 im—

1809 3909 1826 3941 t
1872 3892 2080 3960 perium
2111 3890 2289 3944 venire
2316 3889 2689 3956 contempsit.»
2719 3885 2992 3955 Septimus
3013 3885 3127 3938 dies
3154 3882 3386 3938 convivii

1802 3979 2253 4051 pulchritudinem
2283 3988 2582 4048 temporum
2609 3976 2895 4045 signiﬁcat,
2921 3975 2974 4028 in
3003 3991 3105 4044 qua
3129 3974 3390 4029 Dominus

1803 4071 2113 4125 incarnatus
2137 4068 2315 4122 omnia
2342 4067 2595 4138 mysteria
2618 4065 2749 4134 legis
2770 4073 2824 4120 et
2843 4065 3248 4135 prophetarum,
3271 4063 3391 4133 qui—

1801 4163 1900 4218 bus
1927 4162 2026 4232 pia:
2059 4170 2263 4216 mentes
2296 4159 2669 4230 religiosorum
2716 4157 2992 4210 hominum
3037 4164 3264 4209 eatenus
3295 4167 3390 4224 pa-

1801 4255 2113 4316 scebantur,
2145 4252 2524 4306 abundantiori
2560 4251 2734 4321 gratia
2765 4247 3147 4303 manifestavlt.
3181 4247 3257 4303 De
3284 4263 3389 4317 qua

1801 4345 2133 4414 plenitudine
2177 4343 2373 4397 Paulus
2401 4341 2467 4395 ad
2509 4340 2728 4396 Galatas
2759 4337 3002 4396 scribens
3036 4341 3112 4394 ait
3150 4354 3164 4394 :
3209 4358 3225 4390 (
3255 4338 3388 4394 Cum

114 4437 197 4489 sic
231 4437 429 4491 timidis
460 4435 776 4491 infundatur
800 4437 1112 4500 auctoritas,
1144 4445 1201 4490 ut
1245 4445 1419 4492 tamen
1453 4437 1699 4507 superbis
1727 4453 1778 4510 D
1805 4445 1984 4489 autem
2013 4435 2157 4488 venit
2181 4433 2455 4502 plenitudo
2480 4441 2804 4501 temporum,
2838 4430 2984 4485 misit
3015 4431 3157 4485 Deus
3192 4429 3387 4483 Filium

116 4542 226 4579 non
273 4536 483 4581 crescat
532 4524 844 4590 eﬁ‘renatio;
892 4526 970 4580 sic
1019 4526 1208 4580 otiosis
1249 4541 1313 4580 ac
1362 4527 1698 4595 torpentibus

115 4618 439 4685 praelicetur
472 4617 775 4672 sollicitudo
805 4617 930 4670 boni
962 4617 1164 4686 operis,
1193 4626 1248 4670 ut
1276 4625 1453 4670 tamen
1493 4617 1700 4686 inquie-

114 4708 185 4762 tis
233 4707 598 4762 immoderatze
647 4705 862 4761 licentia
893 4723 997 4761 non
1043 4715 1304 4777 augeatur
1331 4707 1588 4773 actionis;
1623 4708 1701 4762 sic

113 4799 375 4870 inquietis
419 4808 652 4869 ponatur
686 4800 892 4863 modus,
925 4808 983 4852 ut
1021 4807 1197 4854 tamen
1243 4799 1430 4854 otiosis
1456 4814 1564 4854 non
1606 4799 1702 4853 ﬁat

115 4905 304 4960 .orpor
336 4906 590 4958 securus;
637 4889 717 4946 sic
759 4890 829 4946 ab
875 4890 1278 4960 impatientibus
1327 4891 1702 4961 exstinguatur

134 5000 223 5048 ra,
255 4992 314 5036 ut
350 4992 527 5036 tanwn
553 4983 819 5049 remissio,
847 4999 910 5039 ac
935 4983 1144 5038 lenibus
1174 4999 1278 5038 non
1305 4992 1514 5038 crescat
1543 4983 1705 5053 negli-

110 5078 338 5147 gentia;
383 5079 462 5131 sic
506 5077 652 5131 leves
681 5076 1045 5132 accendantur
1088 5079 1154 5131 ad
1185 5076 1379 5140 zelum,
1411 5086 1471 5130 ut
1517 5085 1696 5130 tamen

107 5168 396 5224 iracundis
435 5181 543 5222 non
575 5167 805 5222 addatur
831 5167 1170 5231 incendium;
1207 5152 1286 5221 sic
1315 5167 1591 5222 tenacibus
1623 5167 1703 5221 in-

107 5259 378 5313 fundatur
409 5258 678 5313 tribuendi
716 5256 956 5330 largitas,
993 5267 1051 5311 ut
1093 5273 1197 5311 non
1235 5258 1473 5329 prodigis
1510 5259 1704 5328 praedi-

104 5362 270 5405 cetur
309 5351 572 5419 parcitas,
612 5359 669 5404 et
695 5358 873 5406 tamen
920 5349 1200 5405 tenacibus
1234 5350 1470 5419 peritura
1519 5366 1698 5404 rerum

105 5444 362 5498 custodia
399 5457 507 5497 non
537 5452 826 5513 augeatur;
860 5443 938 5498 sic
968 5443 1423 5499 incontinentibus
1456 5443 1703 5498 laudetur

106 5536 454 5606 coniugium,
481 5544 540 5589 ut
569 5544 746 5589 tamen
791 5535 1126 5589 continentes
1152 5551 1256 5590 non
1287 5543 1608 5590 revocentur
1636 5534 1702 5590 ad

107 5628 338 5692 luxum;
373 5627 452 5682 sic
497 5626 894 5681 continentibus
926 5625 1171 5680 laudetur
1200 5626 1484 5696 virginitas
1515 5641 1705 5696 corpo—

110 5721 210 5777 ris.
259 5727 316 5772 ut
363 5728 542 5773 tamen
578 5720 633 5773 in
679 5718 996 5787 conjugibus
1041 5718 1292 5781 despecta
1343 5735 1448 5775 non
1491 5718 1582 5774 ﬁat
1628 5717 1705 5774 fe-

1805 4543 1960 4582 suum
2009 4527 2210 4580 factum
2252 4541 2316 4580 ex
2365 4525 2613 4590 muliere,
2653 4525 2850 4579 factum
2895 4524 2994 4578 sub
3029 4525 3166 4595 lege,
3199 4532 3258 4578 ut
3294 4539 3389 4580 eos

1804 4619 1895 4688 qui
1922 4618 2022 4672 sub
2047 4617 2161 4687 lege
2186 4626 2344 4670 erant
2367 4616 2673 4681 redimeret,
2701 4623 2758 4669 ut
2782 4616 3122 4684 adoptionem
3155 4617 3388 4672 ﬁliorum

1807 4709 2184 4776 reciperemus.
2229 4704 2492 4772 Quoniam
2543 4705 2672 4760 esﬁs
2719 4704 2838 4758 Filii
2888 4705 3015 4766 Dei.
3050 4705 3196 4760 misit
3244 4705 3388 4760 Deus

1807 4797 2066 4869 Spiritum
2093 4799 2212 4852 Filii
2241 4798 2323 4851 sui
2352 4797 2403 4851 in
2432 4797 2594 4851 corda
2623 4805 2799 4850 vestra
2828 4795 3185 4851 clamantem:
3211 4795 3386 4861 Abba,

1805 4889 1967 4944 Pater
1996 4887 2136 4959 (Gal.
2165 4889 2258 4958 tv).
2283 4907 2301 4938 ›
2351 4888 2416 4942 Et
2448 4889 2582 4942 bene
2624 4887 2824 4940 dictum
2870 4896 2951 4941 est
2981 4888 3122 4956 quod
3152 4895 3274 4957 post
3306 4887 3388 4942 nio

1808 4979 1968 5033 miam
2007 4979 2337 5048 potationem
2374 4977 2686 5031 incaluisset
2730 4993 2901 5041 mero,
2943 4976 3066 5046 quia
3114 4977 3386 5047 copiosam

1806 5069 2035 5137 gratiam
2083 5067 2224 5121 dono
2257 5065 2489 5136 Spiritus
2518 5068 2688 5122 sancti
2722 5068 2774 5121 in
2805 5067 3094 5137 discipulos
3122 5082 3251 5122 suos
3293 5079 3388 5138 per

1807 5155 2094 5212 adventum
2121 5155 2384 5211 Paracleti
2417 5156 2626 5211 in'udit.
2659 5157 2736 5211 De
2761 5171 2867 5226 quo
2902 5170 3052 5210 mero
3082 5156 3134 5210 Tn
3164 5155 3390 5212 Actibus

1807 5247 2170 5318 apostolorum
2216 5245 2410 5316 legitur
2445 5247 2587 5317 quod
2625 5248 2677 5300 in
2713 5247 2992 5302 cmnaculo
3035 5245 3195 5312 Sion,
3225 5246 3393 5301 adve-

1803 5339 1988 5394 niente
2019 5338 2219 5408 Spiritu
2267 5349 2454 5393 sancto
2493 5352 2655 5408 super
2697 5347 2915 5393 centum
2946 5337 3130 5407 viginti
3158 5339 3386 5394 creden-

1805 5439 1908 5498 tes,
1937 5446 2059 5486 eum
2090 5431 2421 5486 aestimarent
2449 5445 2541 5486 eos
2570 5429 2737 5486 Judaei
2769 5439 2954 5508 musto
2986 5429 3217 5499 repletos
3245 5443 3382 5490 esse,

1804 5521 1999 5581 Petrus
2043 5525 2315 5595 respondit
2358 5526 2580 5580 dicens:
2616 5519 2635 5575 ’‹
2669 5525 2778 5580 \‘iri
2827 5524 3042 5590 fratres,
3080 5538 3183 5577 non
3221 5521 3292 5574 ita
3330 5527 3390 5573 ut

1797 5632 1903 5672 vos
1928 5617 2228 5678 aestimatis,
2258 5617 2308 5669 bi
2339 5617 2437 5669 viri
2473 5617 2605 5671 ebrii
2650 5628 2794 5680 sunt,
2825 5633 2944 5672 cum
2995 5617 3064 5669 sit
3107 5616 3237 5667 hora
3282 5610 3386 5664 diei

1806 5710 1990 5765 tertia.
2021 5706 2128 5763 Sed
2155 5707 2255 5763 hoc
2285 5719 2390 5772 est,
2432 5707 2574 5776 quod
2603 5708 2803 5763 dictum
2846 5718 2926 5761 est
2951 5721 3047 5776 per
3069 5703 3386 5772 prophetam
