1980 3089
301 111 356 139 6ιῆ

301 217 435 244 etl‘undam
451 216 483 243 de
495 215 603 249 ,Spiritu
625 223 683 243 nco
704 224 785 251 super
801 224 909 244 omnem
923 224 1042 249 carnem,
1061 221 1089 243 et

302 261 499 297 prophetabunt
516 259 562 287 ﬁlii
587 261 669 288 vestri
689 265 716 288 et
730 261 790 288 ﬁliae
806 266 911 294 vestra),
928 266 955 289 et
976 262 1089 296 juvenes

305 308 382 335 vestri
401 307 530 334 videbunt
550 306 677 339 visiones,
697 311 725 334 et
747 308 867 335 seniores
885 307 968 335 vestri
985 307 1089 335 somnia

303 353 483 382 somniabunt.
498 353 532 379 Et
552 353 659 387 quidem
682 360 763 387 super
784 361 876 386 servos
900 360 973 380 meos
991 358 1018 380 et
1040 360 1090 380 an-

301 398 377 425 cillas
391 405 465 424 meas
485 398 512 424 in
530 398 624 425 diebus
639 398 690 425 illis
703 397 837 425 eﬁ‘undam
852 398 885 426 de
909 398 1002 433 spiritu
1020 406 1088 431 meo,

302 446 329 469 ct
351 442 557 477 prophetabunt,
573 447 600 469 et
614 443 683 469 dabo
700 443 820 478 prodigia
841 443 868 470 in
890 443 957 470 ccelo
972 451 1089 475 sursum,

302 493 329 515 ct
352 488 426 522 signa
452 488 478 514 in
504 493 573 515 terra
600 488 724 516 deorsum
743 488 811 524 (Act.
827 489 874 525 ιι).
888 499 896 514 ι
918 489 998 523 Cujus
1022 491 1089 517 meri

302 534 468 560 dulcedinem
496 534 522 560 in
548 535 647 569 nuptiis
668 535 789 569 mysticis
815 535 952 570 Evangelii
979 540 1091 570 gustatis

302 578 501 605 architriclinus
518 579 552 605 ad
576 586 702 613 sponsum
716 579 772 606 ait:
793 589 802 604 ι
818 579 1014 614 Οιηιιίεξιιοηιο
1037 581 1092 615 pri-

303 632 375 650 mum
391 624 491 651 bonum
502 624 593 650 vinum
615 624 698 658 ponit,
713 629 740 651 et
755 632 814 651 omn
837 625 962 657 inebriati
978 625 1089 658 fuerint,

303 675 366 697 tunc
381 670 406 696 id
420 670 490 704 quod
507 670 625 697 deterius
638 675 687 697 est.
703 671 742 697 Tu
758 675 847 698 autem
865 665 978 699 servasti
998 672 1089 699 viuum

303 717 401 744 bonum
418 725 501 751 usque
516 717 578 744 huc.
590 727 598 742 ι
616 717 746 752 Ρηεερρὶι
766 725 830 752 ergo
854 725 900 745 rex
926 718 950 745 iu
967 717 1091 751 jucundi-

303 765 359 788 tate
373 769 420 788 sua
436 765 537 796 septem
553 761 691 794 eunuchis,
705 762 751 794 qui
766 762 793 788 in
809 767 952 797 conspectu
969 762 1027 798 ejus
1041 763 1090 790 mi-

304 806 463 837 nistrabant,
485 810 514 833 ut
538 806 736 834 introducerent
753 808 873 843 reginam
890 807 982 835 Vaslhi
999 816 1089 835 coram

641 111 670 139 ft.
691 110 814 139 ll.\BANl
836 111 944 138 .\l.-\l'Rl
966 111 1124 139 ARCHIEP.
1147 112 1301 141 MOGUNT.
1323 114 1465 141 OPEltUM
1487 114 1574 143 PARS
1595 116 1615 142 l.

300 170 359 197 .Iocl
375 180 380 197 :
400 179 409 195 ι
426 170 457 197 Et
471 170 521 196 crit
536 171 562 196 in
580 170 730 197 novissimis
747 170 850 201 diebus,
867 170 932 197 dicit
952 169 1090 201 Domintts,
1107 174 1130 201 Α

1885 120 1929 146 ﬂii

1183 180 1192 195 ι
1214 170 1287 198 [inde
1305 171 1390 198 iratus
1407 178 1452 197 rex
1476 176 1504 199 et
1518 172 1600 199 nimio
1624 173 1714 201 furore
1733 181 1880 204 succensus
1894 177 1929 204 in-

1143 224 1151 240 α
1176 216 1321 251 terrogavit
1345 210 1493 251 sapientes.
1512 218 1556 252 qui
1573 225 1606 244 ex
1629 226 1705 246 more
1730 221 1805 255 regio
1828 229 1928 257 semper

1144 270 1152 285 ‹
1176 261 1213 288 illi
1235 261 1361 294 aderant,
1381 267 1408 289 et
1428 262 1536 290 illorum
1561 263 1677 291 faciebat
1697 270 1796 293 cuncta
1811 269 1928 301 consilio,

1145 317 1153 332 ί
1177 308 1319 335 scientium
1344 308 1416 343 leges
1436 313 1463 336 et
1484 308 1547 343 jura
1572 310 1715 345 majorum.
1742 312 1828 340 Erant
1849 319 1930 342 autem

1146 362 1155 377 ‹
1176 353 1256 387 primi
1277 357 1304 380 et
1326 353 1440 388 proximi
1463 353 1612 386 Charsena,
1628 359 1655 381 et
1674 355 1783 390 Sethar,
1799 361 1827 384 et
1841 357 1930 387 Adnu-

1145 407 1153 423 ι
1178 398 1234 430 tha,
1249 402 1276 425 et
1290 398 1413 431 Tharsis,
1428 403 1456 426 et
1471 398 1569 432 Mares,
1587 404 1614 427 et
1638 400 1773 435 Marsana,
1790 408 1819 430 et
1837 403 1928 432 Mamu-

1146 451 1154 467 ι
1177 443 1246 469 chan
1259 462 1266 474 ,
1291 447 1393 477 septem
1415 443 1498 471 duces
1517 443 1662 472 Persarum
1681 451 1762 481 atque
1783 447 1929 483 Medorum,

1146 496 1154 512 ι
1177 487 1223 522 qui
1240 487 1365 514 videbant
1383 487 1478 515 faciem
1496 489 1562 524 ejus,
1585 495 1612 517 et
1625 491 1706 525 primi
1719 497 1780 527 post
1795 501 1860 521 eum
1875 496 1929 523 resi-

1146 542 1155 558 ‹
1179 533 1243 560 dere
1258 533 1328 560 soliti
1342 538 1431 566 erant,
1446 534 1488 561 cui
1502 535 1645 563 sentcntim
1658 536 1754 564 Vasthi
1771 539 1867 573 regina
1880 542 1930 568 sub-

1146 587 1154 603 ι
1174 577 1290 612 jaceret,
1304 586 1364 613 qua:
1387 578 1497 612 Assueri
1524 580 1596 616 regis
1620 581 1781 616 imperium,
1806 585 1878 619 quod
1892 594 1931 621 per

1145 633 1154 649 ι
1177 624 1313 651 eunuchos
1334 623 1526 657 mandaverat,
1547 625 1638 654 facere
1657 627 1797 655 noluisset.
1819 629 1930 666 Respon-

1146 679 1155 695 l
1178 670 1269 705 ditque
1287 670 1446 697 Mamuchan
1458 691 1465 703 ,
1479 671 1606 699 audiente
1624 680 1687 708 rege
1700 681 1731 700 ac
1750 675 1928 710 principibus:

1146 725 1154 740 (
1179 715 1235 742 Non
1254 715 1340 742 solum
1366 723 1457 750 regem
1476 715 1546 743 lmsit
1563 717 1669 750 Vaslhi,
1694 719 1740 746 sed
1755 727 1853 748 omnes
1867 722 1931 755 prin-

1147 770 1155 785 ‹
1177 761 1250 796 cipes
1272 765 1299 788 et
1317 760 1445 795 populos,
1469 761 1514 796 qui
1536 767 1598 789 sunt
1622 763 1649 790 in
1673 765 1778 792 cunctis
1792 767 1930 801 provinciis

1146 816 1154 832 ι
1178 807 1249 841 regis
1270 806 1391 834 Assueri.
1413 806 1574 841 Egredietur
1592 809 1665 836 enim
1689 817 1779 838 sermo
1797 811 1832 838 ad
1848 820 1931 841 omnes

304 859 378 886 rege,
394 852 480 885 posito
497 859 576 886 super
591 856 670 886 caput
694 851 751 886 ejus
774 853 934 884 diademate,
950 858 980 880 ut
1001 859 1091 881 osten-

1146 860 1154 875 ι
1179 851 1314 884 mulieres,
1337 855 1367 878 ut
1389 856 1563 880 contemnant
1582 853 1654 881 viros
1678 862 1751 888 suos,
1774 860 1802 883 et
1823 856 1927 884 dicant:

303 896 380 923 deret
392 897 496 924 cunctis
510 897 614 932 populis
633 898 858 932 pulchritudinem
871 898 929 933 ejus
941 908 948 925 :
964 906 1025 926 cum
1040 899 1091 926 Rc-

304 941 427 976 demptor
451 946 541 969 noster
566 942 698 976 Christus,
725 944 849 971 videlicet
868 945 1005 976 Dominus,
1028 953 1091 973 san—

303 991 407 1014 ctorum
423 987 627 1022 praedicatorum
648 989 770 1017 ordinem
787 990 953 1025 septiformis
975 991 1092 1026 Spiritus

303 1033 389 1059 sancti
408 1032 494 1067 gratia
518 1033 648 1068 repletum
671 1034 704 1062 ad
728 1036 929 1063 eonvocandam
952 1035 1092 1064 Judaicam

302 1076 408 1111 plebem
432 1078 465 1104 ad
486 1079 638 1106 convivium
658 1079 798 1114 spirituale
821 1080 933 1114 direxit,
959 1086 1093 1117 quatenus

303 1124 361 1158 ejus
375 1124 456 1152 decor
468 1129 496 1152 et
509 1126 634 1153 nobilitas
646 1134 726 1162 quam
739 1126 853 1154 habebat
867 1135 901 1155 ex
915 1129 1091 1164 praerogativa

302 1168 411 1195 Patrum
433 1173 460 1196 et
476 1168 543 1205 legis
560 1171 805 1206 prophetarumque
827 1172 940 1200 scicntia
963 1180 995 1200 ac
1019 1174 1092 1202 cultu

303 1213 420 1248 pietatis,
436 1221 515 1249 quem
529 1220 591 1243 ante
604 1217 746 1243 adventum
762 1217 868 1245 Domini
884 1219 1025 1251 habuerat,
1042 1227 1094 1248 cre-

304 1259 369 1286 teris
384 1259 535 1288 nationibus
555 1261 729 1290 celebriorem
745 1263 828 1291 totius
845 1264 917 1291 orbis
941 1265 1094 1293 innotesce-

304 1310 346 1332 ret
365 1307 498 1340 gentibus.
512 1307 564 1336 Sed
579 1309 623 1336 illa
639 1318 691 1337 non
711 1310 797 1338 solum
812 1311 914 1346 legatos
927 1312 1091 1347 despiciens,

303 1358 397 1379 verum
413 1354 493 1381 etiam
513 1356 628 1390 supremi
646 1356 716 1392 regis
738 1357 879 1393 imperium
902 1365 1032 1394 spernens
1049 1367 1093 1387 ve-

304 1399 364 1426 nire
377 1401 548 1436 contempsit.
563 1401 638 1436 Quod
653 1404 679 1430 in
702 1405 865 1440 evangelicis
880 1405 1018 1440 parabolis
1036 1406 1093 1441 ipse

305 1445 408 1473 scilicet
432 1445 560 1474 Dominus
582 1448 707 1481 innotuit,
729 1458 790 1476 cttm
810 1451 846 1485 pii
866 1451 950 1485 patris
975 1452 1094 1479 clemen—

305 1491 370 1518 tiam
385 1499 465 1526 super
482 1492 527 1519 ﬁlii
545 1494 648 1528 prodigi
674 1496 829 1529 pmnitentis
844 1497 1015 1532 susceptione
1027 1499 1095 1526 vitu-

1146 906 1154 921 ι
1179 896 1233 923 Rex
1250 896 1383 923 Assuerus
1401 896 1483 931 jussit
1500 901 1530 924 ut
1548 898 1639 933 regina
1657 899 1750 928 Vasthi
1775 902 1889 929 intraret
1901 903 1930 929 ad

1147 952 1155 968 (
1178 950 1250 975 cum,
1263 947 1290 970 et
1305 943 1349 969 illa
1365 943 1461 971 noluit.
1474 943 1533 972 Hoc
1559 945 1682 981 exemplo
1695 954 1791 975 omnes
1810 948 1928 984 coniuges

1146 995 1155 1011 ‹
1179 988 1329 1021 principum
1355 988 1498 1015 Persarum
1519 994 1599 1024 atque
1631 990 1769 1018 Medorum
1794 994 1929 1028 parvipen-

1147 1041 1155 1058 ‹
1179 1032 1242 1060 dent
1265 1033 1376 1067 imperia
1406 1034 1562 1061 maritorum
1581 1043 1587 1061 :
1617 1036 1687 1063 unde
1712 1038 1784 1073 regis
1803 1038 1877 1072 iusta
1895 1043 1929 1067 est

1147 1087 1155 1102 ‹
1179 1077 1337 1111 indignatio.
1354 1078 1385 1104 Et
1401 1079 1422 1105 si
1441 1079 1486 1106 tibi
1504 1079 1602 1113 placet,
1617 1081 1771 1116 egrediatur
1786 1083 1901 1112 edictum
1913 1092 1927 1111 ι

1148 1131 1156 1147 ι
1180 1122 1247 1149 fat-ie
1262 1128 1316 1156 tua,
1331 1129 1356 1150 et
1380 1124 1514 1152 scribatur
1531 1126 1607 1159 juxta
1626 1127 1714 1162 legem
1732 1127 1877 1157 Persarum
1895 1135 1929 1157 at-

1148 1178 1156 1194 ι
1179 1177 1232 1203 quc
1257 1169 1412 1202 Medorum,
1430 1178 1510 1204 quam
1533 1172 1666 1206 praeteriri
1682 1173 1805 1201 illicitum
1827 1179 1883 1207 est,
1904 1181 1929 1202 ut

1148 1225 1155 1241 ι
1180 1223 1349 1250 nequaquam
1375 1217 1468 1243 \‘asthi
1492 1218 1561 1244 ultra
1586 1209 1752 1253 ingrediatur
1772 1219 1806 1247 ad
1830 1228 1930 1257 regem.

1149 1270 1157 1285 ι
1183 1262 1232 1288 sed
1255 1269 1368 1296 regnum
1384 1262 1455 1289 illius
1474 1262 1570 1296 altera,
1590 1270 1650 1298 quae
1666 1264 1760 1291 melior
1772 1269 1815 1292 est
1826 1265 1882 1298 illa,
1893 1272 1932 1293 ac-

1148 1316 1157 1331 ‹
1180 1307 1293 1342 cipiat.»
1319 1307 1389 1341 Quid
1412 1311 1454 1335 est
1480 1308 1551 1343 quod
1574 1310 1748 1344 superbiente
1768 1311 1864 1339 Vasthi
1888 1319 1930 1339 rex

1144 1351 1277 1380 Assucrus
1292 1356 1393 1388 septem
1408 1353 1569 1388 sapientum,
1584 1355 1629 1390 qtti
1642 1362 1674 1381 ex
1689 1362 1764 1383 more
1779 1356 1853 1390 regio
1867 1364 1932 1384 sem-

1144 1405 1193 1432 per
1208 1398 1259 1424 sibi
1283 1398 1410 1430 aderant,
1427 1399 1566 1427 consilium
1591 1400 1701 1434 qumrit,
1724 1405 1750 1428 et
1775 1401 1931 1429 sententiam

1146 1450 1226 1478 super
1241 1451 1301 1470 eam
1323 1443 1413 1471 facere
1434 1444 1522 1480 jubet,
1545 1445 1595 1473 nisi
1610 1447 1681 1481 quod
1704 1446 1934 1475 Salvator.uoster

1145 1498 1194 1525 per
1217 1490 1341 1518 doctores
1362 1499 1425 1519 suos
1452 1492 1568 1527 Spiritus
1586 1493 1671 1520 sancti
1698 1493 1786 1528 gratia
1808 1493 1932 1528 repletos.

305 1535 361 1562 lum
383 1540 516 1564 mactasse
537 1542 564 1564 et
579 1539 729 1566 convivium
754 1540 913 1570 instruxisse
931 1544 1091 1577 declaravit,
1109 1532 1131 1562 (ἶ
1148 1536 1193 1571 tilli
1206 1537 1264 1571 eius
1276 1538 1424 1571 Ρτῖεδθηιίίέ
1437 1542 1509 1565 rec”
1525 1538 1577 1565 “de
1590 1546 1622 1566 ac
1637 1539 1715 1567 bonis
1728 1540 1857 1574 operibus
1868 1548 1931 1568 δεω·

306 1582 350 1608 ubi
369 1582 460 1609 senior
477 1582 555 1615 ﬁlius,
571 1583 632 1611 licet
645 1585 742 1619 oppido
758 1591 866 1621 rogatus
880 1587 962 1615 fuerit
974 1596 989 1615 a
1005 1593 1091 1623 patre,

307 1630 396 1653 tamen
415 1627 527 1655 introire
541 1629 710 1663 contempsit.
728 1630 760 1657 Et
776 1631 837 1658 alibi
857 1632 890 1658 ad
908 1633 1013 1667 nuptias
1027 1641 1094 1668 quas

307 1679 354 1698 rex
377 1672 431 1699 ﬁlio
446 1680 494 1699 suo
518 1674 632 1708 paravit,
650 1682 699 1701 nec
719 1683 771 1702 non
786 1676 819 1702 ad
842 1684 967 1712 magnam
988 1685 1093 1705 cccnam

306 1725 388 1753 quam
411 1718 519 1752 quidam
543 1719 623 1746 homo
644 1728 762 1755 parasse,
777 1726 804 1748 et
828 1723 926 1749 multos
948 1724 1094 1751 advocasse

305 1768 541 1796 commemoratur,
565 1765 603 1792 illi
626 1765 671 1808 qui
696 1765 842 1794 ambitione
863 1767 978 1795 aliarum
1002 1776 1093 1796 rerum

305 1807 405 1834 detenti
420 1808 534 1841 fuerant,
547 1807 645 1837 venire
657 1810 726 1837 nolle
740 1811 866 1846 descripti
886 1817 962 1845 sunt;
977 1813 1011 1841 ob
1022 1813 1093 1848 quod

305 1852 386 1879 etiam
409 1852 505 1880 summi
528 1853 732 1888 patrisfamilias
749 1854 822 1889 justa
844 1856 1026 1892 indignatione
1052 1865 1093 1884 re-

300 1897 376 1933 jecti,
392 1902 418 1925 et
439 1898 483 1926 alii
504 1899 531 1927 in
546 1899 634 1926 locum
654 1900 759 1928 illorum
780 1902 916 1929 substituti
930 1910 1093 1932 commemo-

304 1947 407 1970 rantur.
425 1943 521 1971 Senior
533 1952 596 1980 ergo
613 1945 654 1972 ille
668 1945 740 1973 ﬁlius
753 1951 781 1973 et
802 1947 929 1982 antiquus
944 1947 1091 1984 Synagogm

302 1988 426 2023 populus,
440 1989 486 2024 qui
512 1989 538 2015 in
554 1989 646 2017 Vasthi
662 1991 761 2025 regina:
782 1999 896 2026 persona
920 1993 1091 2027 exprimitur,

304 2033 337 2060 dc
361 2033 497 2061 domicilio
520 2042 568 2061 suo
592 2035 692 2070 egredi,
716 2036 767 2063 hoc
790 2041 845 2069 est,
868 2044 883 2063 a
906 2037 973 2073 legis
1002 2038 1092 2066 littera

302 2077 380 2105 avelli
400 2078 537 2110 rcnuebat,
552 2079 599 2106 sed
612 2087 661 2107 suo
674 2080 786 2107 arbitrio
802 2081 893 2109 vivere
908 2087 1051 2110 contentus
1063 2084 1090 2111 in

304 2123 420 2150 terrenis
434 2123 575 2151 desideriis
595 2125 761 2159 desudando,
784 2126 862 2162 longe
880 2135 894 2154 a
919 2129 1006 2162 patria
1031 2128 1089 2163 Spi-

303 2167 371 2195 ritus
388 2169 473 2195 sancti
489 2176 520 2196 ac
538 2170 649 2197 consilio
663 2170 751 2198 Patris
767 2171 854 2199 factus
875 2174 1002 2205 extorris,
1022 2182 1090 2201 sem-

297 2219 351 2248 per
376 2213 477 2247 rigidus
495 2222 526 2241 ac
549 2214 643 2248 durus,
666 2224 779 2243 rancore
802 2222 882 2252 atque
907 2219 1091 2255 indignatione

297 2259 484 2294 plenissimus,
504 2260 547 2288 hic
564 2265 606 2288 est
627 2262 672 2296 qui
696 2263 753 2290 ait:
772 2263 892 2298 «Agrum
913 2266 979 2298 emi,
996 2270 1024 2293 et
1045 2274 1092 2294 ne-

298 2311 379 2330 cesse
393 2304 479 2331 habeo
494 2305 567 2331 exire
581 2313 612 2332 ac
625 2306 715 2333 videre
727 2307 800 2334 illum
815 2318 821 2335 :
837 2316 902 2344 rogo
916 2314 951 2343 te,
967 2310 1035 2338 habe
1049 2318 1092 2338 me

298 2353 460 2375 excusatum
477 2349 551 2385 (Luc.
565 2351 646 2385 Μή.»
661 2351 710 2378 Hic
723 2352 768 2386 qui
779 2352 842 2388 juga
856 2353 937 2381 boum
952 2359 1092 2390 comparat

302 2394 431 2428 quinque,
443 2401 470 2421 et
484 2394 551 2430 legis
571 2403 653 2423 onere
676 2397 830 2432 depressus,
846 2402 1013 2427 terrenorum
1028 2409 1091 2428 sen-

302 2448 381 2467 suum
395 2441 530 2476 voluptate
550 2442 712 2478 perfruitur;
738 2444 781 2472 hic
804 2445 849 2479 qui
864 2454 946 2474 uxore
961 2446 1039 2475 ducta
1057 2448 1091 2475 ad

298 2486 411 2520 nuptias
425 2488 516 2515 venire
537 2496 590 2516 non
607 2494 704 2523 potest,
727 2494 755 2517 et
777 2490 889 2519 eﬂ‘ectus
911 2499 975 2520 caro
992 2500 1090 2527 nequa-

299 2538 385 2564 .quam
400 2539 482 2558 unum
500 2540 561 2560 esse
580 2541 641 2560 cum
663 2534 760 2570 spiritu
775 2536 845 2563 valet
866 2546 872 2563 ε
890 2537 916 2563 in
933 2537 1012 2572 hujus
1028 2545 1090 2573 per-

300 2582 369 2602 sona
386 2576 467 2603 etiam
491 2576 561 2605 illius
579 2579 712 2612 parabolaa
733 2581 850 2615 operarii
874 2587 1041 2617 congruunt,
1062 2583 1088 2611 in

297 2627 357 2654 iqua
372 2620 467 2655 prima,
482 2622 570 2654 tertia,
586 2628 671 2655 sexta,
686 2631 756 2651 nona
770 2625 846 2658 hora,
867 2626 893 2654 id
908 2631 958 2659 est,
972 2627 1090 2657 vocatio-

297 2664 383 2692 mibus
397 2665 478 2693 variis
492 2666 635 2694 mittuntur
645 2668 679 2695 ad
691 2668 797 2705 vineam
815 2674 842 2697 et
852 2670 1026 2707 indignantur
1039 2672 1090 2712 sibi

297 2710 451 2738 undecimae
465 2711 538 2739 horae
551 2714 689 2747 operarios
703 2716 847 2749 comquari.
863 2715 933 2749 Quid
948 2722 1038 2745 autem
1055 2710 1090 2747 de

301 2757 397 2785 Vasthi
419 2757 584 2786 stultissima;
601 2760 698 2794 regium
712 2762 881 2790 contumacia
904 2763 1004 2791 factum
1019 2763 1089 2792 Scri-

297 2807 381 2836 ptura
394 2807 485 2830 narret
498 2803 651 2831 audiamus:

1144 1589 1194 1617 per
1216 1582 1343 1609 assistere
1366 1587 1476 1615 curant,
1502 1583 1587 1617 plebis
1607 1582 1724 1612 Iudaicae
1748 1587 1932 1617 contumacia,

1145 1628 1223 1663 cujus
1243 1636 1329 1662 poeme
1353 1633 1435 1664 atque
1454 1630 1636 1657 damnationis
1658 1638 1703 1658 rea
1726 1630 1778 1664 sit,
1802 1632 1932 1667 depromit

1145 1673 1323 1706 sententiam;
1341 1674 1443 1701 scilicet
1466 1679 1495 1702 ut
1512 1675 1545 1702 de
1559 1676 1637 1703 thoro
1659 1676 1753 1710 regali,
1769 1677 1823 1704 hoc
1838 1682 1889 1709 est,
1905 1678 1933 1704 de

1144 1720 1281 1747 consortio
1300 1720 1357 1752 Dei,
1375 1728 1427 1755 quo
1440 1721 1564 1748 ordinata
1578 1728 1610 1749 ac
1624 1722 1766 1756 praeeleeta
1779 1728 1833 1756 est,
1847 1723 1931 1759 expel-

1144 1764 1226 1796 latur,
1242 1768 1270 1791 et
1291 1764 1378 1792 locum
1401 1766 1485 1800 ipsius
1509 1766 1609 1799 altera,
1632 1774 1692 1801 quae
1709 1767 1806 1796 melior
1833 1774 1877 1796 est
1893 1776 1930 1798 ea.

1143 1810 1265 1838 Ecclesia
1280 1811 1404 1839 videlicet
1415 1812 1545 1847 gentium,
1561 1813 1667 1841 sincera
1684 1814 1736 1841 ﬁde
1748 1822 1781 1841 ac
1794 1814 1876 1850 plena
1889 1815 1929 1842 de

1144 1856 1251 1884 votione
1277 1857 1401 1892 accipiat.
1426 1857 1501 1891 Quod
1517 1865 1581 1894 ergo
1604 1859 1637 1886 ad
1660 1861 1863 1888 convocandam
1888 1860 1930 1888 Ju-

1144 1903 1228 1930 dzeam
1247 1902 1375 1931 Dominus
1396 1911 1445 1937 per
1469 1903 1555 1939 legem
1579 1909 1658 1940 atque
1686 1906 1847 1940 prophetam
1870 1914 1927 1941 pro-

1144 1949 1243 1977 missus
1255 1950 1353 1977 summi
1367 1950 1455 1977 Patris
1469 1950 1582 1978 consilio
1602 1950 1752 1979 destinatus
1774 1952 1823 1985 sit,
1839 1953 1895 1987 ipse
1906 1953 1929 1979 in

1143 1994 1287 2029 Evangelia
1309 1995 1425 2022 ostendit
1440 1995 1553 2023 dicens:
1573 2006 1582 2022 ι
1598 1995 1654 2024 Non
1676 2005 1737 2024 sum
1759 1999 1861 2026 missus
1883 1999 1931 2026 nisi

1143 2041 1178 2068 ad
1198 2048 1261 2068 oves
1274 2049 1333 2075 quae
1354 2042 1491 2076 perierant
1507 2042 1603 2069 domus
1619 2043 1701 2070 Israel
1725 2043 1835 2079 (Matth.
1850 2045 1929 2080 xv)”

1141 2090 1168 2112 et
1182 2085 1246 2112 item
1260 2096 1266 2112 ;
1284 2095 1292 2111 ι
1308 2085 1365 2113 Non
1387 2090 1429 2113 est
1450 2086 1548 2114 bonum
1559 2108 1566 2120 ,
1582 2087 1683 2122 inquit,
1705 2095 1813 2117 sumere
1838 2098 1930 2125 panem

1142 2129 1269 2162 ﬁliorum,
1283 2136 1311 2157 et
1325 2131 1432 2159 mittere
1455 2132 1567 2159 canibus
1592 2133 1719 2169 (lbid.).l
1741 2134 1795 2162 Sed
1820 2137 1931 2164 muliere

1143 2175 1233 2210 gentili
1247 2176 1408 2210 persistente
1424 2176 1450 2203 in
1466 2177 1594 2211 petitione
1608 2186 1667 2211 sua,
1680 2187 1778 2214 magna
1792 2179 1862 2208 ﬁdes
1880 2182 1934 2216 ejus

1145 2221 1241 2247 merito
1254 2220 1287 2247 ab
1303 2221 1361 2255 ipso
1382 2221 1493 2250 Domino
1517 2223 1650 2251 laudatur.
1672 2224 1761 2259 Atque
1782 2225 1849 2253 alibi
1873 2227 1934 2254 ﬁdes

1145 2266 1311 2294 centurionis
1333 2266 1395 2294 ﬁdei
1417 2266 1569 2295 Judzeorum
1593 2269 1745 2303 praefertur,
1768 2278 1832 2298 cum
1848 2272 1932 2300 dicit:

1149 2320 1157 2337 ι
1172 2311 1266 2343 Amen,
1289 2312 1348 2339 dico
1369 2312 1454 2345 vobis,
1470 2314 1542 2348 quod
1555 2314 1632 2342 multi
1654 2316 1762 2344 venient
1776 2311 1813 2344 ab
1829 2317 1936 2345 Oriente

1146 2361 1174 2385 et
1186 2356 1341 2390 Occidente,
1356 2361 1383 2385 et
1397 2358 1554 2386 recumbent
1567 2366 1628 2386 cum
1647 2359 1797 2393 Abraham,
1810 2361 1890 2389 Isaac
1909 2366 1935 2389 et

1145 2401 1227 2430 Iacob
1250 2402 1277 2429 in
1296 2410 1386 2438 regno
1406 2403 1556 2437 ctelorum;
1573 2398 1625 2432 'ﬁlii
1645 2410 1736 2433 autem
1759 2408 1836 2442 regni
1859 2408 1934 2442 hujus

1145 2448 1288 2482 ejicientur
1301 2448 1328 2475 in
1348 2449 1475 2477 tenebras
1493 2451 1653 2484 exteriores,
1675 2453 1720 2479 ubi
1735 2453 1788 2480 erit
1811 2454 1893 2482 ﬂetus
1911 2458 1936 2481 et

1144 2493 1244 2521 stridor
1265 2494 1384 2522 dentium
1408 2494 1515 2530 (Matth.
1529 2496 1598 2532 vni).
1614 2507 1623 2522 ι
1646 2497 1713 2526 Item
1728 2499 1793 2527 alibi
1812 2501 1872 2535 ipsa
1888 2500 1935 2528 Ve-

1143 2540 1209 2566 ritas
1221 2539 1255 2567 ad
1267 2538 1417 2567 Jerusalem
1432 2541 1470 2568 ait
1482 2550 1488 2567 :
1504 2551 1513 2567 (
1526 2541 1688 2575 Jerusalem,
1700 2543 1862 2578 Jerusalem,
1878 2553 1937 2580 qu:

1142 2585 1243 2612 occidis
1266 2586 1422 2620 prophetas,
1441 2590 1469 2614 et
1492 2586 1595 2622 lapidas
1617 2595 1664 2615 eos
1682 2589 1728 2623 qui
1750 2590 1786 2617 ad
1810 2594 1837 2618 te

1141 2634 1225 2657 sunt:
1240 2631 1347 2666 quoties
1367 2631 1437 2659 volui
1460 2639 1624 2667 congregare
1636 2632 1707 2661 ﬁlios
1720 2638 1792 2667 tuos,
1807 2639 1938 2665 querna.)-

1143 2676 1251 2703 modum
1265 2675 1363 2712 gallina
1377 2682 1523 2713 congregat
1537 2678 1624 2713 pullos
1638 2686 1702 2707 suos
1724 2679 1775 2707 sub
1789 2678 1845 2708 alas
1862 2688 1937 2711 suas.

1142 2723 1169 2747 et
1186 2719 1295 2749 noluisti
1317 2731 1323 2747 :
1345 2729 1408 2750 ecce
1428 2722 1596 2759 relinquetur
1618 2724 1694 2752 vobis
1716 2725 1813 2752 domus
1840 2730 1935 2754 vestra

1142 2766 1248 2793 deserta
1268 2767 1343 2803 (an.
1363 2773 1432 2804 nn).
1447 2779 1456 2795 ›
1479 2770 1517 2798 De
1541 2776 1680 2798 vocatione
1703 2775 1793 2799 autem
1812 2772 1938 2806 gentium

1141 2815 1203 2846 post
1214 2813 1439 2842 resurrectionem
1451 2815 1618 2851 suam_discir
1627 2815 1677 2844 uiis
1689 2816 1748 2854 suis
1763 2815 1854 2845 taliter
1860 2824 1941 2852 pm-
