3928 6176
227 289 334 344 655

1293 277 1650 336 EXPOSITIO
1691 279 1754 332 IN
1796 278 2053 336 LlBRUM
2096 276 2386 333 ESTHER.

3383 273 3482 328 016

219 402 363 471 cepit
391 401 614 453 dicens:
647 416 664 446 r
685 396 781 459 lle,
813 394 997 448 docete
1027 374 1214 447 omnes
1242 401 1447 460 gentes,
1476 392 1808 460 baptizantes
1837 398 1882 454 Α
1917 411 1932 440 ι
1971 407 2099 462 pore
2130 406 2236 460 quo
2264 389 2577 444 Jeclioniam
2623 402 2800 456 regem
2832 384 2963 441 Juda
2997 385 3488 441 Nabuchodonosor

219 505 313 545 eas
335 490 388 542 in
417 486 636 541 nomine
661 484 852 548 Patris,
885 493 940 537 et
969 482 1111 548 Filii,
1141 489 1195 536 et
1225 480 1460 551 Spiritus
1488 481 1682 544 sancti,
1714 481 1806 533 do-

217 591 410 637 centes
432 594 526 632 eos
547 591 766 632 servare
787 575 966 630 omnia
994 587 1326 643 quaecunque
1356 572 1601 625 mandavi
1633 571 1805 624 vobis.

219 675 282 728 Et
316 689 443 728 ecce
472 686 572 740 ego
601 670 874 726 vobiscum
902 681 1020 722 sum
1049 667 1299 721 omnibus
1329 665 1517 719 diebus
1543 659 1710 733 usque
1739 663 1807 716 ad

217 761 742 820 consummationem
772 757 949 812 srccnli
981 756 1191 828 (Matth.
1220 755 1436 826 xxvm).
1461 775 1477 806 ι
1508 754 1644 822 Apte
1680 768 1808 822 quo-

217 872 324 925 que
355 869 452 925 per
500 851 851 914 Mamnchan,
896 848 985 917 qui
1030 846 1355 900 novissimus
1387 845 1440 898 in
1487 845 1676 899 ordine
1719 858 1803 896 se-

217 957 363 1016 ptem
411 942 716 1014 sapientum
763 947 1095 1001 numeratur,
1145 936 1469 991 sententiam
1518 935 1584 988 de
1617 931 1804 986 Vasthi

217 1033 616 1107 promulgabat,
648 1045 745 1099 per
789 1029 932 1098 quod
961 1041 1187 1097 persona
1227 1026 1378 1080 Pauli
1425 1023 1678 1094 apostoli,
1707 1021 1800 1091 qui

216 1125 510 1180 novissime
537 1122 604 1176 ad
649 1119 1004 1188 apostolatum
1038 1125 1368 1170 convocatus
1411 1123 1513 1179 est,
1545 1113 1803 1182 exprimi-

219 1227 325 1278 tur,
354 1230 454 1283 per
477 1227 634 1283 quem
675 1208 870 1264 ludatis
901 1223 995 1263 sua
1027 1206 1252 1277 perﬁdia
1297 1207 1397 1260 rite
1427 1205 1802 1275 exprobratur.

214 1307 333 1376 Ipse
385 1305 530 1358 enim
568 1303 633 1356 de
680 1316 738 1355 se
791 1300 866 1353 ait
903 1316 916 1352 :
954 1318 971 1350 ι
1004 1299 1115 1368 Ego
1166 1307 1343 1353 autem
1388 1312 1506 1351 sum
1554 1297 1806 1350 minimus

215 1396 584 1466 apostolorum
631 1391 682 1462 (1
707 1389 830 1445 Cor.
861 1389 970 1460 xv).
996 1407 1014 1439 ›
1051 1389 1116 1443 Ει
1145 1389 1270 1442 alibi
1300 1406 1312 1441 :
1353 1407 1370 1438 ι
1400 1387 1561 1451 Mihi,
1609 1387 1803 1455 inquit,

211 1487 454 1541 omnium
501 1492 805 1539 sanctorum
838 1482 1058 1536 minimo
1086 1481 1208 1535 data
1237 1488 1322 1534 est
1354 1479 1528 1550 gratia
1565 1479 1696 1544 hac,
1741 1487 1801 1533 ut

214 1579 586 1649 evangelizem
635 1574 908 1629 Christum
952 1573 1005 1627 in
1057 1572 1306 1643 gentibus
1350 1570 1435 1643 (ΙΙ
1478 1569 1600 1626 Cor.
1635 1569 1748 1642 ιιι).
1781 1587 1799 1621 ι

217 1669 314 1724 llic
353 1683 487 1737 ergo
524 1667 648 1721 dum
693 1665 744 1717 in
791 1663 1072 1734 Synagoga
1123 1659 1430 1716 Iudaeorum
1483 1676 1604 1715 cum
1661 1659 1796 1726 Bar-

1915 499 1933 530 ι
1973 496 2064 534 rex
2095 479 2382 548 Babylonis
2415 477 2788 541 transtulerat,
2829 476 2920 545 qui
2960 475 3058 529 fuit
3089 476 3340 532 nutritqu
3367 477 3489 531 ﬁliae

1915 591 1932 622 ι
1971 571 2156 625 fratris
2197 571 2281 625 sui
2325 570 2548 635 Edissaa,
2597 583 2718 637 qua:
2750 567 2920 622 altero
2947 568 3167 622 nomine
3193 568 3489 622 vocabatur

1914 684 1932 715 ‹
1973 663 2185 728 Esther,
2230 671 2286 717 ct
2325 672 2614 732 utrumque
2650 671 2929 731 parentem
2960 662 3235 724 amiserat,
3263 662 3488 731 pulchra

1914 773 1934 804 r
1969 754 2129 807 uinus
2151 762 2208 808 et
2232 754 2426 807 decora
2464 751 2619 807 facie.
2655 751 2981 820 Mortuisque
3011 759 3162 820 patre
3200 768 3263 806 ac
3285 763 3484 818 matre,

1913 863 1932 893 ι
1970 841 2337 897 Mardochaeus
2365 841 2463 895 sibi
2493 856 2612 895 eam
2650 840 2925 910 adoptavit
2950 841 3002 894 in
3034 841 3215 894 ﬁliam.
3245 839 3488 910 Cumque

1913 953 1932 985 ‹
1969 934 2367 1004 percrebuisset
2401 933 2543 1002 regis
2580 933 2882 1002 imperium,
2912 939 2965 985 et
2985 930 3140 998 juxta
3172 933 3485 987 mandatum

1913 1045 1929 1076 ι
1969 1026 2110 1080 illius
2132 1025 2309 1081 multa:
2332 1025 2571 1095 pulchra:
2598 1025 2832 1094 virgines
2856 1023 3254 1077 adducerentur
3283 1023 3480 1088 Susan,

1914 1137 1932 1169 ς
1969 1127 2023 1172 et
2068 1119 2210 1187 Egeo
2257 1118 2601 1171 traderentur
2625 1116 2887 1177 eunucho,
2921 1115 3116 1170 Esther
3145 1131 3355 1186 quoque
3396 1117 3481 1170 in-

1915 1227 1934 1260 ‹
1972 1217 2055 1264 ter
2079 1217 2303 1262 cmteras
2331 1206 2534 1276 puellas
2561 1205 2609 1259 ei
2641 1206 2835 1259 tradita
2864 1214 2967 1268 est,
3007 1213 3065 1259 ut
3094 1216 3402 1259 servaretur
3431 1207 3484 1260 in

1913 1319 1932 1350 ι
1973 1313 2195 1353 numero
2239 1298 2582 1352 feminarum.
2622 1296 2752 1363 Quae
2798 1295 2998 1364 placuit
3044 1297 3092 1349 ei
3122 1336 3136 1360 ,
3186 1305 3240 1350 et
3285 1298 3487 1351 invenit

1915 1410 1931 1441 ι
1972 1392 2200 1462 gratiam
2239 1389 2294 1444 in
2336 1397 2627 1458 conspectu
2674 1387 2836 1442 illius.
2862 1387 2928 1441 Et
2953 1389 3208 1457 praecepit
3236 1390 3485 1443 eunucho

1915 1499 1932 1531 ι
1970 1488 2030 1535 ιιι
2061 1481 2391 1536 acceleraret
2421 1482 2680 1536 mundum
2717 1481 3055 1546 muliebrem,
3089 1491 3143 1536 et
3170 1483 3407 1536 traderet
3434 1482 3487 1535 ei

1915 1593 1932 1626 ι
1969 1580 2151 1643 partes
2196 1587 2342 1636 suas,
2384 1581 2436 1625 et
2467 1581 2673 1641 septem
2711 1570 2916 1642 puellas
2961 1573 3384 1641 speciosissimas
3419 1570 3486 1626 de

1915 1679 1935 1713 ι
1973 1661 2135 1718 domo
2161 1662 2321 1734 regis,
2352 1670 2405 1716 et
2454 1671 2562 1716 tam
2612 1661 2783 1732 ipsam
2822 1677 2982 1732 quam
3021 1663 3341 1733 pedisequas
3390 1679 3482 1716 or-

211 1760 351 1815 naba
388 1759 538 1813 socio
583 1756 926 1828 pratdicasset
955 1757 1176 1810 verbum
1231 1754 1362 1817 Dei,
1405 1761 1458 1808 et
1499 1751 1666 1807 Judaei
1717 1767 1802 1806 re-
1836 1753 1881 1811 Β
1918 1771 1937 1803 ‹
1976 1761 2131 1807 naret
2175 1762 2336 1822 atque
2378 1752 2672 1808 excoleret.
2705 1771 2724 1804 ο
2773 1751 2910 1820 Quid
2960 1770 3057 1823 per
3100 1754 3315 1816 Esther,
3369 1769 3488 1823 qua:

211 1851 337 1922 pleti
366 1849 486 1905 zelo
511 1847 942 1905 contradicerent
967 1847 1050 1900 his
1078 1860 1196 1914 qua:
1226 1859 1256 1898 a
1285 1842 1450 1897 Paulo
1477 1843 1804 1898 dicebantur

212 1944 684 2013 blasphemantes,
733 1946 1046 1996 constanter
1087 1937 1154 1990 ad
1201 1952 1293 1992 eos
1348 1937 1484 1992 dixit
1523 1954 1534 1988 :
1581 1936 1599 1986 ἁ
1643 1933 1804 1989 Vobis

211 2036 498 2106 oportebat
541 2032 772 2102 primum
811 2029 956 2098 loqui
992 2029 1213 2082 verbum
1250 2025 1364 2091 Dei,
1409 2024 1504 2080 sed
1550 2024 1804 2095 quoniam

209 2127 478 2198 repellitis
503 2126 654 2190 illud,
681 2133 736 2178 et
758 2123 1005 2192 indignos
1031 2136 1124 2175 vos
1145 2120 1398 2190 judicatis
1419 2128 1635 2173 aeterna:
1656 2118 1801 2182 vitae,

211 2234 337 2274 ecce
387 2217 756 2273 convertimur
783 2215 850 2269 ad
885 2221 1101 2282 gentes;
1146 2211 1224 2265 sic
1251 2211 1395 2264 enim
1423 2209 1678 2279 praecepit
1705 2223 1802 2262 no-

211 2308 291 2362 bis
320 2307 620 2362 Dominus:
655 2304 816 2360 Posui
847 2314 896 2357 te
942 2303 995 2355 in
1026 2301 1207 2355 lumen
1241 2300 1506 2371 gentibus,
1542 2308 1601 2354 ut
1629 2299 1704 2354 sis
1746 2300 1801 2354 in

213 2399 442 2454 salutem
473 2409 641 2466 usque
668 2395 733 2449 ad
759 2400 1061 2449 extremum
1093 2400 1266 2446 terrae.
1297 2390 1591 2445 Audientes
1620 2400 1798 2444 autem

211 2500 399 2561 genus
437 2489 632 2560 gavisae
661 2494 819 2549 sunt,
849 2493 903 2539 et
945 2481 1385 2552 gloriﬁcaverunt
1424 2479 1648 2533 verbum
1683 2479 1788 2533 Do-

212 2581 360 2638 mini.
389 2587 445 2634 et
476 2576 814 2632 crediderunt
857 2579 1120 2649 quotquot
1159 2579 1313 2628 erant
1361 2569 1704 2643 prerordinati
1733 2574 1802 2629 ad

213 2669 377 2727 vitam
405 2676 663 2727 aeternam
691 2665 830 2740 (.ict.
855 2667 998 2738 xm).

839 2797 1067 2854 CAPUT
1106 2796 1190 2851 lll.

216 2906 366 2972 Quod
391 2905 463 2959 ad
487 2903 699 2957 Assueri
733 2903 863 2972 regis
891 2902 1162 2970 imperium
1186 2915 1256 2972 ex
1279 2896 1492 2972 diuersis
1519 2894 1797 2963 provinciis

279 2977 472 3047 puella:
521 2968 1302 3052 virgines‘congregatw‘sint,‘
1330 2968 1472 3052 inter.
1505 2980 1636 3046 quas
1685 2972 1796 3016 erat

279 3034 518 3105 'Esther,
569 3034 682 3112 [ilia
741 3034 921 3112 fratris
977 3034 1302 3092 Mardochwi
1361 3034 1573 3112 Judaei,
1637 3047 1795 3104 quam

283 3119 393 3185 ipse
419 3105 644 3185 patruus
677 3105 790 3184 ejus
812 3111 1045 3180 diligenti
1075 3125 1202 3162 cura
1234 3105 1513 3160 nutriebat.

288 3249 304 3279 ε
339 3227 440 3281 llis
472 3227 543 3278 ita
575 3225 762 3295 gestis,
792 3231 1076 3292 postquam
1103 3218 1246 3288 regis
1273 3217 1498 3271 Assueri-
1519 3214 1798 3271 deferbue-

217 3338 235 3368 ι
268 3328 352 3372 rat
403 3315 722 3386 indignatio,
772 3311 1094 3367 recordatus
1131 3317 1217 3363 est
1253 3305 1439 3362 Vasthi
1486 3314 1540 3361 et
1571 3320 1690 3376 quae
1719 3304 1797 3359 fe-

216 3433 233 3464 ‹
260 3414 430 3466 cisset
459 3409 543 3465 vel
563 3423 681 3479 qua:
705 3422 864 3478 passa
897 3414 1056 3460 esset.
1088 3404 1455 3471 Dixeruntque
1476 3402 1627 3471 pueri
1655 3416 1796 3471 regis

216 3520 235 3548 ι
264 3518 328 3556 ac
360 3498 598 3554 ministri
637 3497 753 3564 ejus
781 3512 795 3549 :
829 3495 1150 3562 Qumrantur
1174 3493 1286 3563 regi
1315 3492 1505 3561 puella:
1535 3492 1792 3562 virgines,

219 3611 236 3642 ι
267 3600 323 3645 et
361 3589 637 3643 adducant
663 3601 756 3642 eas
787 3584 854 3639 ad
883 3585 1158 3640 civitatem
1197 3581 1394 3646 Susan,
1423 3590 1477 3636 et
1503 3584 1714 3637 tradant
1739 3583 1794 3637 in

215 3685 483 3738 ulomum
522 3679 844 3736 feminarum
891 3678 991 3731 sub
1021 3691 1182 3730 manu
1223 3673 1348 3744 Egei
1396 3675 1654 3739 eunuchi,
1697 3675 1791 3744 qui

222 3791 238 3819 ι
269 3780 352 3826 est
394 3769 720 3839 praepositus
760 3775 814 3821 et
850 3776 1032 3821 custos
1086 3764 1368 3820 mulierum
1409 3764 1698 3834 regiarum,
1738 3772 1795 3819 et

222 3883 238 3912 ι
267 3863 545 3932 accipiant
585 3860 844 3915 mundum
886 3858 1224 3923 muliebrem,
1267 3865 1323 3912 et
1349 3865 1542 3912 caetera
1571 3856 1640 3911 ad
1665 3870 1794 3912 usus

214 3974 231 4003 ι
261 3951 607 4017 necessaria;
633 3959 686 4006 et
715 3964 1046 4022 qumcunque
1076 3949 1217 4002 inter
1237 3963 1427 4003 omnes
1454 3947 1626 4002 oculis
1652 3948 1794 4017 regis

219 4064 237 4096 ‹
265 4041 560 4114 placuerit,
589 4043 704 4113 ipsa
742 4047 930 4112 regnet
961 4053 1058 4110 pro
1085 4039 1334 4094 Vasthi.»
1363 4037 1595 4107 Repulsa
1630 4038 1794 4108 igitur

210 4137 395 4192 Judaaa
427 4151 460 4188 a
489 4134 765 4189 consortio
789 4130 980 4202 regali,
1012 4130 1236 4186 diversae
1263 4139 1450 4202 gentes
1473 4145 1538 4186 ac
1565 4129 1793 4185 diversa:

207 4243 456 4300 personae
501 4224 833 4295 singularum
882 4223 1122 4294 gentium
1165 4238 1234 4276 ex
1279 4221 1508 4276 diversis
1545 4220 1793 4291 partibus

208 4317 394 4372 mundi
451 4314 518 4368 ad
563 4313 876 4368 societatem
911 4312 1071 4383 regite
1098 4310 1374 4382 dignitatis
1401 4326 1500 4382 per
1525 4312 1791 4382 praedica-

208 4419 355 4462 tores
401 4414 644 4470 sanctos,
677 4404 769 4474 qui
794 4403 1026 4458 ministri
1053 4402 1268 4458 fuerunt
1302 4403 1595 4474 evangelici
1618 4401 1791 4470 verbi,

1906 1844 2294 1914 interpretatur
2337 1844 2611 1909 absconsa,
2654 1851 2710 1898 et
2735 1843 2908 1898 altero
2947 1845 3163 1899 nomine
3191 1843 3488 1899 vocabatur

1905 1935 2109 1998 Edissa,
2145 1937 2245 1990 hoc
2286 1944 2367 1990 est
2404 1935 2784 2000 misericordia,
2819 1935 2923 1990 nisi
2974 1938 3213 2004 gentium
3238 1937 3490 1991 Ecclesia

1904 2026 2216 2095 designatur
2240 2065 2255 2090 ,
2300 2041 2420 2094 quae
2461 2027 2514 2080 in
2566 2025 2883 2082 abscondito
2909 2025 3087 2080 cordis
3141 2027 3222 2081 sui
3264 2037 3494 2095 propter

1904 2115 2028 2171 ﬁdei
2072 2118 2378 2172 castitatem
2424 2117 2601 2186 placet
2645 2119 2790 2184 Deo,
2843 2126 2899 2173 et
2947 2117 3374 2172 misericordiam
3423 2133 3486 2171 ac

1903 2207 2133 2278 gratiam
2179 2221 2362 2260 coram
2407 2206 2576 2261 oculis
2612 2207 2705 2262 Dei
2742 2208 2912 2277 magis
2956 2207 3348 2276 invenitquam
3377 2206 3484 2276 Sy-

1903 2313 2111 2368 nagoga
2133 2297 2462 2362 Judmorum,
2483 2313 2602 2366 qua:
2625 2300 2816 2352 merito
2834 2298 3126 2368 impietatis
3148 2312 3256 2351 sure
3279 2299 3484 2368 absque

1904 2391 2272 2446 misericordia
2314 2405 2412 2460 per
2464 2391 2660 2446 Oscam
2703 2393 3017 2461 prophetam
3047 2401 3289 2445 vocatur.
3332 2391 3483 2446 Hanc

1898 2497 2030 2556 ergo
2067 2481 2435 2541 Mardochseus'
2469 2481 2783 2556 spirituahs,
2816 2482 2940 2554 quia
2971 2490 3257 2552 suumque
3286 2496 3483 2554 pareo.—

1903 2587 2008 2631 tcm
2064 2579 2342 2642 amiserat,
2380 2577 2480 2631 sibi
2511 2577 2786 2646 addptavit
2825 2578 2878 2630 in
2917 2576 3102 2630 ﬁliam.
3134 2576 3202 2630 Et
3227 2577 3353 2645 quid
3385 2590 3483 2644 per

1901 2669 2319 2735 Mardochzeum,
2355 2670 2456 2724 nisi
2494 2670 2744 2724 doctores
2780 2669 3020 2740 gentium
3065 2668 3482 2740 signiﬁcantur?

1903 2761 1969 2815 Et
2010 2762 2244 2816 maxime
2290 2761 2482 2815 beatus
2525 2759 2724 2814 Paulus
2771 2759 3068 2830 apostolus,
3099 2760 3190 2828 qui
3213 2760 3378 2812 etiam
3409 2759 3477 2812 de

1901 2851 2070 2921 stirpe
2101 2851 2367 2915 Jemiuea,
2406 2852 2506 2904 hoc
2531 2859 2632 2916 est,
2676 2852 2740 2905 de
2773 2851 2914 2906 tribu
2945 2851 3222 2920 Beniamin
3259 2866 3317 2905 se
3357 2866 3480 2906 esse

1903 2952 2150 2998 testatur.
2175 2941 2273 2997 Cui
2301 2957 2516 3012 quoque
2543 2943 2826 2999 vocatione
2863 2943 2956 2998 Dei
2988 2960 3017 2998 a
3052 2953 3396 3013 persecutore
3421 2946 3479 3000 in

1901 3033 2203 3104 apostolum
2223 3047 2505 3098 converso,
2523 3033 2812 3088 commissa
2834 3045 2917 3089 est
2939 3034 3175 3090 Ecclesia
3199 3036 3438 3106 gentium
3461 3053 3475 3087 :

1825 3122 1868 3183 C
1901 3135 1957 3181 et
1983 3126 2098 3196 ipse
2138 3141 2258 3180 eam
2301 3134 2518 3179 mortuo
2543 3133 2698 3196 patre
2737 3133 2793 3180 et
2819 3135 3010 3193 matre,
3041 3140 3226 3180 errore
3272 3125 3480 3182 scilicet

1901 3225 2063 3287 atque
2107 3216 2490 3287 superstitione
2542 3215 2746 3287 gentili,
2778 3217 3168 3287 quodammodo
3199 3217 3326 3271 fecit
3358 3233 3480 3272 esse

1897 3324 2072 3374 suam,
2118 3324 2241 3364 cum
2277 3325 2376 3380 per
2413 3308 2664 3378 baptismi
2702 3310 2928 3380 gratiam
2955 3319 3011 3365 et
3052 3311 3275 3366 verbum
3304 3310 3482 3364 Evan-

1897 3400 2020 3472 gelii
2051 3399 2406 3471 omnipotenti
2437 3398 2586 3454 Patri
2627 3400 2790 3454 tiliam
2818 3401 2883 3455 ad
2915 3401 3140 3456 salutem
3184 3417 3476 3473 regenera—

1896 3492 1974 3544 vit
1998 3499 2273 3546 aeternam.
2310 3491 2462 3546 Unde
2503 3492 2618 3561 ipse
2647 3491 2780 3547 dixit
2804 3493 2870 3547 ad
2897 3508 3030 3548 eos:
3066 3512 3084 3544 ς
3119 3493 3270 3550 Licet
3292 3496 3476 3565 plures

1895 3583 2183 3653 magistros
2213 3583 2510 3647 haberetis,
2546 3591 2724 3638 tamen
2759 3599 2864 3637 non
2893 3585 3090 3640 multos
3122 3596 3329 3658 patres.
3363 3588 3478 3659 Ego

1893 3672 2039 3726 enim
2090 3672 2144 3726 in
2186 3671 2402 3727 Christo
2433 3686 2528 3743 per
2556 3672 2902 3743 Evangelium
2935 3690 3028 3730 vos
3055 3677 3213 3746 genui
3264 3677 3316 3748 (1
3347 3676 3474 3731 Cor.

1895 3763 1991 3836 ιν).
2030 3783 2049 3816 ι
2094 3763 2217 3818 Haec
2264 3779 2392 3834 ergo
2422 3765 2691 3834 quondam
2721 3780 2819 3834 per
2855 3765 3352 3822 Nabuchodonosor
3381 3784 3474 3824 re-

1893 3868 2014 3924 gem
2044 3854 2327 3924 Babylonis
2354 3855 2406 3909 in
2443 3856 2803 3924 captivitatem
2831 3856 3074 3911 traducta
3101 3866 3202 3923 est,
3225 3874 3346 3913 cum
3376 3873 3480 3928 per

1895 3946 2164 4002 diabolum
2193 3962 2222 3999 a
2253 3949 2482 4001 naturali
2507 3948 2623 4017 lege
2649 3957 2704 4002 et
2733 3949 2879 4003 cultu
2909 3951 3064 4004 unius
3087 3950 3177 4005 Dei
3207 3952 3261 4006 in
3283 3951 3478 4006 confu-

1895 4038 2104 4092 sionem
2132 4037 2448 4093 idololatria:
2469 4037 2728 4093 translata
2749 4047 2851 4093 est.
2874 4037 2980 4094 Sed
3002 4054 3119 4094 eam
3149 4041 3319 4110 pietas
3341 4041 3477 4096 divi-

1893 4143 1962 4182 na
1989 4127 2209 4182 omnino
2248 4143 2352 4182 non
2380 4128 2640 4192 deseruit,
2673 4123 2782 4182 imo
2809 4143 2907 4199 per
2934 4131 3315 4198 prtedicatores
3344 4147 3473 4187 suos

1894 4217 1959 4272 ad
1998 4217 2243 4273 veritatis
2263 4215 2404 4270 viam
2436 4218 2630 4272 iterum
2660 4219 2949 4283 revocavit,
2979 4219 3070 4290 qui
3121 4220 3238 4288 ejus
3285 4236 3473 4274 curam

1895 4308 2200 4380 diligentius
2228 4307 2509 4372 habentes,
2553 4309 2913 4362 educaverant
2939 4323 3059 4364 eam
3096 4310 3147 4363 in
3184 4309 3329 4362 omni
3359 4311 3472 4378 pic-

1897 4409 2026 4466 tate,
2056 4408 2112 4454 et
2143 4397 2373 4468 iustitia,
2417 4406 2473 4452 et
2512 4399 2759 4452 veritate.
2789 4397 2926 4453 lluie
2969 4399 3142 4468 Egens
3166 4401 3466 4466 eunuchus,

207 4502 638 4564 adducebantur,
667 4506 721 4553 et
757 4498 969 4552 traditae
1015 4505 1140 4552 sunt
1173 4497 1273 4552 sub
1317 4511 1478 4550 manu
1519 4496 1668 4567 Egei,
1701 4497 1792 4566 qui
1822 4479 1872 4541 Ῑ)
1897 4495 1998 4549 hoc
2023 4502 2126 4558 est,
2152 4500 2428 4565 pastorum
2459 4491 2593 4546 ordo
2614 4493 2968 4558 castissimus,
2992 4507 3190 4561 parans
3211 4492 3474 4546 mundum

209 4591 606 4662 interpretatur
649 4588 867 4658 festinus
897 4585 980 4642 vel
1014 4587 1280 4652 solemnis,
1324 4587 1610 4657 prinposito
1669 4603 1787 4640 mu—

206 4680 402 4735 lierum
449 4679 743 4749 regiarum,
774 4679 877 4732 hoc
903 4685 1004 4742 est,
1035 4678 1134 4732 sub
1163 4692 1292 4730 cura
1316 4685 1590 4745 pastorum
1619 4692 1682 4731 ac
1710 4692 1793 4732 re-

202 4781 422 4827 ctorum
453 4769 729 4832 Ecclesitr,
753 4769 946 4836 quibus
975 4767 1215 4821 custodia
1249 4767 1538 4822 commissa
1565 4777 1647 4821 est
1675 4767 1792 4821 ani-

204 4876 427 4917 marum
487 4858 744 4924 ﬁdelium,
777 4866 837 4913 ut
885 4857 984 4928 ipsi
1029 4858 1108 4912 eis
1154 4859 1476 4926 praeberent,
1525 4861 1688 4914 verbo
1739 4867 1794 4915 et

203 4952 486 5023 exemplo,
523 4949 783 5022 quidquid
836 4949 904 5003 ad
933 4948 1137 5004 cultum
1174 4950 1390 5018 pietatis
1429 4950 1794 5005 necessarium

202 5051 328 5099 erat
367 5059 382 5095 :
429 5042 618 5111 sicque
657 5054 991 5110 quacunque
1032 5039 1210 5093 anima
1250 5049 1394 5094 recta
1434 5040 1537 5095 ﬁde
1562 5056 1623 5095 ac
1656 5056 1790 5112 pura

200 5131 547 5190 conscientia
602 5128 828 5183 internis
881 5127 1118 5198 pectoris
1161 5127 1332 5182 oculis
1371 5129 1668 5198 placuerit,
1723 5129 1792 5185 ad

199 5223 354 5295 regis
398 5219 589 5276 aaterni
642 5218 937 5273 thalamum
988 5220 1186 5273 munda
1232 5232 1294 5273 ac
1340 5228 1546 5286 sancta,
1579 5234 1674 5289 pro
1707 5235 1792 5276 re-

195 5312 430 5383 pudiata
476 5309 666 5364 Vasthi
707 5308 1014 5364 contumaci
1055 5322 1118 5362 ac
1159 5315 1443 5378 proterva,
1485 5307 1792 5365 introduce-

193 5412 376 5458 retur.

281 5513 304 5544 σ
340 5491 473 5547 Erat
502 5492 584 5546 vir
605 5488 818 5546 Judmus
844 5491 900 5544 in
924 5488 1076 5545 Susis
1100 5490 1338 5556 civitate,
1369 5491 1628 5545 vocabulo
1655 5489 1792 5544 Mar-

200 5607 220 5638 ι
262 5585 548 5651 docbams,
585 5574 726 5639 ﬁlius
752 5583 882 5650 Jair,
911 5582 1004 5636 ﬁlii
1037 5581 1234 5647 Semei,
1268 5583 1359 5637 ﬁlii
1391 5584 1496 5646 Cis,
1531 5583 1597 5638 de
1625 5585 1792 5652 stirpe

201 5696 226 5728 ι
261 5676 488 5743 Jemini,
513 5676 605 5743 qui
631 5675 921 5732 translatus
948 5675 1124 5730 fuerat
1151 5675 1214 5732 dc
1239 5675 1536 5732 Jerusalem
1563 5691 1627 5732 eo
1659 5685 1792 5732 tem-

1895 4579 2233 4646 muliebrem,
2277 4597 2463 4636 sanam
2494 4580 2744 4635 videlicet
2769 4581 3069 4636 doctrinam
3106 4591 3160 4635 et
3189 4581 3313 4635 boni
3341 4596 3470 4650 ope-

1896 4673 1971 4727 ris
1997 4671 2260 4740 exempla,
2292 4671 2511 4726 tradidit
2537 4680 2718 4740 partes
2743 4685 2886 4737 suas,
2913 4670 3153 4742 profecto
3182 4671 3472 4728 scientiam

1896 4763 2301 4835 Scripturarum
2329 4772 2383 4817 et
2407 4765 2745 4818 honestatem
2777 4779 3020 4828 morum;
3055 4763 3139 4817 cui
3161 4763 3325 4817 etiam
3347 4780 3472 4835 sep-

1896 4865 2003 4910 tem
2071 4855 2275 4925 puellas
2334 4853 2759 4922 speciosissimas
2806 4853 3125 4922 pedisequas
3172 4853 3464 4918 ordinavit,

1894 4949 2019 5018 quia
2052 4947 2234 5018 plures
2282 4960 2542 5015 personas
2572 4944 2806 4999 ﬁdelium
2856 4942 3182 5014 septiformis
3232 4943 3466 5016 Spiritus

1895 5040 2068 5094 sancti
2114 5038 2284 5109 gratia
2315 5044 2678 5108 regeneratas,
2709 5043 2764 5089 et
2809 5049 2929 5104 qua:
2969 5036 3106 5090 bona
3153 5040 3468 5106 operatione

1893 5139 2270 5200 sequerentur,
2301 5129 2470 5197 ipsius
2494 5125 2850 5195 discipliuatui
2881 5126 3237 5186 saluberrimo
3276 5131 3468 5187 subro-

1893 5223 2068 5294 gavit;
2099 5220 2306 5276 scilicet
2333 5226 2394 5274 ut
2433 5217 2677 5290 profectu
2709 5218 2831 5274 ﬁdei
2859 5227 2913 5273 et
2938 5219 3179 5276 omnium
3203 5223 3465 5278 virtutum

1896 5317 2153 5372 adornata
2187 5311 2415 5384 fulgore,
2446 5314 2511 5366 ad
2538 5311 2682 5383 regis
2701 5311 2887 5367 aterni
2918 5311 3137 5369 thorum
3163 5328 3259 5386 per
3283 5316 3468 5372 omnia

1897 5407 2090 5462 habilis
2110 5403 2458 5459 inveniretur.

1971 5517 1990 5549 ι
2022 5495 2151 5563 Quae
2180 5493 2349 5549 noluit
2388 5493 2626 5548 indicare
2663 5492 2913 5562 populum
2943 5501 2998 5547 et
3022 5493 3251 5563 patriam
3279 5507 3462 5562 suam,

1889 5605 1919 5658 ¹ι
1955 5586 2320 5640 Mardochzeus
2346 5582 2489 5636 enim
2518 5592 2849 5653 praeceperat
2884 5591 2941 5636 ut
2969 5583 3034 5636 de
3066 5583 3164 5636 hac
3193 5595 3254 5634 re
3289 5583 3462 5637 omnl-

1904 5693 1971 5732 no
1999 5677 2266 5731 reticeret.
2317 5693 2336 5728 ι
2371 5671 2552 5729 Noluit
2581 5674 2726 5729 enim
2766 5673 3000 5728 Ecclesia
3038 5672 3296 5742 gentium,
3337 5688 3465 5728 san-
