  <div class='ocr_page' id='page_1' title='image "/cluster/home/n/w/nwhite01/storage/ocr_20150623/109/hvd.32044054759741/329.png"; bbox 0 0 3960 6178; ppageno 0'>
   <div class='ocr_carea' id='block_1_1' title="bbox 505 242 607 298">
    <p class='ocr_par' dir='ltr' id='par_1_1' title="bbox 505 242 607 298">
     <span class='ocr_line' id='line_1_1' title="bbox 505 242 607 298; baseline -0.039 0"><span class='ocrx_word' id='word_1_1' title='bbox 505 242 607 298; x_wconf 59' lang='grc'><strong>647</strong></span> 
     </span>
    </p>
   </div>
   <div class='ocr_carea' id='block_1_2' title="bbox 1189 234 3116 321">
    <p class='ocr_par' dir='ltr' id='par_1_2' title="bbox 1189 234 3116 321">
     <span class='ocr_line' id='line_1_2' title="bbox 1189 234 3116 321; baseline 0 -31"><span class='ocrx_word' id='word_1_2' title='bbox 1189 236 1247 291; x_wconf 74' lang='grc' dir='ltr'><strong>Β.</strong></span> <span class='ocrx_word' id='word_1_3' title='bbox 1290 235 1541 290; x_wconf 71' lang='lat' dir='ltr'><strong>RABANl</strong></span> <span class='ocrx_word' id='word_1_4' title='bbox 1586 234 1798 293; x_wconf 67' lang='lat' dir='ltr'><strong>MAURI</strong></span> <span class='ocrx_word' id='word_1_5' title='bbox 1838 235 2155 293; x_wconf 78' lang='lat' dir='ltr'><strong>ARCHIEP.</strong></span> <span class='ocrx_word' id='word_1_6' title='bbox 2198 234 2824 321; x_wconf 55' lang='lat' dir='ltr'><strong>liOGU-NT.DPERUM</strong></span> <span class='ocrx_word' id='word_1_7' title='bbox 2859 234 3043 292; x_wconf 80' lang='lat' dir='ltr'><strong>PARS</strong></span> <span class='ocrx_word' id='word_1_8' title='bbox 3077 235 3116 290; x_wconf 87' lang='lat' dir='ltr'><strong>l.</strong></span> 
     </span>
    </p>
   </div>
   <div class='ocr_carea' id='block_1_3' title="bbox 3651 241 3755 295">
    <p class='ocr_par' dir='ltr' id='par_1_3' title="bbox 3651 241 3755 295">
     <span class='ocr_line' id='line_1_3' title="bbox 3651 241 3755 295; baseline 0.019 -2"><span class='ocrx_word' id='word_1_9' title='bbox 3651 241 3755 295; x_wconf 64' lang='grc' dir='ltr'>ωε</span> 
     </span>
    </p>
   </div>
   <div class='ocr_carea' id='block_1_4' title="bbox 505 343 3757 418">
    <p class='ocr_par' dir='ltr' id='par_1_4' title="bbox 505 343 3757 418">
     <span class='ocr_line' id='line_1_4' title="bbox 505 343 3757 418; baseline -0.002 -8"><span class='ocrx_word' id='word_1_10' title='bbox 505 364 713 411; x_wconf 75' lang='lat' dir='ltr'><strong>rtorum</strong></span> <span class='ocrx_word' id='word_1_11' title='bbox 742 355 1019 409; x_wconf 89' lang='lat' dir='ltr'><strong>doctorum</strong></span> <span class='ocrx_word' id='word_1_12' title='bbox 1044 348 1329 418; x_wconf 72' lang='lat' dir='ltr'><strong>praeceptis</strong></span> <span class='ocrx_word' id='word_1_13' title='bbox 1368 348 1648 411; x_wconf 87' lang='lat' dir='ltr'><strong>instructa,</strong></span> <span class='ocrx_word' id='word_1_14' title='bbox 1682 346 1873 416; x_wconf 81' lang='lat' dir='ltr'><strong>patriae</strong></span> <span class='ocrx_word' id='word_1_15' title='bbox 1894 356 1948 402; x_wconf 88' lang='lat' dir='ltr'><strong>et</strong></span> <span class='ocrx_word' id='word_1_16' title='bbox 1974 364 2066 417; x_wconf 85' lang='lat' dir='ltr'><strong>po-</strong></span> <span class='ocrx_word' id='word_1_17' title='bbox 2094 353 2146 409; x_wconf 81' lang='grc' dir='ltr'>Α</span> <span class='ocrx_word' id='word_1_18' title='bbox 2173 347 2428 399; x_wconf 82' lang='lat' dir='ltr'><strong>virtutum</strong></span> <span class='ocrx_word' id='word_1_19' title='bbox 2458 343 2712 413; x_wconf 82' lang='lat' dir='ltr'><strong>operibus</strong></span> <span class='ocrx_word' id='word_1_20' title='bbox 2756 343 3011 412; x_wconf 88' lang='lat' dir='ltr'><strong>pristinas</strong></span> <span class='ocrx_word' id='word_1_21' title='bbox 3040 346 3228 401; x_wconf 82' lang='lat' dir='ltr'><strong>sordes</strong></span> <span class='ocrx_word' id='word_1_22' title='bbox 3281 348 3482 403; x_wconf 78' lang='lat' dir='ltr'><strong>veteris</strong></span> <span class='ocrx_word' id='word_1_23' title='bbox 3517 348 3757 407; x_wconf 84' lang='lat' dir='ltr'><strong>hominis</strong></span> 
     </span>
    </p>
   </div>
   <div class='ocr_carea' id='block_1_5' title="bbox 503 439 2071 515">
    <p class='ocr_par' dir='ltr' id='par_1_5' title="bbox 503 439 2071 515">
     <span class='ocr_line' id='line_1_5' title="bbox 503 439 2071 515; baseline -0.004 -17"><span class='ocrx_word' id='word_1_24' title='bbox 503 445 611 515; x_wconf 83' lang='lat' dir='ltr'><strong>puli</strong></span> <span class='ocrx_word' id='word_1_25' title='bbox 640 444 720 499; x_wconf 91' lang='lat' dir='ltr'><strong>sui</strong></span> <span class='ocrx_word' id='word_1_26' title='bbox 761 441 987 513; x_wconf 81' lang='lat' dir='ltr'><strong>prodere</strong></span> <span class='ocrx_word' id='word_1_27' title='bbox 1016 440 1212 504; x_wconf 81' lang='lat' dir='ltr'><strong>locum,</strong></span> <span class='ocrx_word' id='word_1_28' title='bbox 1238 440 1367 510; x_wconf 88' lang='lat' dir='ltr'><strong>quia</strong></span> <span class='ocrx_word' id='word_1_29' title='bbox 1403 440 1470 494; x_wconf 89' lang='lat' dir='ltr'><strong>ab</strong></span> <span class='ocrx_word' id='word_1_30' title='bbox 1497 439 1641 494; x_wconf 89' lang='lat' dir='ltr'><strong>omni</strong></span> <span class='ocrx_word' id='word_1_31' title='bbox 1673 439 1793 494; x_wconf 90' lang='lat' dir='ltr'><strong>labe</strong></span> <span class='ocrx_word' id='word_1_32' title='bbox 1822 447 2071 508; x_wconf 84' lang='lat' dir='ltr'><strong>peccato-</strong></span> 
     </span>
    </p>
   </div>
   <div class='ocr_carea' id='block_1_6' title="bbox 504 527 2069 597">
    <p class='ocr_par' dir='ltr' id='par_1_6' title="bbox 504 527 2069 597">
     <span class='ocr_line' id='line_1_6' title="bbox 504 527 2069 597; baseline -0.003 -11"><span class='ocrx_word' id='word_1_33' title='bbox 504 548 622 587; x_wconf 85' lang='lat' dir='ltr'><strong>rum</strong></span> <span class='ocrx_word' id='word_1_34' title='bbox 645 541 700 587; x_wconf 91' lang='lat' dir='ltr'><strong>et</strong></span> <span class='ocrx_word' id='word_1_35' title='bbox 728 531 974 587; x_wconf 83' lang='lat' dir='ltr'><strong>sordibus</strong></span> <span class='ocrx_word' id='word_1_36' title='bbox 996 528 1310 583; x_wconf 70' lang='lat' dir='ltr'><strong>idololatrian</strong></span> <span class='ocrx_word' id='word_1_37' title='bbox 1330 544 1428 597; x_wconf 89' lang='lat' dir='ltr'><strong>per</strong></span> <span class='ocrx_word' id='word_1_38' title='bbox 1452 528 1775 597; x_wconf 79' lang='lat' dir='ltr'><strong>baptismum</strong></span> <span class='ocrx_word' id='word_1_39' title='bbox 1796 527 2069 589; x_wconf 87' lang='lat' dir='ltr'><strong>mundata,</strong></span> 
     </span>
    </p>
   </div>
   <div class='ocr_carea' id='block_1_7' title="bbox 502 618 2072 695">
    <p class='ocr_par' dir='ltr' id='par_1_7' title="bbox 502 618 2072 695">
     <span class='ocr_line' id='line_1_7' title="bbox 502 618 2072 695; baseline -0.005 -15"><span class='ocrx_word' id='word_1_40' title='bbox 502 638 839 695; x_wconf 73' lang='lat' dir='ltr'><strong>nequaquam</strong></span> <span class='ocrx_word' id='word_1_41' title='bbox 869 623 1010 677; x_wconf 91' lang='lat' dir='ltr'><strong>ultra</strong></span> <span class='ocrx_word' id='word_1_42' title='bbox 1036 621 1380 692; x_wconf 80' lang='lat' dir='ltr'><strong>opprobrium</strong></span> <span class='ocrx_word' id='word_1_43' title='bbox 1427 620 1657 674; x_wconf 89' lang='lat' dir='ltr'><strong>sustinet</strong></span> <span class='ocrx_word' id='word_1_44' title='bbox 1686 618 1928 690; x_wconf 78' lang='lat' dir='ltr'><strong>pristina:</strong></span> <span class='ocrx_word' id='word_1_45' title='bbox 1972 618 2072 672; x_wconf 87' lang='lat' dir='ltr'><strong>im-</strong></span> 
     </span>
    </p>
   </div>
   <div class='ocr_carea' id='block_1_8' title="bbox 499 706 2073 784">
    <p class='ocr_par' dir='ltr' id='par_1_8' title="bbox 499 706 2073 784">
     <span class='ocr_line' id='line_1_8' title="bbox 499 706 2073 784; baseline -0.004 -15"><span class='ocrx_word' id='word_1_46' title='bbox 499 714 733 784; x_wconf 73' lang='lat' dir='ltr'><strong>pietatis.</strong></span> <span class='ocrx_word' id='word_1_47' title='bbox 780 712 877 768; x_wconf 88' lang='lat' dir='ltr'><strong>Cui</strong></span> <span class='ocrx_word' id='word_1_48' title='bbox 903 712 1062 768; x_wconf 90' lang='lat' dir='ltr'><strong>etiam</strong></span> <span class='ocrx_word' id='word_1_49' title='bbox 1093 719 1149 765; x_wconf 89' lang='lat' dir='ltr'><strong>et</strong></span> <span class='ocrx_word' id='word_1_50' title='bbox 1191 726 1288 781; x_wconf 90' lang='lat' dir='ltr'><strong>per</strong></span> <span class='ocrx_word' id='word_1_51' title='bbox 1315 709 1637 779; x_wconf 72' lang='lat' dir='ltr'><strong>Prophetam</strong></span> <span class='ocrx_word' id='word_1_52' title='bbox 1680 708 1940 777; x_wconf 65' lang='lat' dir='ltr'><strong>praecepit</strong></span> <span class='ocrx_word' id='word_1_53' title='bbox 1969 706 2073 763; x_wconf 89' lang='lat' dir='ltr'><strong>Do-</strong></span> 
     </span>
    </p>
   </div>
   <div class='ocr_carea' id='block_1_9' title="bbox 478 794 2072 869">
    <p class='ocr_par' dir='ltr' id='par_1_9' title="bbox 478 794 2072 869">
     <span class='ocr_line' id='line_1_9' title="bbox 478 794 2072 869; baseline -0.004 -9"><span class='ocrx_word' id='word_1_54' title='bbox 478 805 678 869; x_wconf 80' lang='lat' dir='ltr'><strong>minus</strong></span> <span class='ocrx_word' id='word_1_55' title='bbox 729 794 953 856; x_wconf 83' lang='lat' dir='ltr'><strong>dicens:</strong></span> <span class='ocrx_word' id='word_1_56' title='bbox 989 819 1007 851; x_wconf 75' lang='grc' dir='ltr'>σ</span> <span class='ocrx_word' id='word_1_57' title='bbox 1043 799 1203 866; x_wconf 83' lang='lat' dir='ltr'><strong>Audi,</strong></span> <span class='ocrx_word' id='word_1_58' title='bbox 1235 798 1364 865; x_wconf 80' lang='lat' dir='ltr'><strong>filia,</strong></span> <span class='ocrx_word' id='word_1_59' title='bbox 1405 806 1459 865; x_wconf 82' lang='lat' dir='ltr'><strong>et</strong></span> <span class='ocrx_word' id='word_1_60' title='bbox 1506 799 1650 864; x_wconf 88' lang='lat' dir='ltr'><strong>vide,</strong></span> <span class='ocrx_word' id='word_1_61' title='bbox 1672 806 1727 853; x_wconf 91' lang='lat' dir='ltr'><strong>et</strong></span> <span class='ocrx_word' id='word_1_62' title='bbox 1747 799 1945 853; x_wconf 89' lang='lat' dir='ltr'><strong>inclina</strong></span> <span class='ocrx_word' id='word_1_63' title='bbox 1974 813 2072 853; x_wconf 84' lang='lat' dir='ltr'><strong>au-</strong></span> 
     </span>
    </p>
   </div>
   <div class='ocr_carea' id='block_1_10' title="bbox 496 875 2064 962">
    <p class='ocr_par' dir='ltr' id='par_1_10' title="bbox 496 875 2064 962">
     <span class='ocr_line' id='line_1_10' title="bbox 496 875 2064 962; baseline -0.004 -10"><span class='ocrx_word' id='word_1_64' title='bbox 496 911 612 952; x_wconf 89' lang='lat' dir='ltr'><strong>rem</strong></span> <span class='ocrx_word' id='word_1_65' title='bbox 641 902 808 958; x_wconf 88' lang='lat' dir='ltr'><strong>tuam,</strong></span> <span class='ocrx_word' id='word_1_66' title='bbox 832 901 888 948; x_wconf 89' lang='lat' dir='ltr'><strong>et</strong></span> <span class='ocrx_word' id='word_1_67' title='bbox 927 892 1243 948; x_wconf 85' lang='lat' dir='ltr'><strong>obliviscere</strong></span> <span class='ocrx_word' id='word_1_68' title='bbox 1267 875 1521 962; x_wconf 77' lang='lat' dir='ltr'><strong>populum</strong></span> <span class='ocrx_word' id='word_1_69' title='bbox 1557 878 1729 956; x_wconf 89' lang='lat' dir='ltr'><strong>tuum,</strong></span> <span class='ocrx_word' id='word_1_70' title='bbox 1771 898 1825 946; x_wconf 90' lang='lat' dir='ltr'><strong>et</strong></span> <span class='ocrx_word' id='word_1_71' title='bbox 1848 891 2064 945; x_wconf 89' lang='lat' dir='ltr'><strong>domum</strong></span> 
     </span>
    </p>
   </div>
   <div class='ocr_carea' id='block_1_11' title="bbox 493 985 2065 1066">
    <p class='ocr_par' dir='ltr' id='par_1_11' title="bbox 493 985 2065 1066">
     <span class='ocr_line' id='line_1_11' title="bbox 493 985 2065 1066; baseline -0.006 -17"><span class='ocrx_word' id='word_1_72' title='bbox 493 993 665 1066; x_wconf 88' lang='lat' dir='ltr'><strong>patris</strong></span> <span class='ocrx_word' id='word_1_73' title='bbox 702 992 809 1058; x_wconf 88' lang='lat' dir='ltr'><strong>tui;</strong></span> <span class='ocrx_word' id='word_1_74' title='bbox 860 991 1112 1062; x_wconf 89' lang='lat' dir='ltr'><strong>quoniam</strong></span> <span class='ocrx_word' id='word_1_75' title='bbox 1140 986 1444 1057; x_wconf 91' lang='lat' dir='ltr'><strong>concupivit</strong></span> <span class='ocrx_word' id='word_1_76' title='bbox 1488 1001 1581 1041; x_wconf 84' lang='lat' dir='ltr'><strong>rex</strong></span> <span class='ocrx_word' id='word_1_77' title='bbox 1623 985 1854 1055; x_wconf 86' lang='lat' dir='ltr'><strong>speciem</strong></span> <span class='ocrx_word' id='word_1_78' title='bbox 1895 993 2065 1052; x_wconf 90' lang='lat' dir='ltr'><strong>tuam,</strong></span> 
     </span>
    </p>
   </div>
   <div class='ocr_carea' id='block_1_12' title="bbox 494 1076 2059 1155">
    <p class='ocr_par' dir='ltr' id='par_1_12' title="bbox 494 1076 2059 1155">
     <span class='ocr_line' id='line_1_12' title="bbox 494 1076 2059 1155; baseline -0.007 -17"><span class='ocrx_word' id='word_1_79' title='bbox 494 1086 618 1155; x_wconf 87' lang='lat' dir='ltr'><strong>quia</strong></span> <span class='ocrx_word' id='word_1_80' title='bbox 663 1084 779 1154; x_wconf 91' lang='lat' dir='ltr'><strong>ipse</strong></span> <span class='ocrx_word' id='word_1_81' title='bbox 820 1090 905 1136; x_wconf 89' lang='lat' dir='ltr'><strong>est</strong></span> <span class='ocrx_word' id='word_1_82' title='bbox 954 1080 1212 1136; x_wconf 87' lang='lat' dir='ltr'><strong>Dominus</strong></span> <span class='ocrx_word' id='word_1_83' title='bbox 1257 1078 1401 1132; x_wconf 87' lang='lat' dir='ltr'><strong>Deus</strong></span> <span class='ocrx_word' id='word_1_84' title='bbox 1453 1085 1576 1132; x_wconf 90' lang='lat' dir='ltr'><strong>tuus</strong></span> <span class='ocrx_word' id='word_1_85' title='bbox 1610 1076 1780 1148; x_wconf 84' lang='lat' dir='ltr'><strong>(Psal.</strong></span> <span class='ocrx_word' id='word_1_86' title='bbox 1825 1077 1993 1146; x_wconf 67' lang='grc' dir='ltr'><strong>κων).</strong></span> <span class='ocrx_word' id='word_1_87' title='bbox 2039 1095 2059 1128; x_wconf 73' lang='grc' dir='ltr'><strong><em>ι</em></strong></span> 
     </span>
    </p>
   </div>
   <div class='ocr_carea' id='block_1_13' title="bbox 495 1160 2065 1241">
    <p class='ocr_par' dir='ltr' id='par_1_13' title="bbox 495 1160 2065 1241">
     <span class='ocr_line' id='line_1_13' title="bbox 495 1160 2065 1241; baseline -0.005 -12"><span class='ocrx_word' id='word_1_88' title='bbox 495 1173 648 1229; x_wconf 90' lang='lat' dir='ltr'><strong>Unde</strong></span> <span class='ocrx_word' id='word_1_89' title='bbox 681 1160 1029 1241; x_wconf 79' lang='lat' dir='ltr'><strong>subsequitur</strong></span> <span class='ocrx_word' id='word_1_90' title='bbox 1069 1184 1168 1238; x_wconf 89' lang='lat' dir='ltr'><strong>per</strong></span> <span class='ocrx_word' id='word_1_91' title='bbox 1207 1167 1525 1223; x_wconf 80' lang='lat' dir='ltr'><strong>Mardochaei</strong></span> <span class='ocrx_word' id='word_1_92' title='bbox 1569 1174 1752 1237; x_wconf 91' lang='lat' dir='ltr'><strong>typum</strong></span> <span class='ocrx_word' id='word_1_93' title='bbox 1790 1165 2065 1221; x_wconf 71' lang='lat' dir='ltr'><strong>solertiam</strong></span> 
     </span>
    </p>
   </div>
   <div class='ocr_carea' id='block_1_14' title="bbox 491 1258 1865 1334">
    <p class='ocr_par' dir='ltr' id='par_1_14' title="bbox 491 1258 1865 1334">
     <span class='ocr_line' id='line_1_14' title="bbox 491 1258 1865 1334; baseline -0.009 -15"><span class='ocrx_word' id='word_1_94' title='bbox 491 1265 871 1334; x_wconf 87' lang='lat' dir='ltr'><strong>magistrorum</strong></span> <span class='ocrx_word' id='word_1_95' title='bbox 894 1261 1307 1319; x_wconf 86' lang='lat' dir='ltr'><strong>demonstrando</strong></span> <span class='ocrx_word' id='word_1_96' title='bbox 1331 1258 1609 1328; x_wconf 74' lang='lat' dir='ltr'><strong>Scriptura</strong></span> <span class='ocrx_word' id='word_1_97' title='bbox 1628 1260 1812 1314; x_wconf 87' lang='lat' dir='ltr'><strong>dicens</strong></span> <span class='ocrx_word' id='word_1_98' title='bbox 1837 1275 1865 1310; x_wconf 75' lang='grc' dir='ltr'><strong>ε,</strong></span> 
     </span>
    </p>
   </div>
   <div class='ocr_carea' id='block_1_15' title="bbox 568 1346 2060 1421">
    <p class='ocr_par' dir='ltr' id='par_1_15' title="bbox 568 1346 2060 1421">
     <span class='ocr_line' id='line_1_15' title="bbox 568 1346 2060 1421; baseline -0.002 -14"><span class='ocrx_word' id='word_1_99' title='bbox 568 1374 589 1407; x_wconf 73' lang='grc' dir='ltr'><strong><em>ι</em></strong></span> <span class='ocrx_word' id='word_1_100' title='bbox 621 1355 721 1421; x_wconf 86' lang='lat' dir='ltr'><strong>Qui</strong></span> <span class='ocrx_word' id='word_1_101' title='bbox 769 1352 1144 1409; x_wconf 86' lang='lat' dir='ltr'><strong>deambulabat</strong></span> <span class='ocrx_word' id='word_1_102' title='bbox 1189 1350 1429 1421; x_wconf 86' lang='lat' dir='ltr'><strong>quotidie</strong></span> <span class='ocrx_word' id='word_1_103' title='bbox 1457 1357 1582 1405; x_wconf 87' lang='lat' dir='ltr'><strong>ante</strong></span> <span class='ocrx_word' id='word_1_104' title='bbox 1607 1346 1931 1403; x_wconf 83' lang='lat' dir='ltr'><strong>vestibulum</strong></span> <span class='ocrx_word' id='word_1_105' title='bbox 1963 1348 2060 1404; x_wconf 83' lang='lat' dir='ltr'><strong>do-</strong></span> 
     </span>
    </p>
   </div>
   <div class='ocr_carea' id='block_1_16' title="bbox 2179 433 3756 493">
    <p class='ocr_par' dir='ltr' id='par_1_16' title="bbox 2179 433 3756 493">
     <span class='ocr_line' id='line_1_16' title="bbox 2179 433 3756 493; baseline 0.003 -4"><span class='ocrx_word' id='word_1_106' title='bbox 2179 434 2394 489; x_wconf 88' lang='lat' dir='ltr'><strong>abluere</strong></span> <span class='ocrx_word' id='word_1_107' title='bbox 2416 442 2470 490; x_wconf 90' lang='lat' dir='ltr'><strong>et</strong></span> <span class='ocrx_word' id='word_1_108' title='bbox 2496 433 2621 488; x_wconf 88' lang='lat' dir='ltr'><strong>novi</strong></span> <span class='ocrx_word' id='word_1_109' title='bbox 2643 435 2893 488; x_wconf 87' lang='lat' dir='ltr'><strong>decorem</strong></span> <span class='ocrx_word' id='word_1_110' title='bbox 2918 434 3142 489; x_wconf 88' lang='lat' dir='ltr'><strong>induere</strong></span> <span class='ocrx_word' id='word_1_111' title='bbox 3162 433 3446 493; x_wconf 80' lang='lat' dir='ltr'><strong>festinent.</strong></span> <span class='ocrx_word' id='word_1_112' title='bbox 3491 435 3584 493; x_wconf 91' lang='lat' dir='ltr'><strong>Sic</strong></span> <span class='ocrx_word' id='word_1_113' title='bbox 3609 438 3756 493; x_wconf 83' lang='lat' dir='ltr'><strong>enim</strong></span> 
     </span>
    </p>
   </div>
   <div class='ocr_carea' id='block_1_17' title="bbox 2177 522 3752 595">
    <p class='ocr_par' dir='ltr' id='par_1_17' title="bbox 2177 522 3752 595">
     <span class='ocr_line' id='line_1_17' title="bbox 2177 522 3752 595; baseline 0.001 -14"><span class='ocrx_word' id='word_1_114' title='bbox 2177 527 2229 581; x_wconf 92' lang='lat' dir='ltr'><strong>in</strong></span> <span class='ocrx_word' id='word_1_115' title='bbox 2284 526 2507 593; x_wconf 85' lang='lat' dir='ltr'><strong>Actibus</strong></span> <span class='ocrx_word' id='word_1_116' title='bbox 2557 522 2934 595; x_wconf 81' lang='lat' dir='ltr'><strong>apostolorum</strong></span> <span class='ocrx_word' id='word_1_117' title='bbox 2999 524 3215 593; x_wconf 79' lang='lat' dir='ltr'><strong>legitur,</strong></span> <span class='ocrx_word' id='word_1_118' title='bbox 3270 524 3413 595; x_wconf 89' lang='lat' dir='ltr'><strong>quod</strong></span> <span class='ocrx_word' id='word_1_119' title='bbox 3471 525 3752 583; x_wconf 72' lang='lat' dir='ltr'><strong>Cornelius</strong></span> 
     </span>
    </p>
   </div>
   <div class='ocr_carea' id='block_1_18' title="bbox 2175 613 3761 691">
    <p class='ocr_par' dir='ltr' id='par_1_18' title="bbox 2175 613 3761 691">
     <span class='ocr_line' id='line_1_18' title="bbox 2175 613 3761 691; baseline 0 -20"><span class='ocrx_word' id='word_1_120' title='bbox 2175 616 2425 691; x_wconf 89' lang='lat' dir='ltr'><strong>centurio</strong></span> <span class='ocrx_word' id='word_1_121' title='bbox 2458 615 2791 675; x_wconf 85' lang='lat' dir='ltr'><strong>orationibus</strong></span> <span class='ocrx_word' id='word_1_122' title='bbox 2818 623 2872 669; x_wconf 92' lang='lat' dir='ltr'><strong>et</strong></span> <span class='ocrx_word' id='word_1_123' title='bbox 2897 613 3255 685; x_wconf 90' lang='lat' dir='ltr'><strong>eleemosynis</strong></span> <span class='ocrx_word' id='word_1_124' title='bbox 3282 615 3516 684; x_wconf 89' lang='lat' dir='ltr'><strong>primum</strong></span> <span class='ocrx_word' id='word_1_125' title='bbox 3545 615 3761 686; x_wconf 84' lang='lat' dir='ltr'><strong>placas-</strong></span> 
     </span>
    </p>
   </div>
   <div class='ocr_carea' id='block_1_19' title="bbox 2174 705 3758 776">
    <p class='ocr_par' dir='ltr' id='par_1_19' title="bbox 2174 705 3758 776">
     <span class='ocr_line' id='line_1_19' title="bbox 2174 705 3758 776; baseline 0.002 -14"><span class='ocrx_word' id='word_1_126' title='bbox 2174 714 2257 762; x_wconf 89' lang='lat' dir='ltr'><strong>set</strong></span> <span class='ocrx_word' id='word_1_127' title='bbox 2277 708 2463 773; x_wconf 90' lang='lat' dir='ltr'><strong>Deum,</strong></span> <span class='ocrx_word' id='word_1_128' title='bbox 2509 706 2721 772; x_wconf 90' lang='lat' dir='ltr'><strong>deinde,</strong></span> <span class='ocrx_word' id='word_1_129' title='bbox 2760 705 3077 763; x_wconf 86' lang='lat' dir='ltr'><strong>adveniente</strong></span> <span class='ocrx_word' id='word_1_130' title='bbox 3099 705 3283 771; x_wconf 89' lang='lat' dir='ltr'><strong>Petro,</strong></span> <span class='ocrx_word' id='word_1_131' title='bbox 3325 706 3575 776; x_wconf 82' lang='lat' dir='ltr'><strong>baptismi</strong></span> <span class='ocrx_word' id='word_1_132' title='bbox 3600 711 3758 765; x_wconf 58' lang='lat' dir='ltr'><strong>mnu-</strong></span> 
     </span>
    </p>
   </div>
   <div class='ocr_carea' id='block_1_20' title="bbox 2171 794 3758 871">
    <p class='ocr_par' dir='ltr' id='par_1_20' title="bbox 2171 794 3758 871">
     <span class='ocr_line' id='line_1_20' title="bbox 2171 794 3758 871; baseline 0.003 -21"><span class='ocrx_word' id='word_1_133' title='bbox 2171 795 2445 852; x_wconf 90' lang='lat' dir='ltr'><strong>dationem</strong></span> <span class='ocrx_word' id='word_1_134' title='bbox 2468 804 2523 851; x_wconf 91' lang='lat' dir='ltr'><strong>et</strong></span> <span class='ocrx_word' id='word_1_135' title='bbox 2551 794 2787 868; x_wconf 88' lang='lat' dir='ltr'><strong>Spiritus</strong></span> <span class='ocrx_word' id='word_1_136' title='bbox 2824 796 2998 851; x_wconf 82' lang='lat' dir='ltr'><strong>sancti</strong></span> <span class='ocrx_word' id='word_1_137' title='bbox 3023 796 3503 853; x_wconf 86' lang='lat' dir='ltr'><strong>sanctiﬁcationem</strong></span> <span class='ocrx_word' id='word_1_138' title='bbox 3541 800 3758 871; x_wconf 85' lang='lat' dir='ltr'><strong>accipe-</strong></span> 
     </span>
    </p>
   </div>
   <div class='ocr_carea' id='block_1_21' title="bbox 2171 884 2847 956">
    <p class='ocr_par' dir='ltr' id='par_1_21' title="bbox 2171 884 2847 956">
     <span class='ocr_line' id='line_1_21' title="bbox 2171 884 2847 956; baseline -0.003 -16"><span class='ocrx_word' id='word_1_139' title='bbox 2171 893 2273 940; x_wconf 85' lang='lat' dir='ltr'><strong>ret.</strong></span> <span class='ocrx_word' id='word_1_140' title='bbox 2295 884 2446 942; x_wconf 88' lang='lat' dir='ltr'><strong>Unde</strong></span> <span class='ocrx_word' id='word_1_141' title='bbox 2469 884 2810 956; x_wconf 88' lang='lat' dir='ltr'><strong>subjungitur</strong></span> <span class='ocrx_word' id='word_1_142' title='bbox 2834 902 2847 938; x_wconf 89' lang='lat'><strong>:</strong></span> 
     </span>
    </p>
   </div>
   <div class='ocr_carea' id='block_1_22' title="bbox 2246 973 3747 1048">
    <p class='ocr_par' dir='ltr' id='par_1_22' title="bbox 2246 973 3747 1048">
     <span class='ocr_line' id='line_1_22' title="bbox 2246 973 3747 1048; baseline 0.006 -23"><span class='ocrx_word' id='word_1_143' title='bbox 2246 991 2265 1025; x_wconf 69' lang='grc' dir='ltr'><strong>α</strong></span> <span class='ocrx_word' id='word_1_144' title='bbox 2328 973 2800 1045; x_wconf 87' lang='lat' dir='ltr'><strong>lngredientesque</strong></span> <span class='ocrx_word' id='word_1_145' title='bbox 2855 975 2924 1029; x_wconf 88' lang='lat' dir='ltr'><strong>ad</strong></span> <span class='ocrx_word' id='word_1_146' title='bbox 2981 989 3185 1045; x_wconf 82' lang='lat' dir='ltr'><strong>regem,</strong></span> <span class='ocrx_word' id='word_1_147' title='bbox 3249 975 3509 1046; x_wconf 87' lang='lat' dir='ltr'><strong>quidquid</strong></span> <span class='ocrx_word' id='word_1_148' title='bbox 3562 987 3747 1048; x_wconf 84' lang='lat' dir='ltr'><strong>postu-</strong></span> 
     </span>
    </p>
   </div>
   <div class='ocr_carea' id='block_1_23' title="bbox 2174 1065 3751 1137">
    <p class='ocr_par' dir='ltr' id='par_1_23' title="bbox 2174 1065 3751 1137">
     <span class='ocr_line' id='line_1_23' title="bbox 2174 1065 3751 1137; baseline 0.008 -21"><span class='ocrx_word' id='word_1_149' title='bbox 2174 1083 2193 1116; x_wconf 73' lang='grc' dir='ltr'>ι</span> <span class='ocrx_word' id='word_1_150' title='bbox 2233 1065 2432 1121; x_wconf 86' lang='lat' dir='ltr'><strong>lassent</strong></span> <span class='ocrx_word' id='word_1_151' title='bbox 2461 1065 2529 1120; x_wconf 92' lang='lat' dir='ltr'><strong>ad</strong></span> <span class='ocrx_word' id='word_1_152' title='bbox 2564 1075 2815 1121; x_wconf 88' lang='lat' dir='ltr'><strong>ornatum</strong></span> <span class='ocrx_word' id='word_1_153' title='bbox 2842 1065 3140 1136; x_wconf 87' lang='lat' dir='ltr'><strong>pertinens,</strong></span> <span class='ocrx_word' id='word_1_154' title='bbox 3177 1068 3540 1137; x_wconf 86' lang='lat' dir='ltr'><strong>accipiebant,</strong></span> <span class='ocrx_word' id='word_1_155' title='bbox 3587 1079 3641 1126; x_wconf 88' lang='lat' dir='ltr'><strong>et</strong></span> <span class='ocrx_word' id='word_1_156' title='bbox 3673 1073 3751 1128; x_wconf 91' lang='lat' dir='ltr'><strong>uti</strong></span> 
     </span>
    </p>
   </div>
   <div class='ocr_carea' id='block_1_24' title="bbox 2173 1158 3750 1230">
    <p class='ocr_par' dir='ltr' id='par_1_24' title="bbox 2173 1158 3750 1230">
     <span class='ocr_line' id='line_1_24' title="bbox 2173 1158 3750 1230; baseline 0.008 -22"><span class='ocrx_word' id='word_1_157' title='bbox 2173 1175 2192 1208; x_wconf 71' lang='grc' dir='ltr'>ι</span> <span class='ocrx_word' id='word_1_158' title='bbox 2236 1158 2316 1213; x_wconf 91' lang='lat' dir='ltr'><strong>eis</strong></span> <span class='ocrx_word' id='word_1_159' title='bbox 2363 1158 2661 1229; x_wconf 88' lang='lat' dir='ltr'><strong>placuerat,</strong></span> <span class='ocrx_word' id='word_1_160' title='bbox 2714 1158 3024 1230; x_wconf 65' lang='lat' dir='ltr'><strong>compositae</strong></span> <span class='ocrx_word' id='word_1_161' title='bbox 3061 1160 3128 1214; x_wconf 90' lang='lat' dir='ltr'><strong>de</strong></span> <span class='ocrx_word' id='word_1_162' title='bbox 3158 1159 3393 1215; x_wconf 90' lang='lat' dir='ltr'><strong>triclinio</strong></span> <span class='ocrx_word' id='word_1_163' title='bbox 3421 1160 3750 1221; x_wconf 78' lang='lat' dir='ltr'><strong>feminarum</strong></span> 
     </span>
    </p>
   </div>
   <div class='ocr_carea' id='block_1_25' title="bbox 2158 1241 3748 1324">
    <p class='ocr_par' dir='ltr' id='par_1_25' title="bbox 2158 1241 3748 1324">
     <span class='ocr_line' id='line_1_25' title="bbox 2158 1241 3748 1324; baseline 0.008 -24"><span class='ocrx_word' id='word_1_164' title='bbox 2158 1241 2191 1300; x_wconf 74' lang='grc' dir='ltr'>ἰ</span> <span class='ocrx_word' id='word_1_165' title='bbox 2224 1249 2290 1303; x_wconf 90' lang='lat' dir='ltr'><strong>ad</strong></span> <span class='ocrx_word' id='word_1_166' title='bbox 2328 1250 2468 1321; x_wconf 84' lang='lat' dir='ltr'><strong>regis</strong></span> <span class='ocrx_word' id='word_1_167' title='bbox 2493 1248 2799 1304; x_wconf 87' lang='lat' dir='ltr'><strong>cubiculum</strong></span> <span class='ocrx_word' id='word_1_168' title='bbox 2825 1250 3148 1305; x_wconf 87' lang='lat' dir='ltr'><strong>transibant.</strong></span> <span class='ocrx_word' id='word_1_169' title='bbox 3179 1271 3198 1304; x_wconf 70' lang='lat' dir='ltr'><strong>i</strong></span> <span class='ocrx_word' id='word_1_170' title='bbox 3227 1251 3573 1324; x_wconf 83' lang='lat' dir='ltr'><strong>Quaecunque</strong></span> <span class='ocrx_word' id='word_1_171' title='bbox 3598 1257 3748 1312; x_wconf 90' lang='lat' dir='ltr'><strong>enim</strong></span> 
     </span>
    </p>
   </div>
   <div class='ocr_carea' id='block_1_26' title="bbox 2164 1338 3750 1418">
    <p class='ocr_par' dir='ltr' id='par_1_26' title="bbox 2164 1338 3750 1418">
     <span class='ocr_line' id='line_1_26' title="bbox 2164 1338 3750 1418; baseline 0.006 -26"><span class='ocrx_word' id='word_1_172' title='bbox 2164 1338 2346 1392; x_wconf 88' lang='lat' dir='ltr'><strong>anima</strong></span> <span class='ocrx_word' id='word_1_173' title='bbox 2402 1347 2576 1394; x_wconf 87' lang='lat' dir='ltr'><strong>certat</strong></span> <span class='ocrx_word' id='word_1_174' title='bbox 2620 1340 2691 1395; x_wconf 88' lang='lat' dir='ltr'><strong>ad</strong></span> <span class='ocrx_word' id='word_1_175' title='bbox 2739 1340 2976 1395; x_wconf 78' lang='lat' dir='ltr'><strong>caelestis</strong></span> <span class='ocrx_word' id='word_1_176' title='bbox 3027 1341 3220 1409; x_wconf 88' lang='lat' dir='ltr'><strong>Sponsi</strong></span> <span class='ocrx_word' id='word_1_177' title='bbox 3280 1343 3575 1400; x_wconf 88' lang='lat' dir='ltr'><strong>thalamum</strong></span> <span class='ocrx_word' id='word_1_178' title='bbox 3625 1364 3750 1418; x_wconf 88' lang='lat' dir='ltr'><strong>pro-</strong></span> 
     </span>
    </p>
   </div>
   <div class='ocr_carea' id='block_1_27' title="bbox 496 1430 3755 1513">
    <p class='ocr_par' dir='ltr' id='par_1_27' title="bbox 496 1430 3755 1513">
     <span class='ocr_line' id='line_1_27' title="bbox 496 1430 3755 1513; baseline -0.001 -15"><span class='ocrx_word' id='word_1_179' title='bbox 496 1464 514 1496; x_wconf 74' lang='grc' dir='ltr'>ι</span> <span class='ocrx_word' id='word_1_180' title='bbox 549 1460 687 1504; x_wconf 89' lang='lat' dir='ltr'><strong>mus.</strong></span> <span class='ocrx_word' id='word_1_181' title='bbox 734 1443 787 1497; x_wconf 90' lang='lat' dir='ltr'><strong>in</strong></span> <span class='ocrx_word' id='word_1_182' title='bbox 840 1458 945 1513; x_wconf 89' lang='lat' dir='ltr'><strong>qua</strong></span> <span class='ocrx_word' id='word_1_183' title='bbox 978 1442 1161 1498; x_wconf 67' lang='lat' dir='ltr'><strong>electae</strong></span> <span class='ocrx_word' id='word_1_184' title='bbox 1195 1440 1432 1511; x_wconf 78' lang='lat' dir='ltr'><strong>virgines</strong></span> <span class='ocrx_word' id='word_1_185' title='bbox 1476 1439 1853 1503; x_wconf 85' lang='lat' dir='ltr'><strong>servabantur,</strong></span> <span class='ocrx_word' id='word_1_186' title='bbox 1875 1438 2061 1494; x_wconf 87' lang='lat' dir='ltr'><strong>curam</strong></span> <span class='ocrx_word' id='word_1_187' title='bbox 2160 1444 2375 1501; x_wconf 89' lang='lat' dir='ltr'><strong>perare,</strong></span> <span class='ocrx_word' id='word_1_188' title='bbox 2400 1430 2724 1503; x_wconf 87' lang='lat' dir='ltr'><strong>condignum</strong></span> <span class='ocrx_word' id='word_1_189' title='bbox 2747 1447 2777 1485; x_wconf 90' lang='lat' dir='ltr'><strong>a</strong></span> <span class='ocrx_word' id='word_1_190' title='bbox 2805 1432 2919 1486; x_wconf 87' lang='lat' dir='ltr'><strong>suis</strong></span> <span class='ocrx_word' id='word_1_191' title='bbox 2943 1432 3257 1497; x_wconf 88' lang='lat' dir='ltr'><strong>doctoribus</strong></span> <span class='ocrx_word' id='word_1_192' title='bbox 3275 1444 3530 1491; x_wconf 85' lang='lat' dir='ltr'><strong>ornatum</strong></span> <span class='ocrx_word' id='word_1_193' title='bbox 3552 1438 3618 1491; x_wconf 90' lang='lat' dir='ltr'><strong>ad</strong></span> <span class='ocrx_word' id='word_1_194' title='bbox 3645 1440 3755 1494; x_wconf 88' lang='lat' dir='ltr'><strong>hoc</strong></span> 
     </span>
    </p>
   </div>
   <div class='ocr_carea' id='block_1_28' title="bbox 495 1514 3740 1606">
    <p class='ocr_par' dir='ltr' id='par_1_28' title="bbox 495 1514 3740 1606">
     <span class='ocr_line' id='line_1_28' title="bbox 495 1514 3740 1606; baseline -0.003 -18"><span class='ocrx_word' id='word_1_195' title='bbox 495 1554 513 1588; x_wconf 68' lang='grc' dir='ltr'><strong>ε</strong></span> <span class='ocrx_word' id='word_1_196' title='bbox 553 1550 717 1606; x_wconf 88' lang='lat' dir='ltr'><strong>agens</strong></span> <span class='ocrx_word' id='word_1_197' title='bbox 745 1533 932 1590; x_wconf 89' lang='lat' dir='ltr'><strong>salutis</strong></span> <span class='ocrx_word' id='word_1_198' title='bbox 970 1532 1184 1596; x_wconf 79' lang='lat' dir='ltr'><strong>Esther,</strong></span> <span class='ocrx_word' id='word_1_199' title='bbox 1227 1539 1282 1586; x_wconf 87' lang='lat' dir='ltr'><strong>et</strong></span> <span class='ocrx_word' id='word_1_200' title='bbox 1316 1530 1457 1586; x_wconf 87' lang='lat' dir='ltr'><strong>scire</strong></span> <span class='ocrx_word' id='word_1_201' title='bbox 1479 1530 1666 1585; x_wconf 89' lang='lat' dir='ltr'><strong>volens</strong></span> <span class='ocrx_word' id='word_1_202' title='bbox 1694 1530 1822 1598; x_wconf 88' lang='lat' dir='ltr'><strong>quid</strong></span> <span class='ocrx_word' id='word_1_203' title='bbox 1842 1529 1893 1583; x_wconf 90' lang='lat' dir='ltr'><strong>ei</strong></span> <span class='ocrx_word' id='word_1_204' title='bbox 1916 1530 2058 1584; x_wconf 90' lang='lat' dir='ltr'><strong>acci-</strong></span> <span class='ocrx_word' id='word_1_205' title='bbox 2158 1519 2407 1590; x_wconf 79' lang='lat' dir='ltr'><strong>percipit,</strong></span> <span class='ocrx_word' id='word_1_206' title='bbox 2445 1535 2552 1589; x_wconf 93' lang='lat' dir='ltr'><strong>quo</strong></span> <span class='ocrx_word' id='word_1_207' title='bbox 2571 1530 2630 1574; x_wconf 89' lang='lat' dir='ltr'><strong>se</strong></span> <span class='ocrx_word' id='word_1_208' title='bbox 2666 1519 2839 1591; x_wconf 83' lang='lat' dir='ltr'><strong>magis</strong></span> <span class='ocrx_word' id='word_1_209' title='bbox 2877 1514 3124 1575; x_wconf 69' lang='lat' dir='ltr'><strong>devotam</strong></span> <span class='ocrx_word' id='word_1_210' title='bbox 3150 1521 3478 1579; x_wconf 89' lang='lat' dir='ltr'><strong>ostenditad</strong></span> <span class='ocrx_word' id='word_1_211' title='bbox 3506 1527 3740 1597; x_wconf 87' lang='lat' dir='ltr'><strong>agnitio-</strong></span> 
     </span>
    </p>
   </div>
   <div class='ocr_carea' id='block_1_29' title="bbox 495 1608 2053 1692">
    <p class='ocr_par' dir='ltr' id='par_1_29' title="bbox 495 1617 2053 1692">
     <span class='ocr_line' id='line_1_29' title="bbox 495 1617 2053 1692; baseline -0.002 -15"><span class='ocrx_word' id='word_1_212' title='bbox 495 1646 514 1677; x_wconf 73' lang='grc' dir='ltr'><strong>ε</strong></span> <span class='ocrx_word' id='word_1_213' title='bbox 550 1630 719 1683; x_wconf 84' lang='lat' dir='ltr'><strong>deret.</strong></span> <span class='ocrx_word' id='word_1_214' title='bbox 755 1645 774 1679; x_wconf 75' lang='grc' dir='ltr'><strong>ι</strong></span> <span class='ocrx_word' id='word_1_215' title='bbox 814 1623 949 1692; x_wconf 88' lang='lat' dir='ltr'><strong>Quia</strong></span> <span class='ocrx_word' id='word_1_216' title='bbox 980 1623 1152 1679; x_wconf 88' lang='lat' dir='ltr'><strong>sancti</strong></span> <span class='ocrx_word' id='word_1_217' title='bbox 1197 1621 1443 1677; x_wconf 86' lang='lat' dir='ltr'><strong>doctores</strong></span> <span class='ocrx_word' id='word_1_218' title='bbox 1491 1634 1620 1675; x_wconf 87' lang='lat' dir='ltr'><strong>cura</strong></span> <span class='ocrx_word' id='word_1_219' title='bbox 1653 1617 1897 1690; x_wconf 84' lang='lat' dir='ltr'><strong>pervigili</strong></span> <span class='ocrx_word' id='word_1_220' title='bbox 1926 1634 2053 1690; x_wconf 89' lang='lat' dir='ltr'><strong>quo-</strong></span> 
     </span>
    </p>
   </div>
   <div class='ocr_carea' id='block_1_30' title="bbox 2157 1608 3740 1692">
    <p class='ocr_par' dir='ltr' id='par_1_30' title="bbox 2159 1608 3740 1684">
     <span class='ocr_line' id='line_1_30' title="bbox 2159 1608 3740 1684; baseline 0.004 -21"><span class='ocrx_word' id='word_1_221' title='bbox 2159 1623 2283 1664; x_wconf 89' lang='lat' dir='ltr'><strong>nem</strong></span> <span class='ocrx_word' id='word_1_222' title='bbox 2317 1608 2440 1665; x_wconf 82' lang='lat' dir='ltr'><strong>fidei</strong></span> <span class='ocrx_word' id='word_1_223' title='bbox 2478 1617 2531 1664; x_wconf 89' lang='lat' dir='ltr'><strong>et</strong></span> <span class='ocrx_word' id='word_1_224' title='bbox 2558 1609 2815 1663; x_wconf 87' lang='lat' dir='ltr'><strong>virtutum</strong></span> <span class='ocrx_word' id='word_1_225' title='bbox 2844 1610 3115 1676; x_wconf 90' lang='lat' dir='ltr'><strong>notitiam,</strong></span> <span class='ocrx_word' id='word_1_226' title='bbox 3143 1610 3219 1664; x_wconf 90' lang='lat' dir='ltr'><strong>ita</strong></span> <span class='ocrx_word' id='word_1_227' title='bbox 3260 1620 3315 1665; x_wconf 91' lang='lat' dir='ltr'><strong>ut</strong></span> <span class='ocrx_word' id='word_1_228' title='bbox 3339 1613 3407 1667; x_wconf 93' lang='lat' dir='ltr'><strong>de</strong></span> <span class='ocrx_word' id='word_1_229' title='bbox 3431 1624 3740 1684; x_wconf 81' lang='lat' dir='ltr'><strong>competen-</strong></span> 
     </span>
    </p>
   </div>
   <div class='ocr_carea' id='block_1_31' title="bbox 488 1698 2053 1781">
    <p class='ocr_par' dir='ltr' id='par_1_31' title="bbox 488 1707 2052 1781">
     <span class='ocr_line' id='line_1_31' title="bbox 488 1707 2052 1781; baseline -0.006 -7"><span class='ocrx_word' id='word_1_230' title='bbox 488 1720 615 1774; x_wconf 86' lang='lat' dir='ltr'><strong>tidie</strong></span> <span class='ocrx_word' id='word_1_231' title='bbox 644 1718 913 1773; x_wconf 87' lang='lat' dir='ltr'><strong>excubant</strong></span> <span class='ocrx_word' id='word_1_232' title='bbox 944 1715 996 1768; x_wconf 92' lang='lat' dir='ltr'><strong>in</strong></span> <span class='ocrx_word' id='word_1_233' title='bbox 1027 1713 1269 1771; x_wconf 85' lang='lat' dir='ltr'><strong>doctrina</strong></span> <span class='ocrx_word' id='word_1_234' title='bbox 1310 1707 1607 1781; x_wconf 79' lang='lat' dir='ltr'><strong>Evangelii,</strong></span> <span class='ocrx_word' id='word_1_235' title='bbox 1648 1717 1708 1764; x_wconf 89' lang='lat' dir='ltr'><strong>ut</strong></span> <span class='ocrx_word' id='word_1_236' title='bbox 1757 1709 1928 1779; x_wconf 90' lang='lat' dir='ltr'><strong>plebis</strong></span> <span class='ocrx_word' id='word_1_237' title='bbox 1952 1710 2052 1764; x_wconf 91' lang='lat' dir='ltr'><strong>sibi</strong></span> 
     </span>
    </p>
   </div>
   <div class='ocr_carea' id='block_1_32' title="bbox 2157 1698 3743 1781">
    <p class='ocr_par' dir='ltr' id='par_1_32' title="bbox 2159 1698 3743 1777">
     <span class='ocr_line' id='line_1_32' title="bbox 2159 1698 3743 1777; baseline 0.007 -26"><span class='ocrx_word' id='word_1_238' title='bbox 2159 1698 2291 1754; x_wconf 90' lang='lat' dir='ltr'><strong>tium</strong></span> <span class='ocrx_word' id='word_1_239' title='bbox 2330 1713 2556 1753; x_wconf 90' lang='lat' dir='ltr'><strong>numero</strong></span> <span class='ocrx_word' id='word_1_240' title='bbox 2583 1713 2681 1768; x_wconf 86' lang='lat' dir='ltr'><strong>per</strong></span> <span class='ocrx_word' id='word_1_241' title='bbox 2717 1706 2917 1753; x_wconf 79' lang='lat' dir='ltr'><strong>sanctae</strong></span> <span class='ocrx_word' id='word_1_242' title='bbox 2961 1698 3242 1755; x_wconf 84' lang='lat' dir='ltr'><strong>Trinitatis</strong></span> <span class='ocrx_word' id='word_1_243' title='bbox 3287 1702 3551 1777; x_wconf 78' lang='lat' dir='ltr'><strong>integram</strong></span> <span class='ocrx_word' id='word_1_244' title='bbox 3580 1705 3743 1761; x_wconf 82' lang='lat' dir='ltr'><strong>fidem</strong></span> 
     </span>
    </p>
   </div>
   <div class='ocr_carea' id='block_1_33' title="bbox 487 1801 2060 1878">
    <p class='ocr_par' dir='ltr' id='par_1_33' title="bbox 487 1801 2060 1878">
     <span class='ocr_line' id='line_1_33' title="bbox 487 1801 2060 1878; baseline -0.006 -15"><span class='ocrx_word' id='word_1_245' title='bbox 487 1808 786 1863; x_wconf 69' lang='lat' dir='ltr'><strong>commissa:</strong></span> <span class='ocrx_word' id='word_1_246' title='bbox 814 1806 1092 1878; x_wconf 81' lang='lat' dir='ltr'><strong>explorent</strong></span> <span class='ocrx_word' id='word_1_247' title='bbox 1115 1803 1484 1859; x_wconf 86' lang='lat' dir='ltr'><strong>credulitatem</strong></span> <span class='ocrx_word' id='word_1_248' title='bbox 1513 1809 1571 1863; x_wconf 83' lang='lat' dir='ltr'><strong>et</strong></span> <span class='ocrx_word' id='word_1_249' title='bbox 1589 1801 1981 1872; x_wconf 86' lang='lat' dir='ltr'><strong>operationem,</strong></span> <span class='ocrx_word' id='word_1_250' title='bbox 2011 1801 2060 1855; x_wconf 90' lang='lat' dir='ltr'><strong>si</strong></span> 
     </span>
    </p>
   </div>
   <div class='ocr_carea' id='block_1_34' title="bbox 486 1891 2059 1970">
    <p class='ocr_par' dir='ltr' id='par_1_34' title="bbox 486 1891 2059 1970">
     <span class='ocr_line' id='line_1_34' title="bbox 486 1891 2059 1970; baseline -0.006 -14"><span class='ocrx_word' id='word_1_251' title='bbox 486 1902 628 1957; x_wconf 86' lang='lat' dir='ltr'><strong>forte</strong></span> <span class='ocrx_word' id='word_1_252' title='bbox 666 1899 907 1970; x_wconf 87' lang='lat' dir='ltr'><strong>regulam</strong></span> <span class='ocrx_word' id='word_1_253' title='bbox 939 1906 1100 1954; x_wconf 77' lang='lat' dir='ltr'><strong>recta:</strong></span> <span class='ocrx_word' id='word_1_254' title='bbox 1152 1896 1293 1962; x_wconf 82' lang='lat' dir='ltr'><strong>fidei,</strong></span> <span class='ocrx_word' id='word_1_255' title='bbox 1340 1909 1440 1965; x_wconf 89' lang='lat' dir='ltr'><strong>per</strong></span> <span class='ocrx_word' id='word_1_256' title='bbox 1487 1908 1648 1963; x_wconf 90' lang='lat' dir='ltr'><strong>quam</strong></span> <span class='ocrx_word' id='word_1_257' title='bbox 1684 1891 1831 1947; x_wconf 91' lang='lat' dir='ltr'><strong>salus</strong></span> <span class='ocrx_word' id='word_1_258' title='bbox 1857 1898 2059 1947; x_wconf 85' lang='lat' dir='ltr'><strong>aeterna</strong></span> 
     </span>
    </p>
   </div>
   <div class='ocr_carea' id='block_1_35' title="bbox 487 1982 2058 2060">
    <p class='ocr_par' dir='ltr' id='par_1_35' title="bbox 487 1982 2058 2060">
     <span class='ocr_line' id='line_1_35' title="bbox 487 1982 2058 2060; baseline -0.004 -16"><span class='ocrx_word' id='word_1_259' title='bbox 487 1989 820 2060; x_wconf 85' lang='lat' dir='ltr'><strong>adipiscitur,</strong></span> <span class='ocrx_word' id='word_1_260' title='bbox 851 1989 1056 2042; x_wconf 89' lang='lat' dir='ltr'><strong>intenta</strong></span> <span class='ocrx_word' id='word_1_261' title='bbox 1100 1993 1280 2041; x_wconf 88' lang='lat' dir='ltr'><strong>mente</strong></span> <span class='ocrx_word' id='word_1_262' title='bbox 1304 1982 1692 2054; x_wconf 39' lang='lat' dir='ltr'><strong>sequantur,,si</strong></span> <span class='ocrx_word' id='word_1_263' title='bbox 1724 1982 2058 2052; x_wconf 82' lang='lat' dir='ltr'><strong>diligentiam</strong></span> 
     </span>
    </p>
   </div>
   <div class='ocr_carea' id='block_1_36' title="bbox 486 2073 2058 2143">
    <p class='ocr_par' dir='ltr' id='par_1_36' title="bbox 486 2073 2058 2143">
     <span class='ocr_line' id='line_1_36' title="bbox 486 2073 2058 2143; baseline -0.006 -7"><span class='ocrx_word' id='word_1_264' title='bbox 486 2082 720 2136; x_wconf 81' lang='lat' dir='ltr'><strong>habeant</strong></span> <span class='ocrx_word' id='word_1_265' title='bbox 764 2080 818 2134; x_wconf 91' lang='lat' dir='ltr'><strong>in</strong></span> <span class='ocrx_word' id='word_1_266' title='bbox 866 2093 999 2134; x_wconf 88' lang='lat' dir='ltr'><strong>cura</strong></span> <span class='ocrx_word' id='word_1_267' title='bbox 1033 2077 1129 2133; x_wconf 88' lang='lat' dir='ltr'><strong>Dei</strong></span> <span class='ocrx_word' id='word_1_268' title='bbox 1152 2084 1208 2131; x_wconf 88' lang='lat' dir='ltr'><strong>et</strong></span> <span class='ocrx_word' id='word_1_269' title='bbox 1248 2076 1302 2131; x_wconf 91' lang='lat' dir='ltr'><strong>in</strong></span> <span class='ocrx_word' id='word_1_270' title='bbox 1329 2075 1591 2131; x_wconf 88' lang='lat' dir='ltr'><strong>bonorum</strong></span> <span class='ocrx_word' id='word_1_271' title='bbox 1621 2087 1844 2143; x_wconf 81' lang='lat' dir='ltr'><strong>operum</strong></span> <span class='ocrx_word' id='word_1_272' title='bbox 1873 2073 2058 2128; x_wconf 90' lang='lat' dir='ltr'><strong>obser-</strong></span> 
     </span>
    </p>
   </div>
   <div class='ocr_carea' id='block_1_37' title="bbox 485 2162 2056 2242">
    <p class='ocr_par' dir='ltr' id='par_1_37' title="bbox 485 2162 2056 2242">
     <span class='ocr_line' id='line_1_37' title="bbox 485 2162 2056 2242; baseline -0.006 -14"><span class='ocrx_word' id='word_1_273' title='bbox 485 2174 684 2237; x_wconf 82' lang='lat' dir='ltr'><strong>vantia,</strong></span> <span class='ocrx_word' id='word_1_274' title='bbox 722 2187 818 2241; x_wconf 91' lang='lat' dir='ltr'><strong>per</strong></span> <span class='ocrx_word' id='word_1_275' title='bbox 853 2186 1013 2242; x_wconf 90' lang='lat' dir='ltr'><strong>quam</strong></span> <span class='ocrx_word' id='word_1_276' title='bbox 1058 2168 1208 2241; x_wconf 82' lang='lat' dir='ltr'><strong>regni</strong></span> <span class='ocrx_word' id='word_1_277' title='bbox 1259 2166 1497 2222; x_wconf 64' lang='lat' dir='ltr'><strong>caelestis</strong></span> <span class='ocrx_word' id='word_1_278' title='bbox 1547 2179 1756 2220; x_wconf 87' lang='lat' dir='ltr'><strong>merces</strong></span> <span class='ocrx_word' id='word_1_279' title='bbox 1793 2164 1846 2218; x_wconf 90' lang='lat' dir='ltr'><strong>in</strong></span> <span class='ocrx_word' id='word_1_280' title='bbox 1870 2162 2056 2218; x_wconf 87' lang='lat' dir='ltr'><strong>futura</strong></span> 
     </span>
    </p>
   </div>
   <div class='ocr_carea' id='block_1_38' title="bbox 482 2252 2057 2334">
    <p class='ocr_par' dir='ltr' id='par_1_38' title="bbox 482 2252 2057 2334">
     <span class='ocr_line' id='line_1_38' title="bbox 482 2252 2057 2334; baseline -0.004 -18"><span class='ocrx_word' id='word_1_281' title='bbox 482 2265 592 2319; x_wconf 86' lang='lat' dir='ltr'><strong>vita</strong></span> <span class='ocrx_word' id='word_1_282' title='bbox 630 2270 999 2334; x_wconf 89' lang='lat' dir='ltr'><strong>promeretur;</strong></span> <span class='ocrx_word' id='word_1_283' title='bbox 1030 2274 1130 2315; x_wconf 88' lang='lat' dir='ltr'><strong>nec</strong></span> <span class='ocrx_word' id='word_1_284' title='bbox 1163 2257 1306 2317; x_wconf 90' lang='lat' dir='ltr'><strong>enim</strong></span> <span class='ocrx_word' id='word_1_285' title='bbox 1349 2257 1457 2311; x_wconf 89' lang='lat' dir='ltr'><strong>ulla</strong></span> <span class='ocrx_word' id='word_1_286' title='bbox 1507 2254 1639 2310; x_wconf 89' lang='lat' dir='ltr'><strong>hora</strong></span> <span class='ocrx_word' id='word_1_287' title='bbox 1672 2252 1833 2323; x_wconf 88' lang='lat' dir='ltr'><strong>hujus</strong></span> <span class='ocrx_word' id='word_1_288' title='bbox 1859 2253 2057 2313; x_wconf 84' lang='lat' dir='ltr'><strong>sollici-</strong></span> 
     </span>
    </p>
   </div>
   <div class='ocr_carea' id='block_1_39' title="bbox 483 2343 2057 2418">
    <p class='ocr_par' dir='ltr' id='par_1_39' title="bbox 483 2343 2057 2418">
     <span class='ocr_line' id='line_1_39' title="bbox 483 2343 2057 2418; baseline -0.007 -10"><span class='ocrx_word' id='word_1_289' title='bbox 483 2352 683 2409; x_wconf 87' lang='lat' dir='ltr'><strong>tudinis</strong></span> <span class='ocrx_word' id='word_1_290' title='bbox 702 2365 871 2405; x_wconf 88' lang='lat' dir='ltr'><strong>vacua</strong></span> <span class='ocrx_word' id='word_1_291' title='bbox 914 2348 1034 2403; x_wconf 81' lang='lat' dir='ltr'><strong>fieri</strong></span> <span class='ocrx_word' id='word_1_292' title='bbox 1070 2354 1247 2418; x_wconf 88' lang='lat' dir='ltr'><strong>potest</strong></span> <span class='ocrx_word' id='word_1_293' title='bbox 1273 2345 1412 2416; x_wconf 87' lang='lat' dir='ltr'><strong>apud</strong></span> <span class='ocrx_word' id='word_1_294' title='bbox 1433 2358 1525 2400; x_wconf 91' lang='lat' dir='ltr'><strong>eos</strong></span> <span class='ocrx_word' id='word_1_295' title='bbox 1548 2344 1602 2398; x_wconf 87' lang='lat' dir='ltr'><strong>in</strong></span> <span class='ocrx_word' id='word_1_296' title='bbox 1619 2359 1849 2413; x_wconf 83' lang='lat' dir='ltr'><strong>quorum</strong></span> <span class='ocrx_word' id='word_1_297' title='bbox 1880 2343 2057 2398; x_wconf 89' lang='lat' dir='ltr'><strong>cordi-</strong></span> 
     </span>
    </p>
   </div>
   <div class='ocr_carea' id='block_1_40' title="bbox 479 2435 2056 2511">
    <p class='ocr_par' dir='ltr' id='par_1_40' title="bbox 479 2435 2056 2511">
     <span class='ocr_line' id='line_1_40' title="bbox 479 2435 2056 2511; baseline -0.008 -8"><span class='ocrx_word' id='word_1_298' title='bbox 479 2446 586 2511; x_wconf 86' lang='lat' dir='ltr'><strong>bus</strong></span> <span class='ocrx_word' id='word_1_299' title='bbox 606 2446 768 2501; x_wconf 88' lang='lat' dir='ltr'><strong>ardor</strong></span> <span class='ocrx_word' id='word_1_300' title='bbox 806 2451 973 2499; x_wconf 74' lang='lat' dir='ltr'><strong>recta:</strong></span> <span class='ocrx_word' id='word_1_301' title='bbox 1008 2441 1133 2497; x_wconf 85' lang='lat' dir='ltr'><strong>fidei</strong></span> <span class='ocrx_word' id='word_1_302' title='bbox 1180 2450 1236 2495; x_wconf 86' lang='lat' dir='ltr'><strong>et</strong></span> <span class='ocrx_word' id='word_1_303' title='bbox 1275 2438 1416 2509; x_wconf 80' lang='lat' dir='ltr'><strong>ignis</strong></span> <span class='ocrx_word' id='word_1_304' title='bbox 1442 2436 1606 2500; x_wconf 81' lang='lat' dir='ltr'><strong>divini</strong></span> <span class='ocrx_word' id='word_1_305' title='bbox 1637 2435 1838 2492; x_wconf 85' lang='lat' dir='ltr'><strong>amoris</strong></span> <span class='ocrx_word' id='word_1_306' title='bbox 1882 2436 2056 2505; x_wconf 84' lang='lat' dir='ltr'><strong>inces-</strong></span> 
     </span>
    </p>
   </div>
   <div class='ocr_carea' id='block_1_41' title="bbox 482 2522 2054 2603">
    <p class='ocr_par' dir='ltr' id='par_1_41' title="bbox 482 2522 2054 2603">
     <span class='ocr_line' id='line_1_41' title="bbox 482 2522 2054 2603; baseline -0.007 -10"><span class='ocrx_word' id='word_1_307' title='bbox 482 2522 725 2593; x_wconf 86' lang='lat' dir='ltr'><strong>sabiliter</strong></span> <span class='ocrx_word' id='word_1_308' title='bbox 751 2533 943 2591; x_wconf 87' lang='lat' dir='ltr'><strong>fervet.</strong></span> <span class='ocrx_word' id='word_1_309' title='bbox 988 2532 1143 2588; x_wconf 90' lang='lat' dir='ltr'><strong>Unde</strong></span> <span class='ocrx_word' id='word_1_310' title='bbox 1178 2530 1415 2603; x_wconf 88' lang='lat' dir='ltr'><strong>gentium</strong></span> <span class='ocrx_word' id='word_1_311' title='bbox 1458 2529 1644 2583; x_wconf 88' lang='lat' dir='ltr'><strong>doctor</strong></span> <span class='ocrx_word' id='word_1_312' title='bbox 1687 2528 1751 2584; x_wconf 92' lang='lat' dir='ltr'><strong>de</strong></span> <span class='ocrx_word' id='word_1_313' title='bbox 1782 2525 2054 2583; x_wconf 85' lang='lat' dir='ltr'><strong>laboribus</strong></span> 
     </span>
    </p>
   </div>
   <div class='ocr_carea' id='block_1_42' title="bbox 479 2610 2050 2696">
    <p class='ocr_par' dir='ltr' id='par_1_42' title="bbox 479 2610 2050 2696">
     <span class='ocr_line' id='line_1_42' title="bbox 479 2610 2050 2696; baseline -0.008 -14"><span class='ocrx_word' id='word_1_314' title='bbox 479 2627 594 2683; x_wconf 89' lang='lat' dir='ltr'><strong>suis</strong></span> <span class='ocrx_word' id='word_1_315' title='bbox 631 2641 696 2680; x_wconf 93' lang='lat' dir='ltr'><strong>ac</strong></span> <span class='ocrx_word' id='word_1_316' title='bbox 723 2623 1186 2696; x_wconf 87' lang='lat' dir='ltr'><strong>persecutionibus</strong></span> <span class='ocrx_word' id='word_1_317' title='bbox 1211 2635 1346 2691; x_wconf 87' lang='lat' dir='ltr'><strong>quas</strong></span> <span class='ocrx_word' id='word_1_318' title='bbox 1365 2634 1464 2691; x_wconf 92' lang='lat' dir='ltr'><strong>pro</strong></span> <span class='ocrx_word' id='word_1_319' title='bbox 1489 2616 1706 2674; x_wconf 86' lang='lat' dir='ltr'><strong>Christo</strong></span> <span class='ocrx_word' id='word_1_320' title='bbox 1732 2631 1921 2688; x_wconf 90' lang='lat' dir='ltr'><strong>passus</strong></span> <span class='ocrx_word' id='word_1_321' title='bbox 1947 2610 2050 2682; x_wconf 59' lang='lat' dir='ltr'><strong>est,</strong></span> 
     </span>
    </p>
   </div>
   <div class='ocr_carea' id='block_1_43' title="bbox 479 2705 2050 2784">
    <p class='ocr_par' dir='ltr' id='par_1_43' title="bbox 479 2705 2050 2784">
     <span class='ocr_line' id='line_1_43' title="bbox 479 2705 2050 2784; baseline -0.004 -15"><span class='ocrx_word' id='word_1_322' title='bbox 479 2715 732 2772; x_wconf 84' lang='lat' dir='ltr'><strong>veridicis</strong></span> <span class='ocrx_word' id='word_1_323' title='bbox 775 2714 950 2769; x_wconf 88' lang='lat' dir='ltr'><strong>verbis</strong></span> <span class='ocrx_word' id='word_1_324' title='bbox 992 2711 1227 2784; x_wconf 88' lang='lat' dir='ltr'><strong>glorians</strong></span> <span class='ocrx_word' id='word_1_325' title='bbox 1254 2707 1552 2781; x_wconf 79' lang='lat' dir='ltr'><strong>subjunxit,</strong></span> <span class='ocrx_word' id='word_1_326' title='bbox 1591 2708 1775 2764; x_wconf 88' lang='lat' dir='ltr'><strong>dicens</strong></span> <span class='ocrx_word' id='word_1_327' title='bbox 1804 2725 1818 2763; x_wconf 91' lang='lat'><strong>:</strong></span> <span class='ocrx_word' id='word_1_328' title='bbox 1851 2723 1869 2757; x_wconf 74' lang='grc' dir='ltr'>ι</span> <span class='ocrx_word' id='word_1_329' title='bbox 1902 2705 2050 2762; x_wconf 68' lang='lat' dir='ltr'><strong>Prte-</strong></span> 
     </span>
    </p>
   </div>
   <div class='ocr_carea' id='block_1_44' title="bbox 480 2796 2049 2875">
    <p class='ocr_par' dir='ltr' id='par_1_44' title="bbox 480 2796 2049 2875">
     <span class='ocr_line' id='line_1_44' title="bbox 480 2796 2049 2875; baseline -0.007 -13"><span class='ocrx_word' id='word_1_330' title='bbox 480 2815 626 2862; x_wconf 87' lang='lat' dir='ltr'><strong>terea</strong></span> <span class='ocrx_word' id='word_1_331' title='bbox 652 2820 771 2875; x_wconf 72' lang='lat' dir='ltr'><strong>qua:</strong></span> <span class='ocrx_word' id='word_1_332' title='bbox 794 2803 1129 2858; x_wconf 74' lang='lat' dir='ltr'><strong>extrinsecus</strong></span> <span class='ocrx_word' id='word_1_333' title='bbox 1155 2809 1301 2866; x_wconf 85' lang='lat' dir='ltr'><strong>sunt,</strong></span> <span class='ocrx_word' id='word_1_334' title='bbox 1342 2798 1598 2855; x_wconf 84' lang='lat' dir='ltr'><strong>instantia</strong></span> <span class='ocrx_word' id='word_1_335' title='bbox 1637 2812 1756 2853; x_wconf 91' lang='lat' dir='ltr'><strong>mea</strong></span> <span class='ocrx_word' id='word_1_336' title='bbox 1778 2796 2049 2866; x_wconf 89' lang='lat' dir='ltr'><strong>quotidia-</strong></span> 
     </span>
    </p>
   </div>
   <div class='ocr_carea' id='block_1_45' title="bbox 475 2885 2049 2963">
    <p class='ocr_par' dir='ltr' id='par_1_45' title="bbox 475 2885 2049 2963">
     <span class='ocr_line' id='line_1_45' title="bbox 475 2885 2049 2963; baseline -0.006 -12"><span class='ocrx_word' id='word_1_337' title='bbox 475 2911 567 2963; x_wconf 87' lang='lat' dir='ltr'><strong>na,</strong></span> <span class='ocrx_word' id='word_1_338' title='bbox 613 2894 917 2951; x_wconf 90' lang='lat' dir='ltr'><strong>sollicitudo</strong></span> <span class='ocrx_word' id='word_1_339' title='bbox 949 2893 1188 2951; x_wconf 88' lang='lat' dir='ltr'><strong>omnium</strong></span> <span class='ocrx_word' id='word_1_340' title='bbox 1221 2889 1602 2946; x_wconf 81' lang='lat' dir='ltr'><strong>Ecclesiarum.</strong></span> <span class='ocrx_word' id='word_1_341' title='bbox 1633 2886 1766 2956; x_wconf 90' lang='lat' dir='ltr'><strong>Quis</strong></span> <span class='ocrx_word' id='word_1_342' title='bbox 1809 2885 2049 2944; x_wconf 79' lang='lat' dir='ltr'><strong>infirma-</strong></span> 
     </span>
    </p>
   </div>
   <div class='ocr_carea' id='block_1_46' title="bbox 478 2977 2047 3058">
    <p class='ocr_par' dir='ltr' id='par_1_46' title="bbox 478 2977 2047 3058">
     <span class='ocr_line' id='line_1_46' title="bbox 478 2977 2047 3058; baseline -0.006 -15"><span class='ocrx_word' id='word_1_343' title='bbox 478 2997 586 3053; x_wconf 88' lang='lat' dir='ltr'><strong>tur,</strong></span> <span class='ocrx_word' id='word_1_344' title='bbox 611 2994 667 3042; x_wconf 86' lang='lat' dir='ltr'><strong>et</strong></span> <span class='ocrx_word' id='word_1_345' title='bbox 694 2977 803 3058; x_wconf 69' lang='lat' dir='ltr'><strong>ego&#39;</strong></span> <span class='ocrx_word' id='word_1_346' title='bbox 822 3001 930 3040; x_wconf 90' lang='lat' dir='ltr'><strong>non</strong></span> <span class='ocrx_word' id='word_1_347' title='bbox 960 2982 1238 3039; x_wconf 83' lang='lat' dir='ltr'><strong>inlirmor?</strong></span> <span class='ocrx_word' id='word_1_348' title='bbox 1274 2982 1396 3052; x_wconf 70' lang='lat' dir='ltr'><strong>quin</strong></span> <span class='ocrx_word' id='word_1_349' title='bbox 1428 2979 1846 3046; x_wconf 89' lang='lat' dir='ltr'><strong>scandalizatur,</strong></span> <span class='ocrx_word' id='word_1_350' title='bbox 1872 2988 1930 3041; x_wconf 82' lang='lat' dir='ltr'><strong>et</strong></span> <span class='ocrx_word' id='word_1_351' title='bbox 1950 2993 2047 3051; x_wconf 93' lang='lat' dir='ltr'><strong>ego</strong></span> 
     </span>
    </p>
   </div>
   <div class='ocr_carea' id='block_1_47' title="bbox 2159 1788 3743 1861">
    <p class='ocr_par' dir='ltr' id='par_1_47' title="bbox 2159 1788 3743 1861">
     <span class='ocr_line' id='line_1_47' title="bbox 2159 1788 3743 1861; baseline 0.008 -19"><span class='ocrx_word' id='word_1_352' title='bbox 2159 1803 2225 1843; x_wconf 89' lang='lat' dir='ltr'><strong>ac</strong></span> <span class='ocrx_word' id='word_1_353' title='bbox 2281 1789 2494 1858; x_wconf 90' lang='lat' dir='ltr'><strong>plenam</strong></span> <span class='ocrx_word' id='word_1_354' title='bbox 2551 1788 2943 1845; x_wconf 78' lang='lat' dir='ltr'><strong>confessionem</strong></span> <span class='ocrx_word' id='word_1_355' title='bbox 3002 1791 3072 1845; x_wconf 90' lang='lat' dir='ltr'><strong>ad</strong></span> <span class='ocrx_word' id='word_1_356' title='bbox 3132 1793 3533 1861; x_wconf 79' lang='lat' dir='ltr'><strong>perceptionem</strong></span> <span class='ocrx_word' id='word_1_357' title='bbox 3596 1799 3743 1854; x_wconf 79' lang='lat' dir='ltr'><strong>unici</strong></span> 
     </span>
    </p>
   </div>
   <div class='ocr_carea' id='block_1_48' title="bbox 2155 1886 3747 1958">
    <p class='ocr_par' dir='ltr' id='par_1_48' title="bbox 2155 1886 3747 1958">
     <span class='ocr_line' id='line_1_48' title="bbox 2155 1886 3747 1958; baseline 0.005 -17"><span class='ocrx_word' id='word_1_358' title='bbox 2155 1886 2495 1958; x_wconf 88' lang='lat' dir='ltr'><strong>baptismatis</strong></span> <span class='ocrx_word' id='word_1_359' title='bbox 2527 1895 2583 1941; x_wconf 91' lang='lat' dir='ltr'><strong>et</strong></span> <span class='ocrx_word' id='word_1_360' title='bbox 2621 1886 2930 1941; x_wconf 89' lang='lat' dir='ltr'><strong>unctionem</strong></span> <span class='ocrx_word' id='word_1_361' title='bbox 2968 1886 3109 1941; x_wconf 89' lang='lat' dir='ltr'><strong>sacri</strong></span> <span class='ocrx_word' id='word_1_362' title='bbox 3148 1886 3490 1954; x_wconf 89' lang='lat' dir='ltr'><strong>chrismatis,</strong></span> <span class='ocrx_word' id='word_1_363' title='bbox 3523 1890 3614 1946; x_wconf 81' lang='lat' dir='ltr'><strong>ubi</strong></span> <span class='ocrx_word' id='word_1_364' title='bbox 3630 1907 3747 1949; x_wconf 68' lang='lat' dir='ltr'><strong>cm-</strong></span> 
     </span>
    </p>
   </div>
   <div class='ocr_carea' id='block_1_49' title="bbox 2156 1977 3739 2060">
    <p class='ocr_par' dir='ltr' id='par_1_49' title="bbox 2156 1977 3739 2060">
     <span class='ocr_line' id='line_1_49' title="bbox 2156 1977 3739 2060; baseline 0.005 -27"><span class='ocrx_word' id='word_1_365' title='bbox 2156 1978 2279 2034; x_wconf 87' lang='lat' dir='ltr'><strong>lesti</strong></span> <span class='ocrx_word' id='word_1_366' title='bbox 2317 1978 2527 2051; x_wconf 85' lang='lat' dir='ltr'><strong>Sponso</strong></span> <span class='ocrx_word' id='word_1_367' title='bbox 2562 1980 2828 2036; x_wconf 85' lang='lat' dir='ltr'><strong>veraciter</strong></span> <span class='ocrx_word' id='word_1_368' title='bbox 2864 1977 3132 2060; x_wconf 78' lang='lat' dir='ltr'><strong>jungitur,</strong></span> <span class='ocrx_word' id='word_1_369' title='bbox 3174 1982 3417 2038; x_wconf 89' lang='lat' dir='ltr'><strong>accedat.</strong></span> <span class='ocrx_word' id='word_1_370' title='bbox 3462 1982 3618 2050; x_wconf 87' lang='lat' dir='ltr'><strong>Quod</strong></span> <span class='ocrx_word' id='word_1_371' title='bbox 3648 2002 3739 2040; x_wconf 75' lang='lat' dir='ltr'><strong>au~</strong></span> 
     </span>
    </p>
   </div>
   <div class='ocr_carea' id='block_1_50' title="bbox 2156 2070 3443 2141">
    <p class='ocr_par' dir='ltr' id='par_1_50' title="bbox 2156 2070 3443 2141">
     <span class='ocr_line' id='line_1_50' title="bbox 2156 2070 3443 2141; baseline 0.001 -18"><span class='ocrx_word' id='word_1_372' title='bbox 2156 2077 2265 2124; x_wconf 90' lang='lat' dir='ltr'><strong>tem</strong></span> <span class='ocrx_word' id='word_1_373' title='bbox 2295 2070 2566 2141; x_wconf 87' lang='lat' dir='ltr'><strong>sequitur:</strong></span> <span class='ocrx_word' id='word_1_374' title='bbox 3438 2083 3443 2086; x_wconf 71' lang='lat'><em>&#39;</em></span> 
     </span>
    </p>
   </div>
   <div class='ocr_carea' id='block_1_51' title="bbox 2234 2161 3742 2239">
    <p class='ocr_par' dir='ltr' id='par_1_51' title="bbox 2234 2161 3742 2239">
     <span class='ocr_line' id='line_1_51' title="bbox 2234 2161 3742 2239; baseline 0.006 -26"><span class='ocrx_word' id='word_1_375' title='bbox 2234 2180 2253 2213; x_wconf 70' lang='grc' dir='ltr'>ι</span> <span class='ocrx_word' id='word_1_376' title='bbox 2289 2161 2417 2229; x_wconf 72' lang='lat' dir='ltr'><strong>Quze</strong></span> <span class='ocrx_word' id='word_1_377' title='bbox 2440 2162 2677 2218; x_wconf 82' lang='lat' dir='ltr'><strong>intrabat</strong></span> <span class='ocrx_word' id='word_1_378' title='bbox 2701 2178 2945 2233; x_wconf 90' lang='lat' dir='ltr'><strong>vespere,</strong></span> <span class='ocrx_word' id='word_1_379' title='bbox 2967 2163 3349 2234; x_wconf 83' lang='lat' dir='ltr'><strong>egrediebatur</strong></span> <span class='ocrx_word' id='word_1_380' title='bbox 3365 2179 3549 2232; x_wconf 89' lang='lat' dir='ltr'><strong>mane,</strong></span> <span class='ocrx_word' id='word_1_381' title='bbox 3570 2177 3742 2239; x_wconf 83' lang='lat' dir='ltr'><strong>atque</strong></span> 
     </span>
    </p>
   </div>
   <div class='ocr_carea' id='block_1_52' title="bbox 2161 2252 3741 2336">
    <p class='ocr_par' dir='ltr' id='par_1_52' title="bbox 2161 2252 3741 2336">
     <span class='ocr_line' id='line_1_52' title="bbox 2161 2252 3741 2336; baseline 0.004 -30"><span class='ocrx_word' id='word_1_382' title='bbox 2161 2252 2344 2336; x_wconf 67' lang='lat' dir='ltr'><strong>«inde</strong></span> <span class='ocrx_word' id='word_1_383' title='bbox 2396 2253 2453 2307; x_wconf 84' lang='lat' dir='ltr'><strong>in</strong></span> <span class='ocrx_word' id='word_1_384' title='bbox 2497 2253 2762 2308; x_wconf 88' lang='lat' dir='ltr'><strong>secundas</strong></span> <span class='ocrx_word' id='word_1_385' title='bbox 2809 2254 2952 2308; x_wconf 66' lang='lat' dir='ltr'><strong>uades</strong></span> <span class='ocrx_word' id='word_1_386' title='bbox 3002 2252 3317 2321; x_wconf 87' lang='lat' dir='ltr'><strong>ducebatur,</strong></span> <span class='ocrx_word' id='word_1_387' title='bbox 3362 2273 3384 2307; x_wconf 69' lang='grc' dir='ltr'>ι</span> <span class='ocrx_word' id='word_1_388' title='bbox 3416 2263 3472 2310; x_wconf 85' lang='grc' dir='ltr'>ει</span> <span class='ocrx_word' id='word_1_389' title='bbox 3503 2256 3741 2327; x_wconf 85' lang='lat' dir='ltr'><strong>reliqua,</strong></span> 
     </span>
    </p>
   </div>
   <div class='ocr_carea' id='block_1_53' title="bbox 2154 2344 3737 2417">
    <p class='ocr_par' dir='ltr' id='par_1_53' title="bbox 2154 2344 3737 2417">
     <span class='ocr_line' id='line_1_53' title="bbox 2154 2344 3737 2417; baseline 0.004 -20"><span class='ocrx_word' id='word_1_390' title='bbox 2154 2344 2381 2416; x_wconf 78' lang='lat' dir='ltr'><strong>mystice</strong></span> <span class='ocrx_word' id='word_1_391' title='bbox 2405 2345 2642 2401; x_wconf 88' lang='lat' dir='ltr'><strong>ostendit</strong></span> <span class='ocrx_word' id='word_1_392' title='bbox 2671 2345 2813 2417; x_wconf 89' lang='lat' dir='ltr'><strong>quod</strong></span> <span class='ocrx_word' id='word_1_393' title='bbox 2838 2354 2961 2415; x_wconf 88' lang='lat' dir='ltr'><strong>post</strong></span> <span class='ocrx_word' id='word_1_394' title='bbox 2993 2361 3247 2401; x_wconf 87' lang='lat' dir='ltr'><strong>occasum</strong></span> <span class='ocrx_word' id='word_1_395' title='bbox 3269 2347 3525 2403; x_wconf 86' lang='lat' dir='ltr'><strong>vitiorum</strong></span> <span class='ocrx_word' id='word_1_396' title='bbox 3550 2363 3737 2404; x_wconf 77' lang='lat' dir='ltr'><strong>exsur-</strong></span> 
     </span>
    </p>
   </div>
   <div class='ocr_carea' id='block_1_54' title="bbox 2154 2437 3740 2513">
    <p class='ocr_par' dir='ltr' id='par_1_54' title="bbox 2154 2437 3740 2513">
     <span class='ocr_line' id='line_1_54' title="bbox 2154 2437 3740 2513; baseline 0.006 -23"><span class='ocrx_word' id='word_1_397' title='bbox 2154 2452 2283 2507; x_wconf 88' lang='lat' dir='ltr'><strong>gere</strong></span> <span class='ocrx_word' id='word_1_398' title='bbox 2325 2438 2482 2494; x_wconf 85' lang='lat' dir='ltr'><strong>debet</strong></span> <span class='ocrx_word' id='word_1_399' title='bbox 2532 2437 2707 2510; x_wconf 82' lang='lat' dir='ltr'><strong>fulgor</strong></span> <span class='ocrx_word' id='word_1_400' title='bbox 2735 2437 3019 2505; x_wconf 86' lang='lat' dir='ltr'><strong>virtutum,</strong></span> <span class='ocrx_word' id='word_1_401' title='bbox 3057 2442 3148 2510; x_wconf 93' lang='lat' dir='ltr'><strong>qui</strong></span> <span class='ocrx_word' id='word_1_402' title='bbox 3191 2456 3297 2495; x_wconf 91' lang='lat' dir='ltr'><strong>non</strong></span> <span class='ocrx_word' id='word_1_403' title='bbox 3324 2441 3460 2495; x_wconf 87' lang='lat' dir='ltr'><strong>alibi</strong></span> <span class='ocrx_word' id='word_1_404' title='bbox 3485 2458 3651 2513; x_wconf 87' lang='lat' dir='ltr'><strong>quam</strong></span> <span class='ocrx_word' id='word_1_405' title='bbox 3684 2444 3740 2499; x_wconf 92' lang='lat' dir='ltr'><strong>in</strong></span> 
     </span>
    </p>
   </div>
   <div class='ocr_carea' id='block_1_55' title="bbox 2153 2528 3740 2604">
    <p class='ocr_par' dir='ltr' id='par_1_55' title="bbox 2153 2528 3740 2604">
     <span class='ocr_line' id='line_1_55' title="bbox 2153 2528 3740 2604; baseline 0.005 -21"><span class='ocrx_word' id='word_1_406' title='bbox 2153 2529 2361 2585; x_wconf 88' lang='lat' dir='ltr'><strong>unitate</strong></span> <span class='ocrx_word' id='word_1_407' title='bbox 2390 2538 2595 2586; x_wconf 71' lang='lat' dir='ltr'><strong>sanctae</strong></span> <span class='ocrx_word' id='word_1_408' title='bbox 2629 2528 2884 2586; x_wconf 83' lang='lat' dir='ltr'><strong>Ecclesiae</strong></span> <span class='ocrx_word' id='word_1_409' title='bbox 2915 2529 3019 2585; x_wconf 86' lang='lat' dir='ltr'><strong>rite</strong></span> <span class='ocrx_word' id='word_1_410' title='bbox 3074 2530 3399 2601; x_wconf 83' lang='lat' dir='ltr'><strong>splendebit.</strong></span> <span class='ocrx_word' id='word_1_411' title='bbox 3433 2532 3505 2586; x_wconf 86' lang='lat' dir='ltr'><strong>At</strong></span> <span class='ocrx_word' id='word_1_412' title='bbox 3551 2535 3647 2604; x_wconf 88' lang='lat' dir='ltr'><strong>qui</strong></span> <span class='ocrx_word' id='word_1_413' title='bbox 3679 2551 3740 2591; x_wconf 88' lang='lat' dir='ltr'><strong>se</strong></span> 
     </span>
    </p>
   </div>
   <div class='ocr_carea' id='block_1_56' title="bbox 2156 2618 3738 2691">
    <p class='ocr_par' dir='ltr' id='par_1_56' title="bbox 2156 2618 3738 2691">
     <span class='ocr_line' id='line_1_56' title="bbox 2156 2618 3738 2691; baseline 0.006 -17"><span class='ocrx_word' id='word_1_414' title='bbox 2156 2618 2279 2674; x_wconf 87' lang='lat' dir='ltr'><strong>inde</strong></span> <span class='ocrx_word' id='word_1_415' title='bbox 2316 2633 2414 2691; x_wconf 90' lang='lat' dir='ltr'><strong>per</strong></span> <span class='ocrx_word' id='word_1_416' title='bbox 2461 2619 2693 2690; x_wconf 85' lang='lat' dir='ltr'><strong>aliquam</strong></span> <span class='ocrx_word' id='word_1_417' title='bbox 2736 2634 2981 2677; x_wconf 89' lang='lat' dir='ltr'><strong>errorum</strong></span> <span class='ocrx_word' id='word_1_418' title='bbox 3020 2636 3084 2675; x_wconf 88' lang='lat' dir='ltr'><strong>ac</strong></span> <span class='ocrx_word' id='word_1_419' title='bbox 3133 2622 3387 2682; x_wconf 88' lang='lat' dir='ltr'><strong>vitiorum</strong></span> <span class='ocrx_word' id='word_1_420' title='bbox 3429 2623 3738 2683; x_wconf 79' lang='lat' dir='ltr'><strong>fceditatem</strong></span> 
     </span>
    </p>
   </div>
   <div class='ocr_carea' id='block_1_57' title="bbox 2152 2700 3736 2782">
    <p class='ocr_par' dir='ltr' id='par_1_57' title="bbox 2152 2700 3736 2782">
     <span class='ocr_line' id='line_1_57' title="bbox 2152 2700 3736 2782; baseline 0.004 -16"><span class='ocrx_word' id='word_1_421' title='bbox 2152 2700 2505 2782; x_wconf 85' lang='lat' dir='ltr'><strong>separaverit,</strong></span> <span class='ocrx_word' id='word_1_422' title='bbox 2531 2712 2725 2768; x_wconf 88' lang='lat' dir='ltr'><strong>merito</strong></span> <span class='ocrx_word' id='word_1_423' title='bbox 2754 2712 2809 2768; x_wconf 93' lang='lat' dir='ltr'><strong>in</strong></span> <span class='ocrx_word' id='word_1_424' title='bbox 2852 2712 3121 2769; x_wconf 86' lang='lat' dir='ltr'><strong>secundas</strong></span> <span class='ocrx_word' id='word_1_425' title='bbox 3154 2714 3316 2779; x_wconf 71' lang='lat' dir='ltr'><strong>mdes,</strong></span> <span class='ocrx_word' id='word_1_426' title='bbox 3347 2714 3440 2771; x_wconf 90' lang='lat' dir='ltr'><strong>ubi</strong></span> <span class='ocrx_word' id='word_1_427' title='bbox 3471 2718 3736 2772; x_wconf 89' lang='lat' dir='ltr'><strong>concubi-</strong></span> 
     </span>
    </p>
   </div>
   <div class='ocr_carea' id='block_1_58' title="bbox 2152 2801 3736 2874">
    <p class='ocr_par' dir='ltr' id='par_1_58' title="bbox 2152 2801 3736 2874">
     <span class='ocr_line' id='line_1_58' title="bbox 2152 2801 3736 2874; baseline 0.004 -19"><span class='ocrx_word' id='word_1_428' title='bbox 2152 2816 2236 2856; x_wconf 81' lang='lat' dir='ltr'><strong>nae</strong></span> <span class='ocrx_word' id='word_1_429' title='bbox 2259 2801 2402 2873; x_wconf 88' lang='lat' dir='ltr'><strong>regis</strong></span> <span class='ocrx_word' id='word_1_430' title='bbox 2430 2801 2799 2868; x_wconf 88' lang='lat' dir='ltr'><strong>morabantur,</strong></span> <span class='ocrx_word' id='word_1_431' title='bbox 2833 2802 3023 2858; x_wconf 90' lang='lat' dir='ltr'><strong>deduci</strong></span> <span class='ocrx_word' id='word_1_432' title='bbox 3046 2803 3385 2874; x_wconf 86' lang='lat' dir='ltr'><strong>perhibetur,</strong></span> <span class='ocrx_word' id='word_1_433' title='bbox 3410 2805 3543 2873; x_wconf 89' lang='lat' dir='ltr'><strong>quia</strong></span> <span class='ocrx_word' id='word_1_434' title='bbox 3571 2820 3736 2861; x_wconf 85' lang='lat' dir='ltr'><strong>casus</strong></span> 
     </span>
    </p>
   </div>
   <div class='ocr_carea' id='block_1_59' title="bbox 2151 2892 3737 2965">
    <p class='ocr_par' dir='ltr' id='par_1_59' title="bbox 2151 2892 3737 2965">
     <span class='ocr_line' id='line_1_59' title="bbox 2151 2892 3737 2965; baseline 0.001 -15"><span class='ocrx_word' id='word_1_435' title='bbox 2151 2908 2297 2950; x_wconf 71' lang='lat' dir='ltr'><strong>sana:</strong></span> <span class='ocrx_word' id='word_1_436' title='bbox 2321 2892 2444 2956; x_wconf 78' lang='lat' dir='ltr'><strong>ﬁdei</strong></span> <span class='ocrx_word' id='word_1_437' title='bbox 2470 2909 2576 2950; x_wconf 91' lang='lat' dir='ltr'><strong>non</strong></span> <span class='ocrx_word' id='word_1_438' title='bbox 2608 2892 2932 2965; x_wconf 89' lang='lat' dir='ltr'><strong>profectum,</strong></span> <span class='ocrx_word' id='word_1_439' title='bbox 2958 2893 3339 2951; x_wconf 78' lang='lat' dir='ltr'><strong>sed‘refectum</strong></span> <span class='ocrx_word' id='word_1_440' title='bbox 3360 2894 3584 2951; x_wconf 88' lang='lat' dir='ltr'><strong>honoris</strong></span> <span class='ocrx_word' id='word_1_441' title='bbox 3621 2911 3737 2953; x_wconf 54' lang='lat' dir='ltr'><strong>me.</strong></span> 
     </span>
    </p>
   </div>
   <div class='ocr_carea' id='block_1_60' title="bbox 2152 2983 3737 3055">
    <p class='ocr_par' dir='ltr' id='par_1_60' title="bbox 2152 2983 3737 3055">
     <span class='ocr_line' id='line_1_60' title="bbox 2152 2983 3737 3055; baseline 0.003 -16"><span class='ocrx_word' id='word_1_442' title='bbox 2152 2991 2320 3049; x_wconf 90' lang='lat' dir='ltr'><strong>retur,</strong></span> <span class='ocrx_word' id='word_1_443' title='bbox 2357 2999 2462 3040; x_wconf 87' lang='lat' dir='ltr'><strong>nec</strong></span> <span class='ocrx_word' id='word_1_444' title='bbox 2501 2984 2639 3040; x_wconf 89' lang='lat' dir='ltr'><strong>ultra</strong></span> <span class='ocrx_word' id='word_1_445' title='bbox 2670 2983 2889 3040; x_wconf 87' lang='lat' dir='ltr'><strong>habebit</strong></span> <span class='ocrx_word' id='word_1_446' title='bbox 2915 2984 3283 3054; x_wconf 84' lang='lat' dir='ltr'><strong>hujuscemodi</strong></span> <span class='ocrx_word' id='word_1_447' title='bbox 3312 2993 3641 3055; x_wconf 87' lang='lat' dir='ltr'><strong>potestatem</strong></span> <span class='ocrx_word' id='word_1_448' title='bbox 3666 2988 3737 3044; x_wconf 89' lang='lat' dir='ltr'><strong>ad</strong></span> 
     </span>
    </p>
   </div>
   <div class='ocr_carea' id='block_1_61' title="bbox 475 3044 3738 3148">
    <p class='ocr_par' dir='ltr' id='par_1_61' title="bbox 475 3044 3738 3148">
     <span class='ocr_line' id='line_1_61' title="bbox 475 3044 3738 3148; baseline -0.001 -14"><span class='ocrx_word' id='word_1_449' title='bbox 475 3093 584 3134; x_wconf 88' lang='lat' dir='ltr'><strong>non</strong></span> <span class='ocrx_word' id='word_1_450' title='bbox 618 3070 783 3132; x_wconf 80' lang='lat' dir='ltr'><strong>uror?</strong></span> <span class='ocrx_word' id='word_1_451' title='bbox 815 3074 899 3148; x_wconf 84' lang='grc' dir='ltr'><strong>(ΙΙ</strong></span> <span class='ocrx_word' id='word_1_452' title='bbox 934 3073 1057 3130; x_wconf 87' lang='lat' dir='ltr'><strong>Cor.</strong></span> <span class='ocrx_word' id='word_1_453' title='bbox 1084 3073 1185 3146; x_wconf 75' lang='grc' dir='ltr'><strong>ιι.)</strong></span> <span class='ocrx_word' id='word_1_454' title='bbox 1222 3093 1238 3124; x_wconf 75' lang='grc' dir='ltr'>ι</span> <span class='ocrx_word' id='word_1_455' title='bbox 1272 3072 1341 3127; x_wconf 85' lang='lat' dir='ltr'><strong>Et</strong></span> <span class='ocrx_word' id='word_1_456' title='bbox 1367 3072 1435 3127; x_wconf 91' lang='lat' dir='ltr'><strong>ad</strong></span> <span class='ocrx_word' id='word_1_457' title='bbox 1466 3072 1739 3130; x_wconf 81' lang='lat' dir='ltr'><strong>Romanos</strong></span> <span class='ocrx_word' id='word_1_458' title='bbox 1773 3088 1785 3124; x_wconf 93' lang='lat'><strong>:</strong></span> <span class='ocrx_word' id='word_1_459' title='bbox 1823 3089 1841 3120; x_wconf 71' lang='grc' dir='ltr'>ι</span> <span class='ocrx_word' id='word_1_460' title='bbox 1870 3068 2048 3127; x_wconf 88' lang='lat' dir='ltr'><strong>Testis</strong></span> <span class='ocrx_word' id='word_1_461' title='bbox 2077 3044 2120 3105; x_wconf 66' lang='grc' dir='ltr'>Ο</span> <span class='ocrx_word' id='word_1_462' title='bbox 2153 3091 2334 3148; x_wconf 77' lang='lat' dir='ltr'><strong>regem</strong></span> <span class='ocrx_word' id='word_1_463' title='bbox 2376 3085 2622 3132; x_wconf 86' lang='lat' dir='ltr'><strong>nostrum</strong></span> <span class='ocrx_word' id='word_1_464' title='bbox 2647 3074 2846 3143; x_wconf 84' lang='lat' dir='ltr'><strong>redire,</strong></span> <span class='ocrx_word' id='word_1_465' title='bbox 2879 3044 3002 3131; x_wconf 65' lang='lat' dir='ltr'><strong>nisi</strong></span> <span class='ocrx_word' id='word_1_466' title='bbox 3015 3078 3187 3145; x_wconf 85' lang='lat' dir='ltr'><strong>gratia</strong></span> <span class='ocrx_word' id='word_1_467' title='bbox 3219 3044 3451 3147; x_wconf 75' lang='lat' dir='ltr'><strong>superna</strong></span> <span class='ocrx_word' id='word_1_468' title='bbox 3476 3079 3738 3135; x_wconf 72' lang='lat' dir='ltr'><strong>visitatus</strong></span> 
     </span>
    </p>
   </div>
   <div class='ocr_carea' id='block_1_62' title="bbox 473 3160 2046 3238">
    <p class='ocr_par' dir='ltr' id='par_1_62' title="bbox 473 3160 2046 3238">
     <span class='ocr_line' id='line_1_62' title="bbox 473 3160 2046 3238; baseline -0.006 -13"><span class='ocrx_word' id='word_1_469' title='bbox 473 3178 576 3234; x_wconf 88' lang='lat' dir='ltr'><strong>cst,</strong></span> <span class='ocrx_word' id='word_1_470' title='bbox 604 3168 795 3238; x_wconf 89' lang='lat' dir='ltr'><strong>inquit,</strong></span> <span class='ocrx_word' id='word_1_471' title='bbox 841 3166 971 3221; x_wconf 90' lang='lat' dir='ltr'><strong>mihi</strong></span> <span class='ocrx_word' id='word_1_472' title='bbox 1009 3165 1170 3232; x_wconf 90' lang='lat' dir='ltr'><strong>Deus,</strong></span> <span class='ocrx_word' id='word_1_473' title='bbox 1198 3164 1284 3219; x_wconf 89' lang='lat' dir='ltr'><strong>cui</strong></span> <span class='ocrx_word' id='word_1_474' title='bbox 1317 3162 1494 3218; x_wconf 85' lang='lat' dir='ltr'><strong>servio</strong></span> <span class='ocrx_word' id='word_1_475' title='bbox 1517 3162 1571 3218; x_wconf 87' lang='lat' dir='ltr'><strong>in</strong></span> <span class='ocrx_word' id='word_1_476' title='bbox 1609 3160 1803 3233; x_wconf 91' lang='lat' dir='ltr'><strong>spiritu</strong></span> <span class='ocrx_word' id='word_1_477' title='bbox 1836 3176 1958 3216; x_wconf 88' lang='lat' dir='ltr'><strong>meo</strong></span> <span class='ocrx_word' id='word_1_478' title='bbox 1990 3161 2046 3215; x_wconf 90' lang='lat' dir='ltr'><strong>in</strong></span> 
     </span>
    </p>
   </div>
   <div class='ocr_carea' id='block_1_63' title="bbox 473 3252 2048 3330">
    <p class='ocr_par' dir='ltr' id='par_1_63' title="bbox 473 3252 2048 3330">
     <span class='ocr_line' id='line_1_63' title="bbox 473 3252 2048 3330; baseline -0.006 -14"><span class='ocrx_word' id='word_1_479' title='bbox 473 3259 765 3330; x_wconf 85' lang='lat' dir='ltr'><strong>Evangelio</strong></span> <span class='ocrx_word' id='word_1_480' title='bbox 792 3256 915 3312; x_wconf 79' lang='lat' dir='ltr'>Filii</span> <span class='ocrx_word' id='word_1_481' title='bbox 969 3255 1108 3325; x_wconf 86' lang='lat' dir='ltr'><strong>ejus,</strong></span> <span class='ocrx_word' id='word_1_482' title='bbox 1156 3254 1300 3324; x_wconf 89' lang='lat' dir='ltr'><strong>quod</strong></span> <span class='ocrx_word' id='word_1_483' title='bbox 1327 3253 1443 3308; x_wconf 88' lang='lat' dir='ltr'><strong>sine</strong></span> <span class='ocrx_word' id='word_1_484' title='bbox 1492 3252 1891 3321; x_wconf 80' lang='lat' dir='ltr'><strong>intermissione</strong></span> <span class='ocrx_word' id='word_1_485' title='bbox 1934 3266 2048 3307; x_wconf 83' lang='lat' dir='ltr'><strong>me-</strong></span> 
     </span>
    </p>
   </div>
   <div class='ocr_carea' id='block_1_64' title="bbox 474 3345 2044 3421">
    <p class='ocr_par' dir='ltr' id='par_1_64' title="bbox 474 3345 2044 3421">
     <span class='ocr_line' id='line_1_64' title="bbox 474 3345 2044 3421; baseline -0.004 -13"><span class='ocrx_word' id='word_1_486' title='bbox 474 3353 704 3409; x_wconf 86' lang='lat' dir='ltr'><strong>moriam</strong></span> <span class='ocrx_word' id='word_1_487' title='bbox 751 3349 918 3407; x_wconf 90' lang='lat' dir='ltr'><strong>vestri</strong></span> <span class='ocrx_word' id='word_1_488' title='bbox 963 3349 1105 3417; x_wconf 82' lang='lat' dir='ltr'><strong>facio</strong></span> <span class='ocrx_word' id='word_1_489' title='bbox 1152 3363 1365 3419; x_wconf 89' lang='lat' dir='ltr'><strong>semper</strong></span> <span class='ocrx_word' id='word_1_490' title='bbox 1419 3346 1474 3401; x_wconf 88' lang='lat' dir='ltr'><strong>in</strong></span> <span class='ocrx_word' id='word_1_491' title='bbox 1527 3346 1865 3421; x_wconf 83' lang='lat' dir='ltr'><strong>orationibus</strong></span> <span class='ocrx_word' id='word_1_492' title='bbox 1908 3345 2044 3401; x_wconf 89' lang='lat' dir='ltr'><strong>meis</strong></span> 
     </span>
    </p>
   </div>
   <div class='ocr_carea' id='block_1_65' title="bbox 479 3440 823 3516">
    <p class='ocr_par' dir='ltr' id='par_1_65' title="bbox 479 3440 823 3516">
     <span class='ocr_line' id='line_1_65' title="bbox 479 3440 823 3516; baseline -0.009 -19"><span class='ocrx_word' id='word_1_493' title='bbox 479 3442 658 3516; x_wconf 83' lang='lat' dir='ltr'><strong>(Rom.</strong></span> <span class='ocrx_word' id='word_1_494' title='bbox 699 3440 779 3512; x_wconf 77' lang='lat'><strong>1)..</strong></span> <span class='ocrx_word' id='word_1_495' title='bbox 802 3458 823 3494; x_wconf 74' lang='grc' dir='ltr'><strong><em>ι</em></strong></span> 
     </span>
    </p>
   </div>
   <div class='ocr_carea' id='block_1_66' title="bbox 1077 3506 1444 3564">
    <p class='ocr_par' dir='ltr' id='par_1_66' title="bbox 1077 3506 1444 3564">
     <span class='ocr_line' id='line_1_66' title="bbox 1077 3506 1444 3564; baseline -0.011 0"><span class='ocrx_word' id='word_1_496' title='bbox 1077 3506 1305 3564; x_wconf 84' lang='lat' dir='ltr'><strong>CAPUT</strong></span> <span class='ocrx_word' id='word_1_497' title='bbox 1352 3506 1444 3562; x_wconf 77' lang='grc' dir='ltr'><strong>Ν.</strong></span> 
     </span>
    </p>
   </div>
   <div class='ocr_carea' id='block_1_67' title="bbox 477 3573 2049 3652">
    <p class='ocr_par' dir='ltr' id='par_1_67' title="bbox 477 3573 2049 3652">
     <span class='ocr_line' id='line_1_67' title="bbox 477 3573 2049 3652; baseline -0.007 -13"><span class='ocrx_word' id='word_1_498' title='bbox 477 3584 630 3652; x_wconf 78' lang='lat' dir='ltr'><strong>Quod</strong></span> <span class='ocrx_word' id='word_1_499' title='bbox 678 3583 868 3637; x_wconf 80' lang='lat' dir='ltr'><strong>Esther</strong></span> <span class='ocrx_word' id='word_1_500' title='bbox 885 3579 1047 3651; x_wconf 72' lang='lat' dir='ltr'><strong>juxta</strong></span> <span class='ocrx_word' id='word_1_501' title='bbox 1073 3578 1303 3633; x_wconf 84' lang='lat' dir='ltr'><strong>ordinem</strong></span> <span class='ocrx_word' id='word_1_502' title='bbox 1347 3576 1627 3652; x_wconf 39' lang='lat' dir='ltr'><strong>uicisnsum</strong></span> <span class='ocrx_word' id='word_1_503' title='bbox 1670 3573 1938 3652; x_wconf 64' lang='lat' dir='ltr'><strong>od&#39;regeut</strong></span> <span class='ocrx_word' id='word_1_504' title='bbox 1966 3576 2049 3629; x_wconf 83' lang='lat' dir='ltr'><strong>in-</strong></span> 
     </span>
    </p>
   </div>
   <div class='ocr_carea' id='block_1_68' title="bbox 442 3644 2044 3718">
    <p class='ocr_par' dir='ltr' id='par_1_68' title="bbox 442 3644 2044 3718">
     <span class='ocr_line' id='line_1_68' title="bbox 442 3644 2044 3718; baseline -0.004 -15"><span class='ocrx_word' id='word_1_505' title='bbox 442 3644 513 3703; x_wconf 56' lang='grc' dir='ltr'><strong>η</strong></span> <span class='ocrx_word' id='word_1_506' title='bbox 546 3655 785 3708; x_wconf 85' lang='lat' dir='ltr'><strong>traducta</strong></span> <span class='ocrx_word' id='word_1_507' title='bbox 805 3644 903 3715; x_wconf 66' lang='lat' dir='ltr'><strong>est,</strong></span> <span class='ocrx_word' id='word_1_508' title='bbox 934 3661 982 3704; x_wconf 84' lang='lat' dir='ltr'><strong>et</strong></span> <span class='ocrx_word' id='word_1_509' title='bbox 1003 3664 1160 3718; x_wconf 83' lang='lat' dir='ltr'><strong>super</strong></span> <span class='ocrx_word' id='word_1_510' title='bbox 1182 3663 1357 3703; x_wconf 75' lang='lat' dir='ltr'><strong>omnes</strong></span> <span class='ocrx_word' id='word_1_511' title='bbox 1381 3646 1625 3701; x_wconf 79' lang='lat' dir='ltr'><strong>mulieres</strong></span> <span class='ocrx_word' id='word_1_512' title='bbox 1648 3645 1715 3699; x_wconf 85' lang='lat' dir='ltr'><strong>ab</strong></span> <span class='ocrx_word' id='word_1_513' title='bbox 1741 3660 1801 3699; x_wconf 87' lang='lat' dir='ltr'><strong>eo</strong></span> <span class='ocrx_word' id='word_1_514' title='bbox 1831 3644 2044 3712; x_wconf 77' lang='lat' dir='ltr'><strong>dilecta,</strong></span> 
     </span>
    </p>
   </div>
   <div class='ocr_carea' id='block_1_69' title="bbox 547 3722 1160 3796">
    <p class='ocr_par' dir='ltr' id='par_1_69' title="bbox 547 3722 1160 3796">
     <span class='ocr_line' id='line_1_69' title="bbox 547 3722 1160 3796; baseline -0.013 -17"><span class='ocrx_word' id='word_1_515' title='bbox 547 3728 726 3796; x_wconf 82' lang='lat' dir='ltr'><strong>regina</strong></span> <span class='ocrx_word' id='word_1_516' title='bbox 753 3722 1037 3777; x_wconf 81' lang='lat' dir='ltr'><strong>constituta</strong></span> <span class='ocrx_word' id='word_1_517' title='bbox 1068 3727 1160 3772; x_wconf 81' lang='lat' dir='ltr'><strong>est.</strong></span> 
     </span>
    </p>
   </div>
   <div class='ocr_carea' id='block_1_70' title="bbox 548 3806 2045 3879">
    <p class='ocr_par' dir='ltr' id='par_1_70' title="bbox 548 3806 2045 3879">
     <span class='ocr_line' id='line_1_70' title="bbox 548 3806 2045 3879; baseline -0.005 -12"><span class='ocrx_word' id='word_1_518' title='bbox 548 3834 567 3867; x_wconf 74' lang='grc' dir='ltr'>ι</span> <span class='ocrx_word' id='word_1_519' title='bbox 598 3815 732 3871; x_wconf 88' lang='lat' dir='ltr'><strong>Cum</strong></span> <span class='ocrx_word' id='word_1_520' title='bbox 761 3821 942 3868; x_wconf 90' lang='lat' dir='ltr'><strong>autem</strong></span> <span class='ocrx_word' id='word_1_521' title='bbox 969 3810 1206 3866; x_wconf 87' lang='lat' dir='ltr'><strong>venisset</strong></span> <span class='ocrx_word' id='word_1_522' title='bbox 1234 3815 1445 3879; x_wconf 89' lang='lat' dir='ltr'><strong>tempus</strong></span> <span class='ocrx_word' id='word_1_523' title='bbox 1470 3806 1806 3878; x_wconf 86' lang='lat' dir='ltr'><strong>singularum</strong></span> <span class='ocrx_word' id='word_1_524' title='bbox 1835 3820 1936 3879; x_wconf 93' lang='lat' dir='ltr'><strong>per</strong></span> <span class='ocrx_word' id='word_1_525' title='bbox 1959 3820 2045 3861; x_wconf 60' lang='lat' dir='ltr'><strong>oro</strong></span> 
     </span>
    </p>
   </div>
   <div class='ocr_carea' id='block_1_71' title="bbox 480 3894 2089 3974">
    <p class='ocr_par' dir='ltr' id='par_1_71' title="bbox 480 3894 2089 3974">
     <span class='ocr_line' id='line_1_71' title="bbox 480 3894 2089 3974; baseline -0.005 -17"><span class='ocrx_word' id='word_1_526' title='bbox 480 3926 497 3957; x_wconf 73' lang='grc' dir='ltr'>ι</span> <span class='ocrx_word' id='word_1_527' title='bbox 534 3907 713 3962; x_wconf 87' lang='lat' dir='ltr'><strong>dinem</strong></span> <span class='ocrx_word' id='word_1_528' title='bbox 759 3902 1057 3974; x_wconf 89' lang='lat' dir='ltr'><strong>puellarum</strong></span> <span class='ocrx_word' id='word_1_529' title='bbox 1092 3909 1152 3955; x_wconf 88' lang='lat' dir='ltr'><strong>ut</strong></span> <span class='ocrx_word' id='word_1_530' title='bbox 1186 3900 1454 3961; x_wconf 85' lang='lat' dir='ltr'><strong>intrarent</strong></span> <span class='ocrx_word' id='word_1_531' title='bbox 1485 3896 1553 3952; x_wconf 80' lang='lat' dir='ltr'><strong>ad</strong></span> <span class='ocrx_word' id='word_1_532' title='bbox 1595 3910 1797 3968; x_wconf 80' lang='lat' dir='ltr'><strong>regem,</strong></span> <span class='ocrx_word' id='word_1_533' title='bbox 1821 3894 2047 3964; x_wconf 80' lang='lat' dir='ltr'><strong>expletis</strong></span> <span class='ocrx_word' id='word_1_534' title='bbox 2086 3956 2089 3959; x_wconf 95' lang='lat'><em>_</em></span> 
     </span>
    </p>
   </div>
   <div class='ocr_carea' id='block_1_72' title="bbox 478 3987 2042 4062">
    <p class='ocr_par' dir='ltr' id='par_1_72' title="bbox 478 3987 2042 4062">
     <span class='ocr_line' id='line_1_72' title="bbox 478 3987 2042 4062; baseline -0.005 -15"><span class='ocrx_word' id='word_1_535' title='bbox 478 4015 496 4047; x_wconf 78' lang='grc' dir='ltr'>ι</span> <span class='ocrx_word' id='word_1_536' title='bbox 530 3993 781 4050; x_wconf 86' lang='lat' dir='ltr'><strong>omnibus</strong></span> <span class='ocrx_word' id='word_1_537' title='bbox 826 4007 946 4062; x_wconf 61' lang='lat' dir='ltr'><strong>quae</strong></span> <span class='ocrx_word' id='word_1_538' title='bbox 985 3990 1053 4045; x_wconf 88' lang='lat' dir='ltr'><strong>ad</strong></span> <span class='ocrx_word' id='word_1_539' title='bbox 1083 3989 1285 4045; x_wconf 91' lang='lat' dir='ltr'><strong>cultum</strong></span> <span class='ocrx_word' id='word_1_540' title='bbox 1338 3988 1652 4044; x_wconf 89' lang='lat' dir='ltr'><strong>muliebrem</strong></span> <span class='ocrx_word' id='word_1_541' title='bbox 1679 3987 2042 4056; x_wconf 89' lang='lat' dir='ltr'><strong>pertinebant,</strong></span> 
     </span>
    </p>
   </div>
   <div class='ocr_carea' id='block_1_73' title="bbox 477 4079 1538 4141">
    <p class='ocr_par' dir='ltr' id='par_1_73' title="bbox 477 4079 1538 4141">
     <span class='ocr_line' id='line_1_73' title="bbox 477 4079 1538 4141; baseline -0.006 -4"><span class='ocrx_word' id='word_1_542' title='bbox 477 4104 496 4137; x_wconf 74' lang='grc' dir='ltr'>ι</span> <span class='ocrx_word' id='word_1_543' title='bbox 532 4079 735 4141; x_wconf 85' lang='lat' dir='ltr'><strong>mensis</strong></span> <span class='ocrx_word' id='word_1_544' title='bbox 771 4081 1117 4139; x_wconf 89' lang='lat' dir='ltr'><strong>duodecimus</strong></span> <span class='ocrx_word' id='word_1_545' title='bbox 1160 4079 1471 4135; x_wconf 89' lang='lat' dir='ltr'><strong>vertebatur</strong></span> <span class='ocrx_word' id='word_1_546' title='bbox 1525 4097 1538 4131; x_wconf 90' lang='lat'>:</span> 
     </span>
    </p>
   </div>
   <div class='ocr_carea' id='block_1_74' title="bbox 2146 3167 3740 3239">
    <p class='ocr_par' dir='ltr' id='par_1_74' title="bbox 2146 3167 3740 3239">
     <span class='ocr_line' id='line_1_74' title="bbox 2146 3167 3740 3239; baseline 0.003 -15"><span class='ocrx_word' id='word_1_547' title='bbox 2146 3168 2428 3227; x_wconf 88' lang='lat' dir='ltr'><strong>iterumin</strong></span> <span class='ocrx_word' id='word_1_548' title='bbox 2476 3168 2721 3239; x_wconf 72' lang='lat' dir='ltr'><strong>pristina:</strong></span> <span class='ocrx_word' id='word_1_549' title='bbox 2758 3167 3035 3239; x_wconf 80' lang='lat' dir='ltr'><strong>dignitatis</strong></span> <span class='ocrx_word' id='word_1_550' title='bbox 3070 3176 3268 3225; x_wconf 88' lang='lat' dir='ltr'><strong>statum</strong></span> <span class='ocrx_word' id='word_1_551' title='bbox 3315 3184 3414 3227; x_wconf 89' lang='lat' dir='ltr'><strong>sua</strong></span> <span class='ocrx_word' id='word_1_552' title='bbox 3446 3172 3740 3228; x_wconf 84' lang='lat' dir='ltr'><strong>vocatione</strong></span> 
     </span>
    </p>
   </div>
   <div class='ocr_carea' id='block_1_75' title="bbox 2147 3258 2485 3313">
    <p class='ocr_par' dir='ltr' id='par_1_75' title="bbox 2147 3258 2485 3313">
     <span class='ocr_line' id='line_1_75' title="bbox 2147 3258 2485 3313; baseline -0.006 0"><span class='ocrx_word' id='word_1_553' title='bbox 2147 3258 2485 3313; x_wconf 86' lang='lat' dir='ltr'><strong>restituatur.</strong></span> 
     </span>
    </p>
   </div>
   <div class='ocr_carea' id='block_1_76' title="bbox 2156 3340 3735 3417">
    <p class='ocr_par' dir='ltr' id='par_1_76' title="bbox 2156 3340 3735 3417">
     <span class='ocr_line' id='line_1_76' title="bbox 2156 3340 3735 3417; baseline 0.006 -19"><span class='ocrx_word' id='word_1_554' title='bbox 2156 3340 2161 3341; x_wconf 56' lang='grc'><strong><em>⁷</em></strong></span> <span class='ocrx_word' id='word_1_555' title='bbox 2223 3365 2243 3398; x_wconf 76' lang='grc' dir='ltr'>ι</span> <span class='ocrx_word' id='word_1_556' title='bbox 2278 3346 2504 3402; x_wconf 88' lang='lat' dir='ltr'><strong>Evoluto</strong></span> <span class='ocrx_word' id='word_1_557' title='bbox 2550 3354 2729 3403; x_wconf 89' lang='lat' dir='ltr'><strong>autem</strong></span> <span class='ocrx_word' id='word_1_558' title='bbox 2782 3350 3042 3417; x_wconf 87' lang='lat' dir='ltr'><strong>tempore,</strong></span> <span class='ocrx_word' id='word_1_559' title='bbox 3070 3360 3168 3416; x_wconf 89' lang='lat' dir='ltr'><strong>per</strong></span> <span class='ocrx_word' id='word_1_560' title='bbox 3205 3346 3451 3402; x_wconf 88' lang='lat' dir='ltr'><strong>ordinem</strong></span> <span class='ocrx_word' id='word_1_561' title='bbox 3483 3349 3735 3407; x_wconf 82' lang='lat' dir='ltr'><strong>instabat</strong></span> 
     </span>
    </p>
   </div>
   <div class='ocr_carea' id='block_1_77' title="bbox 2153 3435 3735 3509">
    <p class='ocr_par' dir='ltr' id='par_1_77' title="bbox 2153 3435 3735 3509">
     <span class='ocr_line' id='line_1_77' title="bbox 2153 3435 3735 3509; baseline 0.006 -22"><span class='ocrx_word' id='word_1_562' title='bbox 2153 3454 2181 3509; x_wconf 24' lang='grc' dir='ltr'><strong>«ι</strong></span> <span class='ocrx_word' id='word_1_563' title='bbox 2212 3438 2326 3493; x_wconf 90' lang='lat' dir='ltr'><strong>dies</strong></span> <span class='ocrx_word' id='word_1_564' title='bbox 2355 3452 2462 3508; x_wconf 89' lang='lat' dir='ltr'><strong>quo</strong></span> <span class='ocrx_word' id='word_1_565' title='bbox 2491 3436 2686 3492; x_wconf 89' lang='lat' dir='ltr'><strong>Esther</strong></span> <span class='ocrx_word' id='word_1_566' title='bbox 2724 3435 2834 3491; x_wconf 79' lang='lat' dir='ltr'><strong>lilia</strong></span> <span class='ocrx_word' id='word_1_567' title='bbox 2879 3437 3092 3505; x_wconf 86' lang='lat' dir='ltr'><strong>Abigail</strong></span> <span class='ocrx_word' id='word_1_568' title='bbox 3146 3436 3331 3492; x_wconf 85' lang='lat' dir='ltr'><strong>fratris</strong></span> <span class='ocrx_word' id='word_1_569' title='bbox 3377 3436 3735 3505; x_wconf 70' lang='lat' dir='ltr'><strong>Mardochzei,</strong></span> 
     </span>
    </p>
   </div>
   <div class='ocr_carea' id='block_1_78' title="bbox 2154 3527 3741 3598">
    <p class='ocr_par' dir='ltr' id='par_1_78' title="bbox 2154 3527 3741 3598">
     <span class='ocr_line' id='line_1_78' title="bbox 2154 3527 3741 3598; baseline 0.004 -18"><span class='ocrx_word' id='word_1_570' title='bbox 2154 3547 2173 3591; x_wconf 67' lang='grc' dir='ltr'><em>ᾳ</em></span> <span class='ocrx_word' id='word_1_571' title='bbox 2211 3541 2373 3597; x_wconf 90' lang='lat' dir='ltr'><strong>quam</strong></span> <span class='ocrx_word' id='word_1_572' title='bbox 2417 3528 2519 3583; x_wconf 85' lang='lat' dir='ltr'><strong>sibi</strong></span> <span class='ocrx_word' id='word_1_573' title='bbox 2576 3528 2927 3598; x_wconf 83' lang='lat' dir='ltr'><strong>ad0ptavcrat</strong></span> <span class='ocrx_word' id='word_1_574' title='bbox 2952 3528 3015 3583; x_wconf 26' lang='lat' dir='ltr'><strong>in.</strong></span> <span class='ocrx_word' id='word_1_575' title='bbox 3052 3527 3240 3592; x_wconf 78' lang='lat' dir='ltr'><strong>filiam,</strong></span> <span class='ocrx_word' id='word_1_576' title='bbox 3270 3528 3480 3583; x_wconf 87' lang='lat' dir='ltr'><strong>intrare</strong></span> <span class='ocrx_word' id='word_1_577' title='bbox 3506 3529 3741 3586; x_wconf 83' lang='lat' dir='ltr'><strong>deberet</strong></span> 
     </span>
    </p>
   </div>
   <div class='ocr_carea' id='block_1_79' title="bbox 2152 3602 3734 3690">
    <p class='ocr_par' dir='ltr' id='par_1_79' title="bbox 2152 3602 3734 3690">
     <span class='ocr_line' id='line_1_79' title="bbox 2152 3602 3734 3690; baseline 0.004 -19"><span class='ocrx_word' id='word_1_578' title='bbox 2152 3639 2169 3670; x_wconf 81' lang='grc' dir='ltr'>ι</span> <span class='ocrx_word' id='word_1_579' title='bbox 2194 3616 2274 3674; x_wconf 57' lang='lat' dir='ltr'><strong>‘ad</strong></span> <span class='ocrx_word' id='word_1_580' title='bbox 2313 3635 2515 3690; x_wconf 87' lang='lat' dir='ltr'><strong>regem,</strong></span> <span class='ocrx_word' id='word_1_581' title='bbox 2556 3634 2678 3689; x_wconf 59' lang='lat' dir='ltr'><strong>quae</strong></span> <span class='ocrx_word' id='word_1_582' title='bbox 2723 3634 2827 3674; x_wconf 90' lang='lat' dir='ltr'><strong>non</strong></span> <span class='ocrx_word' id='word_1_583' title='bbox 2871 3620 3117 3688; x_wconf 54' lang='lat' dir='ltr'><strong>quaesivit</strong></span> <span class='ocrx_word' id='word_1_584' title='bbox 3148 3602 3469 3675; x_wconf 86' lang='lat' dir='ltr'><strong>muliebrem</strong></span> <span class='ocrx_word' id='word_1_585' title='bbox 3496 3621 3734 3688; x_wconf 88' lang='lat' dir='ltr'><strong>cultum,</strong></span> 
     </span>
    </p>
   </div>
   <div class='ocr_carea' id='block_1_80' title="bbox 2152 3709 3731 3781">
    <p class='ocr_par' dir='ltr' id='par_1_80' title="bbox 2152 3709 3731 3781">
     <span class='ocr_line' id='line_1_80' title="bbox 2152 3709 3731 3781; baseline 0.004 -19"><span class='ocrx_word' id='word_1_586' title='bbox 2152 3728 2170 3762; x_wconf 73' lang='grc' dir='ltr'>ι</span> <span class='ocrx_word' id='word_1_587' title='bbox 2207 3712 2302 3767; x_wconf 89' lang='lat' dir='ltr'><strong>sed</strong></span> <span class='ocrx_word' id='word_1_588' title='bbox 2327 3724 2660 3781; x_wconf 84' lang='lat' dir='ltr'><strong>quaecunque</strong></span> <span class='ocrx_word' id='word_1_589' title='bbox 2684 3710 2850 3764; x_wconf 89' lang='lat' dir='ltr'><strong>voluit</strong></span> <span class='ocrx_word' id='word_1_590' title='bbox 2890 3709 3067 3780; x_wconf 86' lang='lat' dir='ltr'><strong>Egens</strong></span> <span class='ocrx_word' id='word_1_591' title='bbox 3094 3710 3372 3766; x_wconf 89' lang='lat' dir='ltr'><strong>eunuchus</strong></span> <span class='ocrx_word' id='word_1_592' title='bbox 3400 3723 3583 3768; x_wconf 91' lang='lat' dir='ltr'><strong>custos</strong></span> <span class='ocrx_word' id='word_1_593' title='bbox 3609 3715 3731 3770; x_wconf 84' lang='lat' dir='ltr'><strong>vir-</strong></span> 
     </span>
    </p>
   </div>
   <div class='ocr_carea' id='block_1_81' title="bbox 2152 3801 3738 3874">
    <p class='ocr_par' dir='ltr' id='par_1_81' title="bbox 2152 3801 3738 3874">
     <span class='ocr_line' id='line_1_81' title="bbox 2152 3801 3738 3874; baseline 0.007 -21"><span class='ocrx_word' id='word_1_594' title='bbox 2152 3820 2170 3853; x_wconf 72' lang='lat' dir='ltr'><strong>c</strong></span> <span class='ocrx_word' id='word_1_595' title='bbox 2204 3801 2389 3874; x_wconf 87' lang='lat' dir='ltr'><strong>ginum</strong></span> <span class='ocrx_word' id='word_1_596' title='bbox 2411 3802 2525 3857; x_wconf 61' lang='lat' dir='ltr'><strong>haec</strong></span> <span class='ocrx_word' id='word_1_597' title='bbox 2541 3801 2589 3856; x_wconf 89' lang='lat' dir='ltr'><strong>ei</strong></span> <span class='ocrx_word' id='word_1_598' title='bbox 2616 3802 2682 3871; x_wconf 89' lang='lat' dir='ltr'><strong>ad</strong></span> <span class='ocrx_word' id='word_1_599' title='bbox 2704 3812 2952 3856; x_wconf 89' lang='lat' dir='ltr'><strong>ornatum</strong></span> <span class='ocrx_word' id='word_1_600' title='bbox 2976 3802 3142 3857; x_wconf 90' lang='lat' dir='ltr'><strong>dedit.</strong></span> <span class='ocrx_word' id='word_1_601' title='bbox 3166 3802 3298 3858; x_wconf 86' lang='lat' dir='ltr'><strong>Erat</strong></span> <span class='ocrx_word' id='word_1_602' title='bbox 3311 3804 3455 3858; x_wconf 90' lang='lat' dir='ltr'><strong>enim</strong></span> <span class='ocrx_word' id='word_1_603' title='bbox 3486 3803 3738 3864; x_wconf 86' lang='lat' dir='ltr'><strong>formosa</strong></span> 
     </span>
    </p>
   </div>
   <div class='ocr_carea' id='block_1_82' title="bbox 2152 3893 3739 3964">
    <p class='ocr_par' dir='ltr' id='par_1_82' title="bbox 2152 3893 3739 3964">
     <span class='ocr_line' id='line_1_82' title="bbox 2152 3893 3739 3964; baseline 0.004 -18"><span class='ocrx_word' id='word_1_604' title='bbox 2152 3913 2169 3945; x_wconf 72' lang='grc' dir='ltr'><strong>ε</strong></span> <span class='ocrx_word' id='word_1_605' title='bbox 2209 3893 2383 3960; x_wconf 91' lang='lat' dir='ltr'><strong>valde,</strong></span> <span class='ocrx_word' id='word_1_606' title='bbox 2413 3901 2468 3949; x_wconf 89' lang='lat' dir='ltr'><strong>et</strong></span> <span class='ocrx_word' id='word_1_607' title='bbox 2503 3893 2802 3951; x_wconf 88' lang='lat' dir='ltr'><strong>incredibili</strong></span> <span class='ocrx_word' id='word_1_608' title='bbox 2843 3893 3266 3964; x_wconf 87' lang='lat' dir='ltr'><strong>pulchritudine,</strong></span> <span class='ocrx_word' id='word_1_609' title='bbox 3302 3896 3545 3950; x_wconf 89' lang='lat' dir='ltr'><strong>omnium</strong></span> <span class='ocrx_word' id='word_1_610' title='bbox 3597 3912 3739 3953; x_wconf 79' lang='lat' dir='ltr'><strong>ocu-</strong></span> 
     </span>
    </p>
   </div>
   <div class='ocr_carea' id='block_1_83' title="bbox 2151 3983 3737 4057">
    <p class='ocr_par' dir='ltr' id='par_1_83' title="bbox 2151 3983 3737 4057">
     <span class='ocr_line' id='line_1_83' title="bbox 2151 3983 3737 4057; baseline 0.006 -22"><span class='ocrx_word' id='word_1_611' title='bbox 2151 4002 2169 4035; x_wconf 77' lang='grc' dir='ltr'>ι</span> <span class='ocrx_word' id='word_1_612' title='bbox 2207 3983 2272 4038; x_wconf 91' lang='lat' dir='ltr'><strong>lis</strong></span> <span class='ocrx_word' id='word_1_613' title='bbox 2314 3984 2553 4057; x_wconf 86' lang='lat' dir='ltr'><strong>gratiosa</strong></span> <span class='ocrx_word' id='word_1_614' title='bbox 2578 3991 2633 4037; x_wconf 91' lang='lat' dir='ltr'><strong>et</strong></span> <span class='ocrx_word' id='word_1_615' title='bbox 2674 3983 2921 4038; x_wconf 91' lang='lat' dir='ltr'><strong>amabilis</strong></span> <span class='ocrx_word' id='word_1_616' title='bbox 2948 3983 3250 4039; x_wconf 89' lang='lat' dir='ltr'><strong>videbatur.</strong></span> <span class='ocrx_word' id='word_1_617' title='bbox 3292 4004 3312 4037; x_wconf 84' lang='grc'>›</span> <span class='ocrx_word' id='word_1_618' title='bbox 3347 3985 3601 4052; x_wconf 85' lang='lat' dir='ltr'><strong>Evoluto,</strong></span> <span class='ocrx_word' id='word_1_619' title='bbox 3638 3989 3737 4044; x_wconf 85' lang='lat' dir='ltr'><strong>in-</strong></span> 
     </span>
    </p>
   </div>
   <div class='ocr_carea' id='block_1_84' title="bbox 1583 4077 3740 4148">
    <p class='ocr_par' dir='ltr' id='par_1_84' title="bbox 1583 4077 3740 4148">
     <span class='ocr_line' id='line_1_84' title="bbox 1583 4077 3740 4148; baseline 0.002 -16"><span class='ocrx_word' id='word_1_620' title='bbox 1583 4078 1656 4133; x_wconf 88' lang='lat' dir='ltr'><strong>ita</strong></span> <span class='ocrx_word' id='word_1_621' title='bbox 1703 4078 1963 4131; x_wconf 87' lang='lat' dir='ltr'><strong>duntaxat</strong></span> <span class='ocrx_word' id='word_1_622' title='bbox 1988 4086 2046 4131; x_wconf 92' lang='lat' dir='ltr'><strong>ut</strong></span> <span class='ocrx_word' id='word_1_623' title='bbox 2143 4078 2279 4146; x_wconf 87' lang='lat' dir='ltr'><strong>quit,</strong></span> <span class='ocrx_word' id='word_1_624' title='bbox 2333 4086 2592 4148; x_wconf 89' lang='lat' dir='ltr'><strong>tempore,</strong></span> <span class='ocrx_word' id='word_1_625' title='bbox 2622 4078 2725 4132; x_wconf 90' lang='lat' dir='ltr'><strong>hoc</strong></span> <span class='ocrx_word' id='word_1_626' title='bbox 2763 4083 2865 4143; x_wconf 89' lang='lat' dir='ltr'><strong>cst,</strong></span> <span class='ocrx_word' id='word_1_627' title='bbox 2895 4077 3182 4132; x_wconf 90' lang='lat' dir='ltr'><strong>transactis</strong></span> <span class='ocrx_word' id='word_1_628' title='bbox 3212 4079 3449 4148; x_wconf 89' lang='lat' dir='ltr'><strong>quinque</strong></span> <span class='ocrx_word' id='word_1_629' title='bbox 3473 4082 3740 4136; x_wconf 66' lang='lat' dir='ltr'><strong>mtatibus</strong></span> 
     </span>
    </p>
   </div>
   <div class='ocr_carea' id='block_1_85' title="bbox 478 4165 3744 4247">
    <p class='ocr_par' dir='ltr' id='par_1_85' title="bbox 478 4165 3744 4247">
     <span class='ocr_line' id='line_1_85' title="bbox 478 4165 3744 4247; baseline -0.002 -15"><span class='ocrx_word' id='word_1_630' title='bbox 478 4199 496 4232; x_wconf 75' lang='grc' dir='ltr'>ι</span> <span class='ocrx_word' id='word_1_631' title='bbox 531 4194 627 4234; x_wconf 85' lang='lat' dir='ltr'><strong>sex</strong></span> <span class='ocrx_word' id='word_1_632' title='bbox 663 4174 940 4232; x_wconf 89' lang='lat' dir='ltr'><strong>mensibus</strong></span> <span class='ocrx_word' id='word_1_633' title='bbox 985 4172 1111 4229; x_wconf 22' lang='lat' dir='ltr'><strong>oleo.</strong></span> <span class='ocrx_word' id='word_1_634' title='bbox 1139 4179 1471 4241; x_wconf 85' lang='lat' dir='ltr'><strong>ungerentur</strong></span> <span class='ocrx_word' id='word_1_635' title='bbox 1501 4168 1799 4241; x_wconf 81' lang='lat' dir='ltr'><strong>myrrhina,</strong></span> <span class='ocrx_word' id='word_1_636' title='bbox 1828 4175 1884 4224; x_wconf 90' lang='lat' dir='ltr'><strong>et</strong></span> <span class='ocrx_word' id='word_1_637' title='bbox 1923 4165 2044 4221; x_wconf 89' lang='lat' dir='ltr'><strong>aliis</strong></span> <span class='ocrx_word' id='word_1_638' title='bbox 2143 4167 2354 4231; x_wconf 91' lang='lat' dir='ltr'><strong>mundi,</strong></span> <span class='ocrx_word' id='word_1_639' title='bbox 2395 4167 2449 4223; x_wconf 90' lang='lat' dir='ltr'><strong>in</strong></span> <span class='ocrx_word' id='word_1_640' title='bbox 2496 4167 2693 4236; x_wconf 87' lang='lat' dir='ltr'><strong>quibus</strong></span> <span class='ocrx_word' id='word_1_641' title='bbox 2739 4166 2959 4222; x_wconf 88' lang='lat' dir='ltr'><strong>Patrum</strong></span> <span class='ocrx_word' id='word_1_642' title='bbox 2996 4182 3234 4247; x_wconf 66' lang='lat' dir='ltr'><strong>propago</strong></span> <span class='ocrx_word' id='word_1_643' title='bbox 3278 4169 3648 4240; x_wconf 66' lang='lat' dir='ltr'><strong>praecedebat,</strong></span> <span class='ocrx_word' id='word_1_644' title='bbox 3680 4188 3744 4228; x_wconf 83' lang='lat' dir='ltr'><strong>et</strong></span> 
     </span>
    </p>
   </div>
   <div class='ocr_carea' id='block_1_86' title="bbox 477 4254 3739 4338">
    <p class='ocr_par' dir='ltr' id='par_1_86' title="bbox 477 4254 3739 4338">
     <span class='ocr_line' id='line_1_86' title="bbox 477 4254 3739 4338; baseline -0.002 -17"><span class='ocrx_word' id='word_1_645' title='bbox 477 4288 497 4321; x_wconf 70' lang='grc' dir='ltr'><strong>ε</strong></span> <span class='ocrx_word' id='word_1_646' title='bbox 531 4283 625 4324; x_wconf 85' lang='lat' dir='ltr'><strong>sex</strong></span> <span class='ocrx_word' id='word_1_647' title='bbox 676 4265 995 4338; x_wconf 88' lang='lat' dir='ltr'><strong>quibusdam</strong></span> <span class='ocrx_word' id='word_1_648' title='bbox 1015 4262 1303 4334; x_wconf 81' lang='lat' dir='ltr'><strong>pigmentis</strong></span> <span class='ocrx_word' id='word_1_649' title='bbox 1346 4269 1402 4316; x_wconf 89' lang='lat' dir='ltr'><strong>et</strong></span> <span class='ocrx_word' id='word_1_650' title='bbox 1444 4259 1774 4315; x_wconf 88' lang='lat' dir='ltr'><strong>aromatibus</strong></span> <span class='ocrx_word' id='word_1_651' title='bbox 1822 4266 2041 4314; x_wconf 82' lang='lat' dir='ltr'><strong>uteren—</strong></span> <span class='ocrx_word' id='word_1_652' title='bbox 2143 4255 2325 4328; x_wconf 85' lang='lat' dir='ltr'><strong>legalis</strong></span> <span class='ocrx_word' id='word_1_653' title='bbox 2356 4255 2624 4313; x_wconf 91' lang='lat' dir='ltr'><strong>institutio</strong></span> <span class='ocrx_word' id='word_1_654' title='bbox 2670 4256 2808 4327; x_wconf 89' lang='lat' dir='ltr'><strong>apud</strong></span> <span class='ocrx_word' id='word_1_655' title='bbox 2853 4254 3067 4313; x_wconf 72' lang='lat' dir='ltr'><strong>Iudaeos</strong></span> <span class='ocrx_word' id='word_1_656' title='bbox 3101 4255 3349 4324; x_wconf 85' lang='lat' dir='ltr'><strong>ﬂorebat,</strong></span> <span class='ocrx_word' id='word_1_657' title='bbox 3379 4271 3531 4314; x_wconf 86' lang='lat' dir='ltr'><strong>sexta</strong></span> <span class='ocrx_word' id='word_1_658' title='bbox 3565 4269 3739 4327; x_wconf 73' lang='lat' dir='ltr'><strong>a-tas,</strong></span> 
     </span>
    </p>
   </div>
   <div class='ocr_carea' id='block_1_87' title="bbox 478 4343 3747 4444">
    <p class='ocr_par' dir='ltr' id='par_1_87' title="bbox 478 4343 3747 4444">
     <span class='ocr_line' id='line_1_87' title="bbox 478 4343 3747 4444; baseline -0.001 -33"><span class='ocrx_word' id='word_1_659' title='bbox 478 4379 497 4411; x_wconf 73' lang='grc' dir='ltr'><strong><em>ι</em></strong></span> <span class='ocrx_word' id='word_1_660' title='bbox 536 4367 642 4414; x_wconf 90' lang='lat' dir='ltr'><strong>tur.</strong></span> <span class='ocrx_word' id='word_1_661' title='bbox 677 4374 697 4410; x_wconf 74' lang='grc' dir='ltr'><strong><em>ι</em></strong></span> <span class='ocrx_word' id='word_1_662' title='bbox 739 4355 876 4441; x_wconf 87' lang='lat' dir='ltr'><strong>Quid</strong></span> <span class='ocrx_word' id='word_1_663' title='bbox 898 4361 981 4410; x_wconf 92' lang='lat' dir='ltr'><strong>est</strong></span> <span class='ocrx_word' id='word_1_664' title='bbox 1006 4354 1153 4424; x_wconf 89' lang='lat' dir='ltr'><strong>quod</strong></span> <span class='ocrx_word' id='word_1_665' title='bbox 1196 4352 1384 4423; x_wconf 66' lang='lat' dir='ltr'><strong>puellae</strong></span> <span class='ocrx_word' id='word_1_666' title='bbox 1410 4366 1530 4421; x_wconf 68' lang='lat' dir='ltr'><strong>quae</strong></span> <span class='ocrx_word' id='word_1_667' title='bbox 1554 4351 1622 4408; x_wconf 90' lang='lat' dir='ltr'><strong>ad</strong></span> <span class='ocrx_word' id='word_1_668' title='bbox 1651 4351 1793 4422; x_wconf 87' lang='lat' dir='ltr'><strong>regis</strong></span> <span class='ocrx_word' id='word_1_669' title='bbox 1819 4348 2042 4405; x_wconf 90' lang='lat' dir='ltr'><strong>cubicu-</strong></span> <span class='ocrx_word' id='word_1_670' title='bbox 2068 4383 2120 4444; x_wconf 69' lang='grc' dir='ltr'><strong>Β</strong></span> <span class='ocrx_word' id='word_1_671' title='bbox 2145 4345 2462 4444; x_wconf 65' lang='lat' dir='ltr'><strong>adveniente</strong></span> <span class='ocrx_word' id='word_1_672' title='bbox 2514 4343 2897 4416; x_wconf 79' lang='lat' dir='ltr'><strong>Rcdemptore,</strong></span> <span class='ocrx_word' id='word_1_673' title='bbox 2938 4347 2991 4401; x_wconf 90' lang='lat' dir='ltr'><strong>in</strong></span> <span class='ocrx_word' id='word_1_674' title='bbox 3022 4361 3124 4417; x_wconf 89' lang='lat' dir='ltr'><strong>qua</strong></span> <span class='ocrx_word' id='word_1_675' title='bbox 3151 4348 3391 4419; x_wconf 89' lang='lat' dir='ltr'><strong>gentium</strong></span> <span class='ocrx_word' id='word_1_676' title='bbox 3433 4349 3747 4408; x_wconf 77' lang='lat' dir='ltr'><strong>multitudo</strong></span> 
     </span>
    </p>
   </div>
   <div class='ocr_carea' id='block_1_88' title="bbox 473 4435 3747 4507">
    <p class='ocr_par' dir='ltr' id='par_1_88' title="bbox 473 4435 3747 4507">
     <span class='ocr_line' id='line_1_88' title="bbox 473 4435 3747 4507; baseline -0.002 -3"><span class='ocrx_word' id='word_1_677' title='bbox 473 4449 585 4504; x_wconf 91' lang='lat' dir='ltr'><strong>lum</strong></span> <span class='ocrx_word' id='word_1_678' title='bbox 632 4438 1031 4502; x_wconf 67' lang='lat' dir='ltr'><strong>introducendaa</strong></span> <span class='ocrx_word' id='word_1_679' title='bbox 1068 4452 1239 4507; x_wconf 90' lang='lat' dir='ltr'><strong>erant,</strong></span> <span class='ocrx_word' id='word_1_680' title='bbox 1291 4442 1572 4498; x_wconf 86' lang='lat' dir='ltr'><strong>duodecim</strong></span> <span class='ocrx_word' id='word_1_681' title='bbox 1611 4441 1888 4496; x_wconf 83' lang='lat' dir='ltr'><strong>mensibus</strong></span> <span class='ocrx_word' id='word_1_682' title='bbox 1922 4439 2042 4495; x_wconf 90' lang='lat' dir='ltr'><strong>oleo</strong></span> <span class='ocrx_word' id='word_1_683' title='bbox 2068 4435 2240 4505; x_wconf 63' lang='lat' dir='ltr'><strong>&quot;per</strong></span> <span class='ocrx_word' id='word_1_684' title='bbox 2280 4435 2633 4505; x_wconf 85' lang='lat' dir='ltr'><strong>Evangelium</strong></span> <span class='ocrx_word' id='word_1_685' title='bbox 2685 4435 3029 4492; x_wconf 89' lang='lat' dir='ltr'><strong>convocanda</strong></span> <span class='ocrx_word' id='word_1_686' title='bbox 3086 4446 3228 4502; x_wconf 88' lang='lat' dir='ltr'><strong>erat,</strong></span> <span class='ocrx_word' id='word_1_687' title='bbox 3280 4438 3538 4494; x_wconf 87' lang='lat' dir='ltr'><strong>instabat.</strong></span> <span class='ocrx_word' id='word_1_688' title='bbox 3570 4440 3747 4498; x_wconf 85' lang='lat' dir='ltr'><strong>Tunc</strong></span> 
     </span>
    </p>
   </div>
   <div class='ocr_carea' id='block_1_89' title="bbox 474 4529 2044 4610">
    <p class='ocr_par' dir='ltr' id='par_1_89' title="bbox 474 4529 2044 4610">
     <span class='ocr_line' id='line_1_89' title="bbox 474 4529 2044 4610; baseline -0.007 -16"><span class='ocrx_word' id='word_1_689' title='bbox 474 4550 638 4610; x_wconf 88' lang='lat' dir='ltr'><strong>atque</strong></span> <span class='ocrx_word' id='word_1_690' title='bbox 670 4536 1004 4592; x_wconf 88' lang='lat' dir='ltr'><strong>aromatibus</strong></span> <span class='ocrx_word' id='word_1_691' title='bbox 1034 4533 1501 4603; x_wconf 77' lang='lat' dir='ltr'><strong>praeparabantur,</strong></span> <span class='ocrx_word' id='word_1_692' title='bbox 1527 4530 1602 4584; x_wconf 90' lang='lat' dir='ltr'><strong>ita</strong></span> <span class='ocrx_word' id='word_1_693' title='bbox 1625 4537 1686 4584; x_wconf 86' lang='lat' dir='ltr'><strong>ut</strong></span> <span class='ocrx_word' id='word_1_694' title='bbox 1712 4546 1807 4585; x_wconf 82' lang='lat' dir='ltr'><strong>sex</strong></span> <span class='ocrx_word' id='word_1_695' title='bbox 1842 4529 2044 4585; x_wconf 87' lang='lat' dir='ltr'><strong>mensi-</strong></span> 
     </span>
    </p>
   </div>
   <div class='ocr_carea' id='block_1_90' title="bbox 475 4617 2045 4697">
    <p class='ocr_par' dir='ltr' id='par_1_90' title="bbox 475 4617 2045 4697">
     <span class='ocr_line' id='line_1_90' title="bbox 475 4617 2045 4697; baseline -0.011 -9"><span class='ocrx_word' id='word_1_696' title='bbox 475 4631 575 4688; x_wconf 89' lang='lat' dir='ltr'><strong>bus</strong></span> <span class='ocrx_word' id='word_1_697' title='bbox 604 4628 723 4684; x_wconf 89' lang='lat' dir='ltr'><strong>oleo</strong></span> <span class='ocrx_word' id='word_1_698' title='bbox 749 4625 1009 4697; x_wconf 89' lang='lat' dir='ltr'><strong>myrriuo,</strong></span> <span class='ocrx_word' id='word_1_699' title='bbox 1031 4621 1175 4692; x_wconf 91' lang='lat' dir='ltr'><strong>quod</strong></span> <span class='ocrx_word' id='word_1_700' title='bbox 1198 4619 1323 4676; x_wconf 90' lang='lat' dir='ltr'><strong>boni</strong></span> <span class='ocrx_word' id='word_1_701' title='bbox 1351 4617 1534 4674; x_wconf 88' lang='lat' dir='ltr'><strong>odoris</strong></span> <span class='ocrx_word' id='word_1_702' title='bbox 1552 4633 1670 4674; x_wconf 90' lang='lat' dir='ltr'><strong>esse</strong></span> <span class='ocrx_word' id='word_1_703' title='bbox 1697 4623 1927 4681; x_wconf 86' lang='lat' dir='ltr'><strong>constat,</strong></span> <span class='ocrx_word' id='word_1_704' title='bbox 1946 4633 2045 4672; x_wconf 86' lang='lat' dir='ltr'><strong>un—</strong></span> 
     </span>
    </p>
   </div>
   <div class='ocr_carea' id='block_1_91' title="bbox 476 4707 2045 4793">
    <p class='ocr_par' dir='ltr' id='par_1_91' title="bbox 476 4707 2045 4793">
     <span class='ocr_line' id='line_1_91' title="bbox 476 4707 2045 4793; baseline -0.012 -14"><span class='ocrx_word' id='word_1_705' title='bbox 476 4729 766 4793; x_wconf 83' lang='lat' dir='ltr'><strong>gerentur;</strong></span> <span class='ocrx_word' id='word_1_706' title='bbox 793 4724 849 4772; x_wconf 92' lang='lat' dir='ltr'><strong>et</strong></span> <span class='ocrx_word' id='word_1_707' title='bbox 891 4714 1013 4769; x_wconf 89' lang='lat' dir='ltr'><strong>aliis</strong></span> <span class='ocrx_word' id='word_1_708' title='bbox 1042 4727 1161 4777; x_wconf 84' lang='lat' dir='ltr'><strong>sex,</strong></span> <span class='ocrx_word' id='word_1_709' title='bbox 1182 4709 1470 4782; x_wconf 84' lang='lat' dir='ltr'><strong>pigmentis</strong></span> <span class='ocrx_word' id='word_1_710' title='bbox 1510 4716 1565 4762; x_wconf 89' lang='lat' dir='ltr'><strong>et</strong></span> <span class='ocrx_word' id='word_1_711' title='bbox 1593 4707 1926 4763; x_wconf 88' lang='lat' dir='ltr'><strong>aromatibus</strong></span> <span class='ocrx_word' id='word_1_712' title='bbox 1950 4722 2045 4762; x_wconf 90' lang='lat' dir='ltr'><strong>va-</strong></span> 
     </span>
    </p>
   </div>
   <div class='ocr_carea' id='block_1_92' title="bbox 479 4797 2046 4876">
    <p class='ocr_par' dir='ltr' id='par_1_92' title="bbox 479 4797 2046 4876">
     <span class='ocr_line' id='line_1_92' title="bbox 479 4797 2046 4876; baseline -0.011 -5"><span class='ocrx_word' id='word_1_713' title='bbox 479 4817 572 4871; x_wconf 88' lang='lat' dir='ltr'><strong>riis</strong></span> <span class='ocrx_word' id='word_1_714' title='bbox 599 4817 903 4874; x_wconf 84' lang='lat' dir='ltr'><strong>uterentur,</strong></span> <span class='ocrx_word' id='word_1_715' title='bbox 932 4806 1035 4864; x_wconf 83' lang='lat' dir='ltr'><strong>nisi</strong></span> <span class='ocrx_word' id='word_1_716' title='bbox 1064 4803 1204 4876; x_wconf 91' lang='lat' dir='ltr'><strong>quod</strong></span> <span class='ocrx_word' id='word_1_717' title='bbox 1232 4815 1422 4857; x_wconf 84' lang='lat' dir='ltr'><strong>omnes</strong></span> <span class='ocrx_word' id='word_1_718' title='bbox 1446 4799 1638 4854; x_wconf 61' lang='lat' dir='ltr'><strong>animae</strong></span> <span class='ocrx_word' id='word_1_719' title='bbox 1662 4813 1783 4870; x_wconf 78' lang='lat' dir='ltr'><strong>quae</strong></span> <span class='ocrx_word' id='word_1_720' title='bbox 1806 4797 1874 4853; x_wconf 91' lang='lat' dir='ltr'><strong>ad</strong></span> <span class='ocrx_word' id='word_1_721' title='bbox 1902 4797 2046 4854; x_wconf 83' lang='lat' dir='ltr'><strong>sacri</strong></span> 
     </span>
    </p>
   </div>
   <div class='ocr_carea' id='block_1_93' title="bbox 444 4888 2044 4979">
    <p class='ocr_par' dir='ltr' id='par_1_93' title="bbox 444 4888 2044 4979">
     <span class='ocr_line' id='line_1_93' title="bbox 444 4888 2044 4979; baseline -0.013 -16"><span class='ocrx_word' id='word_1_722' title='bbox 444 4976 447 4979; x_wconf 95' lang='lat'><em>_</em></span> <span class='ocrx_word' id='word_1_723' title='bbox 476 4903 729 4978; x_wconf 90' lang='lat' dir='ltr'><strong>baptismi</strong></span> <span class='ocrx_word' id='word_1_724' title='bbox 772 4899 1168 4974; x_wconf 87' lang='lat' dir='ltr'><strong>perceptionem</strong></span> <span class='ocrx_word' id='word_1_725' title='bbox 1215 4905 1271 4950; x_wconf 90' lang='lat' dir='ltr'><strong>et</strong></span> <span class='ocrx_word' id='word_1_726' title='bbox 1303 4892 1370 4949; x_wconf 92' lang='lat' dir='ltr'><strong>ad</strong></span> <span class='ocrx_word' id='word_1_727' title='bbox 1405 4891 1517 4946; x_wconf 89' lang='lat' dir='ltr'><strong>veri</strong></span> <span class='ocrx_word' id='word_1_728' title='bbox 1548 4890 1765 4961; x_wconf 90' lang='lat' dir='ltr'><strong>Spousi,</strong></span> <span class='ocrx_word' id='word_1_729' title='bbox 1797 4889 1940 4961; x_wconf 89' lang='lat' dir='ltr'><strong>regis</strong></span> <span class='ocrx_word' id='word_1_730' title='bbox 1963 4888 2044 4943; x_wconf 88' lang='lat' dir='ltr'><strong>vi-</strong></span> 
     </span>
    </p>
   </div>
   <div class='ocr_carea' id='block_1_94' title="bbox 479 4976 2039 5054">
    <p class='ocr_par' dir='ltr' id='par_1_94' title="bbox 479 4976 2039 5054">
     <span class='ocr_line' id='line_1_94' title="bbox 479 4976 2039 5054; baseline -0.012 -5"><span class='ocrx_word' id='word_1_731' title='bbox 479 4976 666 5051; x_wconf 81' lang='lat' dir='ltr'><strong>delicet</strong></span> <span class='ocrx_word' id='word_1_732' title='bbox 691 4989 912 5054; x_wconf 88' lang='lat' dir='ltr'><strong>Christi,</strong></span> <span class='ocrx_word' id='word_1_733' title='bbox 938 4987 1230 5042; x_wconf 89' lang='lat' dir='ltr'><strong>thalamum</strong></span> <span class='ocrx_word' id='word_1_734' title='bbox 1261 4976 1585 5045; x_wconf 74' lang='lat' dir='ltr'><strong>invitantur,</strong></span> <span class='ocrx_word' id='word_1_735' title='bbox 1597 4978 1717 5034; x_wconf 90' lang='lat' dir='ltr'><strong>oleo</strong></span> <span class='ocrx_word' id='word_1_736' title='bbox 1744 4976 2039 5049; x_wconf 78' lang='lat' dir='ltr'><strong>myrrhina,</strong></span> 
     </span>
    </p>
   </div>
   <div class='ocr_carea' id='block_1_95' title="bbox 478 5070 2044 5146">
    <p class='ocr_par' dir='ltr' id='par_1_95' title="bbox 478 5070 2044 5146">
     <span class='ocr_line' id='line_1_95' title="bbox 478 5070 2044 5146; baseline -0.01 -6"><span class='ocrx_word' id='word_1_737' title='bbox 478 5083 580 5140; x_wconf 89' lang='lat' dir='ltr'><strong>hoc</strong></span> <span class='ocrx_word' id='word_1_738' title='bbox 603 5089 689 5136; x_wconf 89' lang='lat' dir='ltr'><strong>est</strong></span> <span class='ocrx_word' id='word_1_739' title='bbox 732 5079 931 5134; x_wconf 88' lang='lat' dir='ltr'><strong>lumine</strong></span> <span class='ocrx_word' id='word_1_740' title='bbox 975 5075 1098 5143; x_wconf 74' lang='lat' dir='ltr'><strong>fidei</strong></span> <span class='ocrx_word' id='word_1_741' title='bbox 1123 5082 1180 5129; x_wconf 92' lang='lat' dir='ltr'><strong>et</strong></span> <span class='ocrx_word' id='word_1_742' title='bbox 1213 5072 1537 5146; x_wconf 85' lang='lat' dir='ltr'><strong>pinguedine</strong></span> <span class='ocrx_word' id='word_1_743' title='bbox 1558 5070 1882 5135; x_wconf 88' lang='lat' dir='ltr'><strong>dilectionis,</strong></span> <span class='ocrx_word' id='word_1_744' title='bbox 1921 5084 2044 5125; x_wconf 90' lang='lat' dir='ltr'><strong>cum</strong></span> 
     </span>
    </p>
   </div>
   <div class='ocr_carea' id='block_1_96' title="bbox 478 5161 2044 5235">
    <p class='ocr_par' dir='ltr' id='par_1_96' title="bbox 478 5161 2044 5235">
     <span class='ocr_line' id='line_1_96' title="bbox 478 5161 2044 5235; baseline -0.009 -7"><span class='ocrx_word' id='word_1_745' title='bbox 478 5168 807 5228; x_wconf 88' lang='lat' dir='ltr'><strong>aromatibus</strong></span> <span class='ocrx_word' id='word_1_746' title='bbox 849 5167 1106 5222; x_wconf 91' lang='lat' dir='ltr'><strong>virtutum</strong></span> <span class='ocrx_word' id='word_1_747' title='bbox 1132 5161 1371 5235; x_wconf 86' lang='lat' dir='ltr'><strong>perfecte</strong></span> <span class='ocrx_word' id='word_1_748' title='bbox 1412 5161 1747 5226; x_wconf 89' lang='lat' dir='ltr'><strong>imbuuntur;</strong></span> <span class='ocrx_word' id='word_1_749' title='bbox 1780 5167 2044 5230; x_wconf 87' lang='lat' dir='ltr'><strong>quatenus</strong></span> 
     </span>
    </p>
   </div>
   <div class='ocr_carea' id='block_1_97' title="bbox 466 5252 2039 5335">
    <p class='ocr_par' dir='ltr' id='par_1_97' title="bbox 466 5252 2039 5335">
     <span class='ocr_line' id='line_1_97' title="bbox 466 5252 2039 5335; baseline -0.009 -15"><span class='ocrx_word' id='word_1_750' title='bbox 466 5263 593 5335; x_wconf 84' lang='lat' dir='ltr'><strong>ejus</strong></span> <span class='ocrx_word' id='word_1_751' title='bbox 617 5259 890 5315; x_wconf 91' lang='lat' dir='ltr'><strong>consortio</strong></span> <span class='ocrx_word' id='word_1_752' title='bbox 938 5257 1111 5328; x_wconf 72' lang='lat' dir='ltr'><strong>dignae</strong></span> <span class='ocrx_word' id='word_1_753' title='bbox 1163 5254 1279 5309; x_wconf 80' lang='lat' dir='ltr'><strong>fieri</strong></span> <span class='ocrx_word' id='word_1_754' title='bbox 1325 5258 1653 5310; x_wconf 82' lang='lat' dir='ltr'><strong>mereantur.</strong></span> <span class='ocrx_word' id='word_1_755' title='bbox 1700 5252 1837 5320; x_wconf 91' lang='lat' dir='ltr'><strong>Quid</strong></span> <span class='ocrx_word' id='word_1_756' title='bbox 1895 5252 2039 5308; x_wconf 91' lang='lat' dir='ltr'><strong>enim</strong></span> 
     </span>
    </p>
   </div>
   <div class='ocr_carea' id='block_1_98' title="bbox 477 5344 2042 5429">
    <p class='ocr_par' dir='ltr' id='par_1_98' title="bbox 477 5344 2042 5429">
     <span class='ocr_line' id='line_1_98' title="bbox 477 5344 2042 5429; baseline -0.006 -22"><span class='ocrx_word' id='word_1_757' title='bbox 477 5351 619 5407; x_wconf 90' lang='lat' dir='ltr'><strong>aliud</strong></span> <span class='ocrx_word' id='word_1_758' title='bbox 649 5356 816 5418; x_wconf 88' lang='lat' dir='ltr'><strong>agunt</strong></span> <span class='ocrx_word' id='word_1_759' title='bbox 856 5347 1236 5419; x_wconf 70' lang='lat' dir='ltr'><strong>praedicatores</strong></span> <span class='ocrx_word' id='word_1_760' title='bbox 1285 5344 1491 5429; x_wconf 41' lang='lat' dir='ltr'><strong>sancti,</strong></span> <span class='ocrx_word' id='word_1_761' title='bbox 1518 5344 1733 5414; x_wconf 89' lang='lat' dir='ltr'><strong>quando</strong></span> <span class='ocrx_word' id='word_1_762' title='bbox 1791 5345 2042 5400; x_wconf 78' lang='lat' dir='ltr'><strong>catechu—</strong></span> 
     </span>
    </p>
   </div>
   <div class='ocr_carea' id='block_1_99' title="bbox 477 5433 2042 5510">
    <p class='ocr_par' dir='ltr' id='par_1_99' title="bbox 477 5433 2042 5510">
     <span class='ocr_line' id='line_1_99' title="bbox 477 5433 2042 5510; baseline -0.008 -8"><span class='ocrx_word' id='word_1_763' title='bbox 477 5457 662 5503; x_wconf 87' lang='lat' dir='ltr'><strong>menos</strong></span> <span class='ocrx_word' id='word_1_764' title='bbox 707 5456 832 5496; x_wconf 89' lang='lat' dir='ltr'><strong>suos</strong></span> <span class='ocrx_word' id='word_1_765' title='bbox 876 5442 1149 5510; x_wconf 83' lang='lat' dir='ltr'><strong>instruunt</strong></span> <span class='ocrx_word' id='word_1_766' title='bbox 1180 5437 1406 5492; x_wconf 89' lang='lat' dir='ltr'><strong>veritate</strong></span> <span class='ocrx_word' id='word_1_767' title='bbox 1457 5433 1598 5499; x_wconf 78' lang='lat' dir='ltr'><strong>fidei,</strong></span> <span class='ocrx_word' id='word_1_768' title='bbox 1631 5435 1735 5492; x_wconf 91' lang='lat' dir='ltr'><strong>nisi</strong></span> <span class='ocrx_word' id='word_1_769' title='bbox 1780 5444 1841 5489; x_wconf 91' lang='lat' dir='ltr'><strong>ut</strong></span> <span class='ocrx_word' id='word_1_770' title='bbox 1886 5436 2042 5492; x_wconf 88' lang='lat' dir='ltr'><strong>bonis</strong></span> 
     </span>
    </p>
   </div>
   <div class='ocr_carea' id='block_1_100' title="bbox 460 5524 2043 5604">
    <p class='ocr_par' dir='ltr' id='par_1_100' title="bbox 460 5524 2043 5604">
     <span class='ocr_line' id='line_1_100' title="bbox 460 5524 2043 5604; baseline -0.006 -13"><span class='ocrx_word' id='word_1_771' title='bbox 460 5524 727 5604; x_wconf 26' lang='lat' dir='ltr'><strong>&quot;operibus</strong></span> <span class='ocrx_word' id='word_1_772' title='bbox 768 5530 1008 5586; x_wconf 82' lang='lat' dir='ltr'><strong>eamdem</strong></span> <span class='ocrx_word' id='word_1_773' title='bbox 1055 5527 1214 5583; x_wconf 81' lang='lat' dir='ltr'><strong>fidem</strong></span> <span class='ocrx_word' id='word_1_774' title='bbox 1254 5540 1351 5582; x_wconf 87' lang='lat' dir='ltr'><strong>eos</strong></span> <span class='ocrx_word' id='word_1_775' title='bbox 1398 5525 1661 5581; x_wconf 85' lang='lat' dir='ltr'><strong>adornare</strong></span> <span class='ocrx_word' id='word_1_776' title='bbox 1707 5525 1956 5592; x_wconf 89' lang='lat' dir='ltr'><strong>doceant,</strong></span> <span class='ocrx_word' id='word_1_777' title='bbox 1983 5534 2043 5581; x_wconf 91' lang='lat' dir='ltr'><strong>ut</strong></span> 
     </span>
    </p>
   </div>
   <div class='ocr_carea' id='block_1_101' title="bbox 465 5619 2041 5701">
    <p class='ocr_par' dir='ltr' id='par_1_101' title="bbox 465 5619 2041 5701">
     <span class='ocr_line' id='line_1_101' title="bbox 465 5619 2041 5701; baseline -0.004 -20"><span class='ocrx_word' id='word_1_778' title='bbox 465 5624 704 5701; x_wconf 84' lang='lat' dir='ltr'><strong>jejuuiis,</strong></span> <span class='ocrx_word' id='word_1_779' title='bbox 750 5624 1084 5681; x_wconf 87' lang='lat' dir='ltr'><strong>orationibus</strong></span> <span class='ocrx_word' id='word_1_780' title='bbox 1118 5631 1281 5694; x_wconf 89' lang='lat' dir='ltr'><strong>atque</strong></span> <span class='ocrx_word' id='word_1_781' title='bbox 1325 5620 1695 5691; x_wconf 88' lang='lat' dir='ltr'><strong>elecmosyuis,</strong></span> <span class='ocrx_word' id='word_1_782' title='bbox 1723 5619 2041 5689; x_wconf 78' lang='lat' dir='ltr'><strong>caeterisque</strong></span> 
     </span>
    </p>
   </div>
   <div class='ocr_carea' id='block_1_102' title="bbox 2145 4525 3746 4603">
    <p class='ocr_par' dir='ltr' id='par_1_102' title="bbox 2145 4525 3746 4603">
     <span class='ocr_line' id='line_1_102' title="bbox 2145 4525 3746 4603; baseline 0.002 -23"><span class='ocrx_word' id='word_1_783' title='bbox 2145 4525 2291 4580; x_wconf 91' lang='lat' dir='ltr'><strong>enim</strong></span> <span class='ocrx_word' id='word_1_784' title='bbox 2336 4527 2560 4597; x_wconf 85' lang='lat' dir='ltr'><strong>mystice</strong></span> <span class='ocrx_word' id='word_1_785' title='bbox 2589 4526 2803 4592; x_wconf 86' lang='lat' dir='ltr'><strong>Esther,</strong></span> <span class='ocrx_word' id='word_1_786' title='bbox 2845 4527 2897 4581; x_wconf 90' lang='lat' dir='ltr'><strong>id</strong></span> <span class='ocrx_word' id='word_1_787' title='bbox 2928 4536 3011 4582; x_wconf 90' lang='lat' dir='ltr'><strong>est</strong></span> <span class='ocrx_word' id='word_1_788' title='bbox 3034 4527 3294 4593; x_wconf 84' lang='lat' dir='ltr'><strong>Ecclesia,</strong></span> <span class='ocrx_word' id='word_1_789' title='bbox 3318 4529 3384 4584; x_wconf 91' lang='lat' dir='ltr'><strong>de</strong></span> <span class='ocrx_word' id='word_1_790' title='bbox 3406 4530 3746 4603; x_wconf 80' lang='lat' dir='ltr'><strong>nationibus</strong></span> 
     </span>
    </p>
   </div>
   <div class='ocr_carea' id='block_1_103' title="bbox 2147 4615 3747 4693">
    <p class='ocr_par' dir='ltr' id='par_1_103' title="bbox 2147 4615 3747 4693">
     <span class='ocr_line' id='line_1_103' title="bbox 2147 4615 3747 4693; baseline 0.004 -25"><span class='ocrx_word' id='word_1_791' title='bbox 2147 4615 2437 4686; x_wconf 88' lang='lat' dir='ltr'><strong>apostolica</strong></span> <span class='ocrx_word' id='word_1_792' title='bbox 2484 4616 2870 4685; x_wconf 63' lang='lat' dir='ltr'><strong>praedicatione</strong></span> <span class='ocrx_word' id='word_1_793' title='bbox 2924 4617 3311 4679; x_wconf 81' lang='lat' dir='ltr'><strong>adChristum</strong></span> <span class='ocrx_word' id='word_1_794' title='bbox 3375 4632 3577 4693; x_wconf 85' lang='lat' dir='ltr'><strong>regem,</strong></span> <span class='ocrx_word' id='word_1_795' title='bbox 3630 4637 3747 4691; x_wconf 82' lang='lat' dir='ltr'><strong>per</strong></span> 
     </span>
    </p>
   </div>
   <div class='ocr_carea' id='block_1_104' title="bbox 2138 4698 3745 4778">
    <p class='ocr_par' dir='ltr' id='par_1_104' title="bbox 2138 4698 3745 4778">
     <span class='ocr_line' id='line_1_104' title="bbox 2138 4698 3745 4778; baseline 0.004 -16"><span class='ocrx_word' id='word_1_796' title='bbox 2138 4698 2291 4763; x_wconf 76' lang='lat' dir='ltr'><strong>Sana:</strong></span> <span class='ocrx_word' id='word_1_797' title='bbox 2315 4707 2434 4762; x_wconf 80' lang='lat' dir='ltr'><strong>fidei</strong></span> <span class='ocrx_word' id='word_1_798' title='bbox 2467 4707 2837 4765; x_wconf 86' lang='lat' dir='ltr'><strong>credulitatem</strong></span> <span class='ocrx_word' id='word_1_799' title='bbox 2865 4716 2919 4762; x_wconf 91' lang='lat' dir='ltr'><strong>et</strong></span> <span class='ocrx_word' id='word_1_800' title='bbox 2943 4708 3287 4778; x_wconf 83' lang='lat' dir='ltr'><strong>baptismatis</strong></span> <span class='ocrx_word' id='word_1_801' title='bbox 3314 4721 3745 4769; x_wconf 83' lang='lat' dir='ltr'><strong>sacramentum</strong></span> 
     </span>
    </p>
   </div>
   <div class='ocr_carea' id='block_1_105' title="bbox 2149 4795 3741 4864">
    <p class='ocr_par' dir='ltr' id='par_1_105' title="bbox 2149 4795 3741 4864">
     <span class='ocr_line' id='line_1_105' title="bbox 2149 4795 3741 4864; baseline 0.003 -11"><span class='ocrx_word' id='word_1_802' title='bbox 2149 4799 2614 4864; x_wconf 90' lang='lat' dir='ltr'><strong>introducebatur,</strong></span> <span class='ocrx_word' id='word_1_803' title='bbox 2674 4795 2932 4864; x_wconf 85' lang='lat' dir='ltr'><strong>formosa,</strong></span> <span class='ocrx_word' id='word_1_804' title='bbox 2986 4807 3043 4854; x_wconf 91' lang='lat' dir='ltr'><strong>et</strong></span> <span class='ocrx_word' id='word_1_805' title='bbox 3114 4799 3415 4855; x_wconf 88' lang='lat' dir='ltr'><strong>incredibili</strong></span> <span class='ocrx_word' id='word_1_806' title='bbox 3458 4803 3741 4859; x_wconf 67' lang='lat' dir='ltr'><strong>virtutum</strong></span> 
     </span>
    </p>
   </div>
   <div class='ocr_carea' id='block_1_106' title="bbox 2143 4890 3747 4964">
    <p class='ocr_par' dir='ltr' id='par_1_106' title="bbox 2143 4890 3747 4964">
     <span class='ocr_line' id='line_1_106' title="bbox 2143 4890 3747 4964; baseline 0.004 -19"><span class='ocrx_word' id='word_1_807' title='bbox 2143 4891 2543 4964; x_wconf 88' lang='lat' dir='ltr'><strong>pulchritudine</strong></span> <span class='ocrx_word' id='word_1_808' title='bbox 2595 4890 2835 4947; x_wconf 89' lang='lat' dir='ltr'><strong>omnium</strong></span> <span class='ocrx_word' id='word_1_809' title='bbox 2882 4890 3053 4946; x_wconf 89' lang='lat' dir='ltr'><strong>oculis</strong></span> <span class='ocrx_word' id='word_1_810' title='bbox 3097 4890 3331 4962; x_wconf 87' lang='lat' dir='ltr'><strong>gratiosa</strong></span> <span class='ocrx_word' id='word_1_811' title='bbox 3382 4898 3438 4945; x_wconf 90' lang='lat' dir='ltr'><strong>et</strong></span> <span class='ocrx_word' id='word_1_812' title='bbox 3469 4894 3747 4951; x_wconf 84' lang='lat' dir='ltr'><strong>amabilis</strong></span> 
     </span>
    </p>
   </div>
   <div class='ocr_carea' id='block_1_107' title="bbox 2146 4974 3747 5052">
    <p class='ocr_par' dir='ltr' id='par_1_107' title="bbox 2146 4974 3747 5052">
     <span class='ocr_line' id='line_1_107' title="bbox 2146 4974 3747 5052; baseline 0.002 -14"><span class='ocrx_word' id='word_1_813' title='bbox 2146 4982 2445 5039; x_wconf 86' lang='lat' dir='ltr'><strong>videbatur.</strong></span> <span class='ocrx_word' id='word_1_814' title='bbox 2475 4979 2640 5049; x_wconf 86' lang='lat' dir='ltr'><strong>Cujus</strong></span> <span class='ocrx_word' id='word_1_815' title='bbox 2666 4980 2923 5052; x_wconf 88' lang='lat' dir='ltr'><strong>temporis</strong></span> <span class='ocrx_word' id='word_1_816' title='bbox 2939 4974 3185 5037; x_wconf 86' lang='lat' dir='ltr'><strong>meminit</strong></span> <span class='ocrx_word' id='word_1_817' title='bbox 3209 4981 3490 5051; x_wconf 88' lang='lat' dir='ltr'><strong>apostolus</strong></span> <span class='ocrx_word' id='word_1_818' title='bbox 3520 4982 3747 5041; x_wconf 77' lang='lat' dir='ltr'><strong>Paulus</strong></span> 
     </span>
    </p>
   </div>
   <div class='ocr_carea' id='block_1_108' title="bbox 2146 5070 3750 5143">
    <p class='ocr_par' dir='ltr' id='par_1_108' title="bbox 2146 5070 3750 5143">
     <span class='ocr_line' id='line_1_108' title="bbox 2146 5070 3750 5143; baseline 0.002 -15"><span class='ocrx_word' id='word_1_819' title='bbox 2146 5072 2389 5134; x_wconf 87' lang='lat' dir='ltr'><strong>scribens</strong></span> <span class='ocrx_word' id='word_1_820' title='bbox 2424 5072 2490 5127; x_wconf 91' lang='lat' dir='ltr'><strong>ad</strong></span> <span class='ocrx_word' id='word_1_821' title='bbox 2532 5070 2772 5135; x_wconf 88' lang='lat' dir='ltr'><strong>Galatas,</strong></span> <span class='ocrx_word' id='word_1_822' title='bbox 2814 5070 2891 5125; x_wconf 88' lang='lat' dir='ltr'><strong>ita</strong></span> <span class='ocrx_word' id='word_1_823' title='bbox 2918 5070 3146 5126; x_wconf 89' lang='lat' dir='ltr'><strong>dicens:</strong></span> <span class='ocrx_word' id='word_1_824' title='bbox 3183 5088 3204 5123; x_wconf 79' lang='grc' dir='ltr'><strong>σ</strong></span> <span class='ocrx_word' id='word_1_825' title='bbox 3247 5070 3542 5143; x_wconf 84' lang='lat' dir='ltr'><strong>Postquam</strong></span> <span class='ocrx_word' id='word_1_826' title='bbox 3568 5076 3750 5132; x_wconf 80' lang='lat' dir='ltr'><strong>venit</strong></span> 
     </span>
    </p>
   </div>
   <div class='ocr_carea' id='block_1_109' title="bbox 2124 5154 3744 5235">
    <p class='ocr_par' dir='ltr' id='par_1_109' title="bbox 2124 5154 3744 5235">
     <span class='ocr_line' id='line_1_109' title="bbox 2124 5154 3744 5235; baseline 0.004 -19"><span class='ocrx_word' id='word_1_827' title='bbox 2124 5164 2420 5235; x_wconf 77' lang='lat' dir='ltr'><strong>plenitudo</strong></span> <span class='ocrx_word' id='word_1_828' title='bbox 2446 5163 2726 5233; x_wconf 89' lang='lat' dir='ltr'><strong>temporis,</strong></span> <span class='ocrx_word' id='word_1_829' title='bbox 2774 5162 2923 5231; x_wconf 86' lang='lat' dir='ltr'><strong>misit</strong></span> <span class='ocrx_word' id='word_1_830' title='bbox 2950 5162 3092 5218; x_wconf 89' lang='lat' dir='ltr'><strong>Deus</strong></span> <span class='ocrx_word' id='word_1_831' title='bbox 3126 5156 3322 5217; x_wconf 82' lang='lat' dir='ltr'><strong>Filium</strong></span> <span class='ocrx_word' id='word_1_832' title='bbox 3345 5179 3505 5218; x_wconf 89' lang='lat' dir='ltr'><strong>suum</strong></span> <span class='ocrx_word' id='word_1_833' title='bbox 3532 5154 3744 5222; x_wconf 79' lang='lat' dir='ltr'><strong>natum</strong></span> 
     </span>
    </p>
   </div>
   <div class='ocr_carea' id='block_1_110' title="bbox 2145 5246 3751 5331">
    <p class='ocr_par' dir='ltr' id='par_1_110' title="bbox 2145 5246 3751 5331">
     <span class='ocr_line' id='line_1_110' title="bbox 2145 5246 3751 5331; baseline 0 -20"><span class='ocrx_word' id='word_1_834' title='bbox 2145 5266 2209 5311; x_wconf 86' lang='lat' dir='ltr'><strong>ex</strong></span> <span class='ocrx_word' id='word_1_835' title='bbox 2244 5255 2490 5319; x_wconf 86' lang='lat' dir='ltr'><strong>muliere,</strong></span> <span class='ocrx_word' id='word_1_836' title='bbox 2544 5254 2744 5310; x_wconf 86' lang='lat' dir='ltr'><strong>factum</strong></span> <span class='ocrx_word' id='word_1_837' title='bbox 2784 5255 2888 5323; x_wconf 85' lang='lat' dir='ltr'><strong>sub</strong></span> <span class='ocrx_word' id='word_1_838' title='bbox 2924 5253 3060 5326; x_wconf 87' lang='lat' dir='ltr'><strong>lege,</strong></span> <span class='ocrx_word' id='word_1_839' title='bbox 3094 5264 3165 5313; x_wconf 86' lang='lat' dir='ltr'><strong>ut</strong></span> <span class='ocrx_word' id='word_1_840' title='bbox 3203 5246 3297 5310; x_wconf 75' lang='lat' dir='ltr'><strong>eos</strong></span> <span class='ocrx_word' id='word_1_841' title='bbox 3328 5254 3422 5326; x_wconf 86' lang='lat' dir='ltr'><strong>qui</strong></span> <span class='ocrx_word' id='word_1_842' title='bbox 3467 5256 3571 5311; x_wconf 89' lang='lat' dir='ltr'><strong>sub</strong></span> <span class='ocrx_word' id='word_1_843' title='bbox 3603 5257 3751 5331; x_wconf 75' lang='lat' dir='ltr'><strong>lege</strong></span> 
     </span>
    </p>
   </div>
   <div class='ocr_carea' id='block_1_111' title="bbox 2144 5344 3748 5415">
    <p class='ocr_par' dir='ltr' id='par_1_111' title="bbox 2144 5344 3748 5415">
     <span class='ocr_line' id='line_1_111' title="bbox 2144 5344 3748 5415; baseline 0.001 -14"><span class='ocrx_word' id='word_1_844' title='bbox 2144 5356 2318 5411; x_wconf 87' lang='lat' dir='ltr'><strong>erant,</strong></span> <span class='ocrx_word' id='word_1_845' title='bbox 2354 5346 2665 5409; x_wconf 86' lang='lat' dir='ltr'><strong>redimeret,</strong></span> <span class='ocrx_word' id='word_1_846' title='bbox 2696 5352 2757 5398; x_wconf 92' lang='lat' dir='ltr'><strong>ut</strong></span> <span class='ocrx_word' id='word_1_847' title='bbox 2790 5344 3131 5413; x_wconf 81' lang='lat' dir='ltr'><strong>adoptionem</strong></span> <span class='ocrx_word' id='word_1_848' title='bbox 3170 5344 3401 5398; x_wconf 84' lang='lat' dir='ltr'><strong>filiorum</strong></span> <span class='ocrx_word' id='word_1_849' title='bbox 3431 5358 3748 5415; x_wconf 67' lang='lat' dir='ltr'><strong>recupera-</strong></span> 
     </span>
    </p>
   </div>
   <div class='ocr_carea' id='block_1_112' title="bbox 2144 5436 3744 5511">
    <p class='ocr_par' dir='ltr' id='par_1_112' title="bbox 2144 5436 3744 5511">
     <span class='ocr_line' id='line_1_112' title="bbox 2144 5436 3744 5511; baseline -0.007 -15"><span class='ocrx_word' id='word_1_850' title='bbox 2144 5455 2264 5496; x_wconf 88' lang='lat' dir='ltr'><strong>mus</strong></span> <span class='ocrx_word' id='word_1_851' title='bbox 2293 5436 2491 5511; x_wconf 77' lang='lat' dir='ltr'><strong>(Colat.</strong></span> <span class='ocrx_word' id='word_1_852' title='bbox 2524 5437 2621 5503; x_wconf 81' lang='lat' dir='ltr'><strong>IV).</strong></span> <span class='ocrx_word' id='word_1_853' title='bbox 2657 5456 2675 5489; x_wconf 72' lang='grc' dir='ltr'><strong><em>ι</em></strong></span> <span class='ocrx_word' id='word_1_854' title='bbox 2706 5437 2773 5491; x_wconf 88' lang='lat' dir='ltr'><strong>Et</strong></span> <span class='ocrx_word' id='word_1_855' title='bbox 2818 5436 2885 5492; x_wconf 88' lang='lat' dir='ltr'><strong>ad</strong></span> <span class='ocrx_word' id='word_1_856' title='bbox 2917 5436 3175 5506; x_wconf 87' lang='lat' dir='ltr'><strong>Ephesios</strong></span> <span class='ocrx_word' id='word_1_857' title='bbox 3205 5452 3221 5491; x_wconf 90' lang='lat'><strong>:</strong></span> <span class='ocrx_word' id='word_1_858' title='bbox 3253 5455 3272 5488; x_wconf 84' lang='grc'><strong>‹</strong></span> <span class='ocrx_word' id='word_1_859' title='bbox 3310 5437 3470 5503; x_wconf 85' lang='lat' dir='ltr'><strong>Deus,</strong></span> <span class='ocrx_word' id='word_1_860' title='bbox 3519 5438 3744 5508; x_wconf 53' lang='lat' dir='ltr'><strong>inquit.</strong></span> 
     </span>
    </p>
   </div>
   <div class='ocr_carea' id='block_1_113' title="bbox 2143 5520 3748 5604">
    <p class='ocr_par' dir='ltr' id='par_1_113' title="bbox 2143 5520 3748 5604">
     <span class='ocr_line' id='line_1_113' title="bbox 2143 5520 3748 5604; baseline 0.003 -18"><span class='ocrx_word' id='word_1_861' title='bbox 2143 5532 2235 5604; x_wconf 85' lang='lat' dir='ltr'><strong>qui</strong></span> <span class='ocrx_word' id='word_1_862' title='bbox 2262 5520 2412 5588; x_wconf 83' lang='lat' dir='ltr'><strong>dives</strong></span> <span class='ocrx_word' id='word_1_863' title='bbox 2429 5540 2515 5588; x_wconf 90' lang='lat' dir='ltr'><strong>est</strong></span> <span class='ocrx_word' id='word_1_864' title='bbox 2544 5533 2598 5587; x_wconf 92' lang='lat' dir='ltr'><strong>in</strong></span> <span class='ocrx_word' id='word_1_865' title='bbox 2623 5532 3020 5597; x_wconf 89' lang='lat' dir='ltr'><strong>misericordia,</strong></span> <span class='ocrx_word' id='word_1_866' title='bbox 3048 5540 3267 5603; x_wconf 87' lang='lat' dir='ltr'><strong>propter</strong></span> <span class='ocrx_word' id='word_1_867' title='bbox 3290 5533 3512 5587; x_wconf 84' lang='lat' dir='ltr'><strong>nimiam</strong></span> <span class='ocrx_word' id='word_1_868' title='bbox 3532 5534 3748 5591; x_wconf 83' lang='lat' dir='ltr'><strong>chari-</strong></span> 
     </span>
    </p>
   </div>
   <div class='ocr_carea' id='block_1_114' title="bbox 2143 5622 3742 5696">
    <p class='ocr_par' dir='ltr' id='par_1_114' title="bbox 2143 5622 3742 5696">
     <span class='ocr_line' id='line_1_114' title="bbox 2143 5622 3742 5696; baseline 0.003 -19"><span class='ocrx_word' id='word_1_869' title='bbox 2143 5631 2308 5679; x_wconf 90' lang='lat' dir='ltr'><strong>tatem</strong></span> <span class='ocrx_word' id='word_1_870' title='bbox 2331 5638 2485 5679; x_wconf 88' lang='lat' dir='ltr'><strong>suam</strong></span> <span class='ocrx_word' id='word_1_871' title='bbox 2508 5639 2611 5696; x_wconf 85' lang='lat' dir='ltr'><strong>qua</strong></span> <span class='ocrx_word' id='word_1_872' title='bbox 2644 5622 2834 5679; x_wconf 86' lang='lat' dir='ltr'><strong>dilexit</strong></span> <span class='ocrx_word' id='word_1_873' title='bbox 2859 5637 2979 5691; x_wconf 87' lang='lat' dir='ltr'><strong>nos,</strong></span> <span class='ocrx_word' id='word_1_874' title='bbox 3006 5632 3060 5678; x_wconf 89' lang='lat' dir='ltr'><strong>et</strong></span> <span class='ocrx_word' id='word_1_875' title='bbox 3089 5636 3213 5679; x_wconf 85' lang='lat' dir='ltr'><strong>cum</strong></span> <span class='ocrx_word' id='word_1_876' title='bbox 3237 5634 3478 5678; x_wconf 84' lang='lat' dir='ltr'><strong>essemus</strong></span> <span class='ocrx_word' id='word_1_877' title='bbox 3506 5626 3742 5682; x_wconf 84' lang='lat' dir='ltr'><strong>mortui</strong></span> 
     </span>
    </p>
   </div>
  </div>
