3928 6176
300 128 410 183 δι’)

1366 125 1731 184 EXPOSlTIO
1772 128 1838 182 IN
1878 129 2139 186 LIBRUM
2179 129 2470 185 ESTHER.

3454 144 3556 196 ($50

299 246 566 319 peccatis,
615 241 1012 299 cenvivlﬁcavit
1061 257 1161 299 nos
1216 241 1456 310 Christo,
1510 243 1665 313 cujus
1711 246 1883 315 gratia
1911 252 1961 308 Α
1986 252 2259 298 munerat.
2302 244 2456 300 Unde
2505 245 2620 315 ipse
2658 247 2712 301 in
2756 248 3046 319 Evangelia
3074 252 3189 306 ait:
3226 272 3244 303 ι
3280 254 3464 311 Venite
3493 260 3560 313 ad

298 338 439 395 estis
465 335 680 400 salvati,
708 343 763 388 et
783 334 1249 400 eonresnscitavit,
1279 343 1335 390 et
1364 336 1658 391 consedere
1679 334 1809 391 fecit
1827 337 1880 391 in

300 429 623 486 cmlestibus
651 428 707 482 in
731 426 951 483 Christo
981 425 1131 493 Jesu,
1162 435 1223 482 ut
1254 426 1569 482 ostenderet
1593 427 1645 482 in
1669 428 1882 483 saeculis

298 517 808 590 supervenientibus
843 516 1182 571 abundantes
1214 515 1429 571 divitias
1460 517 1649 586 gratia:
1683 532 1795 571 suae
1826 518 1879 572 in

297 609 546 664 bonitate
583 622 747 678 super
801 622 900 661 nos
935 606 989 660 in
1039 605 1254 661 Christo
1303 604 1431 662 Jesu
1470 605 1819 678 (Ephesun).
1854 626 1875 662 ι

300 699 459 754 Unde
495 698 662 752 etiam
688 696 849 751 simul
872 696 1325 752 considerandum
1353 704 1438 753 est
1478 697 1654 768 ipsum
1682 699 1883 756 articu-

298 791 410 844 lum
462 787 741 858 temporis,
785 776 1001 857 quando
1048 785 1247 842 Esther
1292 789 1359 843 ad
1401 788 1544 859 regis
1583 786 1878 844 thalamum

297 880 715 938 introducebatu
723 895 769 933 r.

378 990 398 1024 ι
436 972 609 1028 Ducta
655 980 741 1027 est
775 970 960 1040 itaque
1014 969 1067 1024 in
1106 960 1411 1026 cubiculum
1462 972 1608 1044 regis
1654 975 1879 1028 Assueri

304 1083 327 1117 ι
360 1080 549 1120 mense
607 1064 840 1128 decimo,
896 1061 989 1133 qui
1054 1071 1280 1118 vocatur
1349 1062 1579 1129 Tebeth,
1644 1065 1879 1134 septimo

306 1175 327 1209 ι
360 1172 509 1212 anno
571 1155 720 1225 regni
765 1152 902 1222 ejus,
951 1161 1006 1209 et
1041 1153 1241 1209 amavit
1267 1168 1390 1210 eam
1419 1169 1517 1209 rex
1563 1154 1685 1225 plus
1713 1170 1876 1224 quam

304 1266 326 1299 ι
360 1261 551 1302 omnes
593 1246 878 1312 mulieres;
929 1254 985 1300 et
1012 1246 1192 1317 posuit
1236 1245 1481 1301 diadema
1512 1246 1662 1314 regni
1688 1246 1741 1300 in
1787 1261 1880 1301 ca-

303 1358 323 1391 ς
359 1343 472 1410 pite
514 1338 650 1407 ejus,
678 1338 912 1408 fecitque
955 1352 1076 1393 eam
1111 1352 1340 1410 regnare
1373 1339 1430 1393 in
1465 1336 1583 1393 loco
1609 1337 1817 1393 Vasthi.
1851 1358 1871 1390 ι

294 1432 504 1488 Tebeth
540 1431 683 1485 enim
732 1429 934 1485 mensis
977 1428 1325 1485 Hebraeorum
1352 1428 1468 1500 ipse
1493 1436 1575 1483 est
1616 1428 1710 1498 qui
1734 1428 1877 1499 apud

291 1523 518 1579 Graecos
541 1522 831 1593 Eudymos,
860 1529 917 1577 et
941 1522 1082 1591 apud
1102 1520 1325 1576 Latinos
1343 1520 1654 1585 Januarius,
1679 1520 1734 1576 in
1765 1536 1874 1590 quo

294 1612 611 1666 incarnatus
638 1610 896 1665 Dominus
929 1618 1120 1665 octava
1147 1609 1235 1665 die
1265 1617 1347 1665 est
1372 1609 1745 1673 circumcisus,
1767 1615 1823 1664 et
1841 1624 1873 1663 a
1901 1601 1948 1660 B

292 1701 466 1771 Magis
506 1701 658 1771 stella
687 1710 964 1772 praeeunte
983 1700 1252 1765 adductis,
1273 1699 1387 1768 jam
1430 1699 1725 1755 infantulus
1745 1700 1873 1755 ado-

290 1803 464 1856 ratus,
523 1800 686 1864 atque
740 1793 1059 1850 muneribus
1121 1809 1276 1860 auro,
1319 1793 1479 1848 thure
1542 1801 1599 1850 et
1648 1794 1872 1865 myrrha

287 1883 561 1955 prolatis,
622 1892 876 1954 tanquam
941 1884 1104 1950 Deus,
1153 1885 1317 1939 homo
1369 1893 1427 1940 et
1480 1899 1575 1938 rex
1640 1884 1874 1940 honora—

291 1985 414 2043 tus;
460 1976 517 2030 in
576 1990 683 2045 quo
729 1976 897 2043 etiam
962 1989 994 2030 a
1036 1973 1245 2030 Joanne
1298 1975 1622 2045 prmdicatus
1672 1984 1757 2032 est
1817 1985 1874 2031 et

288 2070 618 2140 baptizatus.
668 2067 909 2138 Septimo
945 2082 1078 2137 ergo
1105 2082 1249 2123 anno
1273 2067 1519 2134 Assueri,
1560 2068 1872 2150 Estherac-

286 2163 458 2219 cessit
476 2163 546 2218 ad
570 2162 864 2218 thalamum
887 2163 1047 2231 regis.
1070 2162 1133 2218 Et
1157 2162 1402 2219 Ecclesia
1422 2163 1492 2217 ad
1508 2177 1690 2233 regem
1710 2163 1868 2219 Chri-

288 2265 457 2316 stum,
492 2254 547 2307 in
578 2268 685 2322 quo
722 2252 1053 2323 septiformis
1096 2252 1333 2323 Spiritus
1361 2253 1535 2323 gratia
1574 2252 1871 2309 incommu-

290 2345 534 2399 tabiliter
547 2353 747 2409 manet,
764 2343 993 2399 adducta
1019 2352 1182 2415 atque
1207 2343 1492 2413 conjuncta
1518 2352 1622 2399 est.
1651 2360 1670 2394 ι
1698 2342 1870 2411 Quam

290 2438 404 2506 ipse
445 2437 717 2491 adamavit
742 2436 862 2506 plus
895 2452 1057 2506 quam
1086 2451 1275 2491 omnes
1294 2422 1579 2503 mulieres,
1600 2453 1620 2488 ι
1659 2436 1872 2491 habuit-

287 2540 394 2595 que
436 2526 670 2596 gratiam
711 2534 767 2582 et
793 2526 1218 2582 misericordiam
1257 2541 1441 2581 coram
1471 2541 1538 2581 eo
1559 2540 1725 2597 super
1754 2540 1874 2581 om-

287 2631 389 2673 nes
416 2617 692 2682 mulieres,
721 2620 823 2674 hoc
849 2626 955 2683 est,
982 2633 1147 2689 super
1186 2633 1377 2674 omnes
1410 2618 1661 2673 nationes
1697 2626 1870 2672 terra-

287 2722 433 2762 rum.
463 2727 481 2758 ε
503 2708 560 2762 In
606 2709 760 2778 cujus
797 2708 975 2778 capite
1011 2710 1256 2764 diadema
1285 2710 1436 2781 regni
1458 2711 1662 2780 posuit,
1688 2729 1706 2762 ι
1742 2724 1868 2764 cum

288 2797 461 2867 ipsam
492 2798 597 2852 sibi
626 2808 934 2853 consortem
978 2799 1129 2869 regni
1169 2799 1392 2865 ascivit;
1432 2798 1710 2869 «fecitque
1745 2814 1868 2855 eam

286 2901 517 2957 regnare
559 2887 613 2940 in
654 2886 772 2943 loco
804 2887 1005 2953 Vasthi,
1035 2907 1055 2940 ι
1103 2889 1207 2944 hoc
1245 2896 1330 2945 est
1354 2888 1662 2947 Iudaeorum
1694 2890 1867 2962 Syna-

1985 347 2072 388 me
2117 347 2309 389 omnes
2369 334 2463 403 qui
2514 335 2775 393 laboratis
2821 348 2875 394 et
2915 343 3128 396 onerati
3172 343 3328 415 estis,
3369 353 3425 399 et
3462 361 3563 416 ego

1984 423 2221 479 reﬁciam
2245 439 2363 480 vos.
2394 424 2587 483 Tollite
2609 427 2801 501 jugum
2843 447 3024 488 meum
3065 449 3230 504 super
3254 450 3374 503 vos,
3403 447 3459 491 et
3483 437 3564 493 di-

1982 513 2120 569 scite
2161 529 2192 568 a
2234 531 2323 570 me
2357 516 2482 584 quia
2526 519 2675 575 mitis
2707 534 2824 576 sum
2855 531 2910 578 et
2947 524 3167 580 humilis
3192 528 3376 594 corde,
3404 538 3462 584 et
3481 529 3565 585 in-

1982 605 2217 662 venietis
2268 609 2513 677 requiem
2570 611 2854 668 animabus
2911 617 3109 672 vestris
3157 617 3371 689 (Matth.
3405 619 3506 691 xl).
3536 640 3555 672 ι

1981 695 2057 750 De
2086 710 2194 765 quo
2214 707 2270 753 et
2295 701 2558 770 propheta
2584 703 2656 756 ait
2689 718 2703 757 :
2737 722 2756 754 ο
2776 704 3090 764 Ascendens
3119 709 3172 764 in
3197 710 3364 765 altum
3386 714 3562 783 capti-

1985 808 2103 843 vam
2118 796 2272 846 duxit
2289 796 2682 862 captivitatem,
2698 797 2848 851 dedit
2865 799 3000 852 dona
3027 799 3344 877 hominibus
3363 800 3543 873 (Psal.

1983 886 2204 955 exvnja
2230 886 2326 941 Cui
2353 896 2752 954 consequenter
2774 890 2984 944 addidit
3007 890 3297 960 Aposmlus
3316 893 3504 947 dieens
3528 911 3545 948 :

1987 994 2005 1026 ς
2034 975 2101 1029 Et
2124 976 2240 1045 ipse
2259 976 2407 1032 dedit
2424 976 2688 1046 quosdam
2713 978 2931 1048 quidem
2955 985 3254 1050 apostolos,
3275 985 3545 1053 quosdam

1983 1078 2164 1122 autem
2200 1069 2513 1139 prophetas,
2549 1070 2685 1124 alios
2708 1085 2837 1125 vero
2862 1075 3246 1142 evangelistas,
3272 1078 3406 1131 alios
3442 1092 3542 1131 au-

1987 1169 2092 1214 tem
2116 1170 2363 1228 pastores
2388 1176 2455 1215 ac
2483 1159 2741 1217 dot-tores
2769 1163 2834 1216 ad
2862 1166 3389 1221 consummationem
3421 1181 3548 1221 san-

1985 1260 2194 1304 ctorum
2226 1251 2280 1304 in
2306 1265 2444 1317 opus
2471 1252 2755 1306 ministerii
2781 1252 2835 1306 in
2865 1253 3280 1309 miliﬁcatiouem
3303 1256 3551 1323 corporis

1984 1340 2212 1407 Christi,
2240 1340 2415 1397 donec
2438 1356 2800 1397 occurramus
2824 1359 3017 1398 omnes
3045 1345 3100 1399 in
3125 1346 3392 1400 unitatem
3430 1345 3555 1399 ﬁdei

1986 1441 2043 1489 et
2087 1435 2416 1504 agnitionem
2466 1433 2591 1489 Filii
2636 1434 2754 1500 Dei,
2813 1436 2869 1489 in
2919 1438 3091 1490 virum
3139 1437 3461 1506 perfectum,
3500 1439 3555 1490 in

1987 1540 2294 1582 mensuram
2330 1527 2504 1581 artatis
2536 1527 2888 1596 plenitudinis
2922 1527 3125 1583 ChriSti
3159 1528 3375 1597 (Ephes.
3404 1530 3501 1597 Iv).
3531 1546 3551 1577 ι

2053 1623 2072 1656 ε
2106 1605 2351 1677 Cumque
2395 1608 2635 1664 secundo
2670 1620 3048 1679 quaererentur
3088 1611 3327 1684 virgines
3346 1621 3402 1669 et
3428 1630 3558 1670 con—

1983 1713 2002 1746 ι
2031 1705 2424 1772 gregarentur,
2470 1697 2839 1756 Mardochaeus
2882 1702 3139 1758 manebat
3184 1705 3252 1759 ad
3303 1706 3447 1776 regis
3472 1705 3556 1774 ja-

1979 1805 1997 1837 ι
2028 1804 2212 1854 uuam,
2259 1790 2596 1859 necdumque
2638 1793 2951 1861 prodiderat
2997 1795 3195 1850 Esther
3235 1799 3469 1867 patriam
3499 1808 3558 1853 et

1978 1900 1996 1933 ι
2023 1880 2275 1951 populant
2297 1897 2475 1947 suum,
2497 1883 2654 1953 juxta
2675 1885 2988 1942 mandatum
3012 1887 3333 1944 Mardochtei
3356 1930 3371 1955 ,
3399 1892 3558 1961 quid-

1977 1989 1996 2022 ι
2026 1970 2158 2039 quid
2196 1971 2341 2026 enim
2369 1971 2460 2027 ille
2489 1974 2856 2045 praecipiebat,
2881 1976 3206 2032 observabat
3225 1978 3422 2034 Esther
3446 1996 3475 2045 ι
3496 1990 3553 2036 et

1977 2079 1996 2112 ι
2028 2062 2103 2116 ita
2130 2072 2323 2117 cuncta
2352 2063 2606 2133 faciebat,
2635 2076 2697 2121 ut
2719 2083 2787 2122 eo
2815 2076 3058 2140 tempore
3093 2071 3251 2127 solita
3287 2082 3405 2128 erat
3445 2090 3554 2145 quo

1976 2171 1995 2204 ι
2017 2153 2131 2223 jam
2163 2155 2445 2224 parvulam
2490 2158 2785 2214 nutriebat.
2812 2178 2832 2211 ι
2873 2159 3199 2226 Queruntur
3221 2173 3275 2219 et
3314 2167 3552 2221 secundo

1973 2244 2085 2314 regi
2133 2245 2371 2315 virgines
2396 2253 2453 2301 et
2485 2261 2899 2319 congregantur,
2930 2252 3055 2321 quia
3085 2268 3191 2309 non
3220 2254 3419 2311 suﬁicit
3447 2257 3553 2311 Do-

1971 2335 2120 2390 mino
2162 2326 2495 2391 nostro'Jesu
2516 2336 2733 2394 Christo
2762 2340 2829 2395 de
2852 2340 3052 2397 Judmis
3079 2352 3287 2398 tantum
3312 2346 3550 2415 primiti-

1970 2439 2093 2479 vam
2123 2425 2227 2481 sibi
2251 2426 2524 2482 associare
2553 2427 2867 2495 Eeclesiam,
2910 2446 3100 2487 verum
3133 2435 3297 2488 etiam
3330 2435 3399 2490 de
3428 2452 3552 2506 gen-

1973 2516 2118 2571 tibus
2142 2531 2241 2586 per
2264 2517 2646 2585 praedicatores
2686 2534 2814 2576 suos
2849 2521 3085 2576 ﬁdelium
3121 2524 3224 2577 sibi
3253 2523 3553 2579 multitudi-

1971 2622 2097 2664 nem
2141 2609 2372 2677 acquirit
2414 2610 2705 2680 copiosam,
2755 2620 2816 2667 ut
2859 2614 2953 2668 ﬁat
2995 2614 3060 2670 de
3103 2624 3329 2685 utroque
3354 2618 3552 2687 populo

1970 2714 2078 2753 una
2104 2699 2342 2754 Ecclesia
2383 2701 2655 2756 catholica
2679 2742 2695 2766 ,
2744 2719 2942 2774 sponsa
2969 2705 3221 2760 videlicet
3256 2706 3426 2776 ipsius
3449 2723 3551 2761 no-

1969 2790 2233 2847 bilissima
2255 2805 2376 2860 quae
2396 2806 2502 2846 non
2531 2794 2692 2849 habet
2713 2796 2975 2850 maculam
3003 2804 3097 2850 aut
3120 2812 3362 2866 rugam.»
3395 2797 3550 2854 Unde

1974 2883 2089 2954 ipse
2135 2881 2190 2936 in
2237 2880 2527 2951 Evangelio
2563 2885 2682 2937 ait:
2728 2904 2745 2936 ι
2771 2886 2839 2940 Et
2873 2886 3008 2941 alias
3047 2902 3179 2942 oves
3219 2888 3395 2944 habeo
3430 2902 3554 2960 qua!

288 2955 464 3051 εοὲτε-
513 2995 636 3049 qua?
679 2994 857 3048 νεεθιιι
904 2988 1151 3035 nostrum
1201 2983 1503 3049 spernendo
1546 2992 1604 3037 et
1648 2955 1865 3039 cruciﬁ-
1894 2955 1938 3016 (ἶ
1968 2991 2077 3030 non
2131 2987 2258 3032 sunt
2317 2987 2386 3028 ex
2433 2976 2537 3030 hoc
2586 2976 2733 3041 ovili,
2782 2985 2836 3030 et
2883 2977 3002 3032 illas
3043 2989 3257 3049 oportet
3312 2996 3400 3036 me
3454 2983 3544 3038 ad-

284 3072 460 3141 gcndo
504 3070 729 3125 honoris
770 3071 1003 3140 perdidit
1051 3071 1389 3141 dignitatem.
1440 3071 1610 3141 Hujus
1658 3074 1866 3129 scilicet

285 3163 488 3232 regium
550 3161 927 3217 excellentiam
981 3162 1249 3232 Propheta
1300 3164 1518 3221 intuens
1567 3165 1636 3220 ad
1683 3180 1863 3237 regem

283 3252 563 3307 Christum
589 3251 828 3321 loquitur
855 3253 1041 3308 dicens
1070 3272 1083 3307 :
1123 3271 1142 3305 ι
1169 3253 1355 3309 Astitit
1382 3255 1571 3325 regina
1599 3270 1627 3308 a
1658 3256 1865 3311 dextris

286 3344 391 3397 tuis
448 3343 504 3395 in
562 3343 760 3396 vestitu
809 3342 1099 3409 deaurato,
1149 3344 1555 3400 circumamicta
1599 3346 1865 3402 .varietate

287 3432 463 3503 (Psal.
494 3433 644 3503 xuv)
697 3452 716 3484 ι
744 3434 811 3488 Et
850 3436 1032 3489 statim
1055 3436 1121 3489 ad
1145 3436 1314 3506 ipsam
1345 3436 1572 3505 loquens
1593 3435 1867 3507 subjungit

286 3523 470 3579 dicens
496 3541 510 3576 :
546 3543 565 3575 ι
585 3523 745 3589 Audi,
768 3524 892 3587 ﬁlia,
913 3531 967 3579 et
991 3525 1131 3589 vide,
1163 3535 1216 3581 et
1244 3525 1445 3580 inclina
1470 3540 1659 3582 aurem
1692 3535 1861 3592 tuam,

286 3623 339 3669 et
358 3614 683 3669 obliviscere
715 3616 968 3687 populum
1005 3624 1175 3683 tuum,
1213 3624 1269 3673 et
1310 3617 1528 3672 domum
1561 3619 1733 3689 patris
1765 3620 1860 3685 tui,

288 3707 544 3775 quoniam
590 3709 897 3778 concupivit
950 3724 1041 3764 rex
1090 3710 1340 3765 decorem
1391 3716 1562 3762 tuum.
1609 3708 1728 3779 Ipse
1781 3718 1865 3764 est

288 3796 547 3853 Dominus
575 3798 717 3853 Deus
752 3808 896 3865 tuus,
921 3808 976 3854 et
1003 3801 1305 3856 adorabunt
1326 3817 1450 3857 eum
1480 3800 1604 3855 ﬁliae
1629 3801 1779 3871 Tyri,
1807 3801 1861 3856 in

289 3887 602 3941 muneribus
645 3887 850 3942 vultum
877 3898 1027 3944 tuum
1062 3890 1494 3960 deprecabuntur
1518 3906 1709 3947 omnes
1734 3891 1864 3947 divi-

289 3987 369 4032 tcs
391 3977 568 4046 plebis
597 3977 806 4051 (Ibid.).
831 4000 849 4032 ι

356 4096 375 4127 ι
407 4077 478 4131 Ει
516 4076 681 4146 jussit
723 4080 1029 4135 convivium
1069 4083 1362 4151 prmparari
1418 4083 1859 4155 permagniﬁcum

296 4185 311 4218 I
345 4169 561 4223 cunctis
580 4169 913 4238 principibus
939 4181 995 4226 et
1021 4173 1193 4227 servis
1221 4174 1332 4228 suis
1360 4190 1459 4244 pro
1484 4175 1861 4245 conjunctione

1967 3067 2164 3122 ducere
2191 3108 2206 3133 ,
2249 3077 2306 3123 et
2357 3081 2546 3122 vocem
2599 3081 2775 3119 meam
2821 3067 3074 3134 audient,
3132 3077 3187 3123 et
3238 3069 3331 3125 ﬁet
3380 3086 3548 3125 unum

1965 3157 2105 3213 ovile
2159 3167 2215 3212 et
2262 3174 2403 3215 unus
2449 3166 2635 3228 pastor
2686 3157 2866 3228 (Joau.
2926 3160 3005 3231 ι).
3068 3180 3087 3213 ι
3146 3161 3548 3228 Μπᾱοειιωιιε,

1965 3248 2158 3317 inquit,
2210 3251 2467 3306 manebat
2490 3249 2559 3304 ad
2590 3249 2735 3320 regis
2769 3246 3017 3317 januam,
3045 3269 3064 3303 ι
3120 3253 3245 3322 quia
3296 3253 3548 3308 doctores

1965 3343 2138 3397 sancti
2152 3342 2384 3417 assiduo
2417 3351 2698 3397 manentes
2724 3342 2779 3396 in
2809 3340 3050 3397 doctrina
3083 3343 3383 3415 Evangelii,
3420 3361 3550 3402 con-

1963 3442 2160 3489 vocant
2199 3443 2388 3506 gentes
2419 3436 2489 3490 ad
2520 3437 2801 3491 introitum
2844 3438 2969 3492 ﬁdei
2995 3446 3049 3493 et
3075 3438 3416 3509 baptismatis
3454 3457 3546 3496 sa-

1965 3536 2341 3594 cramentum;
2383 3527 2719 3599 necdumque
2759 3528 2957 3584 Esther
2996 3538 3185 3583 nostra
3229 3530 3411 3598 prodit
3450 3547 3546 3600 pa-

1966 3621 2123 3676 triam
2151 3631 2207 3676 et
2240 3622 2496 3692 populum
2525 3638 2679 3678 suum
2693 3621 2855 3692 juxta
2886 3626 3197 3679 mandatum
3220 3624 3544 3680 Mardoehaci

1966 3714 2156 3783 typici,
2208 3714 2334 3781 quia
2371 3714 2528 3784 juxta
2573 3715 2877 3769 doctrinam
2919 3715 3043 3771 ﬁdei
3071 3717 3219 3771 nullo
3254 3718 3415 3772 modo
3444 3718 3543 3771 ali-

1964 3805 2094 3873 quid
2133 3805 2246 3875 agit
2279 3815 2588 3861 sanctorum
2625 3807 2869 3861 Ecclesia
2892 3821 2989 3876 per
3010 3807 3402 3878 arrogantiam,
3444 3809 3542 3863 sed

1965 3896 2019 3950 in
2058 3911 2191 3965 pura
2222 3896 2551 3951 conscientia
2582 3897 2859 3952 humiliter
2884 3898 3064 3953 omnia
3090 3905 3270 3953 servat
3289 3913 3410 3968 quae
3439 3898 3543 3953 sibi

1964 3986 2124 4041 dictis
2167 3986 2492 4057 evangelicis
2521 3986 2929 4056 praecipiuntur,
2966 3988 3033 4042 de
3060 4003 3165 4058 qua
3184 4002 3283 4058 per
3310 3988 3544 4060 prophe-

1963 4085 2075 4132 tam
2104 4078 2303 4133 dicitur
2327 4096 2340 4132 :
2373 4098 2391 4130 (
2419 4076 2608 4134 Omnis
2650 4079 2818 4149 gloria
2844 4079 2963 4149 ejus
2990 4079 3113 4134 ﬁlia:
3138 4080 3281 4150 regis
3304 4080 3374 4134 ab
3394 4080 3541 4134 intus

1965 4170 2135 4245 (Paul.
2161 4171 2330 4246 xuv).
2355 4192 2373 4225 ι
2408 4173 2478 4227 Et
2519 4173 2850 4242 Apostolus:
2890 4192 2908 4224 ι
2937 4172 3119 4228 Gloria
3141 4213 3156 4239 ,
3205 4173 3411 4242 inquit,
3443 4187 3541 4228 no-

294 4268 391 4314 let
437 4261 645 4329 nuptiis
681 4260 896 4326 Esther,
924 4271 979 4317 et
1007 4263 1152 4318 dedit
1177 4266 1419 4333 requiem
1444 4268 1710 4321 universis
1737 4283 1859 4337 pro-
1888 4304 1934 4363 υ
1967 4271 2067 4325 tra.
2107 4263 2222 4317 haec
2264 4269 2364 4329 est,
2407 4261 2776 4316 testimonium
2825 4262 3173 4319 conscientia:
3222 4271 3422 4318 nostrae
3450 4260 3539 4333 (II

290 4370 307 4402 ι
336 4353 553 4418 vinciis,
596 4369 661 4410 ac
692 4356 830 4409 dona
868 4355 1094 4427 largitus
1123 4366 1207 4411 est
1228 4356 1384 4425 juxta
1428 4360 1852 4415 muniﬁcentiam
1888 4352 1929 4363 ”
1960 4352 2082 4408 σον.
2114 4353 2177 4426 ι).
2198 4372 2219 4405 ι

289 4460 307 4493 ι
333 4444 713 4513 principalem.
757 4464 775 4496 ι
805 4445 943 4513 Quid
965 4456 1051 4502 est
1082 4449 1388 4503 convivium
1418 4450 1857 4521 permagniﬁeum

279 4547 379 4603 pro
406 4534 612 4602 nuptiis
637 4534 831 4590 Esther
855 4537 1064 4592 eunetis
1090 4538 1421 4608 principibus
1442 4546 1497 4592 et
1523 4539 1693 4592 servis
1723 4555 1861 4609 pra:-

277 4621 485 4688 parari,
540 4623 641 4675 nisi
683 4639 782 4693 pro
826 4625 1091 4695 spirituali
1143 4627 1519 4695 conjunctione
1564 4625 1765 4682 Christi
1805 4636 1862 4683 et

281 4708 539 4766 Ecclesim
575 4715 830 4782 gaudium
867 4717 1162 4771 maximum
1200 4719 1254 4771 in
1285 4728 1400 4774 toto
1427 4721 1559 4775 orbe
1589 4730 1858 4774 terrarum

273 4813 309 4852 a
354 4800 657 4871 majoribus
703 4811 868 4872 atque
915 4806 1214 4860 minoribus
1260 4807 1531 4862 universis
1573 4807 1855 4862 celebrari.

270 4888 337 4942 In
368 4887 477 4941 hoc
499 4889 644 4943 enim
675 4891 918 4947 convivio
948 4909 1054 4947 non
1081 4894 1331 4950 carnales
1362 4897 1550 4966 epulae,
1580 4898 1674 4951 sed
1702 4896 1861 4966 spiri-

273 4977 455 5032 tuales
497 4980 774 5048 sapientia:
814 4991 868 5037 et
905 4984 1166 5039 virtutum
1209 4986 1376 5057 dapes
1404 5004 1436 5041 a
1465 4988 1626 5059 digne
1680 4987 1862 5043 convi-

267 5073 531 5127 vantibus
545 5087 848 5133 sumuntur.
871 5079 965 5134 Ubi
980 5090 1323 5136 sacrosancta
1338 5083 1592 5152 mysteria
1619 5083 1861 5151 corporis

262 5176 340 5216 ac
360 5165 646 5236 sanguinis
672 5167 882 5223 Domini
906 5170 1090 5226 ﬁdeles
1119 5172 1318 5242 quique
1342 5174 1411 5228 ob
1433 5175 1625 5228 salutis
1645 5189 1756 5228 sua:
1771 5189 1855 5229 re-

262 5258 454 5312 media
492 5261 812 5329 percipiunt,
858 5265 911 5318 in
947 5279 1054 5334 quo
1083 5277 1271 5336 pastus
1295 5274 1511 5321 aeterna:
1537 5268 1661 5321 vitae
1687 5268 1848 5321 sistit.

247 5352 377 5406 ,θυι
408 5364 505 5403 rex
527 5361 711 5406 noster
730 5354 967 5422 requiem
995 5357 1262 5413 universis
1286 5358 1597 5428 provinciis,
1624 5372 1689 5412 ac
1711 5358 1851 5412 dona

262 5436 505 5510 largitur
555 5442 893 5511 multiplicia,
952 5449 1168 5515 quando
1212 5466 1243 5503 a
1290 5456 1632 5518 peccatorum
1685 5463 1853 5503 onere

261 5529 567 5584 credentes
589 5530 692 5583 sibi
720 5530 930 5598 liberat,
961 5546 1016 5590 et
1049 5537 1203 5592 donis
1229 5539 1596 5606 spiritualihus
1632 5554 1726 5593 eos
1762 5553 1851 5592 rc-

687 5623 947 5687 Pn'uOL.
993 5631 1063 5688 Cl
1076 5632 1151 5691 Χ.

2583 4440 2812 4497 CAPUT
2852 4439 2912 4495 V.

1961 4532 2040 4586 De
2063 4548 2121 4586 eo
2150 4533 2287 4603 quod
2324 4531 2432 4603 duo
2469 4533 2694 4586 eunuchi
2717 4549 2885 4603 regem
2905 4532 3196 4601 interﬁcere
3224 4530 3468 4596 volentes,
3503 4547 3540 4583 ιι

2172 4601 2510 4656 Mardocluro
2539 4603 2755 4673 proditi,
2777 4601 2946 4674 ‘digne
2983 4604 3151 4673 puniti
3182 4612 3324 4656 sum.

2039 4732 2059 4768 ι
2087 4714 2166 4769 Eo
2188 4714 2353 4785 igitur
2382 4721 2625 4784 tempore
2662 4728 2770 4782 quo
2806 4712 3173 4767 Mardochaaus
3197 4711 3264 4766 ad
3292 4712 3434 4782 regis
3453 4709 3540 4780 ja-

1967 4826 1984 4859 ‹
2014 4821 2177 4861 uuam
2219 4805 2553 4870 morabatur,
2601 4805 2727 4859 irati
2762 4814 2890 4860 sunt
2931 4805 3200 4875 Bagathas
3242 4813 3298 4859 et
3331 4804 3540 4860 Thares

1967 4918 1985 4948 ι
2018 4897 2124 4952 duo
2161 4892 2398 4948 eunuchi
2427 4894 2592 4963 regis,
2618 4894 2709 4963 qui
2732 4894 2998 4964 janitores
3021 4904 3180 4948 erant
3197 4902 3254 4949 et
3280 4895 3334 4947 in
3362 4894 3540 4963 primo

1967 5006 1986 5039 ‹
2014 4987 2195 5058 palatii
2222 4984 2406 5039 limine
2432 4986 2814 5069 praesidebant,
2840 4985 3232 5057 volueruntque
3261 4987 3540 5055 insurgere

1968 5098 1986 5130 ι
2016 5081 2068 5132 in
2119 5093 2299 5149 regem
2363 5087 2420 5133 et
2465 5072 2715 5132 oecidere'
2753 5092 2895 5132 eum.
2940 5077 3094 5146 Quod
3142 5076 3537 5131 Mardochamm

1968 5192 1985 5224 ι
2016 5188 2119 5227 non
2155 5173 2328 5237 latuit,
2354 5174 2648 5243 statimque
2681 5172 2948 5228 nuntiavit
2988 5174 3189 5246 regina:
3222 5172 3443 5234 Esther,
3478 5176 3535 5222 et

1963 5286 1981 5317 ι
2030 5266 2119 5319 illa
2152 5269 2264 5338 regi
2294 5283 2363 5323 ex
2393 5269 2611 5322 nomine
2633 5267 2977 5334 Mardochtei,
3007 5267 3100 5336 qui
3124 5266 3192 5319 ad
3217 5278 3277 5319 se
3304 5276 3417 5316 rem
3444 5260 3538 5313 de-

1963 5378 1980 5409 ι
2028 5359 2242 5414 tulerat.
2283 5380 2302 5411 ›
2338 5359 2477 5426 Quid
2502 5374 2601 5429 per
2627 5362 2727 5415 hos
2757 5360 2893 5414 duos
2929 5359 3236 5421 eunuchos,
3269 5354 3358 5423 qui
3392 5350 3537 5420 jani-

1958 5456 2103 5503 tores
2129 5458 2288 5505 erant
2314 5452 2508 5505 domus
2541 5451 2700 5519 regia:
2734 5460 2789 5503 et
2819 5451 2872 5503 in
2900 5449 3074 5518 primo
3124 5443 3312 5516 palatii
3350 5441 3549 5494 limine-

1955 5538 2349 5605 praesidehant,
2392 5540 2494 5594 nisi
2538 5539 2742 5594 Scriba:
2788 5548 2841 5593 et
2881 5536 3141 5592 Pharisa-i
3183 5532 3535 5603 designantur

3062 5631 3135 5689 21
