3960 6178
396 151 499 207 πῗιί
1035 158 1094 212 Β.
1135 156 1386 211 RABANI
1424 156 1640 211 MAURI
1681 156 1999 210 ARCl-lllil’.
2045 156 2352 212 MOGUNT.
2396 155 2680 213 OPERUM
2719 154 2899 209 PARS
2938 156 2977 208 I.
3536 153 3639 207 63?.

394 264 718 327 Iudaeorum,
746 272 811 321 de
838 268 1032 332 quibus
1056 264 1259 319 dictum
1287 273 1375 320 est
1400 266 1541 334 quod
1569 266 1829 319 habentes
1857 263 1965 316 cla-
1996 267 2039 325 Α
2070 264 2157 332 qui
2206 265 2497 318 secundum
2544 266 2859 333 patientiam
2894 265 3019 319 boni
3058 280 3266 334 operis,
3303 264 3562 333 gloriam,
3593 276 3645 318 ct

391 367 514 406 rem
540 352 798 417 scientizn,
825 368 924 406 nec
948 353 1045 422 ipsi
1078 354 1425 419 introierunt,
1456 368 1554 408 nec
1584 352 1718 407 alios
1746 353 1971 407 introire

390 441 771 511 permiserunt.
805 440 867 494 lii
895 441 1148 498 volebant
1172 444 1454 516 insurgere
1486 445 1540 499 in
1579 458 1765 514 regem
1801 453 1855 499 et
1879 459 1971 498 oc-

382 532 574 585 cidere
598 545 718 585 eum
740 571 755 596 ,
785 532 908 600 quia
944 532 1046 600 ipsi
1084 534 1343 589 doctrina:
1376 544 1431 589 et
1472 535 1757 590 virtutibus
1786 532 1971 588 Salva-

386 620 532 675 tnris
550 633 762 689 semper
793 620 1096 677 invidentes
1125 623 1539 688 insidiabantur,
1566 632 1619 677 et
1653 640 1776 679 eum
1810 624 1969 678 mini-

388 712 516 766 stris
541 712 797 767 Romana:
832 715 1117 781 potestatis
1156 715 1519 771 moliebantur
1544 717 1812 785 quomodo
1843 731 1966 770 eum

382 803 771 857 interficerent.
807 803 957 858 Unde
991 805 1255 875 scriptum
1292 816 1377 861 est
1410 806 1464 860 in
1493 803 1789 878 Evangelio
1823 808 1965 876 quod

391 913 409 944 ι
444 894 703 979 abeuntes
730 894 991 950 Pharismi
1026 897 1310 952 consilium
1349 899 1571 953 inierint
1612 907 1672 952 ut
1712 910 1967 969 caperent

384 999 508 1037 eum
533 985 585 1038 in
614 1000 886 1047 sermone,
924 995 978 1040 et
1008 987 1228 1042 mittunt
1263 988 1312 1042 ei
1355 987 1651 1057 discipulos
1688 1004 1815 1043 suos
1842 1004 1965 1042 eum

384 1074 703 1130 lieredianis
744 1076 1028 1131 dicentes:
1058 1077 1334 1147 Magister,
1378 1078 1577 1132 scimus
1620 1079 1747 1148 quia
1796 1095 1962 1134 verax

381 1179 473 1229 es,
509 1174 565 1217 et
593 1165 732 1217 viam
762 1164 855 1218 Dei
903 1166 959 1218 in
1004 1166 1235 1220 veritate
1279 1166 1469 1231 doces,
1516 1173 1572 1219 et
1603 1182 1712 1220 non
1751 1175 1834 1221 est
1866 1168 1963 1221 tibi

380 1272 509 1309 cura
537 1257 603 1311 de
625 1257 837 1326 aliquo,
876 1273 979 1311 non
1017 1259 1160 1313 enim
1197 1260 1422 1328 respicis
1464 1274 1751 1329 personam
1792 1260 1961 1313 homi—

385 1364 529 1412 num,
556 1348 643 1402 dic
665 1363 797 1418 ergo
834 1348 1005 1413 nobis,
1036 1349 1163 1418 quid
1194 1350 1290 1404 tibi
1316 1350 1559 1417 videtur;
1590 1350 1713 1405 licet
1736 1365 1957 1405 censum

379 1439 508 1493 dare
529 1437 729 1492 Caesari
758 1454 826 1492 an
859 1439 999 1493 non?
1029 1458 1047 1491 ι
1080 1437 1293 1511 (Matth.
1317 1439 1478 1511 χιιι.)
1498 1440 1564 1494 Ει
1585 1440 1710 1494 alibi
1741 1440 1955 1511 legitur,

378 1531 520 1598 quod
549 1549 567 1580 ι
604 1531 938 1601 collegerunt
965 1532 1250 1602 pontiﬁces
1271 1540 1326 1587 et
1352 1531 1614 1587 Pharismi
1642 1531 1953 1596 concilium,

2074 354 2334 407 honorem
2354 393 2367 417 ,
2393 362 2448 405 et
2486 353 2976 422 incorruptionem,
3013 360 3261 420 quzerunt
3291 353 3457 406 vitam
3488 363 3640 406 teter-

2072 457 2226 507 nam;
2258 442 2342 495 his
2365 451 2547 495 autem
2578 442 2667 511 qui
2697 456 2762 497 ex
2813 438 3180 507 contentione,
3212 451 3268 497 et
3295 443 3385 512 qui
3418 456 3524 496 nou
3552 458 3646 497 ae-

2070 532 2356 602 quiescunt
2379 533 2631 597 veritati,
2663 534 2892 588 credunt
2928 542 3106 588 autem
3145 533 3447 602 iniquitati,
3482 534 3561 587 ira
3588 543 3645 588 et

2070 621 2386 692 indignatio.
2417 623 2720 679 Tribnlatio
2739 633 2791 677 et
2822 625 3070 695 angustia
3092 625 3144 679 in
3171 640 3385 679 omnem
3407 626 3642 679 animam

2068 712 2342 779 operantis
2372 713 2571 767 malum
2596 713 2768 785 (Rom.
2801 725 2886 768 tet
2912 713 2993 783 ιι).
3032 733 3050 765 ι
3086 716 3161 769 De
3186 729 3294 783 quo
3311 723 3366 769 et
3391 730 3490 784 per
3515 715 3646 771 Eze-

2069 802 2297 856 chielem
2329 802 2528 856 dicitur
2561 820 2573 856 :
2608 822 2625 853 ‹
2662 803 2879 859 Iustitia
2913 804 3047 874 justi
3088 822 3252 876 super
3276 821 3399 860 eum
3424 808 3526 861 erit
3550 849 3566 871 ,
3589 818 3646 863 et

2068 893 2315 962 impietas
2347 893 2498 963 impii
2520 894 2624 947 erit
2645 909 2810 963 super
2836 911 2981 949 eum.
3014 896 3206 949 Anima
3234 912 3353 949 eum
3383 912 3644 965 peccave-

2067 985 2157 1050 rit,
2192 985 2306 1054 ipsa
2338 986 2600 1040 morietur
2633 986 2851 1055 (Ezeclt.
2879 988 3056 1057 xvm).
3096 1006 3112 1038 ι
3150 989 3225 1042 De
3256 1003 3360 1056 quo
3401 998 3455 1043 et
3496 988 3643 1042 Psal-

2066 1078 2223 1131 mista
2269 1078 2386 1146 pari
2428 1080 2591 1132 modo
2631 1086 2859 1132 testatur
2903 1079 3129 1134 dicens:
3170 1098 3188 1127 ι
3232 1079 3383 1134 Oculi
3423 1078 3639 1134 Domini

2063 1182 2226 1238 super
2251 1169 2446 1239 justos,
2472 1177 2528 1223 et
2556 1184 2722 1231 aures
2753 1168 2869 1237 ejus
2898 1171 2963 1224 ad
2991 1185 3179 1241 preces
3208 1186 3425 1235 eorum,
3460 1171 3642 1225 vultus

2063 1267 2240 1314 autem
2258 1259 2468 1313 Domini
2490 1273 2652 1329 super
2666 1258 2924 1315 facientes
2945 1261 3103 1324 mala,
3120 1267 3179 1314 ut
3202 1263 3385 1330 perdat
3407 1264 3471 1315 de
3494 1273 3639 1314 terra

2063 1350 2380 1404 memoriam
2414 1365 2601 1403 eorum
2629 1348 2802 1420 (Psat.
2829 1352 3042 1423 χχχιιι).
3081 1372 3105 1404 ι

2656 1463 2883 1520 CAPUT
2945 1466 3032 1520 Ἢ.

2057 1554 2260 1626 Aman,
2296 1572 2391 1626 pro
2417 1572 2477 1609 eo
2513 1556 2649 1626 quod
2689 1554 2837 1609 illum
2876 1555 3242 1609 Mardocfta’us
3282 1557 3506 1609 adorare
3547 1574 3637 1610 no-

378 1632 431 1674 et
460 1622 743 1687 dicebant,
777 1622 905 1691 quid
954 1622 1251 1678 faciemus?
1282 1623 1410 1693 quia
1458 1623 1547 1678 hic
1586 1624 1750 1678 homo
1787 1623 1953 1677 multa
1985 1637 2029 1694 Β
2127 1624 2245 1706 luit,
2275 1622 2586 1707 Iudicat-itm
2609 1642 2769 1707 genus
2795 1626 2914 1679 odio
2942 1626 3157 1707 habens,
3186 1626 3256 1706 ad
3284 1642 3639 1707 regemﬂnccu-

376 1715 527 1785 signa
556 1713 707 1779 facit,
733 1716 777 1767 si
810 1715 1133 1770 dimittimus
1160 1730 1283 1769 eum
1312 1715 1411 1781 sic,
1433 1730 1624 1771 omnes
1651 1716 1872 1771 credent
1903 1716 1953 1769 in

374 1821 519 1867 eum,
550 1814 605 1859 et
627 1804 846 1859 venient
873 1804 1103 1859 Romani
1130 1812 1187 1859 et
1219 1803 1408 1859 tollent
1433 1812 1674 1861 nostrum
1698 1804 1876 1859 locum
1901 1813 1955 1858 et

340 1903 589 1959 egentem
616 1891 798 1964 (Joan.
843 1892 940 1964 ει).
973 1912 991 1945 ι
1024 1892 1176 1947 Unde
1219 1901 1341 1962 post
1375 1907 1544 1963 pauca
1572 1890 1951 1964 subjungitur:

380 2008 394 2029 ει
432 1984 511 2037 Ah
533 1984 623 2037 illo
650 1998 779 2054 ergo
807 1983 892 2036 die
933 1982 1310 2053 cogitaverunt
1342 1990 1402 2036 ut
1431 1981 1797 2038 interﬁcerent
1830 1998 1953 2037 eum

364 2074 584 2145 (Ibid).
623 2094 640 2125 ι
670 2074 778 2128 Has
807 2073 940 2128 duas
969 2088 1230 2142 personas
1252 2073 1418 2129 Isaias
1441 2074 1704 2143 propheta
1736 2074 1789 2127 in
1816 2071 1952 2126 dua-

374 2168 473 2220 bus
501 2165 751 2219 domibus
782 2172 968 2229 notat,
1012 2163 1207 2232 quibus
1247 2161 1498 2217 Salvator
1538 2162 1852 2217 incarnatus
1899 2162 1952 2216 in

372 2254 601 2322 lapidem
633 2252 949 2309 oli'ensionis
969 2260 1026 2307 et
1046 2252 1099 2306 in
1129 2261 1338 2322 petram
1369 2251 1611 2307 scandali
1639 2250 1815 2306 factus
1841 2259 1948 2315 est,

364 2357 423 2400 et
458 2346 511 2399 in
552 2346 805 2415 laqueum
850 2353 908 2399 et
952 2344 1166 2399 ruinam
1203 2341 1571 2399 habitantibus
1618 2341 1948 2407 Jerusalem,

370 2441 511 2494 unde
552 2438 827 2493 oil’endent
859 2452 927 2492 ex
962 2436 1044 2492 eis
1073 2435 1287 2505 plurimi
1331 2442 1386 2489 et
1429 2435 1653 2499 cadent,
1684 2443 1739 2489 et
1765 2441 1952 2489 conte-

370 2539 579 2593 rentur,
611 2539 668 2584 et
692 2529 1025 2592 irretientur,
1050 2535 1103 2581 et
1126 2527 1427 2596 capientur.
1465 2527 1668 2581 Horum
1705 2541 1832 2597 ergo
1858 2542 1952 2581 eu-

369 2623 670 2677 nuchorum
702 2620 999 2690 nequitiam
1022 2634 1325 2690 agnoscens
1348 2618 1715 2673 Mardochceus
1742 2628 1947 2685 noster,

371 2712 484 2783 regi
511 2727 607 2782 per
630 2711 826 2766 Esther
850 2710 1068 2780 prodit,
1114 2709 1239 2779 quia
1271 2708 1486 2762 illorum
1521 2706 1671 2762 dolos
1697 2717 1751 2761 et
1777 2707 1952 2776 pravi-

373 2815 537 2860 tatem
568 2804 748 2859 cordis
768 2803 1183 2874 praedicatorum
1210 2803 1341 2856 ordo
1366 2801 1633 2866 tidelibus,
1663 2802 1754 2870 qui
1782 2817 1950 2856 mem-

2129 1697 2281 1761 savii,
2312 1711 2443 1764 quos
2468 1695 2558 1749 ille
2586 1696 2854 1749 universos
2879 1711 2983 1749 uno
3014 1696 3099 1750 die
3117 1696 3279 1765 jussit
3311 1697 3561 1764 inter/in.

2136 1823 2155 1856 ‹
2198 1804 2329 1859 Post
2360 1804 2476 1858 haec
2512 1819 2607 1859 rex
2639 1804 2906 1860 Assuerus
2934 1804 3193 1859 exultavit
3230 1802 3433 1868 Aman,
3467 1803 3643 1858 filium

2063 1914 2083 1947 ι
2119 1895 2427 1961 Amadathi,
2446 1897 2537 1967 qui
2560 1904 2678 1950 erat
2698 1896 2763 1950 de
2786 1896 2954 1966 stirpe
2974 1895 3141 1965 Agag,
3160 1904 3215 1949 et
3237 1895 3414 1963 posuit
3440 1895 3641 1949 solium

2060 2006 2079 2039 ι
2124 1987 2245 2057 ejus
2266 2002 2430 2057 super
2455 2001 2644 2041 omnes
2669 1987 2942 2057 principes
2970 2001 3105 2056 quos
3132 1986 3381 2040 habebat.
3414 1984 3639 2040 Cuncti-

2060 2099 2079 2131 ι
2125 2094 2232 2150 que
2258 2080 2399 2135 servi
2433 2079 2577 2149 regis
2598 2079 2689 2148 qui
2722 2078 2774 2133 in
2806 2078 3012 2134 foribus
3052 2078 3233 2149 palatii
3277 2078 3647 2132 versabantur

2059 2189 2076 2221 ι
2121 2169 2409 2226 ﬂectebant
2431 2185 2629 2242 genua,
2653 2179 2711 2225 et
2731 2171 3027 2226 adorabant
3048 2169 3217 2225 Aman
3243 2185 3262 2223 :
3282 2171 3364 2225 sic
3386 2171 3532 2224 enim
3558 2172 3643 2225 eis

2058 2281 2077 2315 ι
2123 2270 2459 2334 praeceperat
2513 2263 2849 2332 imperator;
2910 2263 3058 2318 solus
3107 2263 3480 2318 Mardochmus
3526 2279 3637 2317 not

2056 2372 2075 2405 ι
2118 2353 2367 2409 ﬂectebat
2396 2369 2569 2423 genu,
2612 2370 2787 2424 neque
2831 2356 3091 2410 adorabat
3134 2370 3276 2409 eum.
3317 2374 3336 2406 ι
3369 2354 3508 2422 Quid
3538 2371 3645 2424 per

2048 2445 2221 2500 Aman
2254 2445 2577 2515 superbum,
2611 2447 2714 2501 nisi
2748 2445 2921 2501 fastus
2944 2455 3221 2516 potentum
3253 2445 3414 2516 hujus
3448 2447 3638 2502 sareuli

2049 2534 2387 2605 exprimitur,
2417 2534 2508 2604 qui
2535 2535 2817 2591 beneficiis
2839 2535 3022 2591 divina
3057 2530 3260 2606 pietate
3287 2537 3390 2592 sibi
3417 2535 3638 2592 coliatis

2048 2627 2361 2690 abutentes,
2398 2626 2673 2695 proximos
2714 2624 2873 2692 suos,
2922 2642 3057 2696 quos
3100 2636 3382 2684 consortes
3430 2628 3640 2682 habent

2050 2725 2284 2781 naturae,
2311 2716 2489 2772 socios
2526 2717 2713 2787 gratia:
2739 2718 2958 2775 habere
2994 2718 3318 2789 despiciunt.
3349 2718 3506 2775 Unde
3536 2720 3636 2774 hoc

2051 2825 2239 2864 norem
2292 2824 2356 2863 ac
2395 2809 2786 2876 reverentiam,
2836 2826 2995 2880 quam
3039 2812 3138 2867 soli
3167 2812 3274 2868 Deo
3314 2814 3637 2884 impendere

359 2898 466 2951 bra
494 2895 695 2950 Christi
728 2902 882 2956 sunt,
938 2895 1207 2949 cavendus
1243 2909 1363 2948 esse
1399 2893 1657 2947 ostendit.
1685 2892 1872 2947 Potest
1896 2900 1952 2947 et
2040 2899 2186 2968 justc
2230 2900 2558 2967 debuerant,
2603 2902 2656 2955 in
2700 2916 2760 2958 se
2786 2903 3035 2971 nequiter
3074 2902 3370 2959 transferre
3398 2916 3630 2962 conten-

370 2989 423 3041 in
468 2987 599 3057 ipsis
644 2986 850 3041 duobus
891 2985 1162 3040 eunuchis
1202 3000 1431 3052 persona
1481 2985 1856 3039 hmretieorum
1894 2982 2020 3042 etC
2051 2991 2211 3056 dunt;
2234 3005 2328 3045 eos
2357 2999 2535 3046 autem
2560 2992 2650 3060 qui
2675 2993 2777 3046 hoc
2805 3007 2967 3062 agere
2993 2999 3155 3061 atque
3198 2994 3505 3048 consentire
3534 3012 3633 3049 nn-

369 3076 846 3135 sehismatieorum
895 3074 1099 3143 accipi,
1141 3074 1233 3143 qui
1280 3072 1485 3127 fraudis
1524 3082 1683 3142 atque
1728 3073 1947 3128 malitia:

367 3182 635 3222 venenum
681 3166 846 3221 corde
886 3171 1163 3235 gestantes
1184 3202 1199 3227 ,
1245 3163 1506 3218 adversus
1533 3162 1816 3217 veritatem
1848 3162 1947 3216 ini-

368 3272 476 3327 qua
498 3257 728 3312 consilia
754 3255 944 3311 sedulo
972 3260 1314 3318 construunt,
1342 3252 1576 3321 qualiter
1604 3267 1725 3307 eam
1757 3268 1787 3306 a
1825 3267 1946 3307 cor-

368 3350 525 3408 dibus
547 3348 882 3403 credentium
918 3346 1187 3411 auferant,
1211 3354 1266 3401 et
1286 3345 1585 3412 Christum,
1614 3345 1705 3415 qui
1731 3353 1816 3399 est
1834 3345 1943 3400 vita

366 3441 636 3506 fidelium,
659 3438 1053 3510 quodammodo
1076 3438 1129 3493 in
1150 3437 1228 3493 eis
1251 3435 1609 3492 interficiant:
1634 3437 1728 3492 sed
1749 3436 1942 3491 horum

369 3530 715 3601 iniquitatem
743 3529 917 3584 sancti
944 3528 1195 3583 doctores
1236 3524 1673 3590 manifestantes,
1706 3526 1946 3581 latebras

365 3634 614 3676 errorum
629 3618 853 3675 illorum
884 3618 937 3671 in
967 3617 1140 3672 lucem
1165 3616 1499 3688 producunt,
1523 3616 1944 3677 demonstrando

365 3712 636 3783 quomodo
701 3711 1019 3765 innocentes
1069 3723 1168 3778 per
1226 3708 1318 3762 Dei
1373 3708 1632 3763 indicium
1688 3723 1716 3762 a
1767 3716 1942 3764 morte

366 3804 560 3860 animae
585 3810 867 3866 eruantur,
899 3801 1048 3855 noxii
1074 3800 1224 3871 justa
1250 3799 1457 3855 ultione
1495 3799 1813 3870 puniantur,
1843 3800 1938 3855 be-

366 3911 540 3967 neque
567 3895 743 3950 meriti
770 3893 1037 3966 condigna
1059 3891 1308 3949 mercede
1330 3900 1764 3948 remunerentur.
1788 3890 1941 3947 Unde

366 3988 732 4059 subjungitur.

2049 3080 2198 3146 lunt,
2236 3081 2376 3135 odiis
2428 3081 2781 3146 insectantur,
2825 3083 3156 3137 cruciatibus
3204 3096 3632 3154 persequuntur,

2048 3177 2211 3238 atque
2238 3170 2399 3225 morti
2426 3172 2640 3226 tradere
2670 3179 2954 3225 conantur.
2980 3167 3087 3224 Sed
3119 3183 3385 3239 supernus
3415 3170 3585 3239 judex
3614 3216 3631 3239 ,

2052 3278 2071 3310 ‹
2109 3261 2201 3329 qui
2225 3261 2450 3316 humilia
2476 3264 2717 3335 respicit,
2745 3271 2800 3318 et
2828 3263 2936 3317 alta
2958 3278 2990 3317 a
3019 3262 3177 3332 longe
3197 3265 3499 3333 cognoscit,
3531 3268 3632 3336 qui

2045 3353 2581 3426 novitdeeipientem
2621 3364 2679 3410 et
2718 3371 2842 3411 eum
2886 3354 2978 3425 qui
3018 3355 3305 3424 decipitur,
3355 3361 3636 3413 convertit

2045 3442 2287 3500 dolorem
2314 3447 2627 3517 iniquorum
2655 3448 2709 3502 in
2737 3454 2902 3518 caput
2926 3462 3137 3514 eorum,
3165 3456 3221 3502 et
3259 3448 3316 3503 in
3356 3450 3631 3506 verticeni

2044 3550 2235 3592 eorum
2259 3536 2517 3605 iniquitas
2539 3554 2727 3592 eorum
2751 3541 3053 3596 descendit.
3080 3543 3137 3594 ln
3159 3542 3371 3598 insidiis
3389 3547 3505 3599 suis
3529 3562 3630 3601 ca-

2045 3628 2265 3698 pientur
2296 3629 2464 3698 iniqui
2492 3647 2506 3681 :
2531 3630 2714 3698 justus
2748 3632 2815 3685 de
2844 3634 3095 3702 angustia
3122 3649 3221 3688 sua
3264 3634 3625 3702 liberabitur,

2050 3728 2105 3774 et
2136 3721 2379 3774 tradetur
2413 3721 2615 3790 impius
2655 3738 2751 3790 pro
2780 3738 2845 3776 eo
2870 3721 3049 3792 (Psal.
3082 3739 3301 3779 cxxxvtt
3342 3737 3395 3779 et
3424 3740 3555 3794 vn).
3600 3748 3623 3780 ι

2125 3810 2311 3867 Potest
2338 3821 2392 3867 et
2430 3829 2525 3883 per
2550 3815 2721 3867 Aman
2754 3814 2917 3869 istum
2946 3817 3232 3887 Agagiten,
3262 3833 3425 3886 quem
3462 3816 3630 3872 Jose-

2056 3900 2199 3970 phus
2221 3901 2288 3955 dc
2317 3902 2487 3970 stirpe
2517 3904 2737 3959 Amalec
2768 3919 2892 3959 esse
2924 3906 3127 3960 editum
3159 3921 3365 3972 narrat,
3395 3907 3630 3962 .lnttazo—

2012 3996 2018 4003 '
2043 4002 2162 4041 rum
2192 3993 2425 4064 populus
2445 3993 2891 4064 sanguinolentus
2917 3994 3137 4063 ﬁgurari
3156 4034 3171 4059 ,
3210 3994 3303 4062 qui
3331 4000 3640 4064 prophetas

443 4120 460 4150 ι
502 4099 795 4166 Quaesitum
840 4105 958 4162 est,
1006 4105 1063 4151 et
1105 4096 1383 4151 inventum
1426 4072 1537 4160 est,
1585 4103 1642 4149 et
1672 4107 1940 4163 appensus
2040 4086 2389 4151 occiderunt,
2432 4096 2489 4142 et
2526 4086 2702 4157 ipsum
2732 4085 3029 4142 Dominum
3049 4084 3431 4155 prophetarum
3462 4094 3643 4156 atque

372 4211 388 4242 ι
415 4200 656 4260 «iterque
688 4190 741 4243 iu
762 4186 1022 4258 patibulo,
1053 4194 1107 4241 et
1134 4185 1297 4254 jussit
1340 4200 1436 4240 rex
1481 4193 1540 4239 ut
1583 4185 1636 4238 in
1669 4184 1806 4239 libro
1828 4200 1938 4239 me-

371 4300 389 4332 ι
434 4279 644 4335 moriali
669 4279 1016 4341 scriberetur,
1046 4283 1104 4329 ut
1129 4291 1227 4345 pro
1251 4275 1362 4328 vita
1391 4288 1488 4329 sua
1523 4272 1727 4344 aliquid
1750 4288 1937 4343 repen-

2044 4179 2317 4249 apostolos
2338 4178 2453 4248 ejus
2482 4178 2789 4234 interﬁcere
2815 4194 2918 4233 non
2945 4178 3272 4232 timuerunt:
3298 4178 3390 4248 qui
3412 4180 3644 4246 generis

2046 4269 2377 4324 nobilitatem
2400 4276 2619 4339 pr0pter
2648 4268 3075 4323 incredulitatem
3111 4274 3166 4320 et
3193 4267 3448 4320 duritiam
3474 4283 3644 4322 men-

370 4392 389 4425 ι
429 4371 676 4436 saretei,
703 4368 1124 4438 mandatumque
1151 4376 1237 4423 est
1265 4365 1507 4422 historiis
1526 4406 1541 4431 ,
1572 4373 1628 4419 et
1649 4363 1940 4423 annalibus
1972 4350 2015 4407 υ
2045 4361 2111 4416 tis
2137 4375 2246 4415 sua:
2278 4361 2588 4429 perdentes,
2621 4375 2718 4429 per
2747 4359 2937 4413 Isaiam
2967 4358 3236 4427 principes
3262 4356 3642 4413 Sodomorum

368 4484 386 4516 ι
433 4462 688 4518 traditum
739 4474 924 4514 coram
971 4472 1116 4530 rege.
1165 4476 1184 4509 ι
1224 4455 1369 4511 Libri
1420 4469 1548 4526 ergo
1604 4456 1947 4513 memoriaies

362 4560 490 4608 sunt
522 4551 800 4606 volumina
850 4549 1079 4603 duorum
1124 4546 1594 4601 Testamentorum
1616 4584 1630 4609 ,
1658 4544 1709 4597 in
1746 4548 1944 4617 quibus

363 4659 484 4713 qum
505 4640 669 4711 justis
694 4655 793 4711 pro
817 4638 973 4693 bonis
1006 4635 1216 4691 actibus
1243 4632 1495 4704 praemia,
1520 4641 1573 4689 et
1599 4648 1719 4703 qua:
1748 4635 1945 4705 iniquis

363 4749 462 4803 pro
482 4733 722 4803 peccatis
743 4744 913 4800 paena:
938 4728 990 4782 in
1015 4726 1197 4782 futuro
1224 4733 1500 4791 maneant,
1518 4739 1944 4781 commemoran-

366 4835 471 4877 tur.
500 4822 653 4879 Unde
676 4822 940 4892 scriptunt
969 4817 1131 4874 estin
1157 4814 1487 4885 Evangelio:
1523 4832 1541 4865 ι
1577 4813 1744 4868 Filius
1769 4815 1941 4869 homi-

368 4913 449 4967 nis
476 4920 739 4967 venturus
768 4919 855 4967 est
887 4911 941 4965 in
971 4909 1139 4982 gloria
1165 4907 1342 4963 Patris
1365 4907 1482 4971 sui,
1512 4915 1568 4962 et
1597 4914 1723 4961 tunc
1755 4907 1941 4961 reddet

366 5002 656 5072 unicuique
708 5001 1001 5057 secundum
1044 5013 1208 5068 Opera
1254 5012 1349 5052 sua
1394 4995 1608 5063 (Matth.
1646 5004 1778 5063 xvi).
1824 5015 1843 5047 ι
1872 4997 1939 5050 Et

368 5093 496 5146 item
524 5109 536 5143 ε
568 5107 587 5140 ‹
624 5091 798 5154 Ibunt,
826 5089 1024 5158 inquit,
1055 5088 1203 5157 impii
1230 5088 1284 5140 in
1311 5086 1633 5157 supplicium
1653 5096 1934 5151 :eternum,

365 5184 491 5255 justi
533 5188 710 5236 autem
752 5180 806 5233 in
844 5180 1010 5233 vitam
1040 5190 1296 5233 aeternam
1321 5176 1534 5248 (Matth.
1566 5176 1711 5248 xxv).
1744 5196 1762 5227 ι
1800 5176 1936 5230 liinc

364 5272 628 5332 etPaulus
644 5271 712 5326 ad
725 5269 998 5324 Romanos
1019 5267 1263 5324 scribens
1293 5269 1368 5320 ait
1390 5283 1404 5317 :
1436 5283 1454 5316 ι
1483 5265 1773 5320 Revelatnr
1792 5268 1934 5320 enim

368 5370 447 5421 ira
473 5364 567 5419 Dei
599 5376 759 5432 super
785 5374 1002 5414 omnem
1043 5357 1374 5426 impietatem
1403 5362 1459 5411 et
1494 5355 1809 5425 iujttstitiam
1841 5357 1938 5410 ho-

369 5456 594 5516 minum,
628 5452 719 5521 qui
752 5449 1032 5506 veritatem
1062 5446 1152 5499 Dei
1183 5443 1236 5498 itt
1267 5445 1529 5516 injustitia
1552 5445 1814 5509 detinent,
1844 5446 1936 5515 qui

370 5548 554 5604 reddet
582 5544 870 5613 unicuique
898 5539 1190 5598 secundum
1217 5552 1381 5610 Opera
1420 5537 1566 5607 ejus;
1601 5537 1684 5593 his
1715 5537 1930 5605 quidem

1724 5682 1749 5693 Ι

2045 4459 2098 4506 et
2131 4450 2360 4521 populus
2386 4449 2733 4514 Gomorrhte,
2781 4449 3030 4519 appellati
3076 4456 3236 4512 sunt,
3284 4448 3483 4516 quibus
3531 4466 3645 4518 per

2046 4541 2384 4596 Ezechielem
2431 4541 2664 4596 dicitur:
2701 4559 2719 4591 ι
2751 4540 2911 4594 Pater
2959 4548 3081 4607 tuus
3126 4538 3514 4603 Amorrhtens,
3579 4551 3647 4596 et

2045 4641 2216 4686 mater
2245 4640 2337 4687 tua
2362 4632 2563 4688 Cethea
2595 4631 2810 4703 (Ezeclt.
2856 4630 2987 4697 xvi).
3020 4629 3083 4683 ili
3125 4644 3253 4699 ergo
3280 4628 3646 4685 confessurus

2043 4723 2246 4778 Christi
2273 4724 2426 4793 quasi
2464 4724 2647 4778 hostes
2671 4722 2803 4792 legis
2828 4721 2924 4774 Dei
2962 4721 3290 4774 existimant.
3326 4720 3479 4776 Unde
3517 4738 3647 4777 non

2048 4813 2100 4865 in
2141 4812 2316 4867 solum
2364 4812 2788 4876 Mardoehteum,
2839 4811 2942 4866 huc
2978 4818 3092 4874 cst,
3132 4810 3187 4864 in
3231 4810 3641 4880 prmdicatores

2043 4900 2317 4970 Evangelii
2341 4940 2354 4964 ,
2387 4901 2482 4955 sed
2510 4900 2673 4954 etiam
2706 4900 2758 4953 in
2787 4914 3002 4955 omnem
3052 4898 3256 4969 plebem
3292 4899 3643 4956 catholicam

2043 5004 2235 5046 manus
2260 4992 2500 5062 injicere,
2526 4999 2687 5060 atque
2720 4992 2785 5047 de
2810 4992 3064 5061 przeseuti
3099 4990 3208 5044 vita
3250 4995 3649 5051 exterminare

2042 5081 2337 5148 festinant,
2388 5083 2480 5136 sed
2526 5091 2753 5136 mortem
2808 5097 2913 5151 qua
2963 5081 3209 5136 innoxios
3247 5084 3651 5152 temporaliler

2044 5174 2303 5229 mulctare
2340 5172 2807 5237 machinabantur,
2839 5172 2941 5241 ipsi
2967 5171 3172 5225 meritis
3204 5172 3318 5224 suis
3357 5176 3653 5239 exigenti-

2041 5266 2161 5331 bus,
2184 5266 2329 5336 justo
2351 5265 2534 5334 judice
2565 5265 2917 5329 retribuentc,
2950 5265 3065 5319 sine
3096 5264 3202 5319 line
3239 5265 3291 5318 in
3331 5265 3653 5324 animabus

2043 5354 2154 5408 suis
2179 5355 2447 5409 sustinere
2475 5361 2762 5424 coguntur.

2115 5464 2134 5496 ι
2173 5445 2424 5515 Dixitque
2465 5444 2637 5499 Aman
2680 5445 2789 5515 regi
2818 5444 3094 5499 Assucro:
3129 5444 3223 5498 Est
3260 5444 3488 5513 populus
3524 5460 3650 5511 per

2043 5552 2230 5591 omnes
2255 5537 2562 5606 provincias
2606 5536 2878 5606 dispersus
2898 5577 2911 5603 ,
2934 5546 2987 5591 et
3013 5553 3042 5589 a
3070 5552 3128 5591 se
3166 5547 3352 5591 mutuo
3388 5550 3650 5604 separa-
