3928 6176
211 151 308 205 653

216 274 322 330 tus,
348 276 507 316 novis
534 270 693 317 utens
729 260 940 333 legibus
978 268 1033 316 et
1080 262 1451 326 cmremoniis,
1500 262 1720 331 insuper
1752 265 1806 313 et
1836 265 1886 321 Α

216 355 356 426 regis
383 353 521 410 scita
563 360 934 408 contemnens.
967 352 1037 406 Et
1077 352 1280 422 optime
1320 352 1464 407 nosti
1507 351 1652 421 quod
1691 363 1802 404 non

215 445 467 518 expediat
509 459 677 516 regno
724 454 816 499 tuo
845 453 907 499 ut
950 444 1243 501 insolescat
1278 458 1378 516 per
1421 444 1719 500 licentiam.
1749 442 1806 499 Si

215 538 310 593 tibi
338 536 540 608 placet,
567 536 799 591 decerne
824 544 882 589 ut
906 543 1115 606 pereat,
1147 544 1203 590 et
1228 537 1414 591 decem
1446 534 1611 589 millia
1638 535 1809 591 talen-

216 640 395 685 torum
432 628 732 698 appendam
760 626 991 681 arcariis
1020 641 1167 696 gaza:
1196 634 1317 681 tua}.
1344 626 1490 680 Tulit
1534 642 1665 698 ergo
1712 644 1804 682 rex

216 719 479 774 annulum
506 732 615 788 quo
649 718 907 772 utebatur
934 717 1000 772 de
1037 734 1203 773 manu
1233 735 1328 774 sua
1349 761 1363 784 ,
1393 728 1448 772 et
1489 719 1637 773 dedit
1685 736 1808 774 eum

217 811 391 864 Aman
417 808 526 863 ﬁlio
554 808 842 862 Amadatbi
865 809 932 863 de
956 810 1216 879 progenie
1238 810 1406 882 Agag,
1432 811 1572 865 hosti
1597 810 1810 865 Iudaeo-

218 919 357 969 rum,
403 902 646 970 dixitque
676 902 743 955 ad
775 914 899 955 eum
929 920 941 955 :
966 902 1267 973 Argentum
1315 905 1456 973 quod
1506 903 1806 973 polliceris,

220 1004 369 1048 tuum
421 993 523 1057 sit;
565 992 632 1047 de
678 991 877 1062 populo
907 1007 1005 1064 age
1034 994 1180 1063 quod
1215 995 1311 1049 tibi
1351 995 1546 1065 placet.
1588 1014 1605 1046 ι
1638 994 1809 1049 Aman

220 1101 350 1154 ergo
387 1084 573 1138 decem
626 1083 953 1137 talentorum
980 1086 1267 1154 pecuniam
1307 1087 1632 1157 promittens
1662 1089 1809 1160 regi,

218 1177 528 1233 Iudaeorum
560 1185 788 1230 mortem
826 1178 1127 1246 expetivit:
1153 1179 1231 1234 sic
1268 1187 1323 1234 et
1358 1178 1615 1235 Judaicus
1641 1196 1813 1251 popu—

223 1272 320 1332 lus,
351 1269 557 1325 carnali
605 1269 964 1324 observantia:
1002 1273 1448 1327 caeremoniarum
1486 1272 1619 1345 legis
1659 1274 1811 1328 dedi-

222 1370 338 1421 tus,
371 1358 542 1412 Deum
592 1372 651 1412 se
692 1371 792 1427 per
833 1358 937 1412 hoc
977 1358 1195 1429 placare
1226 1361 1530 1428 credendo,
1560 1378 1813 1418 verorum

221 1449 423 1506 Christi
450 1447 844 1514 confessorum,
868 1451 960 1519 qui
989 1452 1287 1506 secundum
1316 1452 1697 1523 Evangelicam
1720 1454 1814 1508 do-

225 1543 459 1600 ctrinam
505 1543 786 1613 spirituale
817 1543 930 1599 Deo
959 1544 1244 1599 servitium
1288 1544 1639 1611 exhibebant,
1670 1560 1817 1600 mor-

1285 146 1647 207 EXI’OSITIO
1684 146 1747 203 IN
1786 146 2043 203 LIBRUM
2088 144 2382 202 ESTHER.
3386 151 3489 207 ὕει

2520 254 2749 314 CAPUT
2786 258 2895 314 VII.

1914 366 2068 440 Quod
2094 369 2419 440 comperiens
2440 368 2809 424 Mardochazus
2832 388 2985 425 sacco
3009 371 3226 427 indutus
3255 383 3350 440 est,
3392 380 3486 429 mi-

1981 438 2149 508 sitque
2189 438 2259 491 ad
2273 438 2515 512 __Estlter,
2555 449 2609 492 ut
2646 441 2789 510 apud
2832 458 3000 512 regem
3044 459 3138 511 pro
3184 438 3498 501 Judworum

1982 524 2104 561 nece
2131 507 2464 577 supplicaret.

1990 634 2006 665 ι
2053 615 2184 683 Quae
2227 631 2350 669 eum
2390 618 2627 672 audisset
2677 618 3083 686 Mardochreus,
3132 623 3290 678 scidit
3338 623 3507 680 vcsti-

1916 727 1935 758 ‹
1986 716 2172 761 menta
2203 724 2324 773 sua,
2359 717 2413 762 et
2444 710 2664 764 indutus
2693 721 2777 765 est
2814 728 3000 777 sacco,
3049 730 3311 785 spargens
3355 718 3507 774 cine-

1918 818 1934 850 ‹
1984 817 2098 855 rem
2127 801 2315 870 capiti,
2345 810 2401 856 et
2431 800 2483 857 in
2513 804 2692 873 platea
2733 806 2921 860 inediae
2967 808 3204 863 civitatis
3228 826 3359 865 voce
3387 827 3504 865 ma-

1919 908 1935 941 t
1984 906 2089 960 gna
2120 890 2408 957 clamabat,
2442 895 2731 950 ostendens
2759 897 3177 953 amaritudinem
3202 901 3365 954 animi
3397 903 3503 967 sui,

1920 1000 1939 1032 ι
1983 990 2038 1035 et
2064 982 2168 1035 hoc
2193 980 2394 1050 ejulatu
2423 998 2594 1052 usque
2616 986 2683 1039 ad
2715 984 2859 1040 fores
2880 987 3064 1056 palatii
3089 988 3359 1058 gradiens.
3386 990 3505 1045 Non

1920 1091 1938 1122 ι
1985 1074 2131 1127 enim
2162 1082 2281 1128 erat
2310 1075 2515 1130 licitum
2544 1075 2789 1130 indutum
2821 1092 2979 1132 sacco
3027 1078 3203 1133 aulam
3228 1083 3385 1159 ‘regis
3426 1083 3507 1136 in—

1921 1184 1941 1217 ‹
1989 1174 2157 1232 trare,
2190 1187 2209 1220 ι
2247 1176 2353 1223 etc.
2378 1168 2619 1223 Audiens
2660 1168 3034 1225 Mardocbmus
3068 1187 3257 1227 necem
3294 1172 3506 1230 1υάωο-

1917 1272 2039 1310 rum
2079 1256 2453 1328 imperialibus
2500 1259 2735 1314 decretis
2770 1259 3093 1315 destinatam
3122 1303 3136 1326 ,
3186 1262 3505 1333 lugubribus

1916 1364 1976 1405 se
2021 1351 2196 1405 induit
2242 1352 2615 1419 vestimentis,
2652 1362 2706 1408 et
2737 1354 2789 1407 in
2830 1355 3190 1410 amaritudine
3230 1358 3395 1411 animi
3426 1367 3509 1412 at-

1919 1457 2025 1512 que
2072 1441 2274 1510 ejulatu
2314 1444 2464 1499 vocis
2505 1459 2676 1515 usque
2711 1444 2778 1498 ad
2810 1444 2955 1499 fores
3002 1446 3186 1515 palatii
3235 1448 3506 1519 progredi-

1921 1542 2039 1598 tur;
2068 1549 2191 1588 cnm
2244 1536 2489 1604 magistri
2540 1536 2835 1601 Ecclesiae,
2888 1538 3070 1591 audita
3124 1538 3510 1607 persecutione

224 1644 329 1691 ιεω
354 1634 654 1690 meditatus
683 1642 786 1691 εει,
814 1634 968 1692 unde
1000 1634 1144 1691 sicut
1173 1634 1348 1690 Aman
1385 1635 1644 1707 epistolas
1681 1635 1815 1691 diri-
1843 1617 1889 1676 Β
1917 1626 2223 1697 principum
2259 1637 2417 1683 terra:
2444 1645 2607 1699 quam
2641 1631 3022 1686 innocentibus
3056 1631 3256 1688 Christi
3291 1632 3512 1691 famulis

220 1742 354 1801 gens
383 1727 531 1797 regis
552 1726 829 1797 signaculo
856 1741 950 1782 eas
992 1727 1205 1781 munire
1245 1726 1502 1792 curabat,
1545 1735 1813 1804 quatenus

220 1833 318 1887 per
342 1818 449 1872 hoc
477 1815 692 1872 facilius
730 1824 918 1871 votum
964 1831 1121 1871 suum
1162 1815 1438 1886 expleret,
1484 1816 1556 1870 ita
1589 1816 1814 1886 perﬁdia

220 1907 534 1964 Iudaeorum
560 1907 727 1962 libros
752 1907 948 1962 divina:
975 1906 1144 1978 legis,
1176 1907 1231 1960 in
1260 1906 1455 1976 quibus
1476 1906 1815 1976 signaculum

221 1999 422 2055 summi
452 2000 597 2071 regis
626 2013 941 2070 expressum
970 2006 1073 2064 est,
1097 1998 1202 2054 hoc
1230 2006 1346 2065 est,
1377 1997 1612 2069 Spiritus
1641 1998 1815 2054 sancti

221 2096 399 2169 gratia
440 2093 786 2150 manifestata
828 2101 934 2159 est,
974 2094 1041 2149 ad
1080 2092 1536 2163 comprobandam
1564 2092 1816 2148 hzeresim

225 2202 377 2242 suam
409 2188 464 2240 in
499 2185 866 2241 testimonium
899 2200 1006 2239 non
1032 2192 1183 2240 recte
1217 2198 1532 2250 assumens,
1579 2183 1817 2255 gentium

225 2279 636 2334 conversionem
666 2275 733 2331 ad
764 2278 1082 2332 societatem
1106 2276 1385 2347 religionis
1410 2274 1706 2347 reprobare
1733 2275 1820 2330 ni-

224 2371 459 2436 tebatur,
495 2376 552 2424 et
579 2367 779 2424 Christi
804 2366 1155 2439 Evangelium
1187 2366 1344 2437 quasi
1374 2366 1712 2421 contrarium
1743 2365 1822 2420 di-

225 2461 365 2516 vinis
393 2458 685 2530 praeceptis
709 2459 1096 2514 condemnare.

293 2592 408 2647 Nec
430 2591 598 2646 etiam
623 2589 751 2644 illud
783 2590 903 2644 sine
946 2590 1208 2659 mysterio
1248 2596 1332 2643 est
1374 2588 1517 2659 quod
1562 2587 1821 2643 duodeci-

227 2699 345 2739 mus
377 2683 590 2738 mensis
617 2682 766 2746 anni,
805 2681 898 2749 qui
937 2688 1159 2736 vocatur
1186 2679 1354 2744 Adar,
1394 2678 1461 2733 ad
1492 2676 1825 2733 interfectio-

226 2787 348 2827 nem
367 2771 540 2826 lsrael
561 2779 706 2827 sorte
732 2771 1020 2842 deputatus
1045 2782 1159 2836 est;
1189 2770 1282 2825 sed
1306 2769 1361 2824 id
1384 2767 1657 2840 signiﬁcat
1681 2769 1823 2838 quod

229 2862 431 2919 Christi
464 2862 664 2931 gratia,
691 2877 813 2933 quae
840 2863 896 2917 in
935 2862 1270 2932 plenitudine
1301 2870 1609 2931 temporum
1656 2859 1827 2915 ﬁdeli-

228 2952 330 3008 bus
353 2952 651 3007 commissa
672 2960 777 3018 est,
800 2953 1233 3023 persecutionem
1258 2950 1494 3007 validam
1516 2948 1828 3005 novissimis
1854 2972 1900 3036 ρ

230 3043 574 3115 temporibus
598 3043 652 3097 in
678 3044 879 3100 mundo
903 3059 1000 3115 per
1022 3043 1207 3099 ﬁdeles
1231 3058 1460 3114 passura
1483 3050 1587 3098 est.
1614 3043 1691 3099 De
1717 3057 1827 3113 quo

229 3148 287 3193 et
314 3138 512 3194 doctor
529 3137 770 3207 gentium
798 3137 868 3192 ad
888 3136 1233 3193 Timotheum
1256 3136 1503 3191 scribens
1523 3135 1597 3191 ait
1622 3152 1636 3189 :
1665 3153 1685 3187 ι
1712 3134 1829 3191 Hoc

232 3240 415 3286 autem
447 3230 591 3285 scito
618 3230 760 3299 quod
784 3229 837 3283 in
860 3229 1172 3295 novissimis
1196 3227 1532 3299 temporibus
1552 3228 1830 3284 instabunt

232 3328 484 3391 tempora
513 3320 843 3392 periculosa,
869 3329 925 3375 et
944 3328 1106 3376 erunt
1133 3320 1382 3376 homines
1408 3320 1619 3391 seipsos
1644 3335 1831 3375 aman-

234 3421 352 3477 tes,
381 3413 571 3483 cupidi
595 3453 612 3478 ,
642 3411 800 3479 elati,
854 3412 1096 3483 superbi,
1145 3412 1483 3483 blasphemi,
1512 3412 1831 3481 parentibus

236 3505 638 3570 inobedientes,
666 3505 901 3575 ingrati,
938 3487 1188 3571 scelesti,
1212 3505 1332 3560 sine
1357 3503 1646 3560 aﬂ‘ectione
1665 3544 1681 3571 ,
1711 3504 1832 3560 sine

237 3610 389 3665 pace,
414 3594 826 3659 criminatores,
849 3594 1274 3661 incontinentes,
1303 3594 1570 3660 immites,
1601 3594 1722 3651 sine
1744 3596 1834 3650 be-

238 3686 542 3758 nignitate,
569 3686 875 3756 proditores
893 3724 907 3751 ,
939 3685 1213 3756 protervi,
1246 3686 1470 3753 tumidi,
1494 3684 1831 3756 voluptatum

240 3792 523 3835 amatores
546 3779 720 3850 magis
737 3794 898 3849 quam
922 3779 1040 3845 Dei,
1065 3779 1327 3834 habentes
1354 3778 1589 3847 speciem
1613 3777 1833 3847 quidem

237 3871 486 3940 pietatis,
519 3871 780 3925 virtutem
809 3877 990 3925 autem
1013 3868 1131 3937 ejus
1154 3869 1508 3939 abnegantes.
1549 3886 1568 3919 ι
1604 3868 1743 3923 Hinc
1781 3875 1839 3921 et

240 3960 512 4016 Dominus
568 3960 625 4014 in
677 3959 973 4030 Evangelio
1023 3959 1101 4013 ait
1148 3977 1160 4012 :
1214 3976 1233 4009 ‹
1281 3957 1678 4013 Praedicabitur
1731 3957 1838 4013 hoc

240 4050 603 4123 Evangelium
634 4052 787 4123 regni
814 4052 869 4105 in
909 4050 1164 4105 universo
1183 4048 1346 4114 orbe,
1371 4050 1426 4103 in
1466 4047 1837 4103 testimonium

240 4142 508 4197 omnibus
559 4140 851 4211 gentibus,
908 4148 963 4195 et
1017 4147 1146 4194 tunc.
1197 4139 1380 4194 veniet
1438 4138 1840 4194 consummatio

244 4231 469 4303 (Matth.
501 4234 679 4302 xx").
715 4251 734 4284 ι
772 4231 838 4285 Ει
858 4231 1020 4301 paulo
1049 4240 1209 4300 post:
1246 4248 1265 4281 ι
1296 4229 1449 4295 Erit,
1476 4228 1683 4299 inquit,
1712 4237 1842 4283 tunc

244 4321 533 4378 tribulatio
555 4336 786 4392 magna,
812 4321 988 4390 qualis
1026 4336 1137 4377 non
1179 4320 1283 4375 fuit
1319 4321 1389 4376 ab
1427 4320 1582 4375 initio
1620 4320 1838 4383 mundi,
1870 4347 1920 4405 Ι)

243 4427 423 4482 usque
454 4410 643 4471 modo.
674 4427 775 4467 nec
799 4413 923 4478 ﬂet,
949 4411 1054 4467 nisi
1091 4411 1322 4467 breviati
1350 4409 1580 4467 fuissent
1617 4410 1733 4465 dies
1764 4409 1844 4466 illi

242 4501 468 4574 (υἱώ).
494 4518 514 4552 ι

345 4656 363 4687 ι
390 4635 706 4707 Statimque
747 4640 803 4692 in
838 4637 993 4695 Susis
1020 4636 1274 4708 pependit
1309 4636 1578 4701 edictum,
1617 4652 1743 4707 rege
1792 4643 1848 4690 et

250 4748 274 4783 ι
312 4728 491 4784 Aman
518 4730 827 4786 celebrante
854 4730 1176 4795 convivium,
1209 4740 1263 4784 et
1293 4730 1502 4785 cunctis
1527 4728 1730 4784 Judznis
1755 4728 1847 4798 qui

242 4838 267 4870 ι
315 4820 371 4874 ἱιι
401 4821 539 4875 urbe
559 4830 717 4875 erant
756 4820 1031 4877 ﬂentibus.
1070 4842 1088 4872 ι
1126 4820 1239 4876 Hoc
1276 4830 1392 4887 est,
1419 4823 1563 4891 quod
1603 4820 1851 4876 Salvator

237 4912 511 4984 praedixit
536 4911 818 4982 discipulis
839 4914 951 4968 suis
975 4914 1028 4967 in
1060 4913 1382 4984 Evangelio:
1414 4933 1432 4964 ‹
1456 4912 1650 4978 Amen,
1692 4928 1849 4968 amen

238 5004 382 5060 dico
428 5001 587 5059 vobis
632 5006 759 5074 quia
804 5004 1087 5076 plorabitis
1139 5013 1194 5059 ct
1231 5004 1429 5060 ﬂebitis
1462 5020 1589 5071 vos,
1621 5005 1851 5061 mundus

240 5103 445 5151 autem
489 5096 777 5167 gaudebit;
820 5113 917 5152 vos
962 5104 1141 5151 autem
1202 5096 1661 5151 contristabimini
1689 5136 1705 5161 ,
1757 5095 1852 5150 sed

238 5185 489 5243 tristitia
527 5195 706 5240 vestra
745 5195 988 5241 vertetur
1027 5188 1081 5241 in
1126 5188 1379 5256 gaudium
1425 5186 1607 5256 (Joan.
1653 5186 1789 5257 xvi).
1828 5206 1843 5238 ι

248 5277 421 5333 Unde
466 5276 599 5346 quid
643 5277 709 5332 dc
751 5277 1088 5334 Mardochzro
1133 5277 1416 5348 Scriptura
1458 5286 1855 5348 consequenter

246 5379 475 5439 narret,
508 5369 805 5426 videamus.

1918 1716 2168 1786 ingerere
2192 1719 2436 1788 cupiunt,
2469 1736 2593 1774 eum
2624 1721 2853 1791 jejuniis
2883 1731 2937 1777 et
2967 1723 3358 1796 elcemosynis,
3383 1740 3509 1782 cum

1916 1807 2116 1877 vigiliis
2135 1817 2190 1863 et
2213 1810 2568 1893 orationibus,
2591 1829 2713 1867 eum
2738 1814 2996 1886 lacrymis
3020 1825 3074 1872 et
3098 1820 3512 1889 compunctione

1917 1899 2098 1955 cordis
2124 1902 2192 1956 ad
2214 1911 2424 1958 secreta
2456 1904 2580 1958 coeli
2612 1906 2972 1963 necessitates
2996 1923 3125 1964 suas
3144 1949 3159 1975 ,
3194 1909 3248 1964 in
3276 1924 3508 1976 conspe-

1919 1998 2010 2046 ctu
2038 1991 2292 2048 videlicet
2322 1995 2539 2065 superni
2566 1993 2769 2064 judicis
2796 1996 3125 2068 profundere
3151 2001 3419 2071 gestiunt;
3451 2010 3513 2056 ut

1918 2094 2018 2149 per
2044 2080 2360 2152 dignitatem
2385 2092 2441 2139 et
2454 2098 2647 2154 preces
2662 2101 2805 2141 verae
2827 2087 3049 2159 reginae,
3074 2089 3178 2146 hoc
3202 2099 3285 2146 est
3310 2100 3512 2147 sancta:

1898 2170 2203 2240 Ecclesia,
2235 2189 2356 2244 quae
2376 2176 2576 2245 partim
2604 2177 2781 2232 adhuc
2815 2181 3196 2252 peregrinatur
3230 2183 3284 2237 in
3314 2184 3508 2249 terris,

1919 2261 2120 2333 partim
2150 2271 2334 2318 autem
2371 2264 2485 2334 jam
2517 2280 2640 2321 cum
2669 2267 2901 2323 Domino
2948 2279 3141 2341 regnat
3173 2271 3229 2325 in
3263 2272 3448 2338 etelis,
3477 2288 3510 2326 a

1923 2368 2052 2426 rege
2093 2354 2338 2409 omnium
2386 2357 2709 2413 saeculorum
2761 2359 3013 2414 exaudiri
3070 2369 3403 2416 mereantur.
3451 2360 3511 2416 Si

1923 2444 2047 2514 quis
2074 2452 2258 2500 autem
2285 2447 2563 2516 quaesierit
2591 2449 2864 2519 quomodo
2898 2451 3014 2522 regi
3043 2449 3348 2520 justissimo
3374 2468 3479 2508 con
3502 2482 3515 2492 -

1923 2533 2108 2590 veniat
2134 2532 2377 2606 inﬂigere
2396 2543 2665 2592 tormenta
2696 2538 3097 2605 innocentibus,
3116 2541 3253 2596 sciat
3277 2540 3383 2596 hoc
3402 2556 3511 2596 non

1924 2639 1993 2680 ex
2018 2625 2239 2681 malitia:
2264 2635 2430 2694 voto,
2471 2627 2567 2683 sed
2606 2644 2672 2683 ex
2717 2630 2914 2684 summi
2960 2630 3175 2686 consilii
3222 2630 3517 2700 procedere

1926 2725 2092 2784 nutu;
2126 2733 2252 2773 nam
2281 2720 2549 2791 sapientia
2581 2720 2781 2787 divina,
2813 2737 2933 2792 qua:
2956 2723 3124 2778 vincit
3146 2739 3362 2779 omnem
3398 2739 3514 2778 ma-

1926 2808 2097 2864 litiam
2132 2819 2187 2866 et
2217 2812 2434 2883 attingit
2458 2828 2488 2866 a
2527 2812 2634 2869 ﬁne
2670 2829 2843 2883 usque
2884 2816 2952 2870 ad
2990 2813 3156 2870 ﬁnem
3199 2814 3433 2882 fortiter,
3461 2824 3519 2871 et

1930 2900 2169 2970 disponit
2195 2903 2375 2957 omnia
2407 2903 2669 2970 suaviter,
2703 2905 2818 2975 ipsa
2856 2905 3037 2961 omnia
3083 2922 3204 2977 qua:
3231 2906 3344 2961 vult
3387 2906 3518 2962 facit

1934 2992 1990 3046 in
2018 2991 2155 3047 ctelo
2182 3001 2237 3048 et
2264 2992 2317 3047 in
2349 3003 2524 3061 terra,
2553 2993 2608 3048 in
2630 2995 2771 3049 mari
2809 3003 2864 3050 et
2904 2995 2959 3050 in
2996 2995 3249 3051 omnibus
3285 2996 3515 3068 abyssis.

1932 3082 2085 3139 Justo
2129 3086 2275 3139 enim
2308 3084 2516 3153 judicio
2560 3087 2745 3158 agitur
2773 3096 2835 3142 ut
2877 3085 3067 3143 ﬁdeles
3092 3085 3211 3156 ejus
3245 3086 3431 3143 famuli
3465 3087 3523 3143 in

1932 3189 2127 3229 manus
2150 3176 2561 3244 persecbtorum
2586 3176 2894 3241 tradantur,
2920 3176 3034 3232 sive
3068 3176 3136 3231 ad
3176 3185 3523 3246 peccatorum

1933 3267 2336 3337 expiationem,
2389 3267 2504 3323 sive
2557 3268 2625 3323 ad
2682 3284 2896 3323 morum
2940 3268 3376 3336 correctionem,
3426 3284 3524 3324 seu

1934 3361 2099 3417 etiam
2122 3360 2191 3415 ad
2214 3359 2531 3414 meritorum
2556 3366 2904 3430 augmentum
2934 3366 2989 3413 et
3018 3359 3365 3430 praimiorum
3386 3360 3527 3414 mul-

1936 3450 2346 3522 tiplicationem,
2393 3451 2545 3521 quia,
2593 3460 2652 3505 ut
2696 3450 2967 3521 Propheta
3008 3459 3261 3517 testatur,
3298 3470 3317 3502 ι
3344 3449 3526 3520 justus

1935 3555 2019 3600 est
2039 3544 2302 3599 Dominus
2334 3544 2387 3598 in
2409 3544 2662 3599 omnibus
2691 3543 2796 3598 viis
2830 3543 2963 3607 suis,
2991 3551 3046 3598 et
3074 3553 3296 3598 sanctus
3329 3543 3381 3596 in
3409 3557 3526 3597 om-

1936 3636 2098 3691 nibus
2137 3635 2395 3706 operibus
2420 3634 2564 3700 suis;
2604 3650 2773 3705 prope
2811 3642 2896 3688 est
2933 3632 3186 3688 omnibus
3224 3632 3527 3687 invocanti-

1937 3729 2041 3783 bus
2083 3742 2209 3783 eum
2254 3724 2429 3799 (Psal.
2481 3725 2686 3798 cxuv).
2733 3747 2750 3779 ι
2798 3726 2856 3780 In
2897 3726 3147 3789 veritate,
3188 3724 3528 3780 voluntatem

1939 3820 2243 3875 timentium
2277 3832 2335 3873 se
2370 3817 2551 3882 faciet,
2578 3825 2633 3872 et
2652 3816 2928 3871 orationes
2957 3830 3145 3870 eorum
3171 3814 3445 3881 exaudiet,
3471 3823 3529 3871 et

1940 3912 2118 3969 salvos
2150 3910 2314 3967 faciet
2342 3925 2455 3965 eos.
2485 3909 2600 3965 Non
2639 3910 2783 3964 enim
2815 3917 3030 3978 petente
3071 3906 3272 3963 Satana
3307 3909 3530 3964 tradidit

1941 4005 2205 4060 Dominus
2229 4001 2331 4058 Job
2362 4002 2418 4057 in
2448 4017 2648 4057 manus
2688 4001 2806 4072 ejus
2835 4010 2894 4055 ut
2920 4000 3157 4072 periret,
3205 4001 3299 4056 sed
3342 4008 3404 4056 ut
3430 4017 3529 4072 per

1942 4096 2059 4167 ejus
2079 4094 2407 4164 adiutorium
2434 4093 2650 4148 hostem
2676 4092 3067 4162 nequissimum
3101 4092 3343 4148 vinceret
3363 4099 3419 4148 et
3451 4092 3528 4147 ita

1942 4189 2186 4245 victoria:
2221 4187 2326 4243 sibi
2364 4186 2599 4257 palmam
2640 4185 2976 4254 acquireret,
3013 4184 3264 4257 hostique
3305 4183 3532 4240 malitia:

1946 4294 2057 4334 suae
2089 4276 2293 4347 justam
2337 4290 2557 4346 ptenam
2589 4274 2939 4343 relinqueret.
2980 4272 3148 4327 Datus
3173 4281 3257 4327 est
3285 4271 3530 4343 apostolo

1945 4368 2112 4423 Paulo
2141 4367 2392 4423 stimulus
2421 4365 2604 4421 carnis
2642 4379 2773 4428 suae,
2806 4362 3029 4434 angelus
3056 4362 3262 4419 scilicet
3287 4362 3529 4427 Satanae,

1945 4468 2007 4515 ut
2033 4473 2157 4514 eum
2190 4456 2576 4529 colaphizaret,
2611 4463 2883 4526 quatenus
2910 4455 3083 4510 virtus
3124 4456 3177 4509 in
3214 4453 3533 4509 inﬁrmitate

1946 4548 2326 4622 perﬁceretur.
2359 4547 2470 4603 Nec
2497 4547 2628 4601 illud
2652 4544 2816 4602 etiam
2850 4542 3066 4601 silentio
3098 4541 3535 4616 przetereundum

1947 4650 2032 4698 est
2072 4641 2217 4711 quod
2261 4640 2460 4695 dicitur
2503 4638 2871 4693 Mardochaaus
2909 4653 3069 4693 sacco
3099 4636 3321 4693 indutus
3355 4637 3534 4691 aulam

1949 4734 2096 4806 regis
2125 4732 2329 4786 intrare
2361 4745 2466 4785 non
2495 4743 2680 4799 posse,
2707 4728 2803 4783 sed
2830 4727 2899 4782 ad
2945 4725 3090 4783 fores
3130 4742 3303 4796 usque
3351 4725 3539 4797 palatii

1953 4824 2301 4897 pervenisse,
2326 4821 2455 4891 quia
2484 4819 2663 4873 nullus
2706 4833 2829 4873 cum
2870 4818 3217 4887 corruptione
3255 4817 3540 4887 praesentis

1955 4917 2078 4970 vitae
2108 4921 2287 4984 potest
2320 4912 2530 4966 intrare
2575 4907 2751 4964 aulam
2791 4906 3030 4963 caelestis
3070 4908 3292 4978 patria),
3321 4908 3414 4963 sed
3453 4907 3544 4962 hic.

1954 5005 2227 5061 interdum
2255 5011 2379 5057 ante
2403 5001 2585 5057 obitus
2609 4998 2785 5053 ultimi
2815 5000 2958 5054 diem
2997 5000 3156 5053 debet
3186 5001 3416 5068 quisque
3447 5014 3544 5069 per

1955 5095 2365 5166 castigationem
2397 5092 2644 5161 corporis
2667 5099 2721 5145 et
2747 5090 3221 5161 compnnctionem
3246 5091 3429 5145 cordis
3459 5104 3540 5143 re-

1963 5189 2052 5260 gni
2079 5188 2295 5257 pulsare
2327 5186 2631 5248 introitum,
2664 5192 2718 5238 et
2750 5184 2827 5238 sic
2855 5191 2975 5252 post
3000 5183 3202 5237 exitum
3230 5182 3422 5237 mortis
3453 5181 3542 5233 lae-

1965 5279 2235 5334 tabundus
2258 5277 2469 5332 Domini
2499 5276 2706 5331 intrare
2740 5274 3075 5345 paradisum.

2043 5390 2060 5421 ‹
2102 5370 2295 5423 Esther
2338 5384 2467 5438 ergo
2508 5368 2625 5423 haec
2668 5366 3006 5421 Mardocbaco
3038 5366 3198 5419 verba
3229 5363 3542 5417 mandavit:

1974 5487 1991 5516 ι
2040 5465 2185 5519 Vade
2211 5472 2263 5518 et
2290 5480 2556 5535 congrege
2587 5477 2774 5516 omnes
2798 5461 3011 5516 Judaeos
3041 5474 3175 5528 quos
3206 5459 3256 5510 in
3284 5455 3438 5511 Susis
3465 5472 3539 5508 re-

1977 5578 1995 5609 ‹
2035 5558 2261 5629 pereris,
2299 5566 2353 5611 et
2376 5565 2528 5611 orate
2563 5570 2661 5625 pro
2702 5570 2807 5609 me.
2854 5551 2969 5605 Non
3013 5547 3327 5613 mmedatis,
3352 5554 3407 5602 et
3441 5562 3548 5602 non
