3960 6178
384 183 515 236 '633

1092 174 1149 227 Β.
1194 170 1441 227 BADAM
1481 168 1696 222 MALRI
1735 165 2053 220 ARCiliEi’.
2097 162 2403 220 MOGUNT.
2441 161 2724 218 OPERUM
2760 162 2940 217 PARS
2976 162 2997 217 Ι

3568 164 3670 224 656

414 320 434 351 ι
475 297 671 353 bibatis
718 298 889 349 tribus
929 291 1117 345 diebus
1154 295 1208 343 ct
1242 286 1418 363 tribus
1461 283 1729 339 noctibus.
1776 281 1844 334 Et
1884 294 1983 349 ego
2013 280 2059 338 A
2088 280 2189 334 hoc
2217 287 2301 333 est
2337 278 2483 333 omni
2523 277 2807 332 devotione
2860 284 3170 332 veneratur.
3210 277 3373 349 Cujus
3414 281 3662 352 ρειίιίυιιι

414 412 433 440 ι
474 404 596 444 cum
642 382 1012 440 ancillis-meis
1056 378 1304 434 similiter
1336 374 1610 445 jejunabo,
1638 381 1694 427 et
1732 381 1859 428 tunc
1900 372 1981 424 in-

416 498 438 529 e
478 478 693 549 grediar
713 476 778 529 ad
808 487 1006 543 regem,
1025 476 1209 524 contra
1235 467 1405 537 legem
1433 465 1656 530 faciens,
1678 465 1975 519 invocata.)

412 572 543 625 Orat
597 566 961 621 Mardochzcus
990 577 1113 617 cum
1150 559 1350 615 Judmis
1397 572 1494 627 pro
1534 557 1729 623 Esther
1774 555 1981 625 regina,

412 661 657 717 similiter
689 666 744 711 et
790 657 901 725 ipsa
949 653 1130 721 regina
1158 658 1278 707 orat
1323 665 1422 720 pro
1451 647 1786 702 Mardorhreo
1816 653 1869 699 et
1892 643 1983 698 Ju-

413 753 558 815 «lzeis,
587 751 709 819 quia
737 748 995 818 magister
1031 758 1129 815 pro
1177 742 1474 811 discipulis,
1500 748 1557 794 et
1591 737 1839 808 discipuli
1887 751 1985 806 pro

414 838 683 909 magistris
730 837 796 890 ad
844 834 1126 888 Dominum
1162 843 1350 900 preces
1391 827 1614 883 fundere
1664 826 1880 889 debent,
1925 833 1988 879 ut

411 930 694 984 universus
714 926 870 981 simul
892 934 1064 980 emtus
1088 922 1342 986 fidelium,
1358 921 1461 975 hoc
1484 928 1586 985 est,
1605 918 1842 973 membra
1864 932 1987 973 cum

416 1030 526 1076 toto
570 1034 792 1089 corpore
838 1017 1036 1087 pietate
1085 1028 1315 1083 superna
1374 1011 1537 1065 illmsa
1594 1008 1987 1064 custodiantur.

419 1112 567 1168 Unde
608 1118 692 1166 est
733 1108 861 1164 illud
904 1106 1044 1176 quod
1085 1104 1281 1159 Paulus
1317 1103 1384 1157 ad
1421 1102 1693 1157 Romanos
1721 1100 1990 1164 scribens,

414 1209 531 1262 sine
583 1202 987 1261 intermissione
1041 1197 1357 1252 memoriam
1423 1207 1612 1250 eorum
1666 1205 1879 1261 semper
1933 1204 1991 1244 se

415 1299 594 1353 facere
642 1302 830 1350 narrat
867 1293 921 1347 in
964 1288 1299 1346 orationibus
1340 1286 1483 1350 suis;
1516 1293 1570 1340 et
1598 1284 1713 1355 ipse
1740 1281 1992 1337 similiter

416 1389 632 1444 eosdem
652 1386 924 1439 Romanos
943 1380 1188 1436 obsecrat
1209 1393 1306 1447 per
1328 1375 1611 1431 Dominum
1636 1371 1818 1428 Jesum
1838 1371 1994 1427 Chri-

416 1487 578 1542 stum,
603 1485 657 1531 et
683 1490 782 1545 per
810 1471 1131 1528 charitatem
1164 1469 1400 1539 Spiritus
1429 1465 1626 1530 sancti,
1651 1473 1712 1518 ut
1740 1462 1993 1534 atljuvent

415 1585 539 1623 eum
586 1568 638 1621 in
684 1564 1020 1621 orationibus
1044 1603 1057 1627 ,
1086 1570 1139 1617 et
1182 1566 1339 1615 orent
1367 1574 1466 1629 pro
1492 1572 1559 1612 eo
1587 1555 1655 1609 ad
1682 1554 1992 1617 Dominum,

2082 380 2137 426 et
2182 371 2297 443 ipse
2338 385 2434 425 rex
2459 370 2687 441 spondet
2715 384 2774 425 se
2821 385 3192 438 assensurum,
3224 373 3364 428 sicut
3392 374 3448 428 in
3482 376 3667 433 Evan-

2083 460 2221 534 gelio
2248 460 2360 515 ait:
2389 479 2407 513 ι
2440 460 2617 516 Potite
2645 468 2699 516 et
2725 461 2945 516 dabitur
2993 463 3176 527 vobis;
3223 466 3453 534 quaerite
3491 474 3547 523 et
3583 468 3670 525 in-

2085 553 2342 617 venietis;
2389 552 2597 622 pulsate
2637 560 2693 606 et
2740 554 3015 622 aperietur
3060 556 3214 611 vobis
3242 555 3462 629 (Matth.
3488 560 3610 631 vn).
3642 581 3664 615 ι

2087 641 2150 695 Et
2199 642 2328 695 item
2358 660 2370 694 :
2401 660 2418 691 ι
2445 641 2635 703 Petite,
2680 641 2876 711 inquit,
2900 651 2954 698 et
2993 644 3289 714 accipietis,
3315 655 3377 701 ut
3413 649 3670 716 gaudium

2089 739 2327 785 vestrum
2355 731 2427 785 sit
2452 731 2689 801 plenum.
2723 752 2741 785 ι
2765 732 3029 789 Gaudium
3051 736 3196 791 enim
3221 737 3435 807 plenum
3465 748 3672 796 sanctae

2088 824 2341 878 Ecclesiae
2367 839 2474 877 non
2499 824 2625 879 alibi
2651 826 2905 881 tribuitur
2927 827 3033 883 nisi
3062 829 3117 883 in
3140 831 3488 900 perceptione
3518 832 3671 901 regni

2089 914 2344 978 cmlestis,
2370 914 2459 968 ubi
2489 929 2610 968 cum
2642 913 2858 970 Christo
2884 930 3011 985 rege
3053 914 3181 972 felix
3207 918 3390 989 regina
3420 920 3674 989 regnabit

2090 1005 2142 1058 in
2190 1011 2468 1060 :etcrnum.
2509 1003 2579 1059 At
2606 1005 2697 1060 illa
2737 1006 2863 1061 data
2909 1006 3014 1063 sibi
3063 1006 3326 1064 electione
3370 1010 3668 1079 petitionis.

2090 1098 2281 1152 invitat
2305 1113 2428 1153 eum
2454 1098 2520 1152 ad
2546 1098 2849 1154 convivium
2875 1115 3029 1154 suum
3059 1102 3201 1170 quod
3223 1101 3273 1155 ei
3300 1102 3545 1171 paravit;
3579 1102 3674 1156 sed

2091 1188 2196 1241 hoc
2225 1202 2333 1240 non
2363 1186 2504 1243 aliud
2528 1188 2719 1242 melius
2749 1187 3065 1259 intelligitur
3085 1205 3246 1260 quam
3271 1190 3427 1259 plena
3455 1204 3523 1244 ae
3551 1204 3677 1260 per-

2092 1276 2231 1332 tecta
2260 1277 2382 1333 ﬁdei
2426 1294 2537 1334 sua:
2564 1279 2797 1345 devotio,
2827 1280 2894 1335 de
2921 1295 3029 1350 qua
3055 1281 3296 1349 pascitur
3330 1282 3562 1336 interius
3595 1282 3676 1335 iu-

2093 1380 2309 1440 spector
2355 1380 2410 1427 et
2460 1372 2661 1427 arbiter
2706 1374 2948 1429 omnium
2998 1376 3336 1431 saeculorum.
3402 1378 3485 1430 Ad
3534 1378 3677 1432 hanc

2094 1463 2291 1533 quippe
2335 1462 2708 1529 refectionem,
2736 1465 2840 1520 hoc
2877 1473 2963 1520 est
3002 1481 3147 1521 same
3182 1466 3304 1522 fidei
3343 1468 3680 1522 communio-

2096 1568 2240 1618 nem,
2265 1553 2456 1607 invitat
2495 1553 2735 1608 Ecclesia
2777 1569 2883 1609 non
2913 1554 3085 1610 solum
3122 1558 3343 1619 amicos,
3373 1557 3483 1611 imo
3508 1556 3677 1611 etiam

417 1674 475 1718 ut
499 1662 760 1716 liberetur
802 1659 871 1713 ab
898 1655 1203 1712 infidelibus
1229 1653 1317 1723 qui
1347 1660 1472 1707 sunt
1499 1651 1553 1704 in
1584 1648 1788 1712 Judaaa,
1812 1654 1867 1701 et
1892 1645 1991 1699 mi-
2024 1644 2070 1702 B
2098 1644 2343 1699 inimicos
2367 1653 2529 1714 atque
2558 1652 2933 1713 persecutores
2963 1660 3108 1705 suos,
3136 1660 3375 1715 paganos
3403 1645 3680 1707 videlicet,

416 1751 700 1806 nisterium
729 1763 907 1812 suum,
938 1746 1080 1816 quod
1125 1741 1519 1812 Jcrosolymam
1560 1736 1821 1800 defertur,
1847 1749 2001 1789 acce-
2095 1735 2307 1792 Judmos
2331 1744 2387 1791 et
2419 1736 2721 1800 haereticos,
2752 1743 2830 1800 ut,
2865 1735 3054 1791 relicto
3082 1737 3245 1792 totius
3270 1738 3475 1792 erroris
3496 1736 3678 1797 devio,

420 1841 620 1913 ptabile
651 1839 744 1893 fiat
774 1837 996 1892 sanctis.
1044 1834 1185 1889 Hine
1213 1840 1268 1887 ct
1299 1833 1352 1885 in
1383 1828 1607 1884 Actibus
1631 1824 1997 1896 apostolorum
2097 1828 2151 1881 in
2200 1842 2305 1881 una
2354 1827 2513 1882 domo
2557 1825 2836 1881 catholicae
2883 1825 3238 1882 confessionis
3287 1826 3356 1881 de
3404 1826 3681 1881 communi

419 1934 679 2000 scriptum
731 1938 815 1984 est
859 1926 1004 1998 quod
1056 1924 1213 1979 Petro
1259 1923 1312 1977 in
1354 1932 1575 1975 carcere
1611 1916 1806 1988 posito,
1845 1915 2000 1969 ﬂeret

418 2024 593 2078 oratio
635 2023 752 2076 sine
795 2017 1193 2073 intermissione
1228 2012 1296 2067 ab
1322 2008 1563 2066 Ecclesia
1603 2008 1669 2062 ad
1709 2004 1999 2060 Dominum

420 2128 519 2183 pro
543 2126 627 2167 co.
681 2111 745 2164 Et
784 2109 899 2178 ipse
924 2103 1041 2177 pari
1071 2103 1229 2158 modo
1261 2102 1314 2155 in
1344 2096 1584 2168 Epistula
1613 2111 1710 2150 sua
1738 2092 1999 2165 postulat,

420 2212 481 2257 ut
530 2201 701 2273 gratia
747 2199 840 2253 Dei
874 2204 929 2251 et
973 2210 1079 2265 pax
1132 2194 1186 2247 in
1236 2190 1474 2248 Ecclesia
1525 2185 1909 2256 multiplicetur
1947 2189 2003 2236 et

422 2294 780 2364 adimpleatur
820 2292 873 2345 in
900 2287 1207 2361 cognitione
1247 2281 1459 2339 Domini
1490 2278 1660 2335 nostri
1688 2275 1816 2333 Jesu
1842 2274 2003 2330 Chri-

407 2386 514 2447 sti.
1201 2422 1205 2425 τ

1022 2496 1247 2555 CAPUT
1288 2495 1418 2550 Vlll.

428 2645 618 2700 Esther
663 2639 730 2693 ad
774 2652 941 2708 regem
983 2636 1217 2708 ingressa
1242 2631 1413 2708 ipsum
1442 2635 1487 2680 et
1516 2623 1685 2677 Aman
1724 2637 1789 2675 aa
1824 2617 2002 2672 convi-

994 2699 1131 2758 vium
1179 2699 1432 2755 invitavit.

504 2866 522 2900 ‹
556 2845 650 2899 Die
696 2847 875 2896 autem
927 2836 1087 2893 tertio
1130 2833 1315 2889 induta
1362 2838 1446 2885 est
1491 2826 1687 2882 Esther
1737 2822 2006 2895 regalibus

2097 1914 2240 1969 bOno
2270 1913 2517 1970 hetentur
2537 1932 2548 1968 :

2175 2022 2193 2055 ι
2231 2002 2533 2073 Statimque
2560 2019 2653 2058 rex
2675 2026 2687 2058 ;
2708 2004 2929 2069 Vocate,
2964 2003 3153 2073 inquit,
3180 2003 3372 2069 Aman,
3396 2009 3455 2057 ut
3483 2003 3687 2058 Esther

2106 2112 2124 2146 σ
2169 2094 2383 2150 obediat
2429 2093 2713 2148 voluntati.
2758 2092 3036 2149 Venerunt
3069 2093 3254 2163 itaque
3288 2107 3383 2148 rex
3412 2100 3466 2147 et
3506 2093 3687 2146 Aman

2104 2208 2123 2239 ‹
2168 2186 2236 2242 ad
2264 2184 2567 2241 convivium
2608 2186 2751 2255 quod
2795 2184 2875 2240 eis
2922 2184 3105 2256 regina
3150 2191 3458 2254 paraverat.
3494 2201 3514 2234 ι
3544 2183 3685 2237 Nota

2099 2277 2240 2348 quod
2271 2276 2600 2332 concordant
2620 2273 2865 2331 voluntas
2888 2274 3162 2330 invitantis
3190 2274 3409 2346 reginae,
3433 2282 3490 2328 et
3502 2272 3687 2342 jussio

2096 2367 2336 2436 iubentis
2365 2366 2542 2438 regis;
2571 2366 2665 2423 sed
2692 2383 2773 2422 va:
2796 2367 2873 2427 illi
2903 2366 2995 2438 qui
3035 2365 3305 2439 malignus
3331 2366 3398 2420 ad
3437 2380 3683 2420 mensam

2102 2457 2318 2513 Domini
2363 2457 2605 2520 accedit,
2636 2456 2730 2526 qui
2755 2456 3051 2526 praecordia
3081 2454 3206 2510 odio
3231 2452 3437 2525 polluta
3478 2452 3686 2508 habens

2101 2558 2157 2604 et
2183 2548 2512 2604 immundam
2546 2547 2932 2603 conscientiam
2976 2562 3085 2602 non
3134 2554 3385 2603 vereatur
3407 2546 3475 2601 ad
3501 2550 3688 2602 convio

2105 2641 2248 2696 vium
2278 2640 2492 2696 Domini
2522 2638 2770 2711 indignus
2799 2640 3032 2706 intrare;
3068 2639 3161 2711 qui
3207 2639 3335 2696 licet
3375 2639 3576 2709 smpius
3606 2638 3689 2692 in-

2105 2733 2305 2787 vitatus
2349 2731 2590 2798 venerit,
2634 2732 2747 2786 suis
2788 2731 2997 2787 meritis
3047 2739 3229 2788 tamen
3269 2730 3590 2803 cogentibus
3631 2730 3690 2785 in

2105 2820 2287 2875 laetitia
2309 2819 2705 2875 convivantium
2727 2834 2833 2875 non
2855 2820 3230 2890 permanebit;
3260 2822 3354 2875 sed
3374 2836 3497 2875 cum
3520 2820 3693 2875 intra-

431 2960 450 2991 ‹
495 2932 853 2997 vestimentis,
880 2937 936 2985 et
973 2928 1124 2984 stetit
1165 2926 1220 2980 in
1249 2923 1390 2978 atrio
1417 2922 1609 2977 domus
1648 2917 1830 2988 regite,
1863 2914 2005 2985 quod
2043 2990 2077 2997 _
2106 2910 2247 2965 verit
2287 2926 2404 2976 rex,
2427 2918 2488 2964 ut
2514 2910 2719 2965 videret
2752 2925 2875 2965 eum
2912 2910 2983 2965 ibi
3023 2911 3427 2966 recumbentem
3457 2925 3565 2965 non
3593 2925 3690 2964 ve-

432 3050 451 3082 ‹
492 3037 609 3085 erat
638 3026 866 3081 interius
895 3029 1084 3077 contra
1129 3017 1407 3074 basilicam
1443 3013 1587 3084 regis
1612 3029 1624 3064 :
1651 3019 1704 3064 at
1735 3008 1823 3064 ille
1855 3007 2009 3062 scde-
2034 2990 2079 3052 C
2111 3001 2296 3057 stitum
2316 3013 2466 3058 veste
2491 3001 3113 3073 nuptiali,exprobratei
3128 3017 3282 3057 suam
3305 3000 3693 3068 temeritatem,

433 3143 452 3174 ι
494 3123 583 3177 bat
632 3133 791 3190 super
850 3114 1045 3169 solium
1098 3110 1154 3165 in
1210 3106 1532 3165 consistorio
1581 3101 1768 3173 palatii
1818 3106 2007 3154 contra

432 3237 453 3267 ‹
495 3213 694 3269 ostium
739 3210 950 3263 domus.
1004 3204 1247 3272 Cumque
1287 3198 1513 3253 vidisset
1536 3194 1734 3249 Esther
1769 3191 2009 3261 reginam

434 3324 455 3357 ‹
500 3311 755 3365 stantem,
801 3297 1000 3368 placuit
1045 3292 1215 3348 oculis
1264 3287 1400 3357 ejus,
1446 3295 1499 3342 et
1540 3283 1777 3340 ostendit
1821 3292 2010 3335 contra

436 3415 455 3447 ι
495 3406 614 3447 eam
637 3390 845 3459 virgam
874 3399 1092 3440 auream
1117 3396 1277 3453 quam
1307 3378 1521 3434 tenebat
1543 3389 1724 3429 manu.
1765 3372 1895 3439 Quae
1922 3386 2013 3425 ac-

438 3503 456 3535 ι
502 3483 699 3540 cedens
726 3477 969 3534 osculata
999 3482 1085 3529 est
1111 3469 1476 3527 summitatem
1500 3465 1665 3534 virgae
1688 3460 1827 3531 ejus,
1851 3460 2011 3516 dixit-

438 3598 457 3631 ι
500 3591 605 3647 que
649 3573 718 3627 ad
758 3585 881 3627 eam
925 3583 1020 3623 rex
1047 3586 1062 3621 :
1089 3563 1227 3632 Quid
1263 3562 1379 3621 vis,
1423 3557 1622 3613 Esther
1658 3554 1863 3623 regina,
1891 3566 2010 3622 qua:

438 3687 457 3718 ‹
504 3637 588 3721 est
629 3661 816 3734 petitio
859 3657 986 3714 tua?
1028 3651 1238 3711 etiamsi
1282 3647 1560 3705 dimidiam
1607 3652 1815 3714 partem
1858 3637 2010 3707 regni

440 3776 457 3808 ι
502 3729 741 3827 petieris,
772 3749 985 3804 dabitur
1024 3744 1141 3799 tibi.
1186 3740 1257 3795 At
1301 3738 1387 3793 illa
1436 3729 2014 3805 respondit:0bsecro

441 3866 460 3898 ι
502 3820 562 3900 ut
590 3842 775 3898 venias
801 3838 867 3893 ad
899 3853 984 3893 me
1011 3835 1190 3898 hodie,
1227 3842 1279 3887 et
1307 3830 1478 3884 Aman
1512 3837 1710 3888 tecum,
1742 3822 1808 3877 ad
1832 3820 2015 3876 convi-

442 3957 460 3990 1
509 3938 673 3991 vium.
706 3955 723 3987 ι
757 3931 894 4000 Quid
920 3915 1003 3984 est
1031 3925 1174 3998 quod
1199 3923 1284 3980 die
1307 3920 1467 3976 tertia
1496 3919 1681 3973 induta
1707 3922 1791 3970 est
1818 3912 2014 3967 Esther

439 4026 704 4097 regalibus
747 4017 1115 4081 vestimentis,
1144 4013 1250 4068 nisi
1290 4010 1433 4080 quod
1486 4006 1726 4062 Ecclesia
1774 4000 2013 4074 gentium

354 4110 361 4117 λ
438 4095 597 4173 tertio
641 4123 880 4183 tempore
927 4108 1128 4173 saeculi,
1158 4107 1259 4160 hoc
1289 4113 1373 4158 est
1397 4107 1518 4172 post
1561 4095 2013 4158 incarnationem,

439 4208 742 4279 passionem
783 4212 838 4259 et
862 4199 1311 4257 resurrectionem
1340 4192 1562 4257 Christi,
1595 4191 1649 4244 in
1675 4195 2014 4246 sacramenta

439 4277 777 4368 baptismatis
802 4308 900 4363 per
922 4298 1119 4347 sanctae
1138 4285 1419 4342 Trinitatis
1444 4281 1860 4343 confessionem,
1885 4277 2008 4340 fide,

440 4367 533 4461 spe
556 4397 611 4445 et
637 4387 923 4450 charitate,
949 4380 1297 4449 omniumque
1330 4376 1590 4430 virtutum
1624 4386 1682 4426 se
1709 4369 1882 4424 induit
1922 4367 2014 4421 de-

441 4456 586 4545 core,
619 4486 678 4532 ut
704 4477 828 4532 inde
856 4472 1023 4545 regali
1049 4469 1324 4527 consortio
1355 4466 1515 4535 digna
1539 4463 1711 4526 ﬁeret,
1745 4475 1869 4516 cum
1900 4456 2017 4528 ejus

332 4612 343 4619 μ
443 4585 626 4627 amore
672 4569 941 4639 prtecipuo
988 4565 1319 4618 incessanter
1349 4559 1603 4613 ferveret.
1653 4553 1782 4621 Quae
1811 4557 1918 4606 stat
1962 4549 2015 4604 in

441 4665 582 4720 atrio
611 4662 801 4716 domus
846 4656 1008 4726 regite
1033 4652 1173 4721 quod
1201 4658 1318 4704 erat
1362 4647 1586 4702 interius
1624 4650 1808 4698 contra
1835 4639 2019 4695 basili-

442 4772 564 4814 cam
596 4753 756 4824 regis,
785 4750 889 4804 hoc
918 4753 1003 4803 est
1029 4745 1083 4799 in
1109 4740 1390 4813 praesentis
1434 4738 1559 4792 vitze
1587 4736 1675 4805 pia
1708 4734 2019 4805 Operatione

443 4862 564 4918 quae
612 4849 820 4915 spectat
860 4840 927 4894 ad
972 4836 1206 4891 futuram
1234 4834 1289 4888 in
1317 4830 1469 4887 cmlis
1514 4824 2016 4887 remunerationem,

446 4940 536 4993 ubi
587 4939 701 5007 ipse
728 4950 824 4988 rex
854 4947 1036 5003 regum
1070 4929 1203 4984 solio
1233 4924 1474 4983 consedit
1519 4934 1772 4991 superno,
1801 4925 1857 4972 et
1893 4931 2019 4985 pre-

446 5006 727 5094 cibusipie
775 5022 840 5076 ad
883 5037 940 5076 se
975 5017 1323 5074 clamantium
1370 5012 1574 5068 annuit.
1633 5010 1733 5076 Qui
1779 5006 2022 5063 extendit

450 5124 636 5171 contra
664 5114 804 5166 hanc
827 5112 1061 5180 reginam
1093 5106 1296 5175 virgam
1326 5118 1486 5171 quam
1516 5108 1663 5155 tenet
1690 5112 1872 5159 manu,
1900 5110 2020 5150 cum

449 5200 684 5260 ostendit
710 5200 782 5254 illi
813 5197 1086 5268 regiminis
1111 5194 1191 5249 sui
1215 5192 1529 5263 potentiam,
1558 5187 1641 5241 vel
1662 5200 1873 5240 crucem
1903 5199 2020 5253 pas-

450 5294 619 5351 sionis
666 5306 797 5355 suae,
827 5305 922 5360 per
968 5302 1126 5358 quam
1166 5285 1268 5339 sibi
1310 5280 1591 5351 acquisivit
1623 5284 1937 5347 potestatem
1967 5274 2021 5328 in

453 5386 680 5449 cmlo,et
701 5382 753 5436 in
780 5387 1013 5441 terra,et
1030 5377 1218 5433 subtus
1241 5382 1471 5436 terram;
1504 5372 1576 5423 ita
1600 5377 1659 5422 ut
1677 5386 1694 5417 ι
1725 5367 1776 5421 in
1806 5367 2021 5421 nomine

452 5482 568 5549 ejus
604 5491 764 5531 omne
803 5489 939 5545 genu
969 5471 1214 5526 ﬂectatur
1254 5465 1573 5529 caelestium,
1608 5461 1941 5518 terrestrium
1971 5469 2025 5515 et

456 5569 809 5628 infernarum.
834 5585 853 5618 ›
878 5562 1025 5619 Hanc
1042 5561 1256 5633 quidem
1279 5560 1391 5629 ipsa
1412 5554 1713 5610 amabiliter
1726 5551 2019 5616 osculatur,

2112 3104 2167 3151 et
2197 3094 2373 3165 ligatis
2406 3093 2654 3148 manibus
2677 3101 2732 3148 et
2762 3093 2985 3162 pedibus
3023 3091 3177 3161 jubet
3218 3090 3408 3162 projici
3447 3091 3500 3145 in
3537 3099 3695 3146 tene-

2110 3188 2238 3242 bras
2266 3187 2580 3249 exteriores,
2600 3185 2689 3239 ubi
2717 3185 2823 3240 doli
2847 3185 3125 3249 damnum,
3147 3185 3288 3253 quod
3311 3183 3697 3239 innocentibus

2110 3277 2361 3347 nequiter
2381 3277 2627 3345 parabat,
2648 3277 2796 3347 juste
2818 3277 3083 3331 sustinere
3105 3284 3351 3346 cogetur,
3368 3273 3525 3343 juxta
3556 3273 3693 3328 illud

2113 3365 2420 3421 Salomonis
2445 3383 2459 3420 :
2489 3382 2507 3416 ι
2536 3364 2594 3419 In
2617 3366 2825 3421 insidiis
2843 3365 2957 3420 suis
2979 3365 3261 3434 capientur
3280 3362 3470 3432 iniqui.
3495 3381 3513 3413 ι
3537 3361 3701 3416 Post-

2114 3472 2275 3526 quam
2299 3457 2462 3528 igitur
2484 3471 2579 3510 rex
2608 3457 2843 3512 secundo
2870 3455 3020 3529 dedit
3043 3455 3240 3510 Esther
3266 3453 3549 3524 petitionis
3580 3468 3700 3509 sua.»

2112 3548 2404 3617 optionem,
2426 3547 2512 3601 illa
2541 3547 2818 3615 respondit
2843 3546 3027 3602 dicens
3052 3562 3068 3602 :

2188 3656 2207 3689 ι
2248 3637 2306 3692 Si
2335 3636 2517 3691 inveni
2538 3636 2767 3708 gratiam
2799 3636 2851 3690 in
2894 3644 3184 3705 conspectu
3234 3635 3392 3707 regis,
3423 3642 3479 3688 et
3505 3634 3553 3688 si
3582 3633 3702 3703 regi

2119 3750 2138 3781 ‹
2171 3729 2349 3801 placet
2372 3736 2431 3782 ut
2454 3729 2546 3784 det
2570 3728 2701 3783 mihi
2730 3728 2874 3799 quod
2917 3728 3151 3799 postulo,
3178 3735 3233 3782 et
3252 3742 3429 3781 meam
3474 3725 3703 3796 impleat

2120 3840 2137 3874 ι
2170 3820 2511 3891 petitionem,
2534 3820 2718 3874 veniat
2743 3833 2832 3874 rex
2856 3826 2909 3873 et
2932 3820 3103 3873 Aman
3128 3819 3194 3873 ad
3218 3818 3525 3873 convivium
3552 3817 3704 3887 quod

2121 3931 2140 3964 ς
2170 3913 2356 3982 paravi
2378 3912 2550 3979 eis,et
2568 3925 2692 3967 cras
2712 3911 2824 3982 regi
2844 3911 3080 3980 aperiam
3102 3910 3430 3966 voluntatem
3449 3925 3655 3963 meam.
3676 3926 3701 3960 ν

2115 4004 2241 4060 Haec
2263 4004 2449 4060 dilatio
2474 4002 2691 4074 petendi
2718 4018 2822 4058 non
2847 4010 2930 4057 est
2951 4001 3194 4072 segnitite
3212 4000 3365 4062 vitio,
3390 4001 3482 4054 sed
3506 3999 3701 4053 virtuti

2116 4096 2387 4165 patientiae
2409 4093 2748 4163 deputanda;
2803 4093 2907 4147 hoc
2932 4091 3186 4145 nimirum
3211 4089 3528 4161 signiﬁcans
3553 4086 3707 4158 quod

2108 4186 2272 4257 justis
2309 4187 2609 4257 praemium,
2636 4193 2690 4240 et
2716 4183 3094 4255 peccatoribus
3131 4195 3290 4252 poena
3320 4179 3493 4251 magis
3529 4180 3588 4234 in
3621 4178 3708 4235 lu-

2118 4287 2241 4333 turo
2267 4284 2351 4332 est
2379 4275 2679 4331 tribuenda.
2725 4273 2859 4329 Cras
2887 4274 3031 4328 enim
3083 4272 3172 4327 hie
3207 4287 3307 4342 pro
3340 4269 3523 4326 futuro
3563 4279 3708 4326 tem-

2040 4337 2091 4397 D
2120 4383 2250 4439 pore
2285 4367 2621 4436 intelligitur,
2643 4375 2704 4421 ut
2724 4375 2808 4422 est
2850 4365 2981 4420 illud
3019 4337 3384 4434 evangelicum
3412 4381 3427 4417 :
3466 4380 3486 4413 σ
3517 4361 3711 4418 Nolito

2119 4458 2332 4515 solliciti
2360 4472 2483 4514 esse
2531 4458 2601 4512 de
2635 4457 2894 4511 crastino.
2933 4473 2951 4507 ι
2996 4454 3066 4509 Et
3099 4453 3153 4508 in
3194 4451 3392 4508 Genesi
3434 4450 3613 4507 Iacob
3635 4452 3706 4506 ad

2119 4550 2301 4615 Laban
2356 4549 2433 4603 ait
2484 4565 2497 4602 :
2542 4565 2560 4598 ι
2610 4547 2745 4602 Cras
2793 4545 3072 4615 apparebit
3109 4543 3317 4613 justitia
3365 4556 3511 4597 mea.
3572 4560 3593 4593 ι
3646 4540 3707 4595 In

2119 4614 2305 4699 Exodo
2332 4654 2547 4711 quoque
2570 4638 2661 4694 ubi
2694 4638 2761 4693 de
2792 4614 2914 4708 agni
2939 4634 3210 4706 paschalis
3235 4648 3332 4688 esu
3361 4632 3706 4704 pmdpitur,

2121 4734 2363 4789 additum
2406 4739 2492 4787 est
2533 4749 2546 4784 :
2584 4748 2604 4782 ι
2656 4727 2766 4783 Nec
2813 4725 3111 4782 remanebit
3158 4739 3222 4779 ex
3282 4717 3348 4779 eo
3402 4723 3710 4793 quidquam

2118 4838 2290 4894 usque
2315 4836 2493 4876 mane.
2526 4839 2546 4873 ›
2578 4818 2713 4875 Cum
2742 4826 2925 4874 autem
2966 4815 3082 4871 dies
3123 4813 3289 4869 futuri
3311 4811 3503 4882 judieii
3535 4828 3707 4867 vene-

2121 4914 2210 4977 rit,
2235 4919 2288 4967 et
2330 4925 2489 4966 omne
2514 4909 2805 4964 humanum
2835 4920 3024 4977 genus,
3064 4902 3196 4970 justi
3239 4902 3491 4958 videlicet
3538 4902 3711 4958 simul

2121 5014 2177 5059 et
2197 5011 2531 5074 peccatores,
2564 5007 2689 5054 ante
2713 4997 2950 5067 supremi
2975 4993 3178 5051 Iudicis
3200 4994 3548 5064 praesentiam
3572 5009 3709 5049 oon-

2123 5097 2434 5158 stituentur,
2485 5100 2611 5146 tunc
2664 5089 2989 5147 revelabitur
3031 5089 3174 5160 quali
3211 5095 3392 5143 mente
3434 5087 3563 5158 quis
3614 5086 3710 5141 hic

2127 5188 2344 5263 vixerit,
2378 5185 2469 5240 ubi
2492 5183 2624 5255 justi
2657 5182 2724 5237 ad
2752 5181 3151 5252 percipiendum
3206 5192 3430 5247 regnum
3462 5176 3715 5232 caelestis

2125 5258 2313 5350 patriae
2335 5292 2433 5347 per
2463 5272 2783 5330 sententiam
2826 5271 3109 5341 prmsentis
3132 5267 3331 5338 judicis
3380 5268 3709 5331 invitantur,

2127 5379 2181 5425 et
2208 5378 2520 5439 peccatores
2542 5364 2701 5419 simul
2728 5379 2853 5419 cum
2884 5362 3095 5418 diabolo
3145 5360 3338 5415 inferni
3368 5359 3712 5417 cruciatibus

2127 5457 2379 5529 puniendi
2402 5454 2760 5526 expelluntur.
2858 5526 2869 5531 1
