3960 6178
237 453 345 510 657

855 567 1081 621 CAPUT
1120 567 1208 621 IX.

235 681 319 735 De
347 698 407 735 eo
428 683 567 749 quod
590 696 681 733 rex
705 680 977 738 Assuorus.
1009 697 1125 733 cum
1153 690 1349 734 noctem
1373 682 1603 735 duxisset
1627 685 1825 736 insont-

312 768 456 811 nem,
470 750 627 819 jussit
654 750 754 822 sibi
778 750 959 822 offerri
996 751 1242 822 histories
1264 760 1310 804 et
1341 752 1556 805 annales
1593 758 1826 822 priorum

310 832 628 892 temporum,
648 821 737 889 qui
758 820 1091 892 duraturam
1107 836 1166 874 eo
1188 820 1501 890 legerentur,
1530 820 1828 892 perventum

310 902 388 945 est
414 888 486 943 tu!
524 888 695 943 locum
734 889 820 942 ubi
851 888 1219 944 Murdoclta’us
1240 888 1824 945 eunuchos'iusidiuto-

312 977 395 1014 res
418 959 668 1029 prodidit,
698 958 759 1013 ob
788 958 935 1029 quod
972 975 1086 1011 eum
1136 976 1246 1022 rex,
1271 972 1451 1013 vocato
1474 961 1664 1025 Aman,
1695 962 1830 1014 stola

314 1028 478 1100 regali
502 1039 549 1084 et
580 1028 875 1101 diademate
902 1028 1139 1101 decorari
1167 1029 1433 1099 praecepit,
1456 1041 1503 1084 et
1529 1048 1660 1100 equo
1691 1033 1831 1101 regio

311 1099 698 1171 superpositum
730 1100 956 1171 anticum
982 1099 1121 1171 regis
1151 1117 1254 1171 per
1301 1101 1470 1168 ipsum
1499 1100 1666 1153 Anton
1693 1099 1832 1170 prir-

312 1167 505 1226 dicari.
542 1167 691 1224 Unde
724 1170 893 1223 Aman
922 1167 1090 1223 tristis
1124 1167 1337 1223 domum
1371 1187 1601 1224 reversus
1630 1167 1724 1224 est.

321 1326 343 1361 ι
380 1306 608 1363 Noctem
634 1313 814 1359 autem
844 1302 993 1358 illam
1022 1318 1120 1358 rex
1165 1303 1317 1358 duxit
1364 1304 1685 1365 insomnem,
1720 1303 1835 1373 jus-

243 1419 265 1450 α
307 1398 486 1467 sitque
505 1393 684 1450 alierri
711 1392 814 1448 sibi
838 1393 1093 1448 historias
1116 1402 1170 1448 et
1192 1394 1413 1448 annales
1434 1394 1674 1462 priorum
1700 1404 1834 1450 tem-

245 1508 268 1540 ε
310 1501 523 1560 porum.
556 1485 686 1553 Quae
730 1499 853 1539 cum
900 1483 989 1538 illo
1034 1492 1300 1553 praesente
1348 1484 1676 1555 legerentur,
1706 1501 1835 1538 vcn-

243 1600 268 1633 ‹
307 1588 424 1633 ιιιιη
468 1587 554 1633 εει
599 1576 665 1631 ad
692 1575 841 1630 illum
892 1575 1070 1630 locum
1115 1576 1204 1630 ubi
1246 1576 1508 1646 scriptum
1537 1586 1654 1632 erat
1701 1594 1833 1648 quo-

242 1692 266 1725 ι
310 1673 471 1726 modo
497 1669 802 1723 nuntiasset
834 1666 1202 1721 Mardochmus
1228 1667 1452 1722 insidias
1477 1667 1754 1739 Dagathan
1779 1679 1833 1724 ct

243 1782 266 1816 ι
307 1763 517 1817 Tharcs
561 1761 953 1823 cunuchorum,
999 1774 1181 1831 regem
1236 1761 1540 1816 Assuerum
1581 1762 1831 1833 jugulare

244 1873 266 1905 σ
306 1852 665 1923 cupientium.
691 1850 844 1917 Quod
883 1866 1004 1905 cum
1035 1865 1128 1904 rex
1162 1850 1404 1906 audisset
1423 1853 1500 1907 ait
1524 1871 1535 1905 :
1563 1854 1700 1920 Quid
1730 1870 1829 1923 pro

1333 457 1693 513 EXI’OSITIO
1730 458 1793 511 ιε
1834 460 2091 515 LIBRUM
2132 461 2421 517 ES'I’IIER.

1858 585 1905 642 Α
2002 571 2228 627 Jubctnr
2269 573 2637 631 Mardoclueus
2665 578 2930 649 regalibus
2980 583 3313 642 vestimentis
3358 589 3503 646 indui

3398 477 3509 535 ‘53

1929 673 1984 716 et
2006 665 2205 734 imponi
2242 680 2403 734 super
2426 682 2624 735 equum
2651 669 2740 737 qui
2772 670 2838 724 de
2867 671 2997 725 sella
3030 674 3173 744 regis
3192 685 3293 742 est,
3322 686 3377 732 et
3411 692 3504 733 ac-

1929 754 2111 824 cipere
2161 758 2368 827 regium
2394 760 2640 814 diadema
2682 776 2845 830 super
2878 773 3041 833 caput
3084 780 3262 832 suum,
3301 776 3357 823 et
3396 785 3501 841 prt-

1931 862 2052 900 mus
2077 847 2144 902 de
2165 850 2308 918 regis
2339 850 2672 920 principibus
2708 868 2772 908 ac
2804 856 3048 924 tyrannis
3092 866 3278 914 tenere
3309 875 3506 930 equum

1929 935 2148 1003 cjus,ct
2169 953 2271 1007 per
2311 940 2542 1010 plateam
2589 943 2826 999 civitatis
2874 946 3169 1003 incedendo
3215 951 3451 1009 clamare
3490 972 3504 1008 :

1937 1046 1955 1078 ι
1994 1026 2086 1084 Sic
2110 1030 2484 1098 honorabitur,
2531 1049 2927 1105 quemcumque
2954 1038 3188 1095 voluerit
3222 1057 3319 1097 rex
3340 1043 3511 1101 hono-

1933 1134 2086 1185 rare;
2120 1139 2138 1172 ι
2179 1136 2302 1175 cum
2343 1123 2724 1191 praedicatores
2770 1129 2944 1182 sancti
2992 1130 3269 1202 Evangelii
3303 1141 3358 1188 et
3395 1150 3509 1189 ma-

1932 1212 2087 1279 gistri
2119 1212 2393 1280 Ecclesiae,
2419 1215 2660 1271 omnium
2694 1217 2958 1273 virtutum
2999 1221 3146 1276 cultu
3192 1230 3249 1278 et
3293 1225 3507 1293 sapien-

1934 1303 2024 1356 tia:
2049 1302 2247 1358 decore
2292 1304 2571 1370 iilustrati,
2600 1322 2665 1362 ac
2689 1308 2991 1365 diademate
3022 1313 3185 1382 regiae
3211 1314 3504 1385 dignitatis,

1933 1393 2058 1461 quia
2088 1396 2283 1450 summi
2312 1397 2456 1465 regis
2481 1399 2723 1453 membra
2769 1409 2918 1466 sunt,
2947 1402 3201 1458 nobiliter
3230 1405 3507 1470 honorati;

1934 1485 2227 1540 ascendere
2259 1502 2421 1556 super
2438 1503 2638 1558 equum
2661 1491 2891 1563 regium,
2915 1494 3018 1548 hoc
3064 1502 3165 1559 est,
3192 1509 3353 1565 super
3382 1497 3511 1551 ﬁde-

1934 1571 2062 1627 lium
2086 1574 2362 1644 pepulum,
2386 1577 2437 1630 in
2464 1592 2693 1646 quorum
2716 1580 2969 1635 cordibus
2991 1596 3086 1636 rex
3115 1582 3228 1651 ipse
3250 1584 3509 1639 caelorum

1927 1661 2126 1735 iugiter
2156 1667 2426 1735 praesidet,
2448 1666 2705 1735 iubentur
2748 1685 2980 1738 prteesse
3009 1686 3073 1726 ac
3100 1673 3384 1729 dominari.
3438 1676 3513 1731 De

1933 1754 2129 1822 quibus
2157 1756 2313 1826 equis
2355 1771 2454 1826 per
2474 1757 2725 1814 Habacuc
2772 1763 3089 1832 prophetam
3113 1764 3180 1818 ad
3209 1764 3382 1835 ipsum
3410 1767 3515 1821 Do«

1935 1848 2139 1903 minum
2181 1848 2376 1904 dicitur
2406 1868 2418 1904 :
2454 1850 2816 1908 «,Ascendens
2860 1855 3120 1912 aseeudcs
3149 1873 3312 1927 super
3339 1876 3511 1929 equos

244 1965 264 1996 ι
308 1946 414 2000 hac
456 1943 565 1999 ﬁde
606 1943 827 1998 honoris
865 1958 929 1997 ac
973 1942 1179 2012 prmmii
1224 1943 1593 1999 Mardochmus
1636 1961 1830 2001 conse—
1864 1933 1905 1991 Β
1938 1948 2077 2005 Illos.
2105 1948 2161 1995 el
2187 1942 2460 2012 equitatus
2487 1953 2611 1999 tuus
2644 1946 2846 2002 sanitas
2874 1946 3104 2017 (llabuc.
3135 1950 3240 2020 ιιι).
3276 1970 3294 2004 ι

240 2056 264 2087 ε
303 2045 466 2091 cutus
502 2035 622 2091 est?
669 2034 1038 2104 Dixeruutque
1088 2033 1136 2087 ei
1183 2034 1326 2087 servi
1372 2033 1514 2089 illius
1560 2050 1624 2089 ac
1665 2036 1827 2089 mini-

242 2147 261 2179 ο
302 2128 403 2182 stri
422 2145 436 2180 :
453 2126 594 2181 Nihil
606 2126 827 2181 omnino
852 2123 1115 2179 mercedis
1136 2126 1361 2195 accepit.
1382 2124 1685 2196 Statimque
1701 2144 1825 2184 rex:

242 2239 265 2271 α
304 2220 441 2287 Quis
470 2227 580 2283 est,
615 2217 741 2283 istc,
765 2215 963 2285 inquit,
992 2216 1044 2269 in
1073 2215 1250 2270 atrio?
1275 2216 1449 2271 Aman
1472 2217 1670 2287 quippe
1698 2218 1832 2272 inte'

241 2328 261 2359 ι
301 2310 420 2363 rius
442 2307 640 2361 atrium
662 2306 855 2361 domus
893 2305 1055 2375 regite
1090 2304 1407 2368 intraverat,
1436 2314 1495 2360 ut
1517 2315 1832 2377 suggereret

241 2417 261 2450 ι
301 2398 417 2470 regi
458 2406 517 2452 et
550 2396 763 2465 iuberet
814 2395 1209 2450 Mardochmum
1250 2394 1392 2467 afﬁgi
1421 2395 1661 2465 patibulo
1684 2397 1829 2466 quod

238 2508 260 2540 ς
297 2487 351 2542 ei
398 2488 579 2542 fuerat
625 2494 1008 2557 praeparatum.
1057 2485 1577 2556 Responderuutque
1624 2488 1823 2558 pueri:

239 2598 259 2630 ι
297 2578 478 2633 Aman
522 2587 633 2633 stat
678 2578 734 2631 in
781 2578 950 2642 atrio;
992 2578 1235 2646 dixitque
1288 2594 1379 2633 rex
1405 2619 1419 2644 ,
1469 2578 1824 2647 ingrediatur.

239 2690 259 2721 ι
296 2669 548 2738 Cumque
579 2676 722 2724 esset
750 2668 1028 2737 ingressus
1074 2669 1151 2721 ait
1194 2668 1268 2721 illi
1300 2687 1312 2722 :
1341 2668 1481 2735 Quid
1525 2669 1685 2723 debet
1711 2670 1827 2724 ﬁeri

240 2778 261 2810 ι
305 2759 425 2814 viro
446 2773 609 2828 quem
636 2773 730 2813 rex
758 2759 1027 2813 honorare
1056 2759 1360 2813 desiderat?
1380 2759 1636 2830 Cogitans
1656 2760 1827 2814 Aman

241 2870 261 2901 ι
300 2852 357 2906 in
384 2851 549 2907 corde
576 2865 693 2913 suo,
719 2859 776 2906 et
814 2859 1074 2920 reputans
1105 2851 1249 2921 quod
1297 2851 1501 2906 nullum
1527 2852 1690 2906 alium
1714 2853 1825 2907 vel-

238 2963 260 2994 (
298 2942 377 2998 Ιει
420 2957 514 2997 rex
544 2942 648 2997 nisi
676 2957 735 2997 se
775 2943 1067 3006 honorare,
1110 2943 1423 3011 respondit:
1451 2942 1623 3000 Homo
1664 2959 1827 3012 quem

239 3054 260 3087 ι
302 3050 398 3089 rex
425 3035 698 3090 honorare
737 3034 906 3104 cupit,
930 3034 1091 3089 debet
1134 3034 1283 3089 indui
1309 3035 1550 3091 vestibus
1576 3036 1739 3107 regiis
1771 3046 1829 3091 et

241 3145 263 3178 ι
305 3126 513 3196 imponi
538 3140 703 3196 super
725 3140 924 3194 equum
953 3124 1045 3194 qui
1072 3126 1139 3180 de
1158 3126 1288 3181 sella
1316 3126 1458 3196 regis
1481 3134 1584 3193 est,
1606 3135 1662 3181 et
1685 3128 1827 3182 acci-

239 3234 261 3268 ι
298 3231 430 3286 pere
479 3215 685 3287 regium
716 3214 960 3270 diadema
995 3230 1160 3284 super
1186 3224 1351 3286 caput
1399 3232 1580 3282 suum,
1611 3226 1667 3272 et
1716 3220 1827 3287 pri-

2004 2031 2102 2087 Cui
2125 2032 2297 2087 Aman
2326 2034 2621 2103 spiritualis
2654 2036 2825 2091 hostis
2852 2037 3029 2104 populi
3064 2039 3180 2105 Dei,
3206 2040 3334 2095 licet
3368 2042 3499 2096 invi-

1933 2131 2040 2187 tus,
2067 2131 2243 2176 tamen
2271 2123 2595 2192 condignum
2635 2124 2955 2193 obsequium
2987 2128 3206 2195 praebet,
3248 2145 3367 2184 cum
3393 2147 3511 2198 per-

1931 2224 2206 2269 secutores
2231 2223 2433 2269 sancta:
2463 2215 2731 2283 Ecclesiae,
2757 2220 3004 2287 quamvis
3034 2221 3284 2277 indevoto
3304 2225 3505 2287 animo,

1931 2320 2165 2378 superno
2188 2312 2366 2358 tamen
2398 2314 2528 2359 nutu
2551 2321 2693 2376 smpe
2719 2317 2990 2380 coguntur
3008 2314 3183 2367 veraci
3210 2313 3390 2369 laudes
3413 2316 3507 2370 Ec-

1928 2394 2106 2450 clesia:
2128 2398 2422 2464 przedicare
2446 2400 2786 2467 testimonio;
2811 2404 2939 2471 quia
2964 2406 3193 2460 veritate
3214 2407 3505 2475 patefacta,

1929 2488 2162 2542 convicti
2202 2505 2307 2543 non
2341 2499 2567 2559 possunt
2594 2492 2972 2550 abscondendo
3010 2498 3186 2553 celare
3228 2503 3370 2569 quod
3400 2516 3510 2555 ma-

1930 2578 2185 2634 nifestum
2212 2590 2313 2635 εει.

2005 2689 2024 2720 ι
2060 2668 2331 2726 Reversus
2357 2681 2442 2727 est
2462 2672 2828 2729 Mardochteus
2853 2675 2922 2730 ad
2958 2676 3177 2743 januam
3223 2681 3428 2748 palatii,
3452 2692 3507 2737 et

1933 2781 1951 2814 ι
1988 2764 2161 2817 Aman
2215 2762 2491 2817 festinavit
2546 2764 2625 2819 ire
2666 2764 2719 2818 in
2772 2765 2988 2821 domum
3019 2783 3171 2823 suam
3216 2769 3403 2838 lugens
3453 2781 3509 2825 et

1935 2869 1950 2900 ι
1987 2859 2176 2919 aperto
2226 2851 2446 2920 capite:
2494 2854 2840 2922 narravitque
2883 2854 3048 2910 Zares
3100 2859 3252 2913 uxori
3297 2876 3409 2915 sua:
3451 2871 3508 2915 ct

1932 2958 1951 2991 ι
1987 2941 2173 2995 amicis
2201 2941 2384 2995 omnia
2411 2956 2533 3011 quae
2577 2944 2885 2999 evenissent
2925 2946 3047 3001 sibi.
3077 2945 3172 3001 Cui
3212 2951 3503 3019 responde-

1932 3051 1951 3083 ι
1988 3039 2115 3088 runt
2152 3033 2446 3101 sapientes,
2476 3049 2613 3103 quos
2660 3034 2894 3090 habebat
2939 3036 2992 3090 in
3040 3039 3266 3093 consilio
3306 3054 3424 3106 suo,
3451 3051 3506 3096 et

1930 3143 1950 3176 ι
1985 3139 2124 3178 uxor
2168 3123 2329 3194 ejus:
2363 3123 2423 3179 Si
2475 3124 2544 3180 de
2588 3126 2795 3182 semine
2838 3126 3145 3184 Judacorum
3182 3138 3267 3185 est
3295 3130 3506 3188 Mardo-

1930 3230 1948 3262 ι
1987 3212 2190 3277 enatus,
2219 3220 2345 3268 ante
2370 3228 2532 3283 quem
2580 3214 2773 3270 cadere
2820 3217 3051 3285 corpisti,
3079 3234 3185 3273 non
3214 3221 3415 3290 poteris
3451 3224 3501 3277 ei

237 3325 261 3358 ι
298 3321 423 3360 mus
443 3305 511 3360 de
546 3304 691 3375 regis
711 3303 1046 3373 principibus
1071 3320 1134 3360 ac
1161 3304 1404 3375 tyrannis
1426 3313 1605 3360 teneat
1623 3321 1822 3375 equum
1851 3302 1894 3362 C
1932 3321 1950 3355 ι
1990 3304 2265 3369 resistere,
2294 3305 2388 3361 sed
2420 3306 2582 3361 cades
2632 3306 2687 3360 in
2718 3317 3005 3377 conspectu
3047 3308 3181 3379 ejus.
3212 3330 3232 3364 ι
3265 3311 3389 3367 llzec
3421 3323 3507 3370 est

239 3417 261 3448 ι
299 3396 442 3466 ejus,
465 3403 523 3450 et
562 3411 663 3465 per
693 3395 927 3465 plateam
956 3395 1192 3450 civitatis
1233 3396 1489 3453 incedens
1534 3397 1729 3452 clamet
1765 3407 1823 3454 et

237 3506 261 3538 ι
297 3488 443 3543 dicat
471 3505 488 3541 :
523 3485 616 3542 Sic
656 3486 1013 3542 honorabitur
1039 3501 1416 3556 quemcunque
1445 3501 1544 3542 rex
1566 3488 1681 3542 vult
1723 3489 1821 3544 ho-

235 3599 261 3630 ‹
299 3594 515 3634 norare.
540 3579 790 3648 Dixitque
831 3579 881 3633 ei
920 3593 1052 3633 rex:
1080 3578 1300 3634 Festina
1345 3586 1401 3633 et
1425 3587 1640 3649 sumpta
1682 3580 1819 3636 stola

234 3690 259 3722 ς
298 3679 354 3726 ει
372 3686 514 3741 equo
541 3670 625 3724 l'ac
644 3672 717 3725 ita
740 3679 799 3725 ut
822 3668 1031 3726 locutus
1056 3686 1117 3727 es
1138 3670 1473 3727 Mardochaeo
1494 3670 1698 3738 Judaeo,
1725 3675 1814 3743 qui

230 3782 258 3814 σ
294 3764 446 3818 sedet
469 3774 596 3819 ante
631 3762 775 3818 iores
803 3763 1007 3834 palatii.
1036 3763 1180 3818 Cave
1212 3780 1278 3819 ne
1303 3765 1595 3834 quidquam
1642 3767 1709 3820 de
1733 3766 1819 3822 his

229 3875 255 3906 ε
294 3871 416 3925 qua:
438 3856 650 3911 locutus
682 3871 763 3921 es,
793 3856 1194 3926 przetermittas.
1225 3876 1245 3909 ι
1284 3856 1423 3924 Quid
1454 3858 1699 3927 estquod
1722 3875 1814 3913 rex

220 3947 538 4001 insomnem
563 3956 775 4001 noctem
820 3947 991 4010 duxit,
1041 3947 1145 4001 nisi
1176 3947 1307 4003 illud
1339 3948 1484 4017 quod
1526 3948 1582 4002 in
1607 3951 1817 4018 psalmo

218 4039 497 4109 scriptum
523 4046 608 4093 est
635 4056 648 4090 :
679 4056 699 4089 ι
732 4038 870 4093 Ecce
910 4054 1014 4093 non
1045 4040 1382 4105 dormitabit,
1406 4056 1582 4110 neque
1619 4042 1815 4099 obdor-

214 4131 365 4186 miet
403 4130 495 4199 qui
526 4130 762 4185 custodit
805 4130 971 4186 Israel
996 4130 1168 4202 (Paul.
1197 4133 1346 4204 cxx).
1378 4153 1398 4186 ι
1424 4133 1699 4204 Leguntur
1723 4151 1815 4193 co—

213 4234 349 4275 ram
376 4233 443 4273 eo
470 4218 712 4274 historia:
741 4227 797 4273 et
842 4220 1063 4275 annales
1106 4220 1348 4290 priorum
1401 4231 1724 4293 temporum,
1758 4226 1812 4279 in

209 4309 425 4379 quibus
442 4308 885 4364 commemoratio
914 4308 1034 4363 ﬁdei
1059 4317 1115 4364 et
1133 4309 1398 4366 bonorum
1433 4321 1650 4368 actuum
1672 4314 1814 4370 Mar-

206 4399 433 4457 dOCbaai
459 4399 792 4465 continetur,
820 4399 945 4468 quia
981 4414 1074 4453 rex
1123 4408 1436 4457 sanctorum
1464 4413 1520 4459 et
1562 4406 1814 4475 princeps

1923 3394 2229 3449 immutatio
2253 3396 2489 3451 dextera:
2512 3395 2742 3463 Excelsi,
2775 3406 2836 3452 ut
2875 3397 2963 3452 ille
2986 3400 3077 3468 qui
3113 3416 3286 3471 nuper
3309 3403 3505 3473 gloria-

1922 3487 2084 3542 batur
2109 3504 2272 3558 super
2299 3488 2435 3543 alios
2479 3503 2538 3543 sc
2575 3504 2696 3546 esse
2720 3499 2994 3560 potentem
3021 3500 3076 3548 et
3116 3510 3228 3563 pne
3253 3498 3503 3551 omnibus

1920 3576 2238 3647 gloriosum,
2265 3578 2444 3633 subito
2484 3580 2639 3637 ﬁeret
2687 3580 2846 3636 vilior
2888 3584 3097 3638 cancris
3142 3594 3198 3640 et
3238 3585 3503 3642 inﬁrmior

1920 3671 2151 3725 cunctis.
2194 3670 2360 3739 Cujus
2386 3672 2753 3740 dispositionis
2787 3673 3210 3742 magnitudinem
3255 3678 3499 3735 conside-

1922 3777 2049 3817 rans
2089 3760 2256 3816 Maria
2286 3771 2462 3816 mater
2488 3762 2699 3817 Domini
2725 3764 2781 3817 in
2828 3764 3042 3819 cantico
3071 3766 3346 3835 Evangelii
3375 3771 3444 3824 ait
3480 3791 3493 3824 :

1926 3873 1944 3902 ι
1977 3852 2127 3908 Fecit
2152 3853 2446 3923 potentiam
2477 3853 2533 3907 in
2560 3853 2783 3908 brachio
2812 3868 2930 3917 suo,
2955 3854 3209 3922 dispersit
3237 3859 3500 3926 superbos

1918 3956 2102 4003 mente
2121 3946 2300 4003 cordis
2322 3946 2427 4004 sui.
2456 3946 2710 4016 Deposuit
2737 3956 2982 4016 potentes
3007 3948 3073 4003 de
3093 3950 3242 4017 sede,
3261 3960 3317 4007 et
3345 3954 3495 4009 exal-

1919 4035 2052 4090 tavit
2080 4032 2330 4090 humiles.
2355 4035 2671 4090 Esurientes
2696 4034 2937 4105 implevit
2956 4037 3109 4093 bonis
3129 4046 3184 4092 et
3204 4040 3396 4098 divites
3417 4046 3498 4100 di-

1917 4127 2065 4181 misit
2093 4126 2284 4181 inanes
2306 4124 2457 4197 (Luc.
2488 4124 2549 4194 1).
2583 4145 2603 4178 ι
2632 4126 2707 4180 De
2750 4140 2857 4195 quo
2891 4140 2988 4196 per
3029 4127 3222 4182 Isaiam
3247 4129 3446 4187 dicitur
3477 4152 3491 4188 τ

1934 4235 1954 4268 ι
1983 4220 2338 4272 Convertetur
2379 4216 2624 4270 Libanus
2674 4216 2728 4270 in
2778 4211 3015 4279 Carmel,
3065 4218 3119 4264 et
3166 4207 3386 4265 Carmel
3426 4209 3487 4271 in

1931 4306 2129 4360 saltum
2166 4306 2504 4373 reputabitur
2537 4302 2674 4374 (ιω.
2698 4303 2874 4372 xxix).
2914 4320 2933 4353 ι

1984 4398 2120 4454 llinc
2148 4400 2395 4454 videmus
2418 4398 2723 4453 Judzcorum
2766 4395 3061 4468 Synagogm
3095 4402 3489 4455 contumaciam

203 4505 413 4561 regum
442 4499 624 4556 terrae,
648 4490 703 4545 in
726 4505 785 4545 se
810 4491 951 4545 idem
973 4506 1219 4556 manens,
1239 4492 1482 4548 omnium
1509 4502 1809 4565 temporum
1913 4504 2298 4560 compressam,
2328 4497 2385 4543 et
2417 4488 2771 4543 humilitatem
2793 4487 3047 4543 Ecclesia:
3071 4489 3308 4559 gentium
3340 4490 3488 4544 exal-

196 4597 418 4640 cursus
441 4589 499 4636 et
528 4581 862 4651 singulorum
905 4590 1121 4636 actuum
1150 4582 1398 4637 notitiam
1435 4599 1545 4639 uno
1567 4594 1811 4641 contem-
1914 4592 2103 4639 tatam.
2133 4581 2270 4637 ilinc
2288 4590 2661 4651 persecutores
2688 4579 3006 4635 Christiana:
3035 4580 3178 4644 ﬁdei,
3206 4582 3294 4650 qui
3320 4597 3488 4647 quon-

192 4673 406 4745 platur
425 4670 646 4734 intuitu,
674 4686 774 4726 nec
816 4679 900 4726 est
944 4672 1085 4740 apud
1113 4671 1261 4727 illum
1298 4673 1588 4743 quidquam
1614 4677 1807 4733 recidi-
1841 4653 1888 4712 θ
1912 4676 2034 4729 dam
2063 4683 2124 4728 ut
2145 4674 2329 4728 leones
2367 4670 2575 4727 feroces
2602 4670 2976 4726 laceraverunt
3014 4685 3227 4741 gregem
3263 4672 3486 4736 Christi,

192 4777 369 4827 vum,
394 4761 490 4817 sed
516 4762 935 4832 praesentialiter
964 4763 1017 4816 in
1049 4772 1339 4833 conspectu
1366 4764 1483 4833 ejus
1506 4766 1685 4822 omnia
1712 4782 1805 4837 pa-
1914 4766 2074 4820 modo
2116 4764 2375 4819 destructi
2404 4771 2457 4815 et
2499 4762 2566 4815 ad
2596 4760 2819 4814 nihilum
2860 4767 2989 4814 sunt
3011 4760 3213 4813 redacti
3240 4778 3252 4812 :
3278 4760 3488 4815 confes-

189 4863 359 4919 tent,
381 4856 449 4910 de
471 4870 583 4924 quo
609 4869 708 4925 per
746 4852 1036 4910 Jeremiam
1077 4856 1311 4912 dicitur:
1343 4876 1362 4911 ι
1398 4857 1498 4926 Qui
1528 4861 1673 4915 enim
1716 4860 1804 4914 ﬁr-
1911 4871 2063 4911 sores
2089 4869 2302 4925 quoque
2326 4852 2524 4908 Christi
2575 4852 2627 4905 in
2673 4858 2788 4904 toto
2831 4850 2963 4904 orbe
3013 4857 3155 4904 statu
3192 4865 3337 4905 sana:
3362 4852 3485 4907 ﬁdei

182 4946 388 5005 navit
407 4946 592 5002 culina
618 4947 733 5015 ipse
753 4955 851 5011 est,
875 4954 929 5000 et
946 4945 1111 5001 Israel
1139 4947 1288 5018 virga
1313 4948 1643 5006 haereditatis
1661 4949 1797 5019 ejus,
1909 4945 2077 5001 erecti
2125 4952 2180 5000 et
2223 4942 2465 5013 potentia
2513 4941 2769 4995 virtutum
2818 4948 2946 4994 sunt
2990 4940 3284 4995 sublimati.
3314 4939 3488 5011 Caput

80 5072 81 5111 ζ
178 5037 483 5097 Dominus
528 5036 867 5093 exercituum
906 5051 1101 5090 nomen
1145 5036 1221 5090 illi
1247 5036 1381 5108 (εἶεν.
1411 5037 1489 5108 λ).
1523 5057 1541 5090 ι
1575 5039 1726 5095 Unde
1748 5049 1805 5095 et
1910 5038 1963 5092 in
1988 5037 2215 5092 caudam
2244 5042 2299 5090 et
2334 5034 2506 5088 cauda
2551 5033 2605 5087 in
2632 5039 2794 5101 caput
2830 5046 2985 5086 versa
3014 5041 3119 5097 est,
3150 5033 3274 5102 quia
3308 5051 3325 5084 ι
3358 5035 3486 5090 0m-

170 5129 509 5205 Apostnlus
532 5130 608 5184 ait
634 5149 649 5183 :
679 5147 698 5180 ι
728 5128 785 5183 lu
813 5128 1029 5184 Christo
1050 5130 1192 5183 enim
1215 5128 1347 5185 Jesu
1368 5147 1472 5185 non
1496 5140 1580 5187 est
1626 5133 1679 5186 in
1710 5133 1803 5190 illo
1909 5128 1994 5184 nis
2022 5128 2114 5198 qui
2143 5142 2202 5183 se
2229 5125 2451 5190 cxaltat,
2486 5122 2888 5189 humiliabitur;
2920 5131 2974 5178 et
3001 5124 3092 5195 qui
3122 5140 3182 5180 sc
3212 5125 3482 5181 humiliat.

84 5250 87 5299 ε
167 5235 272 5282 at
345 5233 402 5277 et
451 5221 577 5290 fuit,
603 5222 699 5276 sed
728 5231 803 5275 est
846 5236 1060 5292 semper
1098 5221 1153 5275 in
1193 5220 1285 5276 illo
1317 5230 1421 5276 est.
1456 5242 1476 5273 ι
1505 5223 1569 5276 lit
1620 5224 1745 5278 item
1784 5242 1797 5277 :
1906 5219 2251 5274 exaltabitur.

84 5314 89 5383 Ῑ
168 5340 196 5372 ι
241 5315 457 5378 Iesus,
482 5312 681 5383 inquit,
704 5311 952 5369 Christus
976 5312 1091 5368 heri
1113 5320 1171 5366 et
1193 5312 1354 5368 hodie
1378 5314 1493 5382 ipse
1520 5314 1574 5368 in
1603 5315 1799 5370 sarcula

162 5404 564 5467 mulorum.
590 5401 951 5474 (llebr.xnt.)i

247 5500 796 5556 Commemorantur
813 5509 939 5565 ergo
960 5501 1109 5565 gesta
1131 5494 1451 5550 Mardochzei
1489 5508 1672 5548 coram
1694 5493 1798 5548 hoc

156 5606 362 5663 rege,
380 5588 512 5658 quia
541 5588 682 5642 bona
707 5601 870 5656 opera
892 5593 1200 5641 sanctorum
1221 5586 1499 5640 doctorum
1523 5598 1792 5652 nunquam

148 5680 351 5756 apud
385 5693 512 5733 eum
534 5676 793 5732 oblivioni
824 5678 1123 5743 tradentur,
1154 5676 1249 5731 sed
1279 5674 1339 5730 ﬁt
1359 5675 1505 5747 quod
1533 5675 1796 5745 scriptum

150 5786 255 5832 est
294 5790 316 5825 :
367 5786 385 5819 ί
411 5768 471 5824 In
498 5767 759 5823 memoria
784 5776 986 5823 aeterna
1016 5765 1329 5837 critjustus,
1353 5767 1421 5823 ab
1449 5766 1633 5823 auditu
1653 5764 1796 5822 malo

142 5883 292 5926 ηωι
338 5858 560 5915 timebit
581 5854 754 5927 (Psal.
778 5857 909 5930 cxi).
940 5879 959 5911 ι

2524 5305 2751 5362 CAPUT
2786 5303 2855 5360 Χ.

1908 5418 2151 5475 Secundo
2182 5419 2268 5473 die
2312 5417 2528 5488 convivii
2570 5418 2765 5488 regina,
2789 5432 2883 5488 pro
2922 5413 3113 5488 populo
3158 5431 3253 5470 suo
3300 5417 3478 5483 depre-

1975 5498 2145 5552 cante,
2169 5488 2337 5542 Aman
2366 5488 2421 5541 in
2449 5486 2588 5558 ligno
2627 5484 2766 5558 quod
2790 5484 3134 5540 Mardos/utro
3156 5499 3478 5554 prwparare-

1977 5568 2079 5624 rat,
2105 5574 2384 5629 suspensus
2413 5566 2488 5610 est

1978 5689 1997 5722 ι
2028 5670 2220 5727 Adhuc
2263 5670 2367 5725 illis
2391 5668 2752 5738 loquentibus,
2790 5674 3051 5721 venerunt
3080 5662 3309 5719 eunuchi
3337 5662 3477 5733 regis

1906 5781 1924 5813 ι
1961 5771 2016 5817 ει
2045 5760 2152 5816 cito
2176 5775 2298 5816 eum
2328 5759 2395 5813 ad
2441 5758 2743 5813 convivium
2787 5755 2930 5825 quod
2975 5754 3162 5823 regina
3192 5762 3475 5823 paraverat

1961 5866 2182 5922 pergere
2208 5849 2597 5919 compulerunt.
2625 5844 2846 5901 Intravit
2870 5844 3050 5912 itaque
3073 5857 3168 5896 rex
3196 5850 3248 5896 ct
3275 5841 3472 5907 Aman,
