3928 6176
498 500 599 555 659

1153 497 1231 550 ’Β.
1270 498 1526 553 RABA'NI
1566 498 1785 555 MAUlll
1822 498 2140 554 ARClllEP.
2185 497 2494 555 MOGUNT.
2538 498 2827 555 OPERUM
2865 498 3047 557 PARS
3084 502 3125 557 Ι.

3639 508 3716 565 liliﬂ

507 636 527 665 ι
562 628 619 670 ut
649 615 892 669 biberent
924 628 1045 667 cum
1077 614 1280 683 regina.
1313 613 1571 684 Dixitque
1616 615 1666 668 ei
1697 630 1792 668 rex
1824 614 1986 668 etiam
2031 613 2082 667 in
2117 621 2161 676 Α
2197 632 2214 663 ι
2252 613 2580 683 Opprimcre,
2635 628 2720 667 me
2746 624 3035 684 prtesente,
3070 614 3124 669 in
3165 616 3325 671 domo
3356 631 3495 672 mea.
3528 617 3717 679 Necdum

499 726 521 759 ι
555 709 793 765 secundo
821 705 929 769 die,
958 714 1244 775 postquam
1288 706 1415 760 vino
1461 705 1759 761 incaluerat
1798 724 1810 759 :
1841 707 1972 773 Quae
2001 715 2081 759 est

500 820 521 852 ε
553 799 743 871 petitio
771 808 880 865 tua,
909 798 1121 863 Esther,
1157 808 1217 852 ut
1237 798 1396 853 detur
1423 799 1541 863 tibi,
1567 808 1622 854 et
1648 800 1777 869 quid
1817 799 1899 853 vis
1925 798 2081 853 ﬁeri?

499 911 517 943 ι
552 891 778 946 Etiamsi
811 891 1090 946 dimidiam
1125 892 1280 962 regni
1318 892 1424 945 mei
1470 900 1681 962 partem
1712 891 1953 962 petieris,
1984 891 2084 945 im-

496 1003 516 1036 c
551 984 812 1054 petrabis.
839 983 921 1039 Ad
971 998 1130 1053 quem
1159 983 1248 1038 illa
1279 984 1560 1053 respondit
1592 1002 1605 1037 :
1641 984 1698 1038 Si
1732 984 1910 1038 inveni
1957 1000 2080 1054 gra-

495 1094 514 1125 ι
553 1076 684 1131 tiam
731 1076 784 1130 in
820 1075 991 1131 oculis
1020 1076 1147 1141 tuis,
1173 1090 1207 1130 o
1236 1092 1352 1141 rex,
1392 1085 1449 1130 et
1475 1076 1521 1130 si
1555 1074 1653 1130 tibi
1696 1074 1895 1144 placet,
1939 1075 2076 1130 dona

494 1188 513 1220 ‹
551 1168 683 1223 mihi
731 1169 966 1223 animam
1006 1183 1204 1235 meam,
1237 1184 1336 1238 pro
1378 1184 1484 1238 qua
1534 1182 1692 1237 rogo,
1736 1175 1792 1222 et
1820 1165 2075 1237 populum

494 1279 511 1309 ι
548 1275 728 1315 meum
747 1302 762 1326 ,
789 1276 889 1330 pro
933 1275 1041 1329 quo
1070 1260 1317 1316 obsecro.
1348 1260 1556 1315 Traditi
1584 1260 1729 1337 enim
1758 1276 1945 1314 sumus
1978 1273 2077 1329 ego

492 1370 510 1400 ι
548 1363 604 1406 et
632 1353 863 1423 populus
890 1367 1065 1417 mens,
1087 1360 1146 1406 ut
1166 1361 1533 1418 conteramur,
1556 1350 1870 1423 jugulemur
1900 1359 1956 1407 et
1983 1366 2077 1420 pe-

492 1459 509 1489 ε
549 1456 788 1497 reamus.
822 1442 893 1496 At
922 1443 1129 1497 utinam
1158 1442 1213 1496 in
1239 1456 1426 1497 servos
1456 1450 1511 1498 et
1557 1441 1790 1496 famulas
1811 1441 2073 1496 vendere-

490 1551 509 1582 ι
546 1535 701 1587 mur!
742 1543 887 1589 esset
929 1533 1209 1588 tolerabile
1246 1532 1544 1598 malum,et
1566 1547 1789 1604 gemens
1810 1540 2067 1587 tacerem.

489 1642 508 1673 ι
547 1621 700 1679 Nunc
727 1633 905 1678 autem
938 1624 1109 1679 llostis
1135 1634 1218 1678 est
1244 1632 1452 1688 noster,
1475 1621 1631 1691 cujus
1672 1621 1964 1677 crudelitas
1988 1636 2073 1675 re-

487 1734 506 1764 σ
541 1716 748 1770 dundat
803 1717 855 1770 in
908 1731 1114 1787 regem.
1166 1716 1624 1786 Respondensque
1672 1730 1765 1769 rex
1801 1714 2072 1770 Assuerus

486 1828 503 1857 ε
543 1808 618 1861 ait
643 1827 655 1861 :
682 1807 815 1874 Quis
841 1818 926 1863 est
948 1810 1073 1873 iste,
1098 1817 1153 1863 et
1172 1808 1327 1879 cujus
1348 1808 1628 1880 potentiar,
1651 1816 1709 1861 ut
1732 1808 1849 1863 haec
1874 1806 2072 1862 audeat

485 1920 503 1952 ι
543 1900 759 1956 facere?
792 1901 941 1958 Dixit
982 1902 1176 1957 Esther
1208 1921 1219 1955 :
1256 1901 1437 1957 Hostis
1480 1909 1535 1956 et
1581 1900 1834 1956 inimicus
1883 1908 2068 1955 noster

2194 723 2210 753 ε
2246 705 2469 759 verbum
2490 703 2557 759 de
2583 718 2677 759 ore
2710 705 2854 775 regis
2882 705 3191 783 exierat,‘ct
3220 709 3403 770 statim
3443 724 3720 782 operuerunt

2189 814 2206 846 ι
2244 796 2437 851 faciem
2474 798 2610 868 ejus.
2651 817 2670 848 ι
2701 798 3020 867 Deprecatio
3048 800 3192 854 enim
3217 800 3392 856 Aman
3437 804 3501 859 ad
3523 807 3716 876 reginam

2182 887 2378 941 Esther
2421 888 2562 956 apud
2612 903 2794 958 regem
2825 888 3121 943 Assuerum
3172 906 3272 960 pro
3303 892 3559 948 calumnia
3581 897 3717 967 depu-

2182 980 2432 1033 tabatur:
2466 980 2617 1048 quia,
2671 980 2989 1036 imminente
3043 980 3130 1035 die
3172 980 3385 1050 judicii,
3444 987 3611 1056 petitio
3641 990 3721 1043 ini-

2178 1086 2409 1140 quorum
2440 1087 2546 1125 non
2577 1071 2775 1136 oratio,
2797 1072 2891 1126 sed
2922 1072 3156 1127 irritatio
3178 1072 3257 1129 ﬁt.
3286 1074 3438 1129 Unde
3470 1077 3518 1130 in
3546 1079 3718 1148 psalmo

2178 1163 2440 1233 scriptum
2489 1170 2572 1218 est
2606 1182 2618 1216 :
2650 1180 2669 1214 ί
2709 1162 2844 1217 Cum
2889 1161 3167 1231 iudicatur
3222 1176 3380 1220 exeat
3432 1169 3719 1224 condemna-

2179 1266 2287 1320 tus,
2314 1262 2372 1310 et
2396 1256 2573 1310 oratio
2612 1253 2728 1324 ejus
2772 1255 2868 1309 ﬁat
2903 1257 2955 1309 in
2997 1265 3281 1326 peccatum
3328 1256 3495 1330 (Psal.
3521 1262 3712 1332 cvm).i

2176 1346 2328 1402 Tunc
2381 1348 2527 1402 enim
2581 1348 2861 1419 oppressio
2915 1347 3059 1415 illis,
3135 1364 3245 1419 qua
3310 1359 3468 1405 antea
3525 1354 3717 1410 humiles

2172 1438 2585 1509 opprimebant,
2634 1440 3071 1510 improperatur,
3131 1441 3258 1509 quia
3308 1444 3718 1501 remunerationis

2174 1543 2387 1605 tempus
2417 1534 2599 1600 adest;
2639 1542 2766 1589 tunc
2811 1533 2955 1588 enim
2991 1533 3228 1587 damnati
3254 1544 3586 1604 peccatorum
3617 1552 3717 1591 suo-

2172 1641 2292 1680 rum
2343 1625 2668 1680 verecundia
2724 1625 3070 1695 operientur,
3122 1625 3261 1679 sicut
3314 1626 3566 1695 scriptum
3610 1637 3713 1683 est:

2176 1736 2195 1768 ι
2230 1715 2490 1773 Confusio
2546 1716 2728 1771 vultus
2775 1730 2962 1770 eorum
3011 1716 3221 1785 operiet
3273 1732 3398 1783 eos,
3462 1737 3480 1770 ι
3537 1720 3716 1788 quando

2169 1810 2236 1864 ad
2260 1810 2455 1864 tartari
2479 1810 2732 1865 tenebras
2758 1808 3170 1879 pertrahuntur,
3201 1816 3260 1861 ut
3286 1808 3357 1862 ibi
3387 1800 3718 1877 operumsno—

2170 1916 2290 1955 rum
2316 1900 2581 1971 condigna
2616 1899 2866 1955 mercede
2893 1908 3326 1955 remunerentur.
3381 1900 3528 1957 Unde
3550 1902 3717 1957 etsuh-

484 2014 503 2043 ε
540 1996 808 2065 pessimus
829 2004 914 2052 est
939 1996 1130 2050 Aman.
1158 1995 1310 2063 Quod
1336 1995 1424 2050 ille
1455 1995 1682 2049 audiens
1717 1993 1860 2049 illico
1885 1994 2069 2048 obstu—
2096 1972 2144 2033 Β
2172 1992 2319 2047 ditur
2352 2007 2366 2045 :

482 2103 501 2132 ι
542 2084 676 2153 pnit,
700 2085 907 2140 vultum
936 2087 1079 2156 regis
1104 2102 1169 2141 ac
1195 2087 1395 2155 reginae
1414 2084 1558 2141 ferre
1580 2100 1687 2140 non
1717 2085 2011 2140 sustinens.
2043 2103 2061 2134 ι

474 2172 617 2228 Ecce
639 2174 754 2243 jam
797 2177 1037 2231 secunda
1060 2176 1177 2231 dies
1207 2176 1442 2231 convivii
1485 2176 1658 2242 adest,
1684 2176 1775 2230 ubi
1814 2176 2070 2231 similiter

472 2277 536 2321 nt
583 2267 736 2337 prius
785 2268 960 2323 Aman
999 2278 1332 2325 convocatus
1359 2269 1527 2335 venit,
1558 2269 1651 2324 sed
1685 2267 2067 2324 manifestante

471 2357 671 2412 Esther
693 2359 1013 2429 petitionem
1041 2375 1216 2425 suam,
1249 2359 1375 2415 inde
1401 2360 1691 2414 damnatus
1739 2359 1807 2413 ad
1847 2373 2064 2428 poenam

470 2450 717 2505 secessit.
743 2450 883 2506 Hinc
901 2461 986 2509 est
1008 2453 1178 2518 enim,
1204 2453 1420 2523 quodin
1444 2451 1733 2522 Evangelio
1750 2451 1874 2505 alibi
1902 2466 2065 2521 pran-

471 2540 641 2603 dium,
673 2539 800 2595 alibi
826 2555 984 2595 cocna
1024 2543 1093 2597 ab
1129 2542 1347 2597 homine
1374 2541 1514 2596 facta
1545 2549 1907 2606 memoratur;
1936 2540 2061 2611 quia

467 2629 761 2698 prandium
802 2633 1085 2700 pnesentis
1109 2632 1366 2687 Ecclesize
1390 2632 1656 2703 designat,
1697 2647 1850 2686 omna
1879 2639 2060 2685 autem

468 2726 733 2774 aeternum
757 2728 919 2790 atque
942 2722 1189 2777 ultimum
1210 2722 1539 2777 convivium.
1579 2722 1729 2777 Unde
1759 2730 2062 2790 sequestra-

467 2812 542 2866 tis
568 2813 963 2882 peccatoribus,
1010 2813 1109 2868 soli
1141 2812 1264 2868 boni
1293 2814 1345 2866 in
1378 2821 1669 2883 conspectu
1697 2814 1779 2867 sui
1810 2814 2060 2868 laetantur

467 2904 786 2959 conditoris.

536 2995 710 3048 Aman
734 2994 932 3065 quippe
958 2994 1257 3064 spiritualis
1283 3001 1339 3048 et
1369 2994 1542 3050 hostis
1563 2994 1746 3064 populi
1786 2994 1901 3059 Dei,
1930 2994 2055 3063 quia

466 3086 754 3141 charitatis
782 3086 1184 3152 indumentum,
1214 3087 1357 3140 unde
1404 3086 1567 3156 regali
1596 3086 1843 3140 convivio
1866 3086 2059 3157 dignus

466 3186 635 3243 esset,
660 3192 768 3232 non
802 3176 1013 3242 habuit,
1044 3176 1240 3230 iratum
1272 3191 1454 3245 regem
1484 3176 1681 3242 sensit;
1710 3186 1872 3246 atque
1906 3191 1971 3231 eo
2000 3176 2054 3229 in

465 3269 657 3323 hortos
678 3276 1025 3338 properante,
1056 3267 1160 3321 hoc
1190 3275 1297 3332 est,
1348 3266 1552 3321 electos
1581 3282 1708 3321 suos
1736 3267 1805 3322 ad
1834 3267 2057 3323 delicias

465 3358 707 3427 paradisi
736 3358 1015 3421 invitante,
1051 3356 1290 3428 reginam
1326 3372 1423 3427 pro
1454 3357 1627 3412 salute
1652 3373 1748 3412 sua
1775 3357 2054 3428 deprecari

470 3449 768 3515 contendit,
798 3448 894 3505 sed
924 3449 1144 3512 frustra,
1174 3449 1302 3518 quia
1342 3458 1552 3519 tempus
1580 3462 1941 3520 opportunum
1988 3451 2055 3506 ad

466 3541 571 3596 hoc
603 3556 710 3595 non
735 3540 960 3595 invenit.
991 3539 1141 3595 Tunc
1163 3540 1306 3595 enim
1327 3538 1442 3608 jam
1466 3555 1590 3595 sero
1615 3549 1699 3595 est
1724 3541 1789 3595 ad
1809 3556 2056 3612 quaeren-

468 3633 597 3687 dum
640 3631 831 3687 salutis
855 3631 1113 3697 remedia,
1154 3631 1371 3701 quando
1416 3631 1661 3685 imminet
1688 3632 1912 3687 ultionis
1941 3633 2055 3687 vin-

468 3727 633 3782 dicta.

539 3816 631 3872 Sic
672 3824 730 3871 et
755 3816 810 3870 in
854 3815 1137 3887 Evangelii
1186 3816 1440 3885 parabola
1501 3816 1820 3871 adveniente
1858 3831 2055 3886 sponso

466 3907 645 3963 stultae
675 3908 912 3978 virgines
938 3923 971 3962 a
999 3907 1352 3979 prudentibus
1379 3907 1557 3963 oleum
1583 3908 1650 3963 ad
1679 3922 1807 3963 vasa
1838 3922 1937 3963 sua
1970 3922 2054 3963 re-

464 4000 693 4056 ficienda
716 4009 927 4071 petunt,
969 4000 1063 4056 sed
1089 4016 1197 4056 non
1239 4001 1529 4071 accipiunt.
1563 4000 1717 4056 Unde
1768 4011 2053 4070 postquam

472 4090 712 4164 Sponsus
767 4094 833 4149 ad
886 4094 1102 4163 nuptias
1161 4108 1285 4148 cum
1343 4089 1645 4163 virginibus
1701 4093 2055 4162 prudentibus

465 4183 777 4250 intraverit,
796 4182 1071 4255 januaque
1089 4184 1273 4239 clausa
1304 4182 1485 4249 fuerit,
1510 4184 1640 4253 ipsae
1658 4183 1894 4238 exclusae
1919 4182 2055 4238 foris

466 4285 816 4333 rcmanentes
858 4277 1066 4332 aditum
1108 4277 1208 4332 sibi
1256 4276 1489 4331 intrandi
1524 4276 1852 4345 exquirunt;
1893 4289 2053 4344 quem

464 4378 646 4423 tamen
680 4368 826 4424 nullo
854 4368 1015 4425 modo
1042 4368 1343 4439 promereri
1391 4375 1639 4437 possunt,
1671 4367 1798 4437 quia
1839 4374 2052 4435 tempus

462 4464 832 4520 miserationis
868 4462 981 4532 jam
1014 4478 1121 4519 non
1161 4463 1457 4527 inveniunt,
1499 4463 1642 4532 quod
1691 4462 1841 4532 prius
1875 4459 2053 4527 dignis

464 4556 722 4619 operibus
745 4568 989 4624 quaerere
1020 4554 1388 4625 neglexerunt.

2250 2103 2267 2135 ι
2301 2083 2549 2152 Dixitque
2576 2082 2849 2148 Harbona,
2881 2099 3021 2139 unus
3044 2084 3112 2138 de
3139 2084 3404 2140 eunuchis
3425 2086 3514 2156 qui
3534 2087 3720 2141 stabant

2170 2176 2224 2230 in
2250 2176 2551 2231 ministerio
2588 2177 2733 2246 regis
2761 2194 2774 2230 :
2802 2176 2882 2231 En
2909 2175 3116 2248 lignum
3144 2179 3289 2247 quod
3312 2188 3588 2248 paraverat
3606 2179 3722 2233 Mar-

2169 2268 2413 2332 dochceo,
2462 2267 2555 2337 qui
2601 2266 2814 2323 locutus
2860 2275 2947 2322 est
2997 2283 3096 2338 pro
3123 2282 3272 2340 rege,
3329 2277 3439 2324 stat
3488 2270 3539 2323 in
3581 2269 3722 2326 domo

2165 2358 2358 2421 Aman,
2390 2358 2596 2413 habens
2635 2357 2937 2413 altitudinis
2964 2358 3358 2429 quinquaginta
3385 2359 3609 2415 cubitus.
3636 2359 3724 2414 Cui

2165 2452 2304 2508 dixit
2325 2467 2417 2507 rex
2436 2466 2451 2505 :
2469 2452 2771 2523 Appendite
2793 2467 2916 2507 eum
2937 2451 2993 2506 in
3021 2466 3106 2506 eo.
3134 2450 3440 2521 Suspensus
3463 2461 3543 2507 est
3563 2452 3727 2521 itaque

2163 2546 2337 2601 Aman
2360 2547 2414 2601 in
2436 2544 2673 2616 patibulo
2695 2545 2837 2615 quod
2860 2553 3150 2615 paraverat
3170 2543 3727 2615 Mardochaao,etregis

2165 2641 2243 2693 ira
2265 2641 2486 2710 quievit.
2524 2660 2542 2690 ι
2571 2638 2843 2709 Scriptum
2871 2638 3026 2693 estin
3052 2637 3360 2692 Proverbiis
3386 2656 3400 2691 :
3439 2657 3457 2688 ε
3485 2638 3580 2704 Qui
3607 2638 3729 2693 fcdit

2163 2730 2398 2797 foveam,
2425 2731 2627 2785 incidet
2652 2731 2702 2784 in
2736 2729 2922 2794 illam;
2958 2738 3014 2785 et
3054 2730 3145 2799 qui
3177 2729 3344 2784 volvit
3364 2730 3611 2800 lapidem,
3647 2745 3726 2785 re-

2162 2829 2403 2876 vertetur
2426 2821 2494 2875 ad
2517 2837 2641 2875 eum
2667 2818 2852 2890 (Prov.
2874 2818 3043 2889 xxvi).
3076 2839 3094 2870 ι
3123 2819 3215 2874 Sic
3239 2828 3295 2875 et
3314 2822 3484 2874 Aman
3505 2836 3725 2885 crucem,

2161 2928 2323 2983 quam
2351 2911 2691 2967 Mardochzeo
2739 2921 3043 2982 paraverat,
3086 2912 3357 2966 sustinere
3383 2921 3599 2967 coactus
3634 2921 3724 2966 est.

2232 3002 2338 3058 Sed
2364 3003 2534 3072 qurcri
2572 3011 2751 3073 potest
2787 3002 2918 3072 quid
2963 3003 3232 3070 significet
3270 3003 3415 3068 quod
3456 3020 3583 3058 crux
3624 3003 3726 3073 ipsa

2158 3093 2546 3163 quinquaginta
2574 3091 2881 3148 cubitorum
2911 3090 3053 3147 facta
3079 3108 3199 3148 esse
3221 3092 3436 3162 legitur.
3470 3093 3574 3147 Lex
3595 3094 3724 3148 enim

2159 3183 2607 3253 quinquagesima
2633 3183 2720 3237 die
2742 3190 2868 3251 post
2893 3182 3018 3250 agni
3040 3181 3468 3237 immolationem
3488 3182 3542 3236 in
3562 3191 3729 3236 monte

2162 3271 2293 3326 Sina
2317 3264 2486 3342 prio'ri
2529 3271 2727 3341 populo
2752 3272 2875 3327 data
2903 3280 3008 3327 est.
3040 3271 3107 3325 Et
3134 3272 3261 3342 quia
3312 3272 3547 3326 diximus
3580 3286 3728 3342 supra

2084 3330 2129 3392 θ
2160 3363 2304 3433 quod
2317 3330 2504 3417 -Aman
2531 3330 2882 3433 signiﬁcaret
2920 3362 3065 3433 ipsos
3089 3330 3307 3417 Iudaeos
3354 3330 3730 3417 tumultuantes

2157 3460 2347 3507 contra
2373 3451 2670 3518 Christum,
2704 3453 2795 3521 qui
2832 3452 2888 3506 in
2927 3452 3047 3521 lege
3077 3452 3156 3507 eis
3186 3453 3488 3523 promissus
3512 3459 3642 3515 erat,
3679 3457 3731 3505 et

2155 3542 2457 3597 Ecclesiam
2507 3540 2623 3610 ejus
2666 3550 3084 3612 persequentes;
3114 3542 3202 3597 lex
3250 3543 3387 3611 ipsa,
3416 3558 3538 3612 quas
3559 3543 3637 3596 eis
3668 3540 3731 3594 ad

2155 3634 2456 3687 custodiam
2483 3634 2605 3687 vitae
2633 3633 2759 3687 data
2785 3643 2891 3700 est,
2923 3634 3048 3702 quia
3076 3649 3173 3704 per
3199 3636 3372 3704 ipsam
3398 3633 3733 3704 exstinguere

2154 3738 2352 3778 nomen
2379 3723 2603 3790 Christi,
2654 3731 2817 3793 atque
2865 3722 3208 3780 cnnfessores
3265 3726 3386 3795 ejus
3438 3725 3735 3780 interﬁcere

2155 3814 2536 3881 moliebantur,
2568 3816 2759 3869 mortis
2801 3815 2906 3870 illis
2954 3816 3167 3871 exstitit
3213 3830 3403 3871 causa.
3445 3814 3526 3870 ita
3563 3824 3625 3869 ut
3649 3813 3734 3884 qui

2154 3921 2253 3976 per
2280 3906 2452 3978 legem
2478 3906 2676 3976 injuste
2714 3906 2965 3963 innoxios
2989 3923 3295 3978 apprimere
3330 3909 3610 3973 volebant,
3641 3905 3737 3977 ipsi

2153 4014 2252 4069 per
2278 4016 2400 4056 eam
2421 4001 2555 4072 justi
2583 3999 2775 4070 judicii
2810 4001 3124 4070 acciperent
3151 4001 3511 4064 sententiam,
3547 4001 3613 4055 de
3639 4011 3739 4068 quo

2153 4090 2493 4161 perpaulum
2509 4092 2706 4147 dicitur
2729 4110 2741 4144 :
2768 4109 2786 4141 ι
2811 4091 3195 4160 Quicunquein
3222 4090 3338 4162 lege
3360 4095 3738 4160 peccaverunt,

2154 4198 2255 4253 per
2280 4183 2450 4253 legem
2468 4183 2857 4255 judicabantur
2885 4182 3064 4254 (Rom.
3094 4184 3178 4254 ιι).
3216 4205 3233 4234 ι

2226 4276 2479 4332 Harbona
2503 4286 2685 4331 autem
2714 4277 3014 4341 eunuchus,
3049 4289 3138 4345 qui
3182 4275 3353 4345 ipsam
3400 4291 3625 4332 crucem
3677 4274 3747 4326 ia-

2152 4377 2299 4423 ctam
2350 4367 2608 4438 prodidit,
2638 4367 2910 4437 signilicat
2948 4366 3200 4422 doctores
3228 4366 3396 4437 legis,
3443 4368 3541 4437 qui
3571 4366 3746 4422 dolum

2152 4460 2459 4515 Judaaorum
2482 4467 2537 4513 et
2570 4459 2751 4514 omnia
2796 4473 2918 4527 quae
2958 4458 3155 4514 divinis
3178 4460 3471 4529 praeceptis
3508 4459 3750 4513 fecerunt

2153 4550 2467 4615 contraria,
2526 4549 2699 4620 ipsius
2758 4549 2893 4621 legis
2943 4548 3176 4605 lectione
3231 4549 3746 4607 manifestaverunt.

538 4644 613 4699 lbi
637 4643 749 4711 jam
787 4659 815 4697 a
843 4644 1072 4700 Domino
1106 4661 1211 4698 non
1254 4652 1430 4713 potest
1467 4645 1662 4698 mereri
1705 4644 1849 4713 quod
1894 4644 2048 4713 petit,
2076 4681 2131 4739 D
2159 4642 2315 4698 Unde
2343 4640 2552 4711 Moyses
2587 4641 2641 4694 in
2664 4641 2854 4710 spiritu
2888 4640 3192 4710 prrevidens
3214 4656 3310 4696 eos
3339 4649 3751 4710 contemptores

466 4735 559 4804 qui
611 4733 699 4789 hic
751 4734 923 4789 noluit
949 4733 1136 4790 audire
1166 4736 1307 4804 quod
1330 4733 1531 4803 jussit;
1563 4735 1655 4803 qui
1688 4743 1900 4803 tempus
1923 4750 2053 4789 con-

464 4839 612 4895 grute
630 4826 961 4896 pamilcntizn
987 4825 1238 4897 perdidit,
1263 4825 1462 4881 frustra
1509 4836 1635 4881 ante
1658 4826 1805 4896 regni
1829 4826 2052 4896 januam

466 4933 591 4972 cum
612 4918 861 4987 precibus
889 4919 1054 4973 venit.
1082 4918 1217 4974 llinc
1242 4920 1440 4974 etenim
1463 4934 1560 4989 per
1588 4918 1930 4973 Salomonem
1950 4918 2053 4974 Do-

465 5006 645 5062 minus
675 5008 845 5063 dicit:
888 5027 906 5057 «
946 5007 1140 5062 Vocavi
1169 5017 1224 5063 et
1257 5010 1545 5076 renuistis;
1578 5010 1798 5064 extendi
1831 5026 2050 5064 manum

465 5111 647 5152 meam
675 5106 729 5152 et
768 5114 871 5151 non
905 5097 1004 5152 fuit
1052 5099 1143 5167 qui
1194 5100 1490 5169 aspiceret;
1524 5101 1846 5170 despexistis
1889 5117 2051 5158 omne

466 5187 751 5242 consilium
783 5204 981 5255 meum,
1022 5200 1078 5245 et
1103 5191 1497 5262 increpationes
1527 5208 1674 5247 meas
1720 5193 2051 5264 neglexistis.

464 5277 583 5349 Ego
608 5293 820 5349 quoque
851 5279 905 5334 in
945 5279 1167 5336 interitu
1196 5291 1379 5338 vestro
1409 5283 1618 5349 ridebo,
1649 5292 1706 5337 et
1752 5284 2053 5339 subsanna-

461 5370 556 5436 bo,
587 5386 710 5425 cum
756 5371 927 5439 vobis,
972 5373 1118 5444 quod
1153 5372 1445 5440 timcbatis,
1487 5375 1801 5440 advenerit;
1833 5391 1954 5429 cum
1981 5378 2052 5430 ir-

463 5466 638 5522 ruerit
668 5467 949 5537 repentina
972 5467 1275 5533 calamitas,
1304 5475 1358 5521 et
1393 5467 1645 5522 interitus
1669 5467 1823 5537 quasi
1848 5476 2052 5537 tempe-

465 5568 580 5613 stas
604 5558 892 5629 ingruerit,
917 5560 1383 5614 tuncinvocabunt
1409 5573 1495 5613 me
1518 5568 1573 5613 et
1597 5575 1705 5613 non
1727 5558 2046 5625 exaudiam;

2159 4740 2216 4788 et
2242 4731 2536 4801 sacrilegos
2572 4730 2801 4795 futuros,
2833 4730 3016 4785 omnia
3059 4746 3179 4799 quae
3229 4728 3753 4800 prmvartcatorilms

2160 4832 2317 4878 erant
2334 4831 2557 4877 ventura
2586 4822 2639 4875 in
2667 4822 2878 4877 cantico
2894 4821 3599 4891 Deuteronomiiprzedixit.
3626 4818 3754 4873 Hinc

2159 4925 2216 4972 et
2245 4916 2494 4971 Salvator
2522 4916 2576 4970 in
2608 4915 2898 4986 Evangelio
2927 4916 2994 4970 ad
3020 4915 3168 4985 ipsos
3193 4914 3414 4971 Judmos
3440 4916 3524 4970 ait
3556 4933 3571 4967 :
3606 4932 3627 4965 ι
3654 4910 3755 4965 Nm

2160 5012 2256 5066 lite
2304 5019 2496 5081 putare
2540 5011 2667 5080 quia
2712 5024 2813 5080 ego
2866 5018 3219 5063 accusaturus
3272 5024 3396 5064 sum
3461 5024 3568 5062 vos
3622 5001 3757 5074 apud

2160 5104 2410 5170 Patrem;
2442 5102 2640 5173 estqui
2669 5110 2886 5157 accusat
2913 5115 3009 5156 vos
3037 5100 3270 5173 Moyses,
3303 5101 3357 5154 in
3379 5116 3495 5169 quo
3515 5115 3628 5155 vos
3648 5108 3760 5165 spe.

2159 5198 2332 5261 ratis;
2363 5196 2408 5250 si
2433 5196 2578 5251 enim
2626 5194 2925 5251 crederetis
2953 5192 3145 5266 Moysi,
3177 5193 3480 5249 crederetis
3521 5193 3757 5249 forsitan

2154 5295 2209 5342 et
2239 5287 2403 5352 mihi;
2454 5287 2520 5341 de
2543 5301 2628 5341 me
2654 5285 2802 5340 enim
2855 5284 2945 5339 ille
2989 5286 3241 5355 scripsit:
3276 5289 3320 5339 si
3367 5295 3559 5339 autem
3619 5280 3764 5335 illius

2154 5377 2351 5432 litteris
2373 5393 2481 5432 non
2504 5376 2743 5442 creditis,
2770 5376 3035 5443 quomodo
3063 5376 3199 5431 meis
3212 5376 3393 5431 verbis
3414 5369 3712 5430 credetis?
3740 5386 3758 5416 ι

2155 5473 2339 5545 (Joan.
2372 5473 2451 5544 v.)

2772 5560 3001 5617 CAPUT
3037 5559 3127 5615 XI.

466 5666 624 5705 mane
658 5662 1007 5724 consurgent,
1041 5661 1096 5707 et
1143 5670 1248 5707 non
1298 5653 1576 5709 invenient
1628 5652 1999 5725 me(Prov.t).
2027 5673 2046 5705 ι

548 5762 567 5793 ‹
595 5744 729 5797 Cum
773 5753 955 5799 autem
994 5759 1243 5799 reversus
1269 5762 1364 5799 rex
1411 5747 1667 5801 intrasset
1714 5748 1767 5801 in
1819 5750 2049 5804 convivii

479 5855 496 5885 ι
530 5836 732 5899 locum,
757 5840 958 5907 reperit
976 5838 1146 5892 Aman
1200 5854 1361 5907 super
1410 5839 1665 5893 lectulum
1693 5842 1969 5896 corruisse
1994 5843 2047 5897 in

485 5943 503 5976 ι
541 5940 647 5993 quo
675 5924 890 5996 jacebat
931 5930 1146 5995 Esther,
1195 5938 1248 5984 et
1292 5933 1400 5983 ait:
1442 5930 1615 5985 Etiam
1666 5932 1906 6003 reginam
1938 5934 2049 5988 vult

2157 5677 2310 5743 Quod
2333 5676 2700 5731 Mardocliams
2736 5674 2849 5728 loco
2880 5674 3050 5728 Aman
3074 5674 3413 5727 constituitur
3440 5678 3487 5743 et
3640 5676 3779 5728 889-

2225 5749 2505 5828 gostionem
2547 5746 2738 5816 regina:
2778 5743 3010 5815 epistola:
3054 5760 3151 5814 pro
3201 5746 3372 5798 salute
3423 5739 3781 5795 Judasorltm

2225 5828 2521 5871 nulluttltrr.
3123 5844 3129 5849 η

2232 5952 2248 5984 ι
2271 5933 2368 5987 Dic
2390 5931 2477 5986 illa
2498 5929 2643 5986 dedit
2671 5946 2761 5985 rex
2789 5928 3057 5985 Assucrus
3085 5928 3282 5984 Esther
3303 5927 3499 5993 reginae
3520 5920 3779 5977 donum2
