3928 6176
246 438 338 492 661

1314 432 1678 490 ΕΧΡΟΒΙἸἸΟ
1717 433 1781 486 IN
1821 434 2077 489 LIBRUM
2116 430 2411 487 ESTHE'R.

3403 434 3502 486 66'!

253 574 268 604 ι
316 556 490 607 Aman
540 550 835 607 adversarii
862 548 1185 604 Iudaeorum.
1241 548 1306 601 Et
1333 547 1699 602 Mardochmus
1744 546 1828 599 in-
1857 549 1908 607 Α
1941 566 1959 597 ι
2004 545 2404 614 excogitaverat
2438 551 2623 598 contra
2650 542 2881 608 Iudaeos,
2907 542 3122 611 juberet
3157 544 3338 599 irritas
3368 544 3501 599 ﬁeri.

252 663 270 692 ι
316 657 543 712 gressus
560 650 644 696 est
665 649 791 696 ante
815 641 1005 694 faciem
1036 638 1201 709 regis,
1232 657 1250 690 ι
1280 648 1388 693 etc.
1411 638 1548 705 Quid
1575 646 1659 693 est
1682 638 1824 706 quod

249 749 343 789 rex
366 732 638 786 Assuerus
667 729 815 785 dedit
840 730 1034 783 Esther
1069 728 1265 799 regium
1290 729 1503 783 donuun
1531 728 1704 781 Aman
1735 728 1828 782 ad—

248 825 476 880 versarii
509 822 841 886 Judzeorum,
868 822 969 876 nisi
995 821 1136 891 quod
1183 836 1277 875 rex
1301 836 1460 892 verus
1489 828 1544 875 et
1572 820 1829 874 Dominus

247 926 436 972 uoster
462 930 677 970 omnem
707 913 1019 984 dignitatem
1046 920 1102 966 et
1127 926 1342 966 omnem
1380 910 1639 964 honorem
1667 926 1827 979 quem

244 1006 399 1074 prior
421 1004 650 1075 populus
672 1018 738 1058 ex
766 1001 989 1057 scientia
1017 1001 1149 1072 legis
1175 1009 1229 1054 et
1255 1002 1638 1069 prophetarum
1666 1011 1828 1071 atque

246 1095 396 1150 cultu
422 1095 525 1165 piae
555 1093 829 1161 religionis
853 1092 1058 1156 habuit,
1088 1099 1372 1162 postquam
1399 1091 1685 1146 adventum
1716 1108 1830 1147 ine-

249 1186 479 1241 diatoris
506 1184 600 1240 Dei
631 1195 687 1238 et
708 1183 984 1238 hominum
1008 1181 1065 1235 in
1091 1168 1252 1236 carne
1280 1182 1501 1252 sprevit,
1526 1192 1687 1252 atque
1712 1180 1829 1249 ejus

250 1277 601 1348 Evangelium
635 1275 875 1344 recipere
903 1273 1093 1338 noluit,
1123 1282 1291 1327 totum
1319 1274 1384 1326 ad
1415 1282 1612 1327 sanctae
1638 1273 1826 1328 Eccle-

246 1369 342 1423 siae
391 1365 667 1422 transtulit
707 1379 880 1425 usum,
919 1371 979 1418 ut
1017 1363 1131 1433 ipsa
1175 1362 1474 1432 possideret
1520 1364 1828 1433 spirituales

250 1460 489 1523 divitias,
522 1465 579 1512 et
619 1466 801 1512 custos
837 1455 989 1510 ﬁeret
1031 1455 1407 1510 honestissima
1449 1456 1689 1510 omnium
1719 1458 1829 1510 vir-

249 1558 448 1605 tutum.
492 1548 641 1604 Unde
688 1546 951 1615 scriptum
988 1552 1068 1600 est
1110 1545 1166 1599 in
1191 1544 1536 1600 Proverbiis:
1578 1565 1595 1596 ι
1630 1546 1827 1601 Custo-

249 1639 394 1694 ditnr
414 1637 565 1708 justo
591 1636 891 1692 substantia
914 1635 1216 1704 peccatoris
1247 1635 1429 1706 (Prov.
1461 1637 1597 1709 xui).
1640 1637 1706 1691 Et
1732 1639 1831 1693 Do-

248 1729 428 1784 minus
458 1727 511 1781 in
535 1725 824 1796 Evangelio
850 1725 916 1779 ad
949 1725 1092 1795 ipsos
1116 1724 1327 1780 Iudaeos
1351 1727 1427 1780 ait
1450 1745 1463 1779 :
1498 1745 1516 1777 ι
1539 1724 1830 1783 Auferetur

244 1838 280 1875 a
307 1819 460 1875 vobis
489 1833 713 1887 regnum
740 1815 853 1879 Dei,
888 1823 943 1872 et
966 1815 1180 1871 dabitur
1206 1817 1348 1886 genti
1376 1817 1590 1871 facienti
1621 1816 1828 1874 fructus

1937 654 1953 685 ι
2001 636 2069 687 At
2095 633 2182 687 ille
2206 648 2274 688 ex
2299 648 2446 687 more
2466 641 2735 700 sceptrum
2759 648 2981 686 aureum
3010 631 3293 701 prietendit
3322 648 3502 697 manu,

1937 742 1955 774 ι
1999 723 2143 792 quod
2203 723 2414 792 signum
2469 722 2767 776 clementiae
2815 721 3236 776 monstrabatur.
3308 723 3507 792 lllaque

1936 835 1955 866 ι
2001 830 2332 885 consurgens
2367 815 2513 868 stetit
2540 823 2666 869 ante
2692 830 2815 869 eum
2844 823 2899 869 et
2932 815 3008 869 ait
3035 833 3048 868 :
3081 814 3136 869 Si
3169 815 3344 885 placet
3373 817 3506 886 regi,

1937 925 1954 956 ‹
2000 914 2055 960 et
2095 906 2139 960 si
2184 905 2364 959 inveni
2391 906 2620 975 gratiam
2658 905 2711 959 in
2753 906 2923 960 oculis
2948 906 3084 976 ejus,
3112 915 3169 961 et
3197 907 3508 976 deprecatio

1936 1015 1955 1046 ι
1996 1012 2121 1051 mea
2160 1012 2267 1051 non
2302 995 2350 1050 ei
2378 996 2627 1050 videatur
2665 994 2956 1060 contraria,
2993 996 3221 1050 obsecro
3258 1003 3319 1050 ut
3354 996 3509 1050 novis

1937 1107 1955 1138 ι
1999 1087 2243 1158 epistolis
2277 1095 2489 1142 veteres
2515 1086 2686 1141 Aman
2732 1086 2927 1142 littera:
2970 1088 3299 1145 insidiatoris
3324 1099 3373 1146 et
3406 1090 3505 1145 h0-

1937 1196 1955 1227 ‹
2001 1178 2100 1233 stis
2126 1177 2452 1242 Iudaeorum,
2498 1179 2693 1247 quibus
2731 1194 2823 1234 eos
2868 1179 2922 1233 in
2953 1180 3161 1235 cunctis
3196 1181 3337 1253 regis
3377 1197 3507 1251 pro-

1937 1289 1955 1321 ι
2000 1272 2195 1326 vinciis
2226 1271 2406 1341 perire
2434 1279 2789 1341 praeceperat,
2815 1271 3177 1342 corrigantur.
3230 1272 3507 1340 Quomodo

1937 1380 1955 1413 ι
1999 1363 2143 1416 enim
2191 1371 2381 1431 potero
2432 1362 2701 1418 sustinere
2751 1378 2935 1417 necem
2980 1370 3036 1417 et
3078 1363 3509 1419 interfectionem

1936 1471 1954 1502 ι
1998 1453 2182 1522 populi
2232 1453 2380 1507 mei?
2437 1453 2840 1521 Responditque
2884 1468 2978 1506 rex
3017 1450 3284 1508 Assuerus
3313 1453 3511 1508 Esther

1937 1562 1956 1594 ι
2003 1544 2203 1614 reginae
2235 1552 2290 1598 et
2318 1543 2652 1599 Mardochzeo
2677 1543 2860 1599 Judzeo
2887 1561 2899 1596 :
2925 1543 3150 1598 Domum
3183 1543 3355 1597 Aman
3385 1559 3508 1599 con-

1937 1651 1955 1683 ι
1981 1632 2139 1687 -cessi
2169 1632 2383 1698 Esther,
2413 1641 2468 1688 et
2494 1633 2668 1704 ipsum
2690 1631 2827 1701 jussi
2860 1632 3000 1704 afﬁgi
3030 1634 3198 1699 cruci,
3223 1635 3313 1704 qui
3344 1651 3507 1691 ausus

1937 1740 1957 1773 ι
2000 1732 2085 1778 est
2130 1738 2349 1777 manum
2387 1723 2438 1777 in
2466 1721 2680 1778 Iudaeos
2708 1724 2924 1779 mittere
2954 1743 2966 1777 :
2993 1724 3217 1780 scribite
3266 1741 3393 1796 ergo
3418 1726 3512 1781 Ju-

1937 1831 1954 1862 (
2002 1811 2132 1866 daeis
2169 1811 2309 1866 sicut
2337 1812 2490 1867 vobis
2525 1811 2699 1881 placet
2729 1828 2793 1868 ex
2830 1813 2974 1883 regis
3011 1815 3250 1880 nomine,
3294 1816 3511 1887 signan-

244 1910 367 1981 ejus
390 1908 608 1982 (Matth.
641 1907 776 1977 xxx).
815 1927 835 1960 ι
864 1906 999 1962 Hinc
1025 1907 1229 1961 iterum
1243 1923 1347 1978 per
1374 1906 1715 1965 Salomonem
1743 1911 1827 1965 di-

1941 1921 1955 1953 ι
2002 1910 2082 1957 tes
2110 1902 2318 1958 litteras
2363 1902 2564 1957 annulo
2594 1918 2736 1957 meo.
2770 1922 2789 1955 ι
2846 1903 2985 1970 Quid
3032 1913 3118 1960 est
3159 1921 3288 1977 ergo
3316 1907 3510 1963 Esther

245 2001 429 2056 citur:
468 2017 487 2050 ι
520 1999 620 2066 Qui
667 1999 841 2055 bonus
875 2006 958 2053 est
1008 1996 1220 2054 auferet
1266 2014 1296 2052 a
1328 1998 1559 2056 Domino
1592 2002 1825 2072 gratiam

244 2089 437 2162 (Prov.
466 2089 588 2161 xu).
631 2109 649 2141 ι

320 2179 476 2236 Unde
523 2178 767 2249 sequitur
811 2176 879 2233 de
907 2176 1244 2233 Mardochzeo
1272 2179 1416 2248 quod
1454 2178 1734 2249 ingressus
1761 2181 1832 2235 sit

243 2282 374 2326 ante
402 2270 599 2326 faciem
648 2271 809 2340 regis,
838 2271 966 2340 quia
994 2269 1247 2325 laudante
1288 2285 1351 2324 ac
1375 2272 1702 2341 przedicante
1731 2273 1831 2327 Ee-

240 2361 412 2418 clesia
436 2361 750 2416 instantiam
775 2361 1156 2431 magistrorum
1182 2376 1421 2428 suorum,
1456 2362 1557 2433 ipsi
1583 2363 1831 2418 doctores

241 2453 422 2509 sancti
468 2467 567 2523 pro
606 2452 791 2508 labore
839 2467 999 2522 quem
1051 2460 1412 2508 exercuerunt
1452 2453 1506 2507 in
1538 2452 1832 2507 nutrimine

244 2540 508 2607 ﬁdelium,
537 2542 767 2613 gratiam
810 2541 1082 2611 copiosam
1125 2550 1250 2597 ante
1295 2553 1642 2613 conSpectum
1684 2542 1834 2597 inve-

243 2635 405 2688 niunt
428 2632 726 2687 conditoris
750 2630 1010 2686 omnium.
1042 2631 1225 2687 Potest
1248 2640 1302 2685 et
1330 2631 1595 2686 sententia
1628 2632 1743 2685 hzec
1768 2631 1834 2685 de

242 2738 486 2797 persona
516 2723 757 2778 omnium
784 2728 1194 2792 persecutorum
1224 2720 1478 2776 Ecclesiae
1509 2720 1834 2792 generaliter

244 2817 461 2889 prolata
495 2816 687 2886 accipi,
726 2814 853 2884 quia
899 2814 1160 2884 quidquid
1204 2813 1279 2868 illi
1323 2814 1502 2868 studio
1554 2812 1833 2881 sapientiae

247 2908 331 2963 vel
372 2907 588 2962 utilium
627 2904 1030 2975 disciplinarum
1079 2904 1382 2965 ediderunt,
1417 2911 1511 2957 aut
1556 2904 1623 2959 de
1668 2905 1835 2959 hone-

247 3004 391 3054 state
428 2997 688 3051 virtutum
728 2994 1030 3064 indagando
1072 2994 1461 3063 exquisierunt,
1500 3008 1602 3049 nec
1632 3008 1738 3047 non
1768 3008 1833 3048 ea

247 3103 369 3154 quae
418 3088 475 3141 in
521 3100 720 3157 genere
764 3098 1049 3153 ptenarum
1101 3083 1169 3137 ad
1220 3084 1548 3153 torquendos
1569 3092 1834 3154 martyres

247 3176 715 3246 excogitaverunt,
761 3182 930 3229 totum
959 3172 1208 3228 ﬁdelibus
1239 3172 1442 3229 Christi
1490 3173 1546 3227 in
1573 3188 1832 3244 augmen-

1927 1991 2212 2061 procidere
2280 1992 2349 2046 ad
2418 1993 2581 2063 pedes
2657 1994 2799 2064 regis
2861 2010 3092 2064 eumque
3166 2012 3267 2066 pro
3341 1997 3513 2055 salute

1929 2084 2108 2154 populi
2159 2099 2406 2150 exorare,
2460 2085 2565 2140 nisi
2614 2093 2857 2141 sanctam
2907 2086 3204 2143 Ecclesiam
3251 2104 3350 2159 pro
3394 2106 3514 2146 ere-

1928 2174 2111 2242 ptione
2152 2172 2383 2229 filiorum
2432 2189 2651 2230 suorum
2679 2176 2922 2244 quotidie
2944 2177 3230 2232 Dominum
3263 2179 3509 2250 omnipo-

1933 2270 2134 2317 tentem
2172 2277 2271 2333 per
2311 2261 2473 2317 fidem
2513 2271 2568 2319 et
2596 2264 2854 2335 mysteria
2898 2265 3284 2322 incarnationis
3314 2266 3513 2339 Unige-

1934 2362 2033 2416 niti
2063 2360 2159 2417 Dei
2194 2360 2474 2417 humiliter
2491 2361 2787 2432 postulare,
2811 2369 3081 2430 quatenus
3110 2362 3227 2432 ejus
3253 2363 3429 2433 gratia
3456 2371 3513 2418 et

1932 2452 2171 2508 hostium
2212 2451 2606 2521 comprimatur
2649 2451 2894 2518 audacia,
2943 2460 2999 2507 et
3028 2452 3095 2507 de
3132 2451 3380 2507 manibus
3422 2467 3514 2508 eo-

1933 2558 2053 2596 rum
2098 2542 2335 2597 lidelium
2369 2541 2629 2598 liberetur
2675 2542 3002 2597 innocentia.
3035 2542 3290 2597 Extendit
3326 2558 3510 2613 super-

1934 2647 2034 2686 nus
2062 2647 2155 2686 rex
2184 2640 2454 2702 sceptrum
2481 2646 2704 2686 aureum
2731 2640 2918 2686 contra
2945 2639 3219 2701 petentem
3246 2632 3511 2700 reginam,

1934 2722 2058 2793 quia
2086 2722 2306 2792 pietatis
2332 2738 2440 2777 sua:
2464 2731 2713 2793 potenter
2739 2722 2840 2792 ipsi
2868 2722 3127 2791 impendit
3148 2723 3513 2777 clementiam.

1930 2813 2176 2869 Postulat
2232 2813 2321 2868 illa
2372 2822 2431 2868 ut
2477 2813 2792 2884 nequissimi
2835 2813 3007 2867 Aman
3052 2822 3266 2868 veteres
3317 2814 3513 2868 littera:

1933 2904 2090 2959 novis
2138 2904 2353 2974 scriptis
2382 2912 2785 2975 permutentur;
2837 2904 2965 2973 quia
3012 2905 3117 2959 hoc
3162 2904 3397 2960 studium
3432 2914 3518 2958 est

1934 3009 2075 3050 verae
2129 2994 2363 3066 reginae,
2407 3002 2465 3048 ut
2511 2994 2688 3049 omnis
2738 2995 3164 3063 errorissecta,
3219 3010 3515 3065 omnesque

1932 3084 2222 3139 contraria:
2265 3083 2713 3148 machinationes,
2766 3099 2887 3153 quae
2930 3087 3185 3153 antiquus
3229 3085 3399 3140 hostis
3449 3087 3518 3138 ad

1933 3173 2345 3229 exstinctionem
2372 3172 2553 3243 populi
2579 3171 2672 3227 Dei
2695 3187 2794 3242 per
2821 3173 3098 3229 ministros
3124 3189 3252 3229 suos
3279 3173 3524 3244 molitur,

247 3278 364 3323 tum
405 3268 631 3322 honoris
662 3275 719 3322 et
753 3266 935 3337 gloriae
974 3281 1295 3321 conversum
1323 3275 1425 3320 est.
1479 3263 1590 3320 Nec
1618 3264 1722 3319 illis
1750 3265 1832 3319 in—
1858 3263 1902 3325 C
1935 3263 2307 3319 saluberrimis
2333 3263 2607 3336 Evangelii
2640 3262 2975 3319 documentis
3004 3262 3331 3334 repellantur
3354 3272 3518 3335 atque

243 3358 404 3428 justis
449 3357 855 3427 possessoribus
894 3356 1187 3427 quidquam
1233 3356 1492 3411 remansit
1525 3370 1624 3424 pro
1644 3356 1829 3411 elabo-

248 3459 370 3504 ratu
415 3463 518 3504 suo
554 3449 711 3503 bona:
750 3448 1041 3514 meneedis,
1084 3449 1178 3504 sed
1222 3448 1342 3503 istis
1375 3455 1546 3501 totum
1577 3447 1832 3502 collatum

248 3540 426 3596 estad
457 3539 845 3611 plenitudinem
890 3554 1003 3594 sua:
1029 3537 1397 3608 perfectionis.
1444 3536 1574 3592 [llud
1620 3553 1835 3609 quoque

247 3631 397 3701 quod
437 3629 803 3700 subjungitur,
841 3628 1026 3683 tulisse
1067 3643 1247 3699 regem
1288 3628 1545 3683 annulum
1576 3644 1736 3698 quem
1768 3630 1836 3683 ab

250 3723 426 3775 Aman
473 3727 768 3789 receperat,
807 3726 863 3774 et
906 3718 1194 3774 tradidisse
1222 3718 1581 3784 Mardochmo,
1610 3720 1838 3791 mystice

248 3808 513 3880 exprimit
543 3809 667 3877 quia
697 3807 1030 3878 signaculum
1067 3806 1212 3873 ﬁdei,
1247 3809 1394 3878 quod
1443 3809 1631 3878 perﬁdi
1656 3808 1828 3864 Judaei

248 3912 306 3957 et
324 3915 522 3955 omnes
545 3905 917 3969 persecutores
956 3897 1191 3953 nominis
1217 3898 1420 3953 Christi
1456 3897 1559 3953 sibi
1585 3913 1684 3967 per
1706 3913 1838 3968 pra:-

251 3992 583 4048 dicationem
610 3990 887 4062 Evangelii
915 3991 1151 4047 oblatum
1181 3991 1425 4061 recipere
1469 3989 1741 4055 uolebant,
1771 3992 1839 4045 ad

252 4082 499 4153 gentium
549 4081 777 4137 salutem
824 4095 922 4151 per
969 4080 1239 4150 apostolos
1264 4079 1467 4135 Christi
1517 4082 1839 4135 translatum

255 4181 355 4228 est.
387 4172 566 4228 Tenet
591 4185 719 4244 ergo
754 4172 951 4227 Esther
974 4171 1191 4228 domum
1214 4172 1389 4227 Aman
1432 4174 1605 4229 hostis
1629 4172 1841 4230 Judteo-

256 4278 399 4328 rum,
432 4277 560 4317 cum
587 4261 828 4317 Ecclesia
873 4261 1075 4317 Christi
1120 4263 1380 4316 mundum
1427 4263 1689 4333 possidet,
1738 4264 1835 4319 ho-

256 4363 393 4410 stem
438 4355 713 4423 quondam
750 4354 1201 4410 Christianorum.
1252 4354 1322 4409 Et
1360 4356 1656 4427 ingreditur
1704 4356 1843 4411 Mar-

257 4443 511 4498 dochaeus
548 4451 673 4496 ante
720 4442 910 4497 faciem
957 4443 1130 4514 regis,
1182 4459 1306 4498 eum
1357 4446 1597 4514 quotidie
1650 4446 1843 4501 animae

160 4537 175 4549 '
254 4542 571 4587 sanctorum
628 4532 694 4587 de
744 4532 977 4586 incolatu
1037 4533 1322 4602 praesentis
1382 4535 1506 4589 vita:
1552 4535 1841 4605 capiuntur

1932 3355 2237 3414 deleantur.
2278 3354 2576 3427 Signantur
2616 3355 2746 3426 ipsa:
2782 3355 2977 3411 littera:
3013 3371 3080 3410 ex
3120 3356 3338 3411 nomine
3377 3357 3518 3427 regis

1936 3448 2151 3521 scriptae
2194 3447 2398 3503 annulo
2431 3448 2616 3518 ipsius,
2656 3447 2784 3518 quia
2826 3448 3046 3503 omnino
3088 3448 3398 3519 evangelica
3426 3449 3522 3503 do-

1936 3541 2134 3607 ctrina,
2164 3555 2284 3612 qua:
2310 3557 2379 3597 ex
2406 3541 2624 3596 nomine
2652 3540 2853 3596 Christi
2884 3540 2935 3594 in
2966 3548 3078 3595 toto
3103 3542 3235 3596 orbe
3261 3522 3543 3610 praedicat:

1938 3639 2045 3697 tur,
2075 3630 2310 3702 Spiritus
2345 3632 2517 3687 sancti
2544 3630 2823 3703 signaculo
2849 3631 3167 3685 conﬁrmata
3199 3630 3397 3700 ubique
3421 3630 3517 3685 dc-

1939 3722 2206 3787 claratur;
2249 3721 2403 3792 cujus
2433 3722 2572 3779 dono
2603 3722 2703 3792 ipsi
2725 3721 3111 3791 prtedicatores
3152 3720 3341 3793 repleti
3377 3735 3516 3783 sem-

1937 3811 2149 3881 piterna
2190 3811 2507 3866 fortitudine
2534 3811 2926 3881 insuperabiles
2953 3811 3203 3867 omnibus
3233 3820 3516 3882 apparent,

1941 3908 1996 3954 et
2042 3900 2277 3955 hostium
2356 3915 2576 3956 suorum
2655 3900 3077 3970 triumphatores
3144 3901 3518 3973 gloriosissimi

1937 3998 2276 4060 permanent.

2017 4100 2035 4132 ι
2082 4081 2212 4136 Erat
2237 4089 2415 4137 autem
2448 4088 2659 4151 tempus
2687 4081 2829 4137 tertii
2856 4081 3078 4147 mensis,
3105 4097 3194 4151 qui
3225 4082 3525 4152 appellatur

1949 4192 1966 4224 ι
2014 4173 2203 4240 Siban,
2234 4173 2490 4229 vicesima
2532 4181 2587 4227 et
2627 4173 2786 4228 tertia
2826 4172 2971 4228 illius
3009 4172 3095 4229 die
3138 4173 3352 4242 scriptae
3396 4182 3523 4229 sunt

1948 4282 1966 4314 ‹
2013 4264 2273 4333 epistolae,
2318 4274 2377 4318 ut
2414 4262 2783 4319 Mardochaeus
2826 4262 3090 4329 voluerat,
3138 4263 3203 4317 ad
3230 4261 3443 4318 Judzeos
3470 4270 3526 4317 et

1948 4373 1966 4407 ι
2014 4355 2080 4410 ad
2110 4354 2382 4425 principes
2408 4362 2911 4424 procuratoresque,
2943 4362 2998 4409 et
3020 4355 3248 4425 judices,
3275 4354 3368 4423 qui
3396 4370 3523 4409 ceu—

1950 4466 1967 4498 ι
2016 4454 2126 4501 tum
2159 4445 2347 4516 viginti
2394 4452 2599 4516 septem
2629 4444 2923 4515 provinciis
2943 4484 2959 4509 ,
2991 4445 3059 4498 ab
3088 4443 3236 4497 ludia
3263 4458 3431 4512 usque
3455 4444 3521 4496 ad

1950 4558 1968 4590 ι
2016 4538 2349 4610 Ethiopiam
2373 4539 2764 4611 praesidebant;
2795 4538 3087 4608 provincia:
3113 4546 3277 4608 atque
3305 4538 3524 4607 provin-

255 4626 322 4681 ad
354 4623 867 4694 contemplationem
915 4623 1098 4679 vultus
1145 4625 1362 4694 superni
1403 4604 1651 4682 Iudicis:
1686 4628 1839 4699 cujus
1868 4604 1919 4663 Ῑ)
1952 4647 1970 4681 ι
2016 4630 2131 4694 cite,
2179 4604 2393 4700 populo-
2420 4641 2475 4685 et
2512 4630 2732 4700 populo,
2773 4604 2928 4697 juxta
2977 4604 3276 4684 litteras—et
3306 4604 3528 4699 linguas

252 4714 459 4769 tetitia:
498 4712 918 4785 magnitudinem
958 4713 1139 4770 nullus
1170 4725 1401 4785 occupat
1426 4716 1568 4782 ﬁnis,
1606 4717 1701 4771 sed
1729 4716 1843 4787 glo-

254 4806 338 4860 ria
389 4820 591 4876 perpes
639 4805 880 4875 quotidie
922 4807 1002 4862 eis
1048 4806 1249 4862 crescit
1298 4806 1351 4861 in
1397 4807 1593 4877 gaudio
1627 4815 1844 4863 aeternae

249 4894 660 4950 exsultatiouis.

332 5005 353 5037 ι
426 4984 628 5040 Esther
672 4993 853 5041 autem
902 4986 1179 5051 constituit
1227 4985 1623 5042 Mardochzeum
1681 5000 1845 5055 super

255 5101 278 5131 ι
327 5080 552 5135 domum
600 5094 775 5135 suam.
811 5099 830 5132 ι
880 5079 1022 5135 Ecce
1049 5079 1246 5135 Esther
1283 5079 1676 5135 Mardocha'um
1724 5093 1848 5132 con-

242 5170 441 5226 stituit
473 5184 639 5239 super
668 5170 883 5225 domum
919 5185 1091 5235 suam,
1119 5170 1248 5239 quia
1278 5171 1380 5224 hoc
1411 5169 1615 5224 salubri
1644 5180 1844 5225 sancta:

246 5262 524 5320 Ecclesiae
555 5262 734 5332 placet
771 5263 1018 5330 oonsilio,
1050 5270 1110 5318 ut
1145 5261 1433 5317 multitudo
1475 5261 1711 5316 ﬁdelium
1745 5263 1846 5317 sub

243 5352 529 5424 regimine
555 5360 822 5408 statuatur
846 5362 1157 5409 sanctorum
1188 5352 1627 5423 przedicatorum,
1652 5361 1845 5422 quate-

240 5461 365 5501 nus
392 5458 490 5514 per
511 5444 868 5498 humilitatem
897 5452 953 5499 et
977 5445 1339 5499 obedientiam
1372 5444 1584 5499 subdita
1610 5444 1703 5498 ﬁat
1745 5444 1844 5499 im-

235 5538 415 5613 perio
444 5537 739 5592 electorum
764 5538 1165 5609 magistrorum.

335 5644 358 5676 ι
405 5625 519 5682 Nec
547 5626 633 5681 his
655 5635 905 5682 contenta
945 5628 1175 5699 procidit
1211 5641 1279 5683 au
1311 5629 1474 5698 pedes
1509 5627 1650 5698 regis
1676 5627 1847 5683 ﬂevit-

244 5741 268 5773 ι
330 5734 442 5790 que
479 5726 535 5773 et
571 5719 750 5775 locuta
796 5720 862 5775 ad
901 5736 1025 5776 eum
1065 5720 1261 5785 oravit,
1294 5728 1352 5774 ut
1380 5719 1643 5774 malitiam
1672 5719 1845 5777 Aman

239 5833 268 5863 4
332 5810 576 5880 Agagita:
629 5820 683 5865 et
738 5811 1163 5867 machinationes
1214 5810 1332 5880 ejus
1374 5811 1667 5880 pcssimas,
1714 5828 1847 5882 quas

1951 4739 1968 4770 ι
2014 4735 2164 4784 suas,
2209 4728 2264 4774 et
2289 4718 2487 4775 Judazis
2518 4727 2680 4789 prout
2713 4719 2893 4789 legere
2940 4727 3189 4788 poterant
3230 4727 3286 4773 et
3315 4719 3523 4774 audire.

1951 4826 1969 4859 ι
2017 4809 2252 4879 Ιρδῖείιιιθ
2276 4809 2535 4880 epistolae,
2564 4825 2683 4878 qua:
2712 4824 2775 4862 ex
2809 4810 2949 4878 regis
2994 4811 3209 4864 nomine
3237 4810 3529 4865 mitteban-

1952 4919 1970 4950 ι
2018 4909 2127 4965 tur,
2159 4900 2356 4954 annulo
2402 4901 2568 4971 ipsius
2614 4899 2908 4969 obsignatae
2957 4909 3102 4966 sunt,
3129 4909 3184 4955 et
3215 4902 3395 4956 missae
3429 4917 3524 4971 per

1953 5008 1971 5039 ‹
2018 4990 2326 5045 veredarios
2347 4990 2438 5061 qui
2465 5005 2562 5060 per
2589 5005 2777 5045 omnes
2802 4991 3110 5060 provincias
3136 4992 3529 5058 discurrentes,

1953 5098 1972 5131 ι
2018 5088 2229 5136 veteres
2254 5080 2461 5136 litteras
2487 5082 2640 5137 novis
2666 5082 2870 5137 nuntiis
2892 5084 3271 5152 praevenirent.
3308 5106 3328 5138 ι
3364 5085 3529 5141 Siban

1948 5173 2174 5239 mensis,
2204 5174 2296 5243 qui
2327 5173 2466 5243 apud
2498 5172 2752 5229 Hebrzeos
2779 5182 2900 5243 post
2931 5173 3094 5230 Nisan
3120 5176 3314 5232 tertius
3360 5177 3412 5231 in
3442 5193 3529 5231 or-

1946 5261 2072 5317 dine
2100 5272 2205 5328 est,
2234 5262 2287 5318 id
2322 5270 2427 5328 est,
2451 5264 2542 5331 qui
2580 5262 2718 5332 apud
2751 5261 2969 5321 Graecos
2998 5273 3218 5321 vocatur
3247 5266 3523 5328 Thcssari.

1947 5360 2003 5407 et
2032 5352 2173 5423 apud
2209 5352 2429 5407 Latinos
2469 5352 2777 5407 nominatur
2815 5350 3027 5408 Junius.
3070 5353 3240 5423 Hujus
3271 5353 3528 5407 vicesima

1950 5443 2112 5497 tertia
2159 5442 2245 5497 die
2300 5443 2514 5511 scriptae
2572 5454 2697 5513 sunt
2742 5443 2980 5513 epistola:
3025 5460 3176 5498 novre
3233 5440 3528 5497 secundum

1952 5532 2274 5589 Mardochzei
2335 5534 2723 5598 dictationem,
2775 5534 2844 5589 ad
2910 5532 3265 5589 confutandas
3321 5539 3530 5586 veteres

1949 5626 2125 5679 Aman
2160 5624 2383 5680 litteras.
2412 5623 2577 5694 Cujus
2604 5625 2681 5679 rei
2712 5624 3033 5696 signiﬁcatio
3061 5625 3112 5677 in
3143 5632 3389 5691 promptu
3420 5638 3527 5689 cst,

1950 5715 2074 5787 quia
2098 5714 2373 5785 Evangelii
2395 5714 2640 5769 doctrina
2669 5714 2743 5768 ita
2770 5712 2986 5769 condita
3012 5718 3093 5767 est
3117 5726 3213 5780 per
3242 5711 3532 5780 scriptores

1952 5811 2084 5866 Novi
2112 5808 2440 5864 'l‘cstamenti
2474 5808 2741 5863 mediante
2764 5806 2988 5863 Domino
3018 5813 3202 5883 nostro
3224 5804 3346 5860 Jesu
3376 5805 3531 5861 Chri-
