3928 6176
434 371 538 423 (εἰὶῗ)

1097 372 1158 425 Β.
1201 370 1456 425 RABANI
1496 372 1718 428 MAURI
1749 371 2066 428 ARCHIEP.
2107 367 2416 426 MOGUNT.
2456 365 2743 423 OPERUM
2780 361 2962 418 PARS
2999 363 3020 416 Ι

3587 361 3688 414 66$

429 496 538 550 sto,
563 495 622 540 ut
651 493 850 540 sanctae
878 483 1160 539 Trinitatis
1194 482 1325 538 ﬁdes
1354 483 1407 538 in
1433 498 1497 539 ea
1520 484 1828 555 plenissime
1862 500 2011 540 com-
2042 488 2089 543 Α
2118 482 2294 535 civnm
2334 494 2454 534 esse
2496 476 2690 548 possit,
2738 487 3020 529 remanere
3059 473 3393 541 permittant.
3444 470 3583 525 Hinc
3622 479 3702 526 est

430 579 774 647 plecteretur,
803 584 859 630 et
896 575 1059 629 totius
1104 574 1346 647 decalogi
1392 576 1445 631 in
1485 576 1695 631 duobus
1728 576 2015 646 praeceptis

429 668 713 723 charitatis
773 680 984 720 summa
1028 664 1291 735 perfectio
1351 681 1470 722 esse
1516 667 2010 722 demonstraretur:

428 758 653 828 ipsaque
678 754 956 826 Scriptura
987 770 1084 825 per
1110 757 1438 822 veredarios,
1472 739 1575 814 hoc
1609 767 1714 824 est,
1749 758 2011 829 praedica-

428 855 575 901 tores
605 853 840 909 sanctos,
868 844 1072 899 directa
1099 854 1182 900 est
1223 846 1276 899 in
1305 854 1475 901 totum
1510 847 1695 902 orbem
1722 856 2012 911 terrarum,

430 937 574 1007 quod
606 935 912 1007 signiﬁcant
941 945 1160 990 centum
1186 937 1454 1007 et‘viginti
1485 946 1689 1008 septem
1717 937 2014 1007 provincia:

430 1046 550 1102 quae
592 1029 644 1083 in
680 1043 848 1100 regno
872 1028 1113 1083 Assueri‘
1146 1029 1541 1096 consistebant;
1594 1046 1720 1084 nam
1763 1030 2018 1085 denarius

429 1134 690 1175 numerus
736 1133 837 1189 per
886 1118 1275 1173 duodenarium
1354 1119 1739 1190 multiplicatus
1789 1121 2019 1175 centesi-

428 1224 577 1273 mum
622 1217 680 1264 et
719 1209 1034 1263 vicesimum
1110 1207 1281 1274 facit;
1337 1209 1532 1279 quibus
1583 1209 1627 1264 si
1681 1210 2018 1279 septenarius

430 1299 730 1356 associatus
773 1297 959 1363 fuerit,
1004 1298 1169 1353 totius
1205 1314 1428 1354 summa:
1457 1299 1847 1369 plenitudinem
1890 1316 2019 1355 con-

434 1392 620 1448 cludit.

501 1482 580 1537 lta
618 1497 832 1552 quoque
861 1482 1100 1553 decalogi
1128 1497 1257 1536 vera
1293 1483 1537 1537 custodia
1569 1481 1862 1553 apostolica
1907 1490 2019 1536 trao

433 1571 636 1627 ditione
667 1571 719 1625 in
750 1586 939 1626 omnes
966 1571 1149 1625 mundi
1188 1580 1370 1640 partes
1404 1585 1502 1628 Der
1526 1571 1775 1627 doctores
1801 1583 2018 1627 sanctos

433 1671 517 1719 est
562 1663 859 1728 insinuata,
916 1664 1008 1717 sed
1057 1663 1423 1732 septemplicis
1466 1662 1704 1736 Spiritus
1748 1664 1920 1735 gratia
1964 1664 2017 1718 in

433 1755 670 1812 ﬁdelium
703 1763 788 1810 est
820 1754 984 1809 corda
1011 1752 1223 1808 diﬁ‘usa.
1256 1753 1365 1808 Nec
1394 1754 1524 1809 illud
1553 1754 1714 1809 etiam
1752 1755 1867 1810 sine
1897 1771 2010 1826 my-

2116 574 2259 643 quod
2281 572 2538 626 Dominus
2577 570 2630 623 in
2669 567 2784 637 lege
2808 563 3063 620 lsraelitis
3098 573 3284 635 gentes
3311 578 3435 633 quae
3455 562 3561 617 sibi
3581 576 3703 617 con-

2118 665 2300 720 traria:
2326 673 2482 719 erant
2505 663 2558 718 in
2581 673 2726 717 terra
2757 656 3191 729 repromissionis
3215 655 3523 710 interﬁcere
3545 664 3708 723 atque

2115 758 2460 829 exstinguere
2487 755 2731 827 jubebat.
2769 752 2906 807 l‘linc
2934 758 2990 805 et
3014 747 3341 803 Amalecitas
3362 746 3710 818 postmodum

2118 867 2288 922 usque
2331 851 2399 905 ad
2446 847 2873 905 internecionem
2924 842 3103 899 delere
3140 838 3524 910 praecipiebat,
3584 841 3709 909 quia

2116 957 2334 997 omnem
2362 939 2597 995 scandali
2627 936 2965 992 occasionem
2991 933 3073 988 eis
3100 929 3315 987 auferre
3337 930 3578 986 volebat.
3609 931 3711 985 Cu-

2110 1034 2201 1103 jus
2231 1031 2308 1086 rei
2341 1045 2551 1085 memor
2576 1027 2838 1099 propheta
2882 1024 2937 1079 in
2964 1022 3190 1095 psalmis
3228 1023 3307 1077 ait
3334 1041 3347 1077 :
3383 1042 3402 1074 ι
3434 1022 3494 1077 1η
3542 1030 3714 1075 matu-

2118 1125 2247 1179 tinis
2317 1121 2706 1177 interﬁciebam
2768 1130 2958 1171 omnes
3016 1124 3332 1185 peccatores
3405 1120 3604 1177 teme,
3654 1124 3711 1167 ut

2119 1216 2484 1288 disperderem
2528 1214 2595 1268 de
2647 1209 2866 1266 civitate
2914 1207 3130 1263 Domini
3184 1220 3373 1262 omnes
3423 1215 3710 1275 operantes

2121 1308 2461 1378 iniquitatem
2489 1302 2660 1376 (Psal.
2688 1301 2761 1373 c).
2800 1320 2819 1353 ι

2190 1398 2360 1454 Porro
2396 1406 2606 1463 tempus
2647 1409 2754 1465 quo
2800 1394 2915 1447 htec
2957 1390 3262 1446 interfectio
3303 1389 3546 1444 hostium
3596 1388 3707 1442 ﬁeri

2120 1496 2390 1560 praecepta
2432 1494 2535 1551 est,
2566 1486 2705 1540 bene
2748 1483 3000 1539 convenit
3037 1480 3295 1552 mysterio
3340 1478 3504 1548 hujus
3554 1480 3709 1549 spiri-

2121 1579 2282 1636 tualis
2334 1575 2752 1640 internecionis,
2794 1589 2917 1628 nam
2963 1573 3314 1627 duodecimus
3356 1571 3564 1626 mensis
3606 1570 3709 1624 lle-

2121 1671 2421 1734 brzeorum,
2456 1667 2559 1723 hoc
2595 1676 2679 1721 est
2713 1666 2893 1730 Adar,
2932 1680 3038 1718 non
3069 1663 3172 1718 nisi
3202 1662 3559 1718 novissimam
3588 1670 3708 1714 zela-

2124 1770 2232 1815 tcm
2262 1758 2470 1825 saeculi,
2500 1758 2552 1811 in
2576 1773 2685 1827 quo
2709 1754 2813 1811 hoc
2858 1754 3139 1827 spirituale
3164 1754 3362 1809 bellum
3391 1769 3492 1822 per
3515 1751 3709 1806 milites

432 1848 602 1905 sterio
627 1846 878 1918 estquod
906 1847 1036 1917 ipsa:
1080 1847 1321 1917 epistolze
1350 1862 1468 1916 qua:
1508 1862 1573 1901 ex
1610 1847 1754 1919 regis
1799 1846 2015 1902 nomine
2043 1832 2090 1889 Β
2118 1848 2319 1905 Christi
2364 1847 2600 1903 maxime
2646 1846 2843 1916 agitur,
2888 1843 3163 1915 exprimit.
3214 1842 3480 1898 Similiter
3506 1852 3562 1897 et
3601 1843 3709 1896 dies

432 1940 806 2003 mittebantur,
828 1946 881 1993 et
900 1937 1100 1992 annulo
1120 1938 1289 2007 ipsius
1311 1937 1605 2008 obsignatze
1620 1946 1792 2003 erant,
1816 1952 2018 1992 memo-

435 2040 627 2085 rantur
669 2029 883 2099 scriptae
905 2032 1060 2099 juxta
1090 2029 1423 2097 singularum
1453 2029 1690 2099 gentium
1722 2028 1930 2083 litteras
1963 2036 2020 2082 et

430 2121 664 2193 linguas,
693 2127 751 2174 ut
775 2134 1002 2188 quasque
1026 2135 1159 2189 gens
1185 2118 1367 2187 legere
1394 2127 1448 2171 et
1480 2117 1779 2189 intelligere
1805 2125 2013 2187 posset:

433 2216 560 2287 quia
611 2213 691 2268 sic
734 2210 1010 2282 Evangelii
1059 2211 1304 2265 doctrina
1347 2210 1595 2265 ordinata
1648 2218 1751 2274 est,
1801 2218 1861 2263 ut
1904 2207 2019 2276 ejus

429 2307 590 2379 primi
628 2307 898 2367 doctores,
930 2319 1027 2373 per
1069 2302 1304 2371 Spiritus
1340 2303 1511 2357 sancti
1560 2301 1787 2373 gratiam
1819 2301 2016 2365 edocti,

430 2398 674 2453 omnium
722 2394 1074 2465 loquerentur
1118 2393 1351 2463 primum
1397 2408 1528 2447 voce
1551 2392 1874 2462 linguarum,
1923 2391 2018 2445 de—

432 2490 558 2544 inde
584 2489 807 2542 verbum
838 2485 959 2539 ﬁdei
993 2500 1091 2554 per
1124 2499 1311 2538 eorum
1350 2484 1712 2539 ministerium
1746 2484 1799 2537 in
1830 2497 2018 2537 omnes

433 2579 797 2635 scminaretur
826 2583 1008 2646 partes
1036 2575 1186 2629 orbis
1235 2581 1523 2640 terrarum,
1550 2574 1688 2629 sicut
1718 2574 1770 2627 in
1798 2573 2020 2628 Actibus

435 2672 804 2745 apostolorum
841 2670 1040 2741 legitur
1063 2669 1204 2739 quod
1237 2669 1291 2723 in
1323 2668 1601 2724 cmnaculo
1629 2668 1758 2723 Sion
1784 2667 2020 2737 Spiritus

430 2760 741 2832 paracletus
785 2759 837 2813 in
884 2759 971 2813 die
993 2757 1343 2813 Pentecostes
1382 2774 1546 2828 super
1588 2765 1805 2811 centum
1830 2755 2019 2825 viginti

430 2854 719 2910 credentes
759 2853 814 2908 in
854 2853 1035 2924 specie
1081 2852 1221 2923 ignis
1257 2850 1569 2918 adveniens,
1612 2851 1851 2906 omnium
1892 2865 2021 2920 gen-

432 2945 566 2999 tium
599 2943 797 3015 linguis
823 2942 978 2997 daret
1007 2943 1088 2998 eis
1114 2942 1261 3013 loqui
1292 2941 1561 3012 magnalia
1590 2941 1705 3006 Dei,
1737 2941 1810 2994 ita
1840 2948 1899 2994 ut
1928 2939 2019 3009 qui

432 3042 800 3091 convenerant
844 3035 948 3089 hoc
999 3034 1277 3087 audientes
1305 3073 1319 3098 ,
1382 3033 1646 3103 stupendo
1694 3033 2023 3087 mirarentur

432 3140 695 3180 umvcrsn.

512 3235 530 3265 ι
576 3217 783 3283 Quibus
833 3214 1116 3284 imperavit
1166 3231 1260 3268 rex
1305 3222 1365 3266 ut
1409 3215 1760 3269 convenirent
1806 3212 2020 3269 Judaaos
2047 3178 2092 3239 Ε

440 3328 457 3359 ι
504 3323 602 3380 per
652 3307 890 3378 singulas
939 3306 1207 3371 civitates,
1245 3315 1299 3361 et
1352 3306 1405 3359 in
1457 3322 1623 3360 unum
1668 3306 2021 3376 prmcipcrent

440 3419 458 3449 ι
506 3396 871 3470 congregari,
918 3405 978 3451 ut
1028 3405 1237 3452 starent
1291 3412 1390 3467 pro
1438 3396 1723 3452 animabus
1767 3398 1918 3463 suis,
1967 3408 2022 3453 et

404 3514 457 3542 -ι
505 3505 698 3547 omnes
741 3487 993 3545 inimicos
1040 3504 1167 3544 suos
1212 3503 1332 3543 cum
1380 3487 1698 3559 conjugibus
1744 3504 1808 3543 ac
1839 3487 2021 3543 liberis

439 3602 458 3632 ι
504 3588 560 3636 et
596 3579 864 3635 universis
903 3580 1151 3635 domibus
1186 3578 1573 3635 interﬁcerent.
1622 3579 1690 3633 Et
1728 3579 2021 3634 constituta

438 3695 457 3725 ε
503 3683 589 3730 est
616 3689 713 3744 per
731 3688 921 3729 omnes
948 3673 1256 3744 provincias
1290 3687 1395 3726 una
1422 3672 1639 3726 ultionis
1670 3672 1805 3737 dies,
1837 3673 1890 3727 id
1914 3681 2018 3736 est,

442 3786 460 3817 ι
511 3766 668 3821 tertia
696 3764 905 3821 decima
937 3764 1140 3821 mensis
1167 3764 1470 3820 duodecimi
1490 3764 1656 3819 Adar.
1691 3763 2022 3834 Summaque

438 3874 457 3907 ι
501 3854 742 3926 epistola:
771 3853 893 3920 luit,
926 3863 985 3909 ut
1022 3854 1077 3909 in
1111 3854 1365 3909 omnibus
1401 3853 1560 3910 terris
1604 3869 1667 3908 ac
1697 3853 1907 3925 populis
1929 3854 2021 3923 qui

440 3964 458 3993 ι
504 3944 655 4015 regis
680 3944 900 3999 Assueri
951 3945 1178 4014 imperio
1226 3943 1597 4014 subjacebant,
1642 3953 1827 3999 notum
1863 3944 2023 4000 ﬁeret

440 4053 459 4084 ο
504 4041 724 4104 paratos
769 4049 889 4090 esse
915 4032 1130 4090 Iudaeos
1167 4035 1235 4090 ad
1280 4034 1593 4106 Vpiendam
1635 4035 1925 4090 vindictam
1956 4035 2023 4089 de

440 4146 459 4177 ι
505 4126 750 4183 hostibus
790 4127 922 4183 suis.
955 4148 972 4179 ι
1007 4127 1146 4195 Quid
1180 4136 1263 4183 est
1296 4128 1437 4196 quod
1486 4143 1578 4182 rex
1624 4128 1722 4182 iste
1775 4137 2022 4182 terrenus

433 4215 655 4270 tinndat
680 4216 977 4271 veredariis
1006 4216 1118 4272 suis
1149 4225 1207 4272 ut
1232 4217 1559 4273 conveniant
1586 4216 1800 4273 Judaeos
1827 4218 1883 4271 in
1912 4218 2022 4271 sin-

432 4304 573 4376 gulis
611 4305 767 4372 locis,
793 4314 848 4362 et
888 4307 943 4361 in
982 4323 1151 4362 unum
1197 4308 1513 4378 praecipiant
1552 4322 1646 4363 eos
1682 4306 2017 4379 congregari,

430 4403 699 4466 quatenus
719 4406 865 4453 stent
894 4413 992 4469 pro
1016 4399 1303 4455 animabus
1323 4399 1453 4465 suis,
1481 4407 1535 4454 et
1558 4414 1747 4455 omnes
1773 4398 2022 4454 inimicos

429 4501 553 4539 cum
596 4487 917 4558 conjugibus
944 4498 999 4544 et
1028 4486 1233 4555 liberis,
1269 4499 1325 4545 et
1359 4490 1627 4546 universis
1652 4491 1899 4546 domibus
1935 4491 2020 4544 in-

428 4575 719 4645 terﬁciant,
765 4579 867 4633 nisi
910 4579 1037 4651 quia
1085 4596 1181 4635 rex
1229 4591 1431 4648 noster,
1480 4582 1787 4638 dominator
1833 4584 2018 4653 utique

428 4668 553 4724 caeli
602 4677 658 4725 et
703 4677 882 4735 terrae,
930 4670 1033 4726 hoc
1077 4684 1177 4740 per
1219 4671 1600 4741 prredicatores
1636 4688 1763 4728 suos
1798 4674 2019 4728 mandat

428 4759 574 4816 veris
596 4758 819 4826 ludatis,
849 4769 904 4816 et
928 4758 1330 4818 confessoribus
1355 4762 1467 4818 suis
1490 4761 1545 4817 in
1572 4763 1820 4818 omnibus
1848 4764 2019 4834 genti-

427 4848 550 4915 bus,
581 4858 642 4904 ut
680 4849 736 4905 in
765 4850 1027 4905 unitatem
1072 4853 1345 4907 societatis
1370 4862 1426 4909 et
1458 4853 1609 4923 pacis
1637 4853 2018 4909 convenientes

427 4953 529 5007 pro
555 4939 725 4994 salute
752 4941 1054 4996 animarum
1082 4957 1299 4996 suarum
1332 4950 1568 5010 certent;
1596 4958 1888 5013 omnesque
1916 4943 2018 4997 ini-

430 5029 604 5085 micos
649 5047 793 5097 suos,
846 5041 956 5086 tam
1001 5033 1239 5089 visibiles
1286 5050 1448 5105 quam
1493 5035 1655 5090 etiam
1700 5034 2015 5100 invisibiles,

428 5120 535 5175 hoc
555 5127 656 5186 est,
687 5119 853 5176 falsos
868 5119 1105 5188 Judaeos,
1137 5123 1230 5193 qui
1257 5133 1381 5180 sunt
1410 5140 1677 5197 synagoga
1705 5124 1937 5191 Satanm,
1961 5135 2015 5181 et

429 5227 672 5283 paganos
715 5222 876 5282 atque
919 5216 1204 5270 haereticos
1249 5216 1638 5288 incorrigibiles
1669 5233 1769 5271 nec
1806 5232 1911 5272 non
1963 5225 2019 5273 et

433 5303 738 5358 immundos
793 5303 1015 5375 spiritus
1055 5321 1176 5360 enim
1228 5306 1497 5362 universis
1543 5307 1908 5375 impietatibus
1962 5318 2019 5364 et
2076 5332 2085 5341 -

429 5394 614 5465 pravis
660 5393 1063 5449 inventionibus
1103 5396 1387 5462 damnent,
1431 5412 1530 5451 nec
1577 5396 1643 5451 de
1671 5397 1755 5451 his
1782 5398 1911 5465 quid
1938 5413 2015 5452 re~

430 5488 644 5543 siduum
684 5486 802 5543 ﬁeri
845 5486 1048 5553 sinant,
1096 5487 1340 5558 quinimo
1392 5486 1645 5557 conjuges
1681 5504 1745 5543 ac
1796 5488 2014 5554 liberos,

431 5580 535 5635 hoc
578 5589 684 5647 est,
732 5579 1062 5651 voluptatem
1092 5579 1365 5635 carnalem
1395 5587 1450 5634 et
1487 5595 1649 5650 opera
1674 5588 2018 5649 peccatorum

431 5670 591 5724 simul
611 5687 734 5725 cum
760 5672 1027 5736 domibus,
1059 5686 1182 5726 cum
1222 5671 1514 5725 ambitione
1540 5669 1786 5726 videlicet
1812 5669 2015 5734 saeculi,

435 5762 647 5845 penitus
673 5765 1044 5832 exstinguant;
1080 5780 1178 5820 nec
1209 5763 1411 5834 aliquid
1455 5762 1577 5817 inde
1609 5761 1750 5833 quod
1786 5763 1886 5817 sibi
1922 5777 2018 5816 no-

2118 1942 2309 1996 tertius
2353 1940 2594 1996 decimus
2653 1948 2853 1993 sancta:
2906 1937 3187 1991 Trinitatis
3238 1936 3404 1991 ﬁdem
3466 1935 3708 1990 custodia

2119 2032 2493 2086 mandatorum
2519 2029 2636 2096 Dei,
2664 2029 2806 2084 unde
2832 2043 3022 2083 omnes
3061 2028 3355 2081 adversarii
3400 2028 3508 2082 rite
3544 2043 3708 2096 expu-

2118 2132 2351 2195 gnantur
2386 2122 2650 2192 designat.
2680 2121 2833 2189 Quod
2854 2131 3035 2175 autem
3062 2103 3450 2190 subjungitur‘:

2134 2278 2155 2301 .
2196 2234 2214 2265 ι
2259 2214 2325 2268 Et
2350 2215 2583 2268 edictum
2619 2226 2762 2283 regis
2786 2209 3041 2282 pependit
3075 2210 3131 2264 in
3163 2208 3334 2272 Susis,
3372 2228 3390 2260 ›
3422 2208 3705 2277 significat

2121 2305 2405 2376 imperium
2441 2303 2678 2359 caelestis
2702 2303 2846 2373 regis
2865 2303 3105 2357 eminere
3130 2317 3195 2357 ac
3216 2302 3484 2357 dominari
3516 2302 3570 2355 in
3599 2310 3705 2356 toto

2119 2395 2250 2449 orbe
2285 2402 2590 2448 terrarum:
2630 2411 2647 2443 ι
2678 2393 2732 2446 in
2773 2392 2928 2463 cujus
2959 2392 3163 2447 ditione
3207 2400 3402 2447 cuncta
3453 2402 3583 2446 sunt
3615 2407 3706 2461 po-

2121 2486 2262 2549 sita,
2315 2500 2413 2538 nec
2469 2491 2552 2538 est
2605 2484 2698 2553 qui
2742 2482 2913 2552 possit
2969 2483 3223 2537 resistere
3279 2483 3550 2536 voluntati
3597 2483 3707 2553 ejus

2124 2577 2298 2649 (Est/1.
2330 2574 2472 2648 xm),
2508 2596 2524 2626 ι
2556 2573 2835 2644 {astusque
2864 2575 3167 2630 mundanus
3197 2573 3295 2629 sub
3319 2573 3435 2643 ejus
3464 2585 3704 2644 proster-

2122 2671 2269 2725 nitur
2288 2677 2576 2741 potestate.
2606 2667 2759 2723 Unde
2800 2675 2946 2722 recte
2974 2667 3170 2721 dicitur
3198 2666 3338 2736 quod
3373 2675 3428 2720 et
3474 2667 3705 2720 edictum

2122 2760 2264 2829 regis
2292 2758 2607 2830 pependerit
2648 2758 2703 2811 in
2744 2756 2931 2822 Susis,
2964 2773 3089 2811 nam
3142 2756 3296 2811 Susis
3342 2756 3602 2827 equitatio
3629 2754 3706 2809 vel

2124 2849 2350 2918 referens
2385 2850 2793 2916 interpretatur.
2843 2846 3084 2916 Denique
3111 2846 3365 2916 superbia
3400 2833 3589 2899 mundi
3616 2861 3703 2899 sn-

2120 2946 2341 3007 peratur
2385 2938 2623 3007 potentia
2675 2936 2787 2990 Dei.
2840 2935 2977 2990 Ilinc
3027 2943 3113 2989 est
3157 2935 3300 3003 quod
3358 2933 3612 2988 Salvator
3655 2935 3704 2987 in

2124 3027 2413 3097 Evangelio
2439 3026 2721 3097 discipulis
2746 3026 2822 3080 ait
2847 3041 2861 3079 :
2893 3043 2913 3075 ι
2942 3025 2996 3080 in
3038 3025 3239 3079 mundo
3272 3040 3586 3095 pressuram
3615 3025 3703 3078 ha'

2122 3118 2320 3173 bebitis
2351 3158 2366 3183 ,
2422 3118 2516 3172 sed
2570 3116 2869 3182 conﬁdite,
2941 3115 3068 3186 quia
3114 3130 3215 3187 ego
3278 3115 3387 3170 vici
3451 3115 3705 3168 mundum

2127 3205 2307 3278 (Joan.
2336 3206 2471 3277 xvi).
2501 3227 2518 3258 ι

2720 3312 2947 3369 CAPUT
2985 3313 3078 3368 XII

2122 3429 2200 3482 De
2211 3427 2379 3498 gloria
2405 3426 2729 3481 Μαι-ἀσεὴωί
2750 3437 2797 3480 et
2811 3426 3073 3498 quomodo
3096 3443 3151 3479 se
3169 3423 3350 3498 aduri
3377 3423 3479 3498 ιιιιὶ
3503 3436 3622 3498 sunt
3646 3426 3706 3498 de

2194 3494 2430 3578 inimicis.
2472 3498 2625 3562 suis;
2673 3507 2722 3551 et
2764 3494 2941 3551 decem
2994 3496 3094 3565 ﬁlii
3159 3495 3332 3550 Aman
3380 3497 3440 3550 in
3475 3494 3703 3566 patibulo

2192 3584 2446 3637 suspensi.

2198 3699 2215 3729 ‹
2261 3678 2629 3733 Mardochmus
2673 3686 2852 3730 autem
2902 3676 2967 3731 de
2995 3674 3198 3747 palatio
3226 3682 3282 3729 et
3318 3675 3386 3729 de
3414 3681 3700 3744 conSpectu

2128 3790 2145 3820 ι
2190 3770 2331 3841 regis
2369 3769 2669 3839 egrediens,
2710 3767 2948 3838 fulgebat
2993 3767 3235 3821 vestibus
3264 3766 3454 3835 regiis,
3486 3765 3701 3835 hyacin-

2128 3879 2147 3912 ι
2197 3861 2361 3916 thinis
2390 3860 2643 3916 videlicet
2683 3868 2739 3914 et
2765 3859 2923 3914 aereis
2947 3900 2963 3925 ,
3014 3873 3269 3914 coronam
3311 3872 3539 3912 auream
3583 3872 3700 3926 por-

2128 3970 2147 4003 (
2192 3961 2313 4007 tans
2343 3951 2397 4006 in
2424 3950 2622 4021 capite,
2647 3959 2702 4005 et
2736 3950 2967 4004 amictus
2997 3950 3171 4005 serico
3194 3948 3356 4019 pallio
3387 3958 3553 4017 atque
3581 3964 3701 4017 pur-

2129 4058 2147 4091 ι
2194 4055 2386 4110 pureo,
2434 4042 2718 4110 omnisque
2764 4040 2958 4095 civitas
2986 4039 3275 4095 exsultavit
3320 4049 3487 4108 atque
3529 4039 3699 4093 laetati

2129 4147 2147 4179 ι
2195 4137 2298 4183 est.
2336 4149 2355 4181 ›
2388 4127 2623 4184 Grandis
2669 4129 2837 4199 gloria
2875 4138 2959 4183 est
2989 4129 3192 4184 sanctis
3220 4127 3540 4183 doctoribus
3561 4126 3696 4197 quod

2121 4236 2309 4275 eorum
2338 4220 2585 4276 doctrina
2616 4229 2778 4291 atque
2805 4222 3186 4275 exhortatione
3211 4235 3309 4289 per
3331 4220 3587 4273 virtutem
3612 4233 3700 4272 su-

2121 4309 2273 4377 perni
2302 4309 2445 4380 regis
2480 4308 2668 4364 ﬁdeles
2700 4310 2924 4365 vincunt
2953 4310 3217 4366 saevitiam
3255 4308 3576 4378 nequissimi
3611 4308 3703 4361 ho-

2121 4401 2243 4466 stis,
2274 4410 2329 4455 et
2368 4416 2577 4456 merces
2607 4400 2716 4458 illis
2745 4402 2870 4456 inde
2898 4409 3181 4471 permanet
3210 4400 3264 4454 in
3301 4399 3511 4457 caelesti
3542 4412 3701 4470 regno

2045 4515 2099 4573 D
2122 4502 2339 4546 a3ternac
2367 4491 2718 4546 beatitudinis
2738 4506 2803 4546 ac
2826 4499 3097 4561 perpetua:
3124 4490 3411 4556 claritatis,
3444 4491 3593 4560 quod
3617 4504 3703 4544 oo-

2124 4580 2207 4634 lor
2245 4580 2547 4650 hyacinthi,
2600 4588 2655 4633 et
2687 4580 2804 4634 auri
2854 4580 3109 4651 splendor
3151 4579 3384 4650 ﬁgurare
3431 4581 3698 4640 videntur,

2126 4670 2561 4741 martyribusque
2591 4669 2793 4725 Christi
2840 4685 2939 4741 pro
2984 4670 3247 4726 effusione
3290 4669 3570 4740 sanguinis
3619 4668 3696 4723 sui

2126 4763 2322 4833 regalis
2363 4762 2598 4833 dignitas
2636 4762 2795 4817 simul
2839 4778 2961 4817 cum
2995 4778 3119 4832 rege
3153 4760 3370 4816 Christo
3396 4757 3700 4832 regnaturis

2127 4855 2195 4910 ab
2225 4854 2343 4924 ipso
2374 4852 2677 4922 justissimo
2707 4852 3034 4907 retributore
3062 4852 3117 4905 in
3157 4866 3286 4906 arce
3327 4865 3568 4920 superna
3612 4863 3694 4903 re-

2123 4945 2397 5015 penditur.
2426 4943 2589 5013 Cujus
2620 4944 2697 4998 rei
2732 4958 2985 5013 purpurte
3028 4958 3093 4998 ac
3140 4941 3299 4996 serici
3360 4941 3579 4996 nomina
3623 4949 3697 5009 ty—

2125 5051 2250 5105 pum
2273 5034 2591 5105 prtcfcrunt,
2618 5034 2901 5104 omnisque
2930 5042 3103 5088 cmtus
3129 5042 3444 5088 sanctorum
3471 5049 3571 5103 pro
3603 5033 3694 5085 hoc

2124 5127 2326 5195 pariter
2357 5127 2410 5180 in
2436 5141 2669 5197 superna
2703 5123 2999 5179 Jerusalem
3038 5123 3274 5194 gaudens
3303 5121 3595 5177 laetabitur.
3625 5119 3693 5173 De

2123 5231 2230 5286 quo
2255 5216 2517 5286 sequitur.

2201 5326 2219 5358 ι
2261 5305 2459 5361 ,Ιυιιεοῑε
2484 5314 2660 5360 autem
2696 5320 2836 5359 nova
2863 5304 2954 5360 lux
2983 5304 3112 5359 oriri
3141 5304 3256 5358 visa
3280 5313 3388 5369 est,
3426 5300 3685 5374 gaudium,

2129 5415 2146 5445 ι
2192 5405 2248 5451 et
2269 5396 2461 5461 honor,
2494 5404 2546 5451 et
2585 5395 2897 5465 tripudium.
2928 5394 3081 5463 Apud
3113 5408 3302 5448 omnes
3332 5398 3575 5463 populos,
3609 5402 3688 5441 ur-

2127 5505 2145 5537 ι
2192 5487 2286 5542 bes
2322 5496 2483 5557 atque
2522 5485 2851 5555 provincias,
2881 5498 3203 5555 quocunque
3248 5484 3393 5552 regis
3420 5480 3568 5551 jussa
3602 5491 3686 5530 vc-

2127 5597 2147 5629 ‹
2193 5578 2433 5643 niebant,
2485 5578 2620 5632 mira
2652 5576 2957 5640 exsultatio,
3001 5575 3189 5646 epulae,
3231 5583 3394 5643 atque
3435 5567 3685 5627 convivia.

2129 5688 2147 5718 ‹
2193 5678 2249 5723 ct
2270 5666 2439 5723 festus
2469 5667 2619 5721 dies:
2648 5667 2699 5720 in
2734 5675 2937 5722 tanlum
2966 5674 3027 5719 ut
3064 5665 3247 5736 plures
3273 5662 3497 5718 alterius
3527 5656 3686 5732 gentis

2131 5780 2147 5811 ι
2195 5770 2247 5815 et
2278 5771 2438 5816 scctze
2462 5775 2646 5815 eorum
2683 5759 2923 5830 religioni
2954 5768 3009 5815 ct
3048 5756 3386 5814 caeremoniis
3409 5756 3681 5826 jungcren‘
