3960 6178
1263 371 1624 429 EXPOSITIO
1657 369 1723 425 IN
1758 369 2017 425 LIBRUM
2055 366 2351 423 ESTIIER.

3346 372 3451 425 668

201 519 221 551 ι
265 506 379 552 tur.
406 490 643 550 Grandis
660 489 806 544 enim
837 497 1061 544 cunctos
1086 483 1295 541 Iudaici
1325 482 1559 539 nominis
1599 493 1776 537 terror
1803 488 1849 543 Α
1885 500 1902 531 ι
1948 496 2107 552 posse
2154 488 2561 551 cognoverant:
2595 479 2737 534 tanta
2786 496 3002 551 quoque
3050 482 3285 539 nominis
3338 485 3454 555 ejus

200 607 222 641 ι
266 588 562 642 invaserat.
606 600 629 634 ι
659 580 883 636 Plurimi
911 593 1041 648 ergo
1073 593 1141 634 ex
1166 576 1445 648 gentilium
1480 584 1641 643 atque
1682 574 1777 627 ho-

195 688 363 737 suum
389 673 650 730 Ecclesia:
664 685 912 736 numero,
935 669 1009 734 vi,
1040 668 1301 739 sapientia
1346 675 1509 736 atque
1536 670 1778 720 constan-

195 770 270 825 tia
293 774 608 823 sanctorum
638 770 939 832 martyrum
969 760 1279 828 virtuteque
1309 756 1513 811 Christi
1540 770 1636 824 per
1665 754 1782 809 illos

196 859 554 919 clarescente,
602 852 791 908 relicta
838 849 1141 906 idololatria
1193 859 1356 919 atque
1402 847 1783 918 superstitione

199 948 409 1022 gentili,
445 945 513 1000 ad
555 944 922 1000 Christianam
966 943 1278 1013 religionem
1320 941 1565 997 conversi
1616 949 1779 1006 sunt;

201 1038 346 1108 quod
376 1050 473 1091 eos
497 1035 590 1105 qui
622 1034 903 1104 passiones
946 1041 1257 1087 sanctorum
1293 1039 1454 1101 atque
1484 1031 1785 1100 triumphos

201 1138 508 1199 martyrum
556 1126 763 1195 legunt,
815 1124 1040 1179 minime
1089 1123 1250 1189 latet;
1292 1123 1521 1191 indeque
1567 1135 1664 1191 per
1692 1120 1783 1175 Dei

201 1220 632 1278 misericordiam
672 1217 1030 1272 numerositas
1050 1215 1290 1285 quotidie
1315 1215 1509 1271 crescit
1548 1214 1783 1270 ﬁdelium

200 1323 257 1368 et
285 1320 440 1381 septa
455 1309 731 1380 replentur
754 1307 1030 1363 Ecclesiae.
1058 1306 1346 1362 Christiani
1372 1307 1517 1362 enim
1554 1305 1787 1360 nominis

206 1402 364 1472 vigor
390 1401 445 1454 in
477 1407 589 1453 toto
616 1399 750 1453 orbe
793 1406 1061 1452 terrarum
1090 1395 1396 1451 inﬁdelibus
1435 1402 1696 1450 terrorem
1734 1404 1789 1449 et

203 1490 556 1547 credentibus
600 1490 805 1545 excitat
844 1487 1119 1559 gaudium.
1160 1488 1236 1542 De
1278 1502 1388 1557 quo
1429 1502 1528 1557 per
1566 1486 1789 1541 Psalmi-

204 1591 348 1638 stam
389 1580 631 1636 dicitur:
664 1597 684 1631 ‹
720 1578 936 1633 Timeat
963 1577 1249 1632 Dominum
1288 1578 1465 1633 omnis
1495 1585 1660 1633 terra.
1707 1576 1789 1632 Ab

202 1676 327 1745 ipso
377 1679 557 1727 autem
606 1678 1052 1727 commoveantur
1097 1669 1331 1724 universi
1383 1676 1437 1725 et
1470 1684 1659 1724 omnes
1698 1669 1788 1738 qui

201 1766 456 1821 habitant
492 1764 680 1819 orbem
711 1760 883 1834 (Psal.
915 1760 1107 1832 χχχιι).
1143 1781 1161 1813 ι
1197 1761 1263 1813 Et
1303 1761 1469 1814 item:
1507 1779 1526 1811 ι
1559 1760 1789 1814 Laetabi-

1886 593 1905 625 ι
1950 575 2227 629 crescebat
2250 574 2511 643 quotidie,
2554 582 2611 628 et
2647 589 2745 643 per
2784 585 3101 631 cunctorum
3130 591 3227 632 ora
3258 577 3454 631 volita-

1885 686 1904 717 ι
1950 666 2060 720 hat.
2101 686 2120 718 ι
2162 664 2298 732 Quia
2325 675 2633 721 sanctorum
2666 666 2944 720 doctorum
2990 667 3252 726 laudablis
3313 670 3457 723 actio

1879 767 1933 812 et
1958 757 2195 828 potentia
2225 757 2487 810 virtutum
2526 758 2783 811 honorem
2818 759 3076 826 grandem
3107 765 3161 813 et
3205 774 3429 814 reveren

1881 849 2009 903 tiam
2059 847 2245 901 tribuit
2275 847 2601 901 multitudini
2648 846 2902 901 ﬁdelium.
2939 846 3090 903 Unde
3131 849 3183 903 in
3233 848 3459 903 Actibus

1884 938 2265 1008 apostolorum,
2295 937 2385 991 ubi
2425 937 2526 1006 ipsi
2562 936 2721 1006 primi
2754 937 3134 1006 prmdicatures
3182 936 3455 1006 Evangelii

1884 1031 2141 1087 doctrinae
2162 1030 2309 1085 verbi
2345 1031 2437 1085 Dei
2465 1039 2519 1084 et
2543 1031 2808 1084 curationi
2847 1046 3067 1098 Operam
3096 1031 3226 1085 dare
3272 1030 3456 1100 legun-

1885 1136 1991 1189 tur,
2046 1126 2304 1194 scriptum
2349 1132 2471 1178 est:
2511 1142 2527 1175 ι
2565 1124 2732 1178 Erant
2768 1126 2910 1178 enim
2954 1132 3366 1194 perseverantes
3404 1123 3458 1177 in

1886 1215 2127 1271 doctrina
2159 1215 2547 1284 apostolorum,
2578 1224 2631 1268 ct
2659 1216 3149 1269 communicatione
3180 1215 3464 1269 fractionis

1885 1307 2041 1376 panis
2085 1314 2138 1360 et
2183 1305 2541 1360 Orationibus.
2589 1304 2629 1359 F
2637 1305 2777 1359 iebat
2826 1306 2971 1359 omni
3031 1307 3223 1359 animae
3279 1306 3461 1368 timor,

1838 1469 1843 1475 '
1887 1395 2052 1450 multa
2082 1410 2294 1464 quoque
2344 1394 2581 1465 prodigia
2633 1405 2687 1449 et
2741 1396 2892 1466 signa
2924 1411 3019 1465 per
3063 1396 3335 1465 apostolos
3376 1397 3467 1450 ﬁc-

1887 1486 2018 1541 bant
2050 1485 2107 1538 in
2140 1483 2465 1549 Jerusalem,
2488 1495 2545 1539 et
2574 1494 2749 1540 metus
2776 1495 2893 1540 erat
2915 1502 3142 1555 magnus
3172 1487 3222 1539 in
3254 1487 3467 1539 univer-

1890 1576 1967 1631 sis
1993 1574 2128 1647 (Acl.
2167 1574 2249 1646 ιι).
2283 1596 2300 1627 ι
2330 1576 2397 1630 Ει
2432 1577 2561 1631 item
2597 1596 2608 1630 :
2644 1596 2662 1629 ι
2693 1577 2797 1632 Per
2842 1593 3056 1642 manus,
3109 1578 3303 1647 inquit,
3348 1592 3470 1648 apo-

1891 1667 2149 1721 stolorum
2175 1666 2377 1721 ﬁebant
2399 1667 2550 1737 signa
2575 1676 2627 1721 et
2657 1668 2903 1738 prodigia
2930 1668 3096 1722 multa
3128 1668 3180 1722 in
3210 1669 3386 1738 plebe,
3413 1677 3467 1722 et

1894 1765 2049 1813 erant
2091 1758 2420 1812 unanimiter
2445 1774 2634 1813 omnes
2672 1759 2724 1813 in
2766 1761 2972 1829 porticu
3005 1753 3323 1814 Sidomonis.
3362 1759 3472 1815 Cre-

203 1866 299 1911 tur
318 1856 501 1927 justus
531 1856 584 1908 in
611 1819 858 1919 Domino,
890 1861 945 1907 et
974 1819 1209 1922 sperabit
1230 1852 1283 1905 in
1311 1867 1395 1916 eo,
1420 1860 1477 1906 et
1498 1851 1793 1905 laudabun-
1820 1819 2137 1903 B[terorum
2179 1857 2356 1903 autem
2401 1865 2561 1905 nemo
2603 1852 2836 1906 audebat
2878 1866 2937 1907 se
2970 1852 3299 1923 conjungere
3343 1852 3468 1917 illis,

207 1958 300 2003 tur
326 1959 519 2001 omnes
546 1944 682 1999 recti
709 1945 871 1999 corde
898 1941 1070 2014 (Ρεαι.
1100 1943 1278 2013 LXIII).
1314 1962 1332 1994 ι
1364 1943 1432 1997 Et
1464 1941 1789 2012 Apostolus:

212 2057 233 2089 ε
264 2038 322 2091 In
350 2035 588 2099 nomine,
629 2035 823 2103 inquit,
876 2034 1001 2088 Jesu
1032 2048 1193 2087 omne
1212 2048 1349 2104 genu
1381 2032 1645 2097 ﬂectatur,
1678 2048 1790 2087 coe-

208 2127 447 2190 lestium,
474 2126 814 2180 terrestrium
842 2132 897 2177 et
934 2122 1289 2184 infernorum,
1331 2131 1386 2177 et
1410 2123 1586 2176 omnis
1610 2122 1790 2191 lingua

209 2216 534 2274 conﬁteatur
555 2216 679 2285 quia
716 2215 977 2271 Dominus
997 2213 1155 2270 Jesus
1176 2214 1229 2268 in
1258 2214 1423 2284 gloria
1453 2222 1538 2268 est
1566 2214 1657 2268 Dei
1694 2214 1796 2269 Pa-

211 2309 311 2364 tris
340 2305 567 2379 (Philip.
599 2304 683 2377 ιι).
722 2325 742 2357 ι

288 2417 308 2450 ι
352 2398 524 2469 Igitur
547 2396 847 2452 duodecimi
872 2397 1092 2457 mensis,
1117 2410 1276 2465 quem
1302 2394 1449 2449 Adar
1473 2396 1651 2449 vocari
1672 2403 1797 2449 ante

217 2506 236 2536 ι
273 2485 391 2554 jam
428 2485 683 2548 diximus,
729 2484 885 2537 tertia
926 2484 1136 2537 decima
1191 2483 1298 2547 die,
1331 2484 1545 2551 quando
1589 2483 1798 2538 cunctis

218 2598 238 2628 ι
280 2577 485 2632 Judzeis
537 2575 841 2631 interfectio
894 2577 1208 2646 parabatur,
1265 2582 1321 2629 et
1373 2576 1555 2629 hostes
1609 2589 1797 2627 eorum

218 2690 237 2720 ι
285 2669 571 2724 inhiabant
608 2668 884 2737 sanguini,
916 2682 1072 2721 versa
1103 2670 1239 2730 vice,
1286 2665 1454 2719 Judati
1492 2664 1799 2734 superiores

220 2781 238 2812 ι
280 2776 407 2816 esse
426 2767 729 2830 emperunt,
752 2767 808 2813 et
834 2774 893 2814 se
912 2759 980 2814 de
1005 2758 1327 2814 adversariis
1348 2758 1641 2812 vindicare.
1661 2757 1799 2811 Con-

222 2875 241 2908 ι
286 2854 606 2926 gregatique
643 2861 768 2908 sunt
814 2868 912 2922 per
952 2852 1191 2922 singulas
1211 2852 1478 2917 civitates,
1516 2852 1711 2922 oppida
1746 2860 1801 2905 et

222 2964 242 2996 ι
288 2944 408 2999 loca
434 2984 451 3009 ,
490 2950 551 2997 ut
595 2942 948 2997 extenderent
996 2957 1187 2995 manus
1230 2950 1418 2996 contra
1467 2942 1714 2996 inimicos
1748 2950 1803 2995 et

226 3055 244 3086 ι
291 3040 675 3105 persecutores
702 3047 850 3098 suos,
884 3031 1169 3101 nullusque
1198 3046 1359 3086 ausus
1393 3040 1478 3087 est
1524 3033 1801 3096 resistere,

226 3141 246 3172 ι
291 3137 358 3177 eo
385 3122 532 3190 quod
560 3135 751 3177 omnes
781 3114 1007 3193 populos
1034 3122 1421 3191 magnitudinis
1467 3136 1653 3177 eorum
1694 3121 1804 3175 for-

1898 1939 1991 1994 sed
2024 1939 2518 2010 magniﬁcabatcos
2542 1942 2770 2011 populus
2790 1941 2926 2013 (Act.
2961 1943 3035 2012 v).
3069 1964 3086 1995 ι

1974 2048 1992 2081 ι
2030 2029 2215 2099 Itaque
2240 2040 2622 2098 percusserunt
2654 2031 2823 2087 Judaei
2868 2033 3114 2088 inimicos
3154 2048 3280 2089 suos
3318 2034 3499 2104 plaga.

1905 2139 1922 2172 ι
1958 2136 2176 2193 magna,
2207 2129 2263 2176 et
2284 2122 2598 2176 occiderunt
2644 2138 2761 2189 eos,
2788 2124 3075 2180 reddentes
3097 2126 3177 2181 eis
3202 2127 3343 2195 quod
3372 2127 3473 2179 sibi

1905 2227 1924 2261 ι
1952 2217 2276 2279 paraverant
2323 2209 2523 2278 facere,
2568 2212 2622 2266 in
2660 2220 2887 2278 tantum,
2931 2222 2990 2267 ut
3031 2215 3192 2268 etiam
3235 2215 3287 2269 in
3321 2214 3476 2270 Susis

1904 2320 1923 2353 ι
1955 2302 2279 2371 quingentos
2317 2301 2465 2357 viros
2501 2302 2870 2358 interﬁcerent
2899 2312 3052 2358 extra
3096 2305 3281 2359 decem
3338 2304 3476 2359 ﬁlius

1906 2411 1924 2444 ι
1955 2392 2127 2446 Aman
2175 2392 2414 2464 Agagitze
2468 2394 2641 2449 hostis
2698 2380 3023 2450 Judmorum.
3070 2415 3088 2448 ι
3140 2395 3276 2461 Quid
3333 2397 3477 2464 quod

1899 2482 2068 2538 Judazi
2101 2484 2286 2538 hostes
2319 2499 2444 2538 suos
2481 2495 2866 2554 persequentes
2898 2486 3222 2558 quingentos
3244 2487 3389 2541 viros
3420 2488 3473 2541 in

1902 2574 2056 2630 Susis
2105 2574 2441 2631 interfecisse
2496 2576 2767 2646 leguntur,
2817 2576 3058 2646 exceptis
3115 2577 3303 2633 decem
3354 2577 3477 2631 ﬁliis

1899 2666 2096 2732 Aman,
2132 2682 2268 2735 quos
2302 2667 2354 2721 in
2398 2666 2652 2738 patibulis
2699 2668 3019 2738 afﬁgebant?
3046 2670 3148 2724 nisi
3200 2670 3341 2739 quod
3370 2685 3475 2724 non

1902 2756 2074 2810 solum
2115 2756 2171 2810 in
2222 2758 2472 2827 gentibus
2514 2773 2704 2813 onmes
2746 2759 2983 2827 operarii
3035 2760 3336 2827 iniquitatis
3384 2759 3477 2827 qui

1901 2856 2252 2916 perseverant
2295 2849 2349 2902 in
2380 2849 2585 2903 malitia
2634 2865 2729 2905 sua
2755 2891 2770 2915 ,
2802 2865 2902 2905 ncc
2931 2851 2997 2905 de
3050 2851 3283 2919 peccatis
3306 2849 3480 2919 νωιιί-

1905 2920 2128 2991 ῑόιιιὶειιιι
2151 2952 2312 3008 agere
2333 2937 2536 3003 volunt,
2568 2954 2745 3008 neque
2770 2939 3147 2994 remissionem
3163 2938 3477 2994 delictorum

1906 3041 2125 3081 suorum
2155 3043 2253 3097 per
2275 3026 2506 3098 Spiritus
2530 3029 2701 3083 sancti
2728 3030 2956 3097 gratiam
2988 3030 3236 3099 accipere
3265 3038 3478 3094 curant,

1909 3117 2254 3173 detestabiles
2303 3126 2359 3172 et
2410 3119 2553 3190 digni
2604 3120 2947 3176 damnatione
2990 3122 3185 3192 populo
3229 3122 3324 3176 Dei
3361 3138 3481 3177 esse

224 3231 245 3264 ι
292 3213 443 3267 mido
469 3220 803 3282 penetrarat.
841 3232 860 3265 ι
901 3212 1261 3267 Duodecimus
1289 3212 1511 3278 mensis,
1543 3221 1601 3266 ut
1641 3227 1804 3283 supra
1831 3210 1875 3234 υ
1905 3210 2189 3276 videntur;
2218 3211 2313 3266 sed
2336 3210 2499 3266 etiam
2526 3212 2625 3282 ipsi
2680 3214 2925 3269 carnales
2961 3213 3149 3280 Judzni,
3183 3223 3486 3284 transgres-

218 3302 452 3369 dictum,
474 3303 824 3358 novissimam
846 3310 1059 3358 aetatem
1074 3302 1254 3357 saeculi
1277 3302 1566 3372 signiﬁcat,
1588 3304 1805 3372 quando
1904 3319 2057 3359 sores
2094 3304 2299 3360 scilicet
2334 3305 2573 3376 decalogi
2608 3304 2743 3376 legis
2774 3304 3041 3371 Mosaicm,
3067 3314 3275 3360 reatum
3306 3305 3484 3360 crucis

224 3397 532 3453 incamatio
560 3396 702 3450 facta
718 3401 800 3449 est
826 3394 1226 3465 Redemptoris,
1257 3402 1312 3450 et
1335 3394 1612 3466 Evangelii
1638 3396 1807 3465 ipsius
1904 3392 2126 3459 Christi,
2158 3409 2319 3463 quem
2344 3409 2411 3449 ex
2438 3394 2663 3465 perﬁdia
2691 3411 2789 3450 sua
2816 3396 2870 3449 in
2905 3396 3155 3466 passione
3183 3395 3354 3466 ipsius
3384 3394 3486 3450 sibi

223 3487 542 3558 praedicatio
569 3493 680 3541 toto
700 3486 832 3541 orbe
857 3483 1225 3540 disseminata.
1270 3484 1532 3540 Similiter
1560 3494 1615 3540 et
1643 3486 1801 3540 tertia

229 3576 445 3631 decima
489 3575 605 3630 dies
645 3575 817 3629 lucem
848 3574 972 3629 ﬁdei
1016 3589 1081 3630 ac
1106 3575 1371 3630 bonorum
1412 3590 1657 3645 operum,
1687 3590 1809 3645 quae

226 3664 617 3735 praedicatione
638 3663 951 3734 evangelica
983 3664 1040 3719 in
1072 3664 1314 3721 Ecclesia
1340 3680 1439 3735 per
1467 3665 1652 3722 ﬁdeles
1676 3682 1811 3737 quo—

230 3755 364 3811 tidie
413 3755 683 3825 expletur,
729 3755 989 3811 declarat.
1047 3756 1183 3811 Nam
1237 3758 1559 3816 duodecimo
1604 3776 1807 3827 mense,

236 3867 256 3901 ι
277 3849 437 3904 tertia
455 3847 663 3903 decima
689 3847 775 3903 die
794 3849 1015 3915 mensis,
1047 3850 1264 3919 quando
1285 3850 1491 3905 cunctis
1509 3850 1707 3907 Iudaeis
1731 3853 1813 3906 in-

237 3939 487 3997 terfectio
516 3941 827 4008 parabatur,
858 3947 915 3996 et
942 3942 1128 3999 hostes
1153 3958 1338 3998 eorum
1374 3942 1654 3998 inhiabant
1693 3959 1815 3998 san-

229 4029 407 4099 guini,
437 4042 595 4085 versa
627 4030 745 4086 vice
773 4031 877 4101 ipsi
921 4032 1089 4088 Judaai
1137 4035 1445 4104 superiores
1483 4049 1604 4090 esse
1630 4049 1813 4103 caepe-

230 4130 384 4181 ruut,
433 4125 489 4172 et
534 4131 592 4173 se
617 4118 683 4173 de
726 4120 1050 4177 adversariis
1082 4122 1392 4188 vindicare;
1424 4142 1444 4174 ι
1476 4123 1603 4193 quia
1642 4131 1816 4179 cintus

235 4206 499 4273 ﬁdelium,
535 4207 590 4261 in
618 4223 725 4277 quo
748 4217 830 4264 est
865 4224 995 4265 vera
1025 4210 1293 4267 confessio
1326 4220 1487 4268 rectae
1515 4213 1659 4279 ﬁdei,
1690 4213 1819 4268 licet

238 4298 430 4352 hostes
471 4306 531 4352 et
556 4308 933 4369 persecutores
971 4302 1207 4357 nominis
1228 4302 1428 4359 Christi
1479 4305 1677 4375 ubique
1712 4304 1818 4361 illis

234 4390 647 4460 persecutiones
697 4391 937 4446 excitent
995 4400 1052 4447 et
1103 4407 1199 4448 eos
1249 4395 1554 4465 opprimere
1599 4405 1820 4451 conten-

1904 3490 2313 3551 contraxerunt,
2353 3485 2498 3554 juste
2532 3476 2730 3540 inferni
2762 3486 3063 3541 cruciatum
3102 3486 3369 3541 sustinere
3392 3502 3485 3540 εον

1907 3585 2123 3648 gentur,
2171 3592 2273 3632 nec
2298 3578 2436 3633 ullus
2471 3577 2538 3633 de
2576 3592 2803 3633 numero
2850 3578 3141 3634 electorum
3188 3578 3488 3632 communi~

1909 3685 2035 3725 care
2088 3683 2276 3724 eorum
2326 3670 2580 3739 nequitia:
2631 3679 2726 3725 aut
2783 3678 2935 3725 actus
2991 3669 3253 3724 nefandos
3283 3667 3486 3721 imitari

1909 3759 2178 3831 dignatur.
2213 3759 2367 3815 Unde
2416 3761 2610 3815 merito
2651 3760 2898 3815 subditur
2926 3758 3068 3830 quod
3114 3756 3309 3823 Judzei,
3360 3771 3484 3811 cum

1909 3852 2092 3907 hostes
2113 3842 2239 3905 suos
2266 3850 2611 3915 occidissent,
2637 3851 2844 3919 prmdas
2869 3863 2935 3904 ex
2953 3849 3270 3904 substantiis
3300 3860 3487 3902 eorum

1915 3949 2134 4011 tangere
2155 3947 2210 3993 et
2233 3954 2396 4008 agere
2425 3939 2717 3993 noluerint.

1989 4050 2009 4083 ‹
2042 4031 2347 4102 Statimque
2371 4045 2628 4086 numerus
2671 4045 2861 4086 eorum
2903 4030 2994 4100 qui
3043 4030 3209 4085 occisi
3245 4038 3403 4084 erant
3433 4029 3486 4083 in

1920 4142 1940 4175 ε
1970 4122 2147 4189 Susis,
2186 4124 2253 4177 ad
2280 4138 2462 4193 regem
2491 4121 2692 4177 relatus
2718 4130 2817 4185 est,
2851 4120 2943 4190 qui
2983 4120 3121 4175 dixit
3160 4120 3357 4189 regina:
3386 4135 3399 4171 :
3430 4116 3491 4172 In

1922 4232 1941 4264 ι
1971 4215 2105 4268 urbe
2138 4211 2292 4268 Susis
2329 4210 2717 4267 interfecerunt
2763 4210 2933 4266 Judazi
2968 4212 3294 4281 quingentos
3321 4210 3489 4273 viros,

1924 4326 1943 4359 ι
1984 4318 2040 4362 et
2068 4307 2202 4362 alios
2240 4307 2425 4362 decem
2471 4306 2608 4361 ﬁlios
2636 4306 2829 4370 Aman,
2884 4312 3142 4375 quantum
3193 4314 3351 4374 putas
3398 4318 3495 4358 eos

1926 4415 1945 4449 ι
1981 4411 2235 4453 exercere
2284 4396 2485 4450 caedem
2528 4394 2584 4449 in
2636 4394 2903 4449 universis
2966 4392 3299 4463 provinciis?
3354 4391 3493 4458 Quid

237 4481 392 4546 dant,
577 4488 789 4573 tamen,
826 4483 1001 4573 gratia
1047 4482 1145 4538 Dei
1191 4483 1381 4553 adiuti,
1429 4494 1485 4542 et
1529 4486 1816 4543 confortati
1841 4512 1896 4573 Β
1926 4504 1944 4536 ι
1975 4485 2119 4539 ultra
2162 4483 2437 4555 postulas;
2481 4489 2538 4538 et
2588 4482 2716 4552 quid
2758 4497 2778 4535 ι
2803 4483 2844 4537 is
2879 4490 2939 4536 ut
2962 4481 3084 4573 ﬁeri
3112 4479 3494 4573 jubeam‘lCui

235 4578 396 4626 scuto
425 4569 550 4625 ﬁdei
579 4578 635 4625 et
657 4571 826 4626 armis
844 4571 1084 4642 iustitiae,
1127 4575 1467 4632 adversarios
1506 4592 1634 4634 suos
1659 4594 1819 4649 supe-

236 4668 364 4716 rant
399 4674 466 4715 ac
493 4669 752 4730 troparum
784 4660 966 4732 gloriae
994 4663 1061 4719 de
1084 4664 1165 4719 eis
1193 4673 1492 4735 reportant,
1522 4682 1645 4722 cum
1676 4668 1817 4734 illos,

237 4751 474 4821 repulsis
502 4751 758 4821 nequitiis
785 4752 1152 4822 spiritualihus
1174 4762 1229 4810 et
1248 4770 1498 4811 errorum
1523 4757 1817 4813 seminato-

235 4840 393 4894 ribus
421 4840 515 4908 qui
540 4853 635 4894 eos
673 4854 770 4910 per
801 4842 954 4896 varia
987 4843 1119 4898 vitia
1148 4845 1497 4911 seducebant,
1543 4848 1612 4901 ad
1641 4846 1820 4903 lucem

237 4926 367 4983 ﬁdei
404 4935 730 4983 convertunt
778 4937 833 4984 et
878 4931 1172 5001 participes
1226 4933 1414 5002 gratiae
1465 4933 1667 4989 Christi
1706 4936 1821 4992 eiii-

234 5019 419 5075 ciunt.
453 5037 473 5071 ι
501 5018 797 5091 Nullusque
820 5021 901 5076 eis
924 5022 1178 5077 resistere
1198 5032 1281 5077 est
1306 5038 1489 5079 ausus.
1520 5044 1540 5076 ι
1569 5024 1704 5092 Quia
1729 5040 1823 5096 pa-

237 5125 346 5165 vor
376 5108 676 5178 maiestatis
703 5112 913 5176 divinae,
952 5128 1073 5183 qua:
1108 5113 1384 5170 miraculis
1417 5118 1825 5174 coruscantibus

241 5204 301 5258 in
334 5199 580 5255 Ecclesia
605 5200 935 5267 declaratur,
971 5203 1269 5259 carnalium
1297 5206 1462 5260 corda
1490 5207 1665 5263 valide
1690 5224 1823 5263 con-

237 5291 408 5356 cutit,
451 5299 509 5344 et
527 5291 597 5346 ad
637 5291 932 5347 cedendum
959 5295 1125 5350 verbo
1168 5295 1261 5351 Dei
1287 5299 1581 5368 compellit,
1621 5300 1689 5356 de
1718 5318 1824 5372 quo

237 5395 302 5442 et
324 5386 718 5442 convenienter
740 5387 986 5442 subditur
1011 5405 1025 5441 :

325 5496 349 5527 ι
392 5475 531 5531 Nam
577 5483 635 5531 et
664 5478 1062 5547 provinciarum
1085 5476 1317 5546 iudices,
1350 5481 1514 5538 duces
1538 5491 1593 5537 et
1634 5499 1828 5553 procu-

1927 4595 1946 4627 ι
1980 4575 2069 4630 illa
2112 4574 2425 4645 respondit:
2462 4573 2520 4628 Si
2556 4575 2667 4644 regi
2700 4574 2895 4644 placet,
2939 4572 3097 4627 detur
3134 4568 3497 4642 potestas‘Ju-

1928 4687 1949 4720 ι
1983 4667 2114 4723 ἀπεὶς
2141 4675 2218 4731 ut,
2251 4668 2389 4723 sicut
2422 4667 2580 4722 hodie
2614 4668 2861 4722 fecerunt
2888 4667 2942 4720 in
2973 4665 3147 4730 Susis,
3188 4665 3268 4720 sic
3293 4673 3347 4720 et
3374 4679 3496 4719 cras

1929 4778 1947 4809 ι
1987 4757 2208 4823 faciant,
2236 4767 2289 4812 et
2318 4757 2501 4812 decem
2546 4756 2639 4811 ﬁlii
2681 4756 2853 4810 Aman
2899 4756 2954 4810 in
3002 4754 3255 4825 patibulis
3278 4768 3499 4824 suspen-

1926 4866 1947 4899 ι
1973 4849 2191 4902 dantur.
2235 4846 2603 4918 Praecepitque
2660 4862 2757 4902 rex
2805 4855 2866 4900 ut
2914 4848 2987 4901 ita
3014 4847 3189 4911 ﬁeret,
3227 4865 3248 4898 ι
3284 4854 3388 4901 etc.
3413 4845 3499 4900 In-

1924 4937 2092 4993 tentio
2117 4938 2233 4992 haec
2275 4937 2473 5007 reginae
2513 4937 2729 5003 Esther,
2787 4952 2894 5007 qua
2932 4938 3116 4993 hostes
3170 4953 3298 4992 suos
3323 4937 3500 4993 valide

1923 5029 2134 5096 insequi
2165 5036 2220 5082 et
2254 5028 2555 5098 exstirpare
2584 5030 2896 5094 contendit,
2941 5030 3175 5085 studium
3208 5039 3372 5100 atque
3411 5043 3491 5085 so-

1922 5118 2133 5172 lertiam
2175 5133 2316 5174 vera:
2348 5119 2566 5189 regium,
2608 5121 2714 5175 hoc
2750 5129 2833 5174 est
2863 5128 3066 5177 sanctae
3107 5121 3383 5187 Ecclesiae,
3407 5136 3503 5175 ex—

1923 5211 2128 5280 primit,
2155 5225 2273 5280 quae
2299 5211 2481 5267 hostes
2508 5227 2635 5267 suos
2656 5214 2773 5268 sine
2802 5215 3102 5269 cessatione
3135 5215 3497 5290 persequitur,

1924 5310 1980 5357 et
2010 5301 2252 5358 funditus
2277 5312 2621 5373 prosternere
2658 5314 2821 5375 atque
2859 5307 2960 5361 sibi
3005 5305 3273 5375 subjicere
3290 5310 3496 5364 «certat.

1929 5389 2095 5459 Cujus
2148 5406 2283 5447 voce
2335 5407 2435 5463 per
2476 5393 2820 5450 Psalmistam
2877 5396 3120 5451 dicitur:
3157 5414 3174 5446 ι
3201 5394 3502 5461 Persequar

1893 5480 2178 5536 .inimicos
2218 5498 2388 5547 meos,
2420 5491 2476 5538 et
2501 5485 2956 5555 comprehendam
2993 5486 3129 5549 illos,
3161 5493 3342 5537 etnon
3367 5495 3499 5533 con-

246 5588 268 5621 ι
321 5576 559 5632 ratores,
598 5568 882 5637 omnisque
915 5568 1147 5639 dignitas
1176 5585 1297 5639 qua:
1340 5571 1565 5641 singulis
1606 5572 1740 5627 locis
1766 5588 1833 5628 ac
1932 5579 2119 5626 Vertar
2142 5574 2312 5627 donec
2343 5573 2637 5629 deﬁciant:
2679 5574 2908 5645 aﬁligam
2936 5576 3075 5639 illos,
3113 5588 3212 5627 nec
3248 5578 3501 5639 poterunt

246 5678 268 5707 ε
311 5656 574 5726 operibus
597 5664 846 5727 praeerat,
872 5658 1203 5714 extollebant
1236 5659 1449 5716 Iudaeos
1477 5661 1666 5718 timore
1690 5662 1831 5717 Mar-

250 5765 272 5798 ι
317 5745 555 5812 dochmi,
579 5762 739 5817 quem
767 5748 1063 5818 principem
1103 5764 1221 5805 esse
1246 5750 1430 5818 palatii
1463 5761 1518 5806 et
1544 5751 1830 5820 plurimum

1933 5670 2080 5716 stare
2105 5660 2277 5733 (Psal.
2307 5662 2464 5733 xvu).
2495 5683 2515 5717 ι
2544 5664 2675 5731 Qua:
2710 5657 2941 5735 primum
2995 5666 3317 5735 quingentos
3356 5663 3502 5718 viros

1936 5753 1989 5808 in
2024 5752 2175 5808 Susis
2201 5793 2215 5818 ,
2243 5752 2435 5808 deinde
2474 5761 2745 5809 trecentos
2773 5756 2997 5820 occidit;
3030 5755 3151 5820 quia
3188 5770 3293 5810 non
3331 5755 3499 5810 solum
