  <div class='ocr_page' id='page_1' title='image "/cluster/home/n/w/nwhite01/storage/ocr_20150623/109/hvd.32044054759741/339.png"; bbox 0 0 3928 6176; ppageno 0'>
   <div class='ocr_carea' id='block_1_1' title="bbox 476 420 580 477">
    <p class='ocr_par' dir='ltr' id='par_1_1' title="bbox 476 420 580 477">
     <span class='ocr_line' id='line_1_1' title="bbox 476 420 580 477; baseline -0.01 0"><span class='ocrx_word' id='word_1_1' title='bbox 476 420 580 477; x_wconf 76' lang='lat'><strong>667</strong></span> 
     </span>
    </p>
   </div>
   <div class='ocr_carea' id='block_1_2' title="bbox 1121 418 3074 479">
    <p class='ocr_par' dir='ltr' id='par_1_2' title="bbox 1121 418 3074 479">
     <span class='ocr_line' id='line_1_2' title="bbox 1121 418 3074 479; baseline 0.004 -7"><span class='ocrx_word' id='word_1_2' title='bbox 1121 419 1180 474; x_wconf 84' lang='grc' dir='ltr'><strong>Β.</strong></span> <span class='ocrx_word' id='word_1_3' title='bbox 1222 418 1476 475; x_wconf 68' lang='lat' dir='ltr'><strong>RABANI</strong></span> <span class='ocrx_word' id='word_1_4' title='bbox 1518 419 1734 476; x_wconf 72' lang='lat' dir='ltr'><strong>MAURI</strong></span> <span class='ocrx_word' id='word_1_5' title='bbox 1775 418 2092 475; x_wconf 72' lang='lat' dir='ltr'><strong>AllClllEP.</strong></span> <span class='ocrx_word' id='word_1_6' title='bbox 2138 419 2451 477; x_wconf 79' lang='lat' dir='ltr'><strong>MOGUNT.</strong></span> <span class='ocrx_word' id='word_1_7' title='bbox 2494 420 2779 478; x_wconf 77' lang='lat' dir='ltr'><strong>OPERUM</strong></span> <span class='ocrx_word' id='word_1_8' title='bbox 2817 420 2997 478; x_wconf 81' lang='lat' dir='ltr'><strong>PARS</strong></span> <span class='ocrx_word' id='word_1_9' title='bbox 3033 422 3074 479; x_wconf 83' lang='grc' dir='ltr'><strong>ἰ.</strong></span> 
     </span>
    </p>
   </div>
   <div class='ocr_carea' id='block_1_3' title="bbox 3642 423 3740 481">
    <p class='ocr_par' dir='ltr' id='par_1_3' title="bbox 3642 423 3740 481">
     <span class='ocr_line' id='line_1_3' title="bbox 3642 423 3740 481; baseline 0 0"><span class='ocrx_word' id='word_1_10' title='bbox 3642 423 3740 481; x_wconf 76' lang='lat'><strong>668</strong></span> 
     </span>
    </p>
   </div>
   <div class='ocr_carea' id='block_1_4' title="bbox 473 533 3742 606">
    <p class='ocr_par' dir='ltr' id='par_1_4' title="bbox 473 533 3742 606">
     <span class='ocr_line' id='line_1_4' title="bbox 473 533 3742 606; baseline -0.001 -13"><span class='ocrx_word' id='word_1_11' title='bbox 473 536 597 593; x_wconf 86' lang='lat' dir='ltr'><strong>illos</strong></span> <span class='ocrx_word' id='word_1_12' title='bbox 631 536 723 606; x_wconf 89' lang='lat' dir='ltr'><strong>qui</strong></span> <span class='ocrx_word' id='word_1_13' title='bbox 744 536 810 592; x_wconf 87' lang='lat' dir='ltr'><strong>de</strong></span> <span class='ocrx_word' id='word_1_14' title='bbox 836 544 1071 606; x_wconf 76' lang='lat' dir='ltr'><strong>peccatis</strong></span> <span class='ocrx_word' id='word_1_15' title='bbox 1109 534 1223 589; x_wconf 87' lang='lat' dir='ltr'><strong>suis</strong></span> <span class='ocrx_word' id='word_1_16' title='bbox 1250 535 1625 604; x_wconf 70' lang='lat' dir='ltr'><strong>paenitentiam</strong></span> <span class='ocrx_word' id='word_1_17' title='bbox 1653 549 1814 605; x_wconf 84' lang='lat' dir='ltr'><strong>agerc</strong></span> <span class='ocrx_word' id='word_1_18' title='bbox 1835 534 2044 600; x_wconf 89' lang='lat' dir='ltr'><strong>nolunt,</strong></span> <span class='ocrx_word' id='word_1_19' title='bbox 2075 539 2123 595; x_wconf 84' lang='grc' dir='ltr'><strong>Α</strong></span> <span class='ocrx_word' id='word_1_20' title='bbox 2153 533 2245 588; x_wconf 89' lang='lat' dir='ltr'><strong>Dei</strong></span> <span class='ocrx_word' id='word_1_21' title='bbox 2269 535 2556 590; x_wconf 88' lang='lat' dir='ltr'><strong>descendet</strong></span> <span class='ocrx_word' id='word_1_22' title='bbox 2582 536 2648 591; x_wconf 94' lang='lat' dir='ltr'><strong>de</strong></span> <span class='ocrx_word' id='word_1_23' title='bbox 2676 536 2830 599; x_wconf 75' lang='lat' dir='ltr'><strong>cmlo,</strong></span> <span class='ocrx_word' id='word_1_24' title='bbox 2857 545 2913 591; x_wconf 88' lang='lat' dir='ltr'><strong>et</strong></span> <span class='ocrx_word' id='word_1_25' title='bbox 2938 536 3137 593; x_wconf 90' lang='lat' dir='ltr'><strong>mortui</strong></span> <span class='ocrx_word' id='word_1_26' title='bbox 3158 536 3250 606; x_wconf 90' lang='lat' dir='ltr'><strong>qul</strong></span> <span class='ocrx_word' id='word_1_27' title='bbox 3276 536 3329 591; x_wconf 89' lang='lat' dir='ltr'><strong>in</strong></span> <span class='ocrx_word' id='word_1_28' title='bbox 3356 536 3581 591; x_wconf 89' lang='lat' dir='ltr'><strong>Christo</strong></span> <span class='ocrx_word' id='word_1_29' title='bbox 3596 547 3742 601; x_wconf 87' lang='lat' dir='ltr'><strong>sunt,</strong></span> 
     </span>
    </p>
   </div>
   <div class='ocr_carea' id='block_1_5' title="bbox 474 625 2055 698">
    <p class='ocr_par' dir='ltr' id='par_1_5' title="bbox 474 625 2055 698">
     <span class='ocr_line' id='line_1_5' title="bbox 474 625 2055 698; baseline -0.003 -12"><span class='ocrx_word' id='word_1_30' title='bbox 474 629 571 685; x_wconf 82' lang='lat' dir='ltr'><strong>sed</strong></span> <span class='ocrx_word' id='word_1_31' title='bbox 592 629 755 684; x_wconf 90' lang='lat' dir='ltr'><strong>etiam</strong></span> <span class='ocrx_word' id='word_1_32' title='bbox 810 627 955 698; x_wconf 91' lang='lat' dir='ltr'><strong>ipsos</strong></span> <span class='ocrx_word' id='word_1_33' title='bbox 996 626 1087 696; x_wconf 88' lang='lat' dir='ltr'><strong>qui</strong></span> <span class='ocrx_word' id='word_1_34' title='bbox 1128 625 1287 681; x_wconf 92' lang='lat' dir='ltr'><strong>ﬁdem</strong></span> <span class='ocrx_word' id='word_1_35' title='bbox 1327 636 1530 682; x_wconf 63' lang='lat' dir='ltr'><strong>sancta:</strong></span> <span class='ocrx_word' id='word_1_36' title='bbox 1574 625 1857 681; x_wconf 80' lang='lat' dir='ltr'><strong>Trinitatis</strong></span> <span class='ocrx_word' id='word_1_37' title='bbox 1895 626 2055 681; x_wconf 89' lang='lat' dir='ltr'><strong>bonis</strong></span> 
     </span>
    </p>
   </div>
   <div class='ocr_carea' id='block_1_6' title="bbox 2159 627 3747 698">
    <p class='ocr_par' dir='ltr' id='par_1_6' title="bbox 2159 627 3747 698">
     <span class='ocr_line' id='line_1_6' title="bbox 2159 627 3747 698; baseline 0.001 -17"><span class='ocrx_word' id='word_1_38' title='bbox 2159 636 2444 698; x_wconf 90' lang='lat' dir='ltr'><strong>resurgent</strong></span> <span class='ocrx_word' id='word_1_39' title='bbox 2471 628 2651 698; x_wconf 83' lang='lat' dir='ltr'><strong>primi,</strong></span> <span class='ocrx_word' id='word_1_40' title='bbox 2679 627 2874 684; x_wconf 89' lang='lat' dir='ltr'><strong>deinde</strong></span> <span class='ocrx_word' id='word_1_41' title='bbox 2914 644 3013 683; x_wconf 92' lang='lat' dir='ltr'><strong>nos</strong></span> <span class='ocrx_word' id='word_1_42' title='bbox 3037 628 3130 697; x_wconf 90' lang='lat' dir='ltr'><strong>qui</strong></span> <span class='ocrx_word' id='word_1_43' title='bbox 3152 627 3402 691; x_wconf 80' lang='lat' dir='ltr'><strong>vivimus,</strong></span> <span class='ocrx_word' id='word_1_44' title='bbox 3426 628 3521 697; x_wconf 85' lang='lat' dir='ltr'><strong>qui</strong></span> <span class='ocrx_word' id='word_1_45' title='bbox 3554 627 3747 697; x_wconf 85' lang='lat' dir='ltr'><strong>reliqui</strong></span> 
     </span>
    </p>
   </div>
   <div class='ocr_carea' id='block_1_7' title="bbox 471 718 3744 791">
    <p class='ocr_par' dir='ltr' id='par_1_7' title="bbox 471 718 3744 791">
     <span class='ocr_line' id='line_1_7' title="bbox 471 718 3744 791; baseline -0.001 -14"><span class='ocrx_word' id='word_1_46' title='bbox 471 719 728 791; x_wconf 82' lang='lat' dir='ltr'><strong>operibus</strong></span> <span class='ocrx_word' id='word_1_47' title='bbox 757 718 1020 773; x_wconf 87' lang='lat' dir='ltr'><strong>adornarc</strong></span> <span class='ocrx_word' id='word_1_48' title='bbox 1044 718 1337 788; x_wconf 83' lang='lat' dir='ltr'><strong>negligunt,</strong></span> <span class='ocrx_word' id='word_1_49' title='bbox 1371 718 1562 788; x_wconf 89' lang='lat' dir='ltr'><strong>dignos</strong></span> <span class='ocrx_word' id='word_1_50' title='bbox 1592 725 1851 787; x_wconf 89' lang='lat' dir='ltr'><strong>perpetua</strong></span> <span class='ocrx_word' id='word_1_51' title='bbox 1881 725 2057 771; x_wconf 90' lang='lat' dir='ltr'><strong>morte</strong></span> <span class='ocrx_word' id='word_1_52' title='bbox 2156 736 2370 785; x_wconf 91' lang='lat' dir='ltr'><strong>sumus,</strong></span> <span class='ocrx_word' id='word_1_53' title='bbox 2396 721 2557 775; x_wconf 88' lang='lat' dir='ltr'><strong>simul</strong></span> <span class='ocrx_word' id='word_1_54' title='bbox 2590 720 2864 791; x_wconf 87' lang='lat' dir='ltr'><strong>rapiemur</strong></span> <span class='ocrx_word' id='word_1_55' title='bbox 2887 736 3011 774; x_wconf 90' lang='lat' dir='ltr'><strong>cum</strong></span> <span class='ocrx_word' id='word_1_56' title='bbox 3040 719 3145 774; x_wconf 82' lang='lat' dir='ltr'><strong>illis</strong></span> <span class='ocrx_word' id='word_1_57' title='bbox 3175 719 3228 773; x_wconf 92' lang='lat' dir='ltr'><strong>in</strong></span> <span class='ocrx_word' id='word_1_58' title='bbox 3250 719 3492 775; x_wconf 90' lang='lat' dir='ltr'><strong>nubibus</strong></span> <span class='ocrx_word' id='word_1_59' title='bbox 3522 719 3744 775; x_wconf 80' lang='lat' dir='ltr'><strong>obviam</strong></span> 
     </span>
    </p>
   </div>
   <div class='ocr_carea' id='block_1_8' title="bbox 475 805 2055 866">
    <p class='ocr_par' dir='ltr' id='par_1_8' title="bbox 475 805 2055 866">
     <span class='ocr_line' id='line_1_8' title="bbox 475 805 2055 866; baseline -0.003 0"><span class='ocrx_word' id='word_1_60' title='bbox 475 809 728 866; x_wconf 79' lang='lat' dir='ltr'><strong>ostendit.</strong></span> <span class='ocrx_word' id='word_1_61' title='bbox 760 807 913 863; x_wconf 79' lang='lat' dir='ltr'><strong>Unde</strong></span> <span class='ocrx_word' id='word_1_62' title='bbox 942 807 1122 862; x_wconf 83' lang='lat' dir='ltr'><strong>evenit</strong></span> <span class='ocrx_word' id='word_1_63' title='bbox 1148 815 1207 861; x_wconf 91' lang='lat' dir='ltr'><strong>ut</strong></span> <span class='ocrx_word' id='word_1_64' title='bbox 1242 808 1382 863; x_wconf 87' lang='lat' dir='ltr'><strong>sicut</strong></span> <span class='ocrx_word' id='word_1_65' title='bbox 1410 805 1580 861; x_wconf 64' lang='lat' dir='ltr'><strong>Judaei</strong></span> <span class='ocrx_word' id='word_1_66' title='bbox 1627 808 1681 861; x_wconf 91' lang='lat' dir='ltr'><strong>in</strong></span> <span class='ocrx_word' id='word_1_67' title='bbox 1709 806 1917 862; x_wconf 90' lang='lat' dir='ltr'><strong>duobus</strong></span> <span class='ocrx_word' id='word_1_68' title='bbox 1938 806 2055 861; x_wconf 88' lang='lat' dir='ltr'><strong>die-</strong></span> 
     </span>
    </p>
   </div>
   <div class='ocr_carea' id='block_1_9' title="bbox 475 897 2057 968">
    <p class='ocr_par' dir='ltr' id='par_1_9' title="bbox 475 897 2057 968">
     <span class='ocr_line' id='line_1_9' title="bbox 475 897 2057 968; baseline -0.001 -14"><span class='ocrx_word' id='word_1_69' title='bbox 475 898 578 955; x_wconf 84' lang='lat' dir='ltr'><strong>bus</strong></span> <span class='ocrx_word' id='word_1_70' title='bbox 619 898 959 968; x_wconf 79' lang='lat' dir='ltr'><strong>septuaginta</strong></span> <span class='ocrx_word' id='word_1_71' title='bbox 1005 898 1245 968; x_wconf 88' lang='lat' dir='ltr'><strong>quinque</strong></span> <span class='ocrx_word' id='word_1_72' title='bbox 1292 897 1455 951; x_wconf 86' lang='lat' dir='ltr'><strong>millia</strong></span> <span class='ocrx_word' id='word_1_73' title='bbox 1502 898 1736 952; x_wconf 88' lang='lat' dir='ltr'><strong>hostium</strong></span> <span class='ocrx_word' id='word_1_74' title='bbox 1772 897 2057 953; x_wconf 79' lang='lat' dir='ltr'><strong>interfece-</strong></span> 
     </span>
    </p>
   </div>
   <div class='ocr_carea' id='block_1_10' title="bbox 473 990 2059 1058">
    <p class='ocr_par' dir='ltr' id='par_1_10' title="bbox 473 990 2059 1058">
     <span class='ocr_line' id='line_1_10' title="bbox 473 990 2059 1058; baseline -0.002 -12"><span class='ocrx_word' id='word_1_75' title='bbox 473 999 619 1058; x_wconf 89' lang='lat' dir='ltr'><strong>runt,</strong></span> <span class='ocrx_word' id='word_1_76' title='bbox 649 991 723 1045; x_wconf 92' lang='lat' dir='ltr'><strong>ita</strong></span> <span class='ocrx_word' id='word_1_77' title='bbox 753 991 1010 1045; x_wconf 81' lang='lat' dir='ltr'><strong>instantia</strong></span> <span class='ocrx_word' id='word_1_78' title='bbox 1031 999 1085 1044; x_wconf 93' lang='lat' dir='ltr'><strong>ct</strong></span> <span class='ocrx_word' id='word_1_79' title='bbox 1106 999 1301 1046; x_wconf 89' lang='lat' dir='ltr'><strong>conatu</strong></span> <span class='ocrx_word' id='word_1_80' title='bbox 1340 990 1577 1046; x_wconf 89' lang='lat' dir='ltr'><strong>ﬁdelium</strong></span> <span class='ocrx_word' id='word_1_81' title='bbox 1613 990 1793 1046; x_wconf 83' lang='lat' dir='ltr'><strong>hostes</strong></span> <span class='ocrx_word' id='word_1_82' title='bbox 1822 990 2059 1044; x_wconf 83' lang='lat' dir='ltr'><strong>universi</strong></span> 
     </span>
    </p>
   </div>
   <div class='ocr_carea' id='block_1_11' title="bbox 2160 809 3747 879">
    <p class='ocr_par' dir='ltr' id='par_1_11' title="bbox 2160 809 3747 879">
     <span class='ocr_line' id='line_1_11' title="bbox 2160 809 3747 879; baseline -0.002 -13"><span class='ocrx_word' id='word_1_83' title='bbox 2160 811 2386 866; x_wconf 90' lang='lat' dir='ltr'><strong>Domino</strong></span> <span class='ocrx_word' id='word_1_84' title='bbox 2416 811 2470 864; x_wconf 90' lang='lat' dir='ltr'><strong>in</strong></span> <span class='ocrx_word' id='word_1_85' title='bbox 2502 826 2651 876; x_wconf 88' lang='lat' dir='ltr'><strong>aere,</strong></span> <span class='ocrx_word' id='word_1_86' title='bbox 2698 819 2754 867; x_wconf 89' lang='lat' dir='ltr'><strong>et</strong></span> <span class='ocrx_word' id='word_1_87' title='bbox 2780 811 2859 866; x_wconf 89' lang='lat' dir='ltr'><strong>sic</strong></span> <span class='ocrx_word' id='word_1_88' title='bbox 2884 825 3099 879; x_wconf 84' lang='lat' dir='ltr'><strong>semper</strong></span> <span class='ocrx_word' id='word_1_89' title='bbox 3126 825 3250 864; x_wconf 89' lang='lat' dir='ltr'><strong>cum</strong></span> <span class='ocrx_word' id='word_1_90' title='bbox 3278 810 3507 865; x_wconf 89' lang='lat' dir='ltr'><strong>Domino</strong></span> <span class='ocrx_word' id='word_1_91' title='bbox 3541 809 3747 864; x_wconf 84' lang='lat' dir='ltr'><strong>erimus</strong></span> 
     </span>
    </p>
   </div>
   <div class='ocr_carea' id='block_1_12' title="bbox 2161 899 2608 972">
    <p class='ocr_par' dir='ltr' id='par_1_12' title="bbox 2161 899 2608 972">
     <span class='ocr_line' id='line_1_12' title="bbox 2161 899 2608 972; baseline -0.002 -19"><span class='ocrx_word' id='word_1_92' title='bbox 2161 900 2212 972; x_wconf 90' lang='lat' dir='ltr'><strong>(I</strong></span> <span class='ocrx_word' id='word_1_93' title='bbox 2236 899 2419 955; x_wconf 84' lang='lat' dir='ltr'><strong>Thess.</strong></span> <span class='ocrx_word' id='word_1_94' title='bbox 2454 899 2552 971; x_wconf 79' lang='lat' dir='ltr'><strong>Iv).</strong></span> <span class='ocrx_word' id='word_1_95' title='bbox 2589 920 2608 952; x_wconf 73' lang='grc' dir='ltr'><strong>ι</strong></span> 
     </span>
    </p>
   </div>
   <div class='ocr_carea' id='block_1_13' title="bbox 2231 990 3747 1062">
    <p class='ocr_par' dir='ltr' id='par_1_13' title="bbox 2231 990 3747 1062">
     <span class='ocr_line' id='line_1_13' title="bbox 2231 990 3747 1062; baseline 0.002 -18"><span class='ocrx_word' id='word_1_96' title='bbox 2231 990 2366 1045; x_wconf 89' lang='lat' dir='ltr'><strong>Nam</strong></span> <span class='ocrx_word' id='word_1_97' title='bbox 2395 999 2625 1060; x_wconf 90' lang='lat' dir='ltr'><strong>quartus</strong></span> <span class='ocrx_word' id='word_1_98' title='bbox 2652 991 2894 1047; x_wconf 89' lang='lat' dir='ltr'><strong>decimus</strong></span> <span class='ocrx_word' id='word_1_99' title='bbox 2921 1006 3201 1057; x_wconf 90' lang='lat' dir='ltr'><strong>numerus,</strong></span> <span class='ocrx_word' id='word_1_100' title='bbox 3240 992 3332 1062; x_wconf 91' lang='lat' dir='ltr'><strong>qui</strong></span> <span class='ocrx_word' id='word_1_101' title='bbox 3374 991 3747 1061; x_wconf 86' lang='lat' dir='ltr'><strong>septenarium</strong></span> 
     </span>
    </p>
   </div>
   <div class='ocr_carea' id='block_1_14' title="bbox 473 1081 3750 1155">
    <p class='ocr_par' dir='ltr' id='par_1_14' title="bbox 473 1081 3750 1155">
     <span class='ocr_line' id='line_1_14' title="bbox 473 1081 3750 1155; baseline 0 -16"><span class='ocrx_word' id='word_1_102' title='bbox 473 1087 566 1155; x_wconf 89' lang='lat' dir='ltr'><strong>qui</strong></span> <span class='ocrx_word' id='word_1_103' title='bbox 596 1085 835 1155; x_wconf 88' lang='lat' dir='ltr'><strong>quinque</strong></span> <span class='ocrx_word' id='word_1_104' title='bbox 875 1083 1123 1138; x_wconf 88' lang='lat' dir='ltr'><strong>sensibus</strong></span> <span class='ocrx_word' id='word_1_105' title='bbox 1162 1083 1409 1152; x_wconf 89' lang='lat' dir='ltr'><strong>corporis</strong></span> <span class='ocrx_word' id='word_1_106' title='bbox 1452 1081 1617 1137; x_wconf 89' lang='lat' dir='ltr'><strong>dediti</strong></span> <span class='ocrx_word' id='word_1_107' title='bbox 1653 1081 1948 1137; x_wconf 87' lang='lat' dir='ltr'><strong>carnaliter</strong></span> <span class='ocrx_word' id='word_1_108' title='bbox 1975 1097 2063 1136; x_wconf 82' lang='lat' dir='ltr'><strong>sa-</strong></span> <span class='ocrx_word' id='word_1_109' title='bbox 2160 1085 2246 1140; x_wconf 77' lang='lat' dir='ltr'><strong>his</strong></span> <span class='ocrx_word' id='word_1_110' title='bbox 2270 1084 2532 1148; x_wconf 85' lang='lat' dir='ltr'><strong>continet,</strong></span> <span class='ocrx_word' id='word_1_111' title='bbox 2572 1085 2876 1140; x_wconf 89' lang='lat' dir='ltr'><strong>animarum</strong></span> <span class='ocrx_word' id='word_1_112' title='bbox 2899 1086 2968 1141; x_wconf 90' lang='lat' dir='ltr'><strong>ab</strong></span> <span class='ocrx_word' id='word_1_113' title='bbox 2996 1085 3145 1140; x_wconf 89' lang='lat' dir='ltr'><strong>omni</strong></span> <span class='ocrx_word' id='word_1_114' title='bbox 3192 1085 3374 1140; x_wconf 84' lang='lat' dir='ltr'><strong>labore</strong></span> <span class='ocrx_word' id='word_1_115' title='bbox 3400 1093 3457 1139; x_wconf 90' lang='lat' dir='ltr'><strong>et</strong></span> <span class='ocrx_word' id='word_1_116' title='bbox 3483 1083 3750 1141; x_wconf 88' lang='lat' dir='ltr'><strong>sollicitu-</strong></span> 
     </span>
    </p>
   </div>
   <div class='ocr_carea' id='block_1_15' title="bbox 473 1172 3748 1248">
    <p class='ocr_par' dir='ltr' id='par_1_15' title="bbox 473 1172 3748 1248">
     <span class='ocr_line' id='line_1_15' title="bbox 473 1172 3748 1248; baseline -0 -16"><span class='ocrx_word' id='word_1_117' title='bbox 473 1178 671 1247; x_wconf 82' lang='lat' dir='ltr'><strong>piendo</strong></span> <span class='ocrx_word' id='word_1_118' title='bbox 716 1176 887 1244; x_wconf 80' lang='lat' dir='ltr'><strong>legem</strong></span> <span class='ocrx_word' id='word_1_119' title='bbox 920 1176 1011 1229; x_wconf 86' lang='lat' dir='ltr'><strong>Dei</strong></span> <span class='ocrx_word' id='word_1_120' title='bbox 1061 1190 1158 1244; x_wconf 91' lang='lat' dir='ltr'><strong>per</strong></span> <span class='ocrx_word' id='word_1_121' title='bbox 1208 1174 1577 1244; x_wconf 80' lang='lat' dir='ltr'><strong>septiformem</strong></span> <span class='ocrx_word' id='word_1_122' title='bbox 1620 1172 1857 1243; x_wconf 87' lang='lat' dir='ltr'><strong>Spiritus</strong></span> <span class='ocrx_word' id='word_1_123' title='bbox 1884 1173 2059 1227; x_wconf 89' lang='lat' dir='ltr'><strong>sancti</strong></span> <span class='ocrx_word' id='word_1_124' title='bbox 2162 1177 2288 1231; x_wconf 90' lang='lat' dir='ltr'><strong>dine</strong></span> <span class='ocrx_word' id='word_1_125' title='bbox 2314 1176 2582 1248; x_wconf 89' lang='lat' dir='ltr'><strong>signiﬁcat</strong></span> <span class='ocrx_word' id='word_1_126' title='bbox 2605 1178 2866 1247; x_wconf 88' lang='lat' dir='ltr'><strong>quietem.</strong></span> <span class='ocrx_word' id='word_1_127' title='bbox 2899 1176 3131 1243; x_wconf 83' lang='lat' dir='ltr'><strong>Quintus</strong></span> <span class='ocrx_word' id='word_1_128' title='bbox 3154 1177 3392 1234; x_wconf 84' lang='lat' dir='ltr'><strong>decimus</strong></span> <span class='ocrx_word' id='word_1_129' title='bbox 3422 1186 3638 1242; x_wconf 68' lang='lat' dir='ltr'><strong>antem,</strong></span> <span class='ocrx_word' id='word_1_130' title='bbox 3663 1179 3748 1233; x_wconf 90' lang='lat' dir='ltr'><strong>ubi</strong></span> 
     </span>
    </p>
   </div>
   <div class='ocr_carea' id='block_1_16' title="bbox 475 1263 3745 1341">
    <p class='ocr_par' dir='ltr' id='par_1_16' title="bbox 475 1263 3745 1341">
     <span class='ocr_line' id='line_1_16' title="bbox 475 1263 3745 1341; baseline -0.004 -8"><span class='ocrx_word' id='word_1_131' title='bbox 475 1270 729 1341; x_wconf 78' lang='lat' dir='ltr'><strong>gratiam.</strong></span> <span class='ocrx_word' id='word_1_132' title='bbox 760 1267 1024 1337; x_wconf 76' lang='lat' dir='ltr'><strong>spirituali</strong></span> <span class='ocrx_word' id='word_1_133' title='bbox 1048 1267 1301 1334; x_wconf 79' lang='lat' dir='ltr'><strong>dogmate</strong></span> <span class='ocrx_word' id='word_1_134' title='bbox 1316 1266 1526 1336; x_wconf 82' lang='lat' dir='ltr'><strong>plenam</strong></span> <span class='ocrx_word' id='word_1_135' title='bbox 1549 1272 1710 1333; x_wconf 75' lang='lat' dir='ltr'><strong>atque</strong></span> <span class='ocrx_word' id='word_1_136' title='bbox 1738 1263 2059 1334; x_wconf 78' lang='lat' dir='ltr'><strong>perfectam,</strong></span> <span class='ocrx_word' id='word_1_137' title='bbox 2162 1268 2502 1336; x_wconf 81' lang='lat' dir='ltr'><strong>septenarius</strong></span> <span class='ocrx_word' id='word_1_138' title='bbox 2526 1276 2582 1324; x_wconf 89' lang='lat' dir='ltr'><strong>et</strong></span> <span class='ocrx_word' id='word_1_139' title='bbox 2608 1268 2921 1323; x_wconf 88' lang='lat' dir='ltr'><strong>octonarius</strong></span> <span class='ocrx_word' id='word_1_140' title='bbox 2947 1267 3107 1322; x_wconf 81' lang='lat' dir='ltr'><strong>simul</strong></span> <span class='ocrx_word' id='word_1_141' title='bbox 3136 1267 3507 1339; x_wconf 85' lang='lat' dir='ltr'><strong>continentur,</strong></span> <span class='ocrx_word' id='word_1_142' title='bbox 3531 1275 3745 1320; x_wconf 88' lang='lat' dir='ltr'><strong>utrum-</strong></span> 
     </span>
    </p>
   </div>
   <div class='ocr_carea' id='block_1_17' title="bbox 475 1354 3746 1429">
    <p class='ocr_par' dir='ltr' id='par_1_17' title="bbox 475 1354 3746 1429">
     <span class='ocr_line' id='line_1_17' title="bbox 475 1354 3746 1429; baseline -0.001 -15"><span class='ocrx_word' id='word_1_143' title='bbox 475 1358 832 1429; x_wconf 84' lang='lat' dir='ltr'><strong>spiritualiter</strong></span> <span class='ocrx_word' id='word_1_144' title='bbox 880 1356 1176 1426; x_wconf 85' lang='lat' dir='ltr'><strong>intelligere</strong></span> <span class='ocrx_word' id='word_1_145' title='bbox 1218 1364 1500 1425; x_wconf 89' lang='lat' dir='ltr'><strong>respuunt,</strong></span> <span class='ocrx_word' id='word_1_146' title='bbox 1549 1354 1800 1410; x_wconf 86' lang='lat' dir='ltr'><strong>claritate</strong></span> <span class='ocrx_word' id='word_1_147' title='bbox 1832 1354 2061 1408; x_wconf 90' lang='lat' dir='ltr'><strong>duorum</strong></span> <span class='ocrx_word' id='word_1_148' title='bbox 2162 1371 2269 1426; x_wconf 91' lang='lat' dir='ltr'><strong>que</strong></span> <span class='ocrx_word' id='word_1_149' title='bbox 2304 1356 2616 1426; x_wconf 72' lang='lat' dir='ltr'><strong>prteﬁgurat</strong></span> <span class='ocrx_word' id='word_1_150' title='bbox 2652 1366 2708 1413; x_wconf 92' lang='lat' dir='ltr'><strong>et</strong></span> <span class='ocrx_word' id='word_1_151' title='bbox 2747 1358 3050 1411; x_wconf 88' lang='lat' dir='ltr'><strong>animarum</strong></span> <span class='ocrx_word' id='word_1_152' title='bbox 3082 1364 3140 1411; x_wconf 85' lang='lat' dir='ltr'><strong>et</strong></span> <span class='ocrx_word' id='word_1_153' title='bbox 3178 1371 3464 1426; x_wconf 88' lang='lat' dir='ltr'><strong>corporum</strong></span> <span class='ocrx_word' id='word_1_154' title='bbox 3510 1356 3746 1411; x_wconf 81' lang='lat' dir='ltr'><strong>futuram</strong></span> 
     </span>
    </p>
   </div>
   <div class='ocr_carea' id='block_1_18' title="bbox 478 1450 3749 1520">
    <p class='ocr_par' dir='ltr' id='par_1_18' title="bbox 478 1450 3749 1520">
     <span class='ocr_line' id='line_1_18' title="bbox 478 1450 3749 1520; baseline 0 -15"><span class='ocrx_word' id='word_1_155' title='bbox 478 1451 950 1505; x_wconf 75' lang='lat' dir='ltr'><strong>Tesmmentorum</strong></span> <span class='ocrx_word' id='word_1_156' title='bbox 999 1450 1265 1504; x_wconf 82' lang='lat' dir='ltr'><strong>veraciter</strong></span> <span class='ocrx_word' id='word_1_157' title='bbox 1302 1450 1595 1503; x_wconf 90' lang='lat' dir='ltr'><strong>vincuntur</strong></span> <span class='ocrx_word' id='word_1_158' title='bbox 1622 1455 1787 1516; x_wconf 91' lang='lat' dir='ltr'><strong>atque</strong></span> <span class='ocrx_word' id='word_1_159' title='bbox 1824 1455 2065 1517; x_wconf 89' lang='lat' dir='ltr'><strong>proster—</strong></span> <span class='ocrx_word' id='word_1_160' title='bbox 2096 1450 2101 1453; x_wconf 80' lang='grc'><strong>’</strong></span> <span class='ocrx_word' id='word_1_161' title='bbox 2166 1450 2510 1519; x_wconf 86' lang='lat' dir='ltr'><strong>requiem,et</strong></span> <span class='ocrx_word' id='word_1_162' title='bbox 2540 1450 3033 1515; x_wconf 86' lang='lat' dir='ltr'><strong>immortalitatem;</strong></span> <span class='ocrx_word' id='word_1_163' title='bbox 3080 1450 3268 1520; x_wconf 80' lang='lat' dir='ltr'><strong>sicque</strong></span> <span class='ocrx_word' id='word_1_164' title='bbox 3305 1450 3599 1505; x_wconf 84' lang='lat' dir='ltr'><strong>multitudo</strong></span> <span class='ocrx_word' id='word_1_165' title='bbox 3645 1451 3749 1506; x_wconf 83' lang='lat' dir='ltr'><strong>ele-</strong></span> 
     </span>
    </p>
   </div>
   <div class='ocr_carea' id='block_1_19' title="bbox 476 1536 3749 1611">
    <p class='ocr_par' dir='ltr' id='par_1_19' title="bbox 476 1536 3749 1611">
     <span class='ocr_line' id='line_1_19' title="bbox 476 1536 3749 1611; baseline 0 -16"><span class='ocrx_word' id='word_1_166' title='bbox 476 1549 699 1596; x_wconf 85' lang='lat' dir='ltr'><strong>nuntur.</strong></span> <span class='ocrx_word' id='word_1_167' title='bbox 765 1540 874 1594; x_wconf 84' lang='lat' dir='ltr'><strong>Nec</strong></span> <span class='ocrx_word' id='word_1_168' title='bbox 927 1551 1107 1593; x_wconf 89' lang='lat' dir='ltr'><strong>tamen</strong></span> <span class='ocrx_word' id='word_1_169' title='bbox 1165 1538 1306 1593; x_wconf 90' lang='lat' dir='ltr'><strong>ullus</strong></span> <span class='ocrx_word' id='word_1_170' title='bbox 1353 1538 1419 1593; x_wconf 92' lang='lat' dir='ltr'><strong>de</strong></span> <span class='ocrx_word' id='word_1_171' title='bbox 1478 1536 1798 1591; x_wconf 86' lang='lat' dir='ltr'><strong>substantiis</strong></span> <span class='ocrx_word' id='word_1_172' title='bbox 1828 1536 2062 1589; x_wconf 80' lang='lat' dir='ltr'><strong>-illorum</strong></span> <span class='ocrx_word' id='word_1_173' title='bbox 2163 1547 2375 1595; x_wconf 85' lang='lat' dir='ltr'><strong>ctorum</strong></span> <span class='ocrx_word' id='word_1_174' title='bbox 2398 1549 2518 1610; x_wconf 90' lang='lat' dir='ltr'><strong>post</strong></span> <span class='ocrx_word' id='word_1_175' title='bbox 2536 1540 3128 1610; x_wconf 73' lang='lat' dir='ltr'><strong>completosprzcsentis</strong></span> <span class='ocrx_word' id='word_1_176' title='bbox 3153 1540 3275 1594; x_wconf 64' lang='lat' dir='ltr'><strong>vitae</strong></span> <span class='ocrx_word' id='word_1_177' title='bbox 3295 1540 3533 1604; x_wconf 88' lang='lat' dir='ltr'><strong>labores,</strong></span> <span class='ocrx_word' id='word_1_178' title='bbox 3555 1549 3615 1595; x_wconf 91' lang='lat' dir='ltr'><strong>et</strong></span> <span class='ocrx_word' id='word_1_179' title='bbox 3634 1551 3749 1611; x_wconf 90' lang='lat' dir='ltr'><strong>post</strong></span> 
     </span>
    </p>
   </div>
   <div class='ocr_carea' id='block_1_20' title="bbox 477 1624 3746 1701">
    <p class='ocr_par' dir='ltr' id='par_1_20' title="bbox 477 1624 3746 1701">
     <span class='ocr_line' id='line_1_20' title="bbox 477 1624 3746 1701; baseline 0 -16"><span class='ocrx_word' id='word_1_180' title='bbox 477 1632 779 1701; x_wconf 87' lang='lat' dir='ltr'><strong>quidquam</strong></span> <span class='ocrx_word' id='word_1_181' title='bbox 798 1629 1111 1699; x_wconf 88' lang='lat' dir='ltr'><strong>contingere</strong></span> <span class='ocrx_word' id='word_1_182' title='bbox 1135 1629 1262 1689; x_wconf 90' lang='lat' dir='ltr'><strong>vult,</strong></span> <span class='ocrx_word' id='word_1_183' title='bbox 1307 1629 1432 1696; x_wconf 87' lang='lat' dir='ltr'><strong>quia</strong></span> <span class='ocrx_word' id='word_1_184' title='bbox 1450 1641 1790 1695; x_wconf 85' lang='lat' dir='ltr'><strong>nequaquam</strong></span> <span class='ocrx_word' id='word_1_185' title='bbox 1814 1624 2066 1694; x_wconf 69' lang='lat' dir='ltr'><strong>nequitiae</strong></span> <span class='ocrx_word' id='word_1_186' title='bbox 2166 1639 2474 1701; x_wconf 86' lang='lat' dir='ltr'><strong>perceptam</strong></span> <span class='ocrx_word' id='word_1_187' title='bbox 2496 1631 2562 1686; x_wconf 92' lang='lat' dir='ltr'><strong>de</strong></span> <span class='ocrx_word' id='word_1_188' title='bbox 2606 1630 2876 1686; x_wconf 82' lang='lat' dir='ltr'><strong>universis</strong></span> <span class='ocrx_word' id='word_1_189' title='bbox 2911 1630 3156 1686; x_wconf 91' lang='lat' dir='ltr'><strong>hostibus</strong></span> <span class='ocrx_word' id='word_1_190' title='bbox 3207 1630 3513 1695; x_wconf 88' lang='lat' dir='ltr'><strong>victoriam,</strong></span> <span class='ocrx_word' id='word_1_191' title='bbox 3543 1641 3746 1686; x_wconf 65' lang='lat' dir='ltr'><strong>mterna</strong></span> 
     </span>
    </p>
   </div>
   <div class='ocr_carea' id='block_1_21' title="bbox 476 1714 3748 1790">
    <p class='ocr_par' dir='ltr' id='par_1_21' title="bbox 476 1714 3748 1790">
     <span class='ocr_line' id='line_1_21' title="bbox 476 1714 3748 1790; baseline -0.005 -15"><span class='ocrx_word' id='word_1_192' title='bbox 476 1719 812 1790; x_wconf 84' lang='lat' dir='ltr'><strong>perditorum</strong></span> <span class='ocrx_word' id='word_1_193' title='bbox 859 1718 1194 1773; x_wconf 87' lang='lat' dir='ltr'><strong>credentium</strong></span> <span class='ocrx_word' id='word_1_194' title='bbox 1240 1717 1434 1772; x_wconf 87' lang='lat' dir='ltr'><strong>electio</strong></span> <span class='ocrx_word' id='word_1_195' title='bbox 1491 1731 1549 1771; x_wconf 91' lang='lat' dir='ltr'><strong>se</strong></span> <span class='ocrx_word' id='word_1_196' title='bbox 1580 1714 1884 1769; x_wconf 87' lang='lat' dir='ltr'><strong>admiscere</strong></span> <span class='ocrx_word' id='word_1_197' title='bbox 1930 1730 2063 1770; x_wconf 85' lang='lat' dir='ltr'><strong>con-</strong></span> <span class='ocrx_word' id='word_1_198' title='bbox 2167 1722 2530 1778; x_wconf 66' lang='lat' dir='ltr'><strong>cxsuuauone</strong></span> <span class='ocrx_word' id='word_1_199' title='bbox 2570 1730 2623 1776; x_wconf 60' lang='lat' dir='ltr'><strong>et</strong></span> <span class='ocrx_word' id='word_1_200' title='bbox 2671 1730 2855 1776; x_wconf 66' lang='lat' dir='ltr'><strong>mnum</strong></span> <span class='ocrx_word' id='word_1_201' title='bbox 2904 1722 3192 1776; x_wconf 49' lang='lat' dir='ltr'><strong>dilectione</strong></span> <span class='ocrx_word' id='word_1_202' title='bbox 3238 1722 3292 1776; x_wconf 71' lang='lat' dir='ltr'><strong>in</strong></span> <span class='ocrx_word' id='word_1_203' title='bbox 3327 1721 3541 1778; x_wconf 65' lang='grc' dir='ltr'><strong>εωιοειί</strong></span> <span class='ocrx_word' id='word_1_204' title='bbox 3588 1738 3748 1790; x_wconf 64' lang='lat' dir='ltr'><strong>regno</strong></span> 
     </span>
    </p>
   </div>
   <div class='ocr_carea' id='block_1_22' title="bbox 480 1801 2076 1886">
    <p class='ocr_par' dir='ltr' id='par_1_22' title="bbox 480 1801 2060 1878">
     <span class='ocr_line' id='line_1_22' title="bbox 480 1801 2060 1878; baseline -0.004 -14"><span class='ocrx_word' id='word_1_205' title='bbox 480 1809 676 1874; x_wconf 86' lang='lat' dir='ltr'><strong>sentit;</strong></span> <span class='ocrx_word' id='word_1_206' title='bbox 703 1807 832 1878; x_wconf 91' lang='lat' dir='ltr'><strong>quin</strong></span> <span class='ocrx_word' id='word_1_207' title='bbox 853 1807 1033 1877; x_wconf 87' lang='lat' dir='ltr'><strong>potius</strong></span> <span class='ocrx_word' id='word_1_208' title='bbox 1076 1806 1249 1861; x_wconf 91' lang='lat' dir='ltr'><strong>modis</strong></span> <span class='ocrx_word' id='word_1_209' title='bbox 1295 1804 1547 1861; x_wconf 89' lang='lat' dir='ltr'><strong>omnibus</strong></span> <span class='ocrx_word' id='word_1_210' title='bbox 1575 1819 1764 1859; x_wconf 91' lang='lat' dir='ltr'><strong>eorum</strong></span> <span class='ocrx_word' id='word_1_211' title='bbox 1793 1801 1943 1858; x_wconf 81' lang='lat' dir='ltr'><strong>falsis</strong></span> <span class='ocrx_word' id='word_1_212' title='bbox 1964 1802 2060 1857; x_wconf 91' lang='lat' dir='ltr'><strong>do-</strong></span> 
     </span>
    </p>
   </div>
   <div class='ocr_carea' id='block_1_23' title="bbox 2187 1801 3747 1886">
    <p class='ocr_par' dir='ltr' id='par_1_23' title="bbox 2187 1812 3747 1886">
     <span class='ocr_line' id='line_1_23' title="bbox 2187 1812 3747 1886; baseline -0.001 -17"><span class='ocrx_word' id='word_1_213' title='bbox 2187 1816 2494 1886; x_wconf 71' lang='lat' dir='ltr'><strong>gaudebunt.</strong></span> <span class='ocrx_word' id='word_1_214' title='bbox 2519 1813 2629 1870; x_wconf 84' lang='lat' dir='ltr'><strong>Nec</strong></span> <span class='ocrx_word' id='word_1_215' title='bbox 2681 1814 2821 1870; x_wconf 89' lang='lat' dir='ltr'><strong>ullus</strong></span> <span class='ocrx_word' id='word_1_216' title='bbox 2854 1813 3012 1883; x_wconf 91' lang='lat' dir='ltr'><strong>hujus</strong></span> <span class='ocrx_word' id='word_1_217' title='bbox 3037 1813 3216 1885; x_wconf 77' lang='lat' dir='ltr'><strong>gaudii</strong></span> <span class='ocrx_word' id='word_1_218' title='bbox 3264 1814 3369 1869; x_wconf 90' lang='lat' dir='ltr'><strong>erit</strong></span> <span class='ocrx_word' id='word_1_219' title='bbox 3425 1812 3574 1879; x_wconf 85' lang='lat' dir='ltr'><strong>ﬁnis,</strong></span> <span class='ocrx_word' id='word_1_220' title='bbox 3625 1823 3747 1883; x_wconf 81' lang='lat' dir='ltr'><strong>quia</strong></span> 
     </span>
    </p>
   </div>
   <div class='ocr_carea' id='block_1_24' title="bbox 476 1883 3748 1975">
    <p class='ocr_par' dir='ltr' id='par_1_24' title="bbox 476 1883 3748 1975">
     <span class='ocr_line' id='line_1_24' title="bbox 476 1883 3748 1975; baseline -0.004 -5"><span class='ocrx_word' id='word_1_221' title='bbox 476 1899 751 1970; x_wconf 66' lang='lat' dir='ltr'><strong>gmalibus</strong></span> <span class='ocrx_word' id='word_1_222' title='bbox 810 1908 974 1967; x_wconf 56' lang='lat' dir='ltr'><strong>atque</strong></span> <span class='ocrx_word' id='word_1_223' title='bbox 1027 1896 1229 1965; x_wconf 73' lang='grc' dir='ltr'>ίηῑιιιιίε</span> <span class='ocrx_word' id='word_1_224' title='bbox 1290 1895 1545 1965; x_wconf 63' lang='lat' dir='ltr'><strong>operibus</strong></span> <span class='ocrx_word' id='word_1_225' title='bbox 1617 1893 1851 1948; x_wconf 63' lang='lat' dir='ltr'><strong>alienam</strong></span> <span class='ocrx_word' id='word_1_226' title='bbox 1900 1903 2062 1963; x_wconf 53' lang='lat' dir='ltr'><strong>atque</strong></span> <span class='ocrx_word' id='word_1_227' title='bbox 2090 1883 2138 1943; x_wconf 80' lang='grc' dir='ltr'><strong><em>Β</em></strong></span> <span class='ocrx_word' id='word_1_228' title='bbox 2167 1883 2266 1961; x_wconf 78' lang='lat' dir='ltr'><strong>nec</strong></span> <span class='ocrx_word' id='word_1_229' title='bbox 2293 1906 2435 1960; x_wconf 89' lang='lat' dir='ltr'><strong>ultro</strong></span> <span class='ocrx_word' id='word_1_230' title='bbox 2464 1906 2644 1975; x_wconf 90' lang='lat' dir='ltr'><strong>aliqua</strong></span> <span class='ocrx_word' id='word_1_231' title='bbox 2670 1905 2912 1961; x_wconf 89' lang='lat' dir='ltr'><strong>succedit</strong></span> <span class='ocrx_word' id='word_1_232' title='bbox 2951 1883 3169 1959; x_wconf 78' lang='lat' dir='ltr'><strong>tristitia</strong></span> <span class='ocrx_word' id='word_1_233' title='bbox 3206 1904 3620 1973; x_wconf 87' lang='lat' dir='ltr'><strong>Iaboris;quod</strong></span> <span class='ocrx_word' id='word_1_234' title='bbox 3667 1920 3748 1958; x_wconf 90' lang='lat' dir='ltr'><strong>so-</strong></span> 
     </span>
    </p>
   </div>
   <div class='ocr_carea' id='block_1_25' title="bbox 476 1986 3748 2066">
    <p class='ocr_par' dir='ltr' id='par_1_25' title="bbox 476 1986 3748 2066">
     <span class='ocr_line' id='line_1_25' title="bbox 476 1986 3748 2066; baseline 0 -19"><span class='ocrx_word' id='word_1_235' title='bbox 476 1997 796 2044; x_wconf 69' lang='lat' dir='ltr'><strong>cxtraneam</strong></span> <span class='ocrx_word' id='word_1_236' title='bbox 825 2002 881 2042; x_wconf 82' lang='lat' dir='ltr'><strong>se</strong></span> <span class='ocrx_word' id='word_1_237' title='bbox 918 1986 1113 2041; x_wconf 59' lang='lat' dir='ltr'><strong>reddit</strong></span> <span class='ocrx_word' id='word_1_238' title='bbox 2165 1996 2319 2051; x_wconf 88' lang='lat' dir='ltr'><strong>lertia</strong></span> <span class='ocrx_word' id='word_1_239' title='bbox 2350 2006 2664 2051; x_wconf 88' lang='lat' dir='ltr'><strong>sanctorum</strong></span> <span class='ocrx_word' id='word_1_240' title='bbox 2707 1995 3117 2066; x_wconf 62' lang='lat' dir='ltr'><strong>praedicatorum</strong></span> <span class='ocrx_word' id='word_1_241' title='bbox 3160 1993 3499 2048; x_wconf 85' lang='lat' dir='ltr'><strong>auditoribus</strong></span> <span class='ocrx_word' id='word_1_242' title='bbox 3537 1994 3652 2048; x_wconf 88' lang='lat' dir='ltr'><strong>suis</strong></span> <span class='ocrx_word' id='word_1_243' title='bbox 3681 1995 3748 2048; x_wconf 86' lang='lat' dir='ltr'><strong>ita</strong></span> 
     </span>
    </p>
   </div>
   <div class='ocr_carea' id='block_1_26' title="bbox 1063 2081 3748 2155">
    <p class='ocr_par' dir='ltr' id='par_1_26' title="bbox 1063 2081 3748 2155">
     <span class='ocr_line' id='line_1_26' title="bbox 1063 2081 3748 2155; baseline -0.003 -9"><span class='ocrx_word' id='word_1_244' title='bbox 1063 2098 1292 2155; x_wconf 74' lang='lat' dir='ltr'><strong>CAPUT</strong></span> <span class='ocrx_word' id='word_1_245' title='bbox 1331 2098 1467 2154; x_wconf 75' lang='lat' dir='ltr'><strong>xm.</strong></span> <span class='ocrx_word' id='word_1_246' title='bbox 2165 2084 2495 2141; x_wconf 86' lang='lat' dir='ltr'><strong>credendum</strong></span> <span class='ocrx_word' id='word_1_247' title='bbox 2539 2094 2700 2154; x_wconf 89' lang='lat' dir='ltr'><strong>atque</strong></span> <span class='ocrx_word' id='word_1_248' title='bbox 2734 2084 3075 2140; x_wconf 86' lang='lat' dir='ltr'><strong>sentiendum</strong></span> <span class='ocrx_word' id='word_1_249' title='bbox 3106 2084 3284 2139; x_wconf 87' lang='lat' dir='ltr'><strong>veraci</strong></span> <span class='ocrx_word' id='word_1_250' title='bbox 3321 2081 3573 2139; x_wconf 84' lang='lat' dir='ltr'><strong>doctrina</strong></span> <span class='ocrx_word' id='word_1_251' title='bbox 3602 2097 3748 2138; x_wconf 87' lang='lat' dir='ltr'><strong>com-</strong></span> 
     </span>
    </p>
   </div>
   <div class='ocr_carea' id='block_1_27' title="bbox 478 2190 2071 2265">
    <p class='ocr_par' dir='ltr' id='par_1_27' title="bbox 478 2190 2071 2265">
     <span class='ocr_line' id='line_1_27' title="bbox 478 2190 2071 2265; baseline -0.003 -17"><span class='ocrx_word' id='word_1_252' title='bbox 478 2192 559 2248; x_wconf 82' lang='lat' dir='ltr'><strong>De</strong></span> <span class='ocrx_word' id='word_1_253' title='bbox 584 2193 803 2265; x_wconf 79' lang='lat' dir='ltr'><strong>eoquod</strong></span> <span class='ocrx_word' id='word_1_254' title='bbox 826 2192 905 2247; x_wconf 81' lang='lat' dir='ltr'><strong>illi</strong></span> <span class='ocrx_word' id='word_1_255' title='bbox 946 2192 1056 2265; x_wconf 71' lang='lat' dir='ltr'><strong>dies</strong></span> <span class='ocrx_word' id='word_1_256' title='bbox 1100 2192 1290 2261; x_wconf 78' lang='lat' dir='ltr'><strong>quibus</strong></span> <span class='ocrx_word' id='word_1_257' title='bbox 1333 2190 1605 2265; x_wconf 79' lang='lat' dir='ltr'><strong>se_Juda:i</strong></span> <span class='ocrx_word' id='word_1_258' title='bbox 1650 2190 1748 2245; x_wconf 83' lang='lat' dir='ltr'><strong>ulti</strong></span> <span class='ocrx_word' id='word_1_259' title='bbox 1786 2199 1909 2245; x_wconf 77' lang='lat' dir='ltr'><strong>sunt</strong></span> <span class='ocrx_word' id='word_1_260' title='bbox 1933 2190 2071 2244; x_wconf 79' lang='lat' dir='ltr'><strong>inter</strong></span> 
     </span>
    </p>
   </div>
   <div class='ocr_carea' id='block_1_28' title="bbox 930 2262 1611 2331">
    <p class='ocr_par' dir='ltr' id='par_1_28' title="bbox 930 2262 1611 2331">
     <span class='ocr_line' id='line_1_28' title="bbox 930 2262 1611 2331; baseline -0.003 -14"><span class='ocrx_word' id='word_1_261' title='bbox 930 2263 1186 2317; x_wconf 79' lang='lat' dir='ltr'><strong>solemnes</strong></span> <span class='ocrx_word' id='word_1_262' title='bbox 1210 2262 1521 2331; x_wconf 82' lang='lat' dir='ltr'><strong>reputabant</strong></span> <span class='ocrx_word' id='word_1_263' title='bbox 1530 2278 1611 2315; x_wconf 84' lang='lat' dir='ltr'><strong>ur.</strong></span> 
     </span>
    </p>
   </div>
   <div class='ocr_carea' id='block_1_29' title="bbox 557 2352 2069 2423">
    <p class='ocr_par' dir='ltr' id='par_1_29' title="bbox 557 2352 2069 2423">
     <span class='ocr_line' id='line_1_29' title="bbox 557 2352 2069 2423; baseline -0.002 -14"><span class='ocrx_word' id='word_1_264' title='bbox 557 2377 577 2409; x_wconf 68' lang='lat' dir='ltr'><strong>c</strong></span> <span class='ocrx_word' id='word_1_265' title='bbox 613 2357 739 2411; x_wconf 92' lang='lat' dir='ltr'><strong>Dies</strong></span> <span class='ocrx_word' id='word_1_266' title='bbox 790 2365 971 2411; x_wconf 89' lang='lat' dir='ltr'><strong>autem</strong></span> <span class='ocrx_word' id='word_1_267' title='bbox 1009 2355 1203 2409; x_wconf 87' lang='lat' dir='ltr'><strong>tertius</strong></span> <span class='ocrx_word' id='word_1_268' title='bbox 1251 2354 1495 2409; x_wconf 87' lang='lat' dir='ltr'><strong>decimus</strong></span> <span class='ocrx_word' id='word_1_269' title='bbox 1545 2353 1693 2409; x_wconf 80' lang='lat' dir='ltr'><strong>Adar</strong></span> <span class='ocrx_word' id='word_1_270' title='bbox 1736 2368 1878 2408; x_wconf 89' lang='lat' dir='ltr'><strong>unus</strong></span> <span class='ocrx_word' id='word_1_271' title='bbox 1927 2352 2069 2423; x_wconf 89' lang='lat' dir='ltr'><strong>apud</strong></span> 
     </span>
    </p>
   </div>
   <div class='ocr_carea' id='block_1_30' title="bbox 488 2442 2071 2513">
    <p class='ocr_par' dir='ltr' id='par_1_30' title="bbox 488 2442 2071 2513">
     <span class='ocr_line' id='line_1_30' title="bbox 488 2442 2071 2513; baseline -0.001 -14"><span class='ocrx_word' id='word_1_272' title='bbox 488 2465 509 2499; x_wconf 77' lang='grc' dir='ltr'><strong>ι</strong></span> <span class='ocrx_word' id='word_1_273' title='bbox 541 2461 732 2503; x_wconf 90' lang='lat' dir='ltr'><strong>omnes</strong></span> <span class='ocrx_word' id='word_1_274' title='bbox 785 2445 1181 2502; x_wconf 82' lang='lat' dir='ltr'><strong>interfectionis</strong></span> <span class='ocrx_word' id='word_1_275' title='bbox 1227 2444 1327 2509; x_wconf 71' lang='lat' dir='ltr'><strong>fuit</strong></span> <span class='ocrx_word' id='word_1_276' title='bbox 1356 2485 1370 2511; x_wconf 90' lang='lat'><strong>,</strong></span> <span class='ocrx_word' id='word_1_277' title='bbox 1411 2454 1466 2497; x_wconf 91' lang='lat' dir='ltr'><strong>et</strong></span> <span class='ocrx_word' id='word_1_278' title='bbox 1496 2453 1690 2513; x_wconf 90' lang='lat' dir='ltr'><strong>quarto</strong></span> <span class='ocrx_word' id='word_1_279' title='bbox 1731 2444 1943 2499; x_wconf 91' lang='lat' dir='ltr'><strong>decimo</strong></span> <span class='ocrx_word' id='word_1_280' title='bbox 1984 2442 2071 2497; x_wconf 92' lang='lat' dir='ltr'><strong>die</strong></span> 
     </span>
    </p>
   </div>
   <div class='ocr_carea' id='block_1_31' title="bbox 486 2535 2067 2604">
    <p class='ocr_par' dir='ltr' id='par_1_31' title="bbox 486 2535 2067 2604">
     <span class='ocr_line' id='line_1_31' title="bbox 486 2535 2067 2604; baseline -0.003 -10"><span class='ocrx_word' id='word_1_281' title='bbox 486 2561 509 2593; x_wconf 70' lang='grc' dir='ltr'><strong>ι</strong></span> <span class='ocrx_word' id='word_1_282' title='bbox 549 2539 756 2594; x_wconf 63' lang='lat' dir='ltr'><strong>caedere</strong></span> <span class='ocrx_word' id='word_1_283' title='bbox 784 2537 1084 2593; x_wconf 90' lang='lat' dir='ltr'><strong>desierunt.</strong></span> <span class='ocrx_word' id='word_1_284' title='bbox 1127 2535 1299 2602; x_wconf 84' lang='lat' dir='ltr'><strong>Quem</strong></span> <span class='ocrx_word' id='word_1_285' title='bbox 1348 2535 1748 2604; x_wconf 75' lang='lat' dir='ltr'><strong>constituerunt</strong></span> <span class='ocrx_word' id='word_1_286' title='bbox 1806 2550 1928 2590; x_wconf 90' lang='lat' dir='ltr'><strong>esse</strong></span> <span class='ocrx_word' id='word_1_287' title='bbox 1976 2549 2067 2589; x_wconf 88' lang='lat' dir='ltr'><strong>so-</strong></span> 
     </span>
    </p>
   </div>
   <div class='ocr_carea' id='block_1_32' title="bbox 489 2626 2066 2697">
    <p class='ocr_par' dir='ltr' id='par_1_32' title="bbox 489 2626 2066 2697">
     <span class='ocr_line' id='line_1_32' title="bbox 489 2626 2066 2697; baseline 0 -16"><span class='ocrx_word' id='word_1_288' title='bbox 489 2649 511 2681; x_wconf 78' lang='grc'>‹</span> <span class='ocrx_word' id='word_1_289' title='bbox 550 2630 803 2695; x_wconf 90' lang='lat' dir='ltr'><strong>lemnem,</strong></span> <span class='ocrx_word' id='word_1_290' title='bbox 833 2639 893 2683; x_wconf 90' lang='lat' dir='ltr'><strong>ut</strong></span> <span class='ocrx_word' id='word_1_291' title='bbox 920 2630 975 2683; x_wconf 92' lang='lat' dir='ltr'><strong>in</strong></span> <span class='ocrx_word' id='word_1_292' title='bbox 986 2644 1051 2684; x_wconf 92' lang='lat' dir='ltr'><strong>eo</strong></span> <span class='ocrx_word' id='word_1_293' title='bbox 1067 2628 1321 2696; x_wconf 87' lang='lat' dir='ltr'><strong>deinceps</strong></span> <span class='ocrx_word' id='word_1_294' title='bbox 1347 2637 1589 2697; x_wconf 87' lang='lat' dir='ltr'><strong>tempore</strong></span> <span class='ocrx_word' id='word_1_295' title='bbox 1606 2626 2066 2696; x_wconf 87' lang='lat' dir='ltr'><strong>vacarentepulis,</strong></span> 
     </span>
    </p>
   </div>
   <div class='ocr_carea' id='block_1_33' title="bbox 489 2714 2072 2791">
    <p class='ocr_par' dir='ltr' id='par_1_33' title="bbox 489 2714 2072 2791">
     <span class='ocr_line' id='line_1_33' title="bbox 489 2714 2072 2791; baseline -0.001 -19"><span class='ocrx_word' id='word_1_296' title='bbox 489 2739 511 2772; x_wconf 71' lang='grc' dir='ltr'><strong>ι</strong></span> <span class='ocrx_word' id='word_1_297' title='bbox 543 2719 738 2791; x_wconf 91' lang='lat' dir='ltr'><strong>gaudio</strong></span> <span class='ocrx_word' id='word_1_298' title='bbox 766 2729 932 2789; x_wconf 88' lang='lat' dir='ltr'><strong>atque</strong></span> <span class='ocrx_word' id='word_1_299' title='bbox 959 2717 1237 2773; x_wconf 88' lang='lat' dir='ltr'><strong>conviviis.</strong></span> <span class='ocrx_word' id='word_1_300' title='bbox 1267 2715 1337 2771; x_wconf 84' lang='lat' dir='ltr'><strong>At</strong></span> <span class='ocrx_word' id='word_1_301' title='bbox 1364 2717 1418 2771; x_wconf 89' lang='lat' dir='ltr'><strong>hi</strong></span> <span class='ocrx_word' id='word_1_302' title='bbox 1444 2716 1537 2786; x_wconf 90' lang='lat' dir='ltr'><strong>qui</strong></span> <span class='ocrx_word' id='word_1_303' title='bbox 1556 2717 1610 2771; x_wconf 90' lang='lat' dir='ltr'><strong>in</strong></span> <span class='ocrx_word' id='word_1_304' title='bbox 1641 2716 1774 2770; x_wconf 89' lang='lat' dir='ltr'><strong>urbe</strong></span> <span class='ocrx_word' id='word_1_305' title='bbox 1793 2714 1947 2770; x_wconf 89' lang='lat' dir='ltr'><strong>Susis</strong></span> <span class='ocrx_word' id='word_1_306' title='bbox 1968 2731 2072 2770; x_wconf 65' lang='lat' dir='ltr'><strong>ca:-</strong></span> 
     </span>
    </p>
   </div>
   <div class='ocr_carea' id='block_1_34' title="bbox 490 2809 2073 2879">
    <p class='ocr_par' dir='ltr' id='par_1_34' title="bbox 490 2809 2073 2879">
     <span class='ocr_line' id='line_1_34' title="bbox 490 2809 2073 2879; baseline -0.002 -14"><span class='ocrx_word' id='word_1_307' title='bbox 490 2832 511 2865; x_wconf 85' lang='grc'><strong>‹</strong></span> <span class='ocrx_word' id='word_1_308' title='bbox 546 2812 668 2868; x_wconf 90' lang='lat' dir='ltr'><strong>dem</strong></span> <span class='ocrx_word' id='word_1_309' title='bbox 696 2818 1081 2877; x_wconf 80' lang='lat' dir='ltr'><strong>exercuerunt,</strong></span> <span class='ocrx_word' id='word_1_310' title='bbox 1115 2810 1276 2866; x_wconf 82' lang='lat' dir='ltr'><strong>tertio</strong></span> <span class='ocrx_word' id='word_1_311' title='bbox 1306 2809 1518 2865; x_wconf 87' lang='lat' dir='ltr'><strong>decimo</strong></span> <span class='ocrx_word' id='word_1_312' title='bbox 1547 2817 1604 2864; x_wconf 93' lang='lat' dir='ltr'><strong>et</strong></span> <span class='ocrx_word' id='word_1_313' title='bbox 1631 2817 1825 2879; x_wconf 89' lang='lat' dir='ltr'><strong>quarto</strong></span> <span class='ocrx_word' id='word_1_314' title='bbox 1863 2809 2073 2864; x_wconf 87' lang='lat' dir='ltr'><strong>decimo</strong></span> 
     </span>
    </p>
   </div>
   <div class='ocr_carea' id='block_1_35' title="bbox 488 2900 2073 2974">
    <p class='ocr_par' dir='ltr' id='par_1_35' title="bbox 488 2900 2073 2974">
     <span class='ocr_line' id='line_1_35' title="bbox 488 2900 2073 2974; baseline -0.002 -17"><span class='ocrx_word' id='word_1_315' title='bbox 488 2923 511 2956; x_wconf 69' lang='grc' dir='ltr'><strong>ι</strong></span> <span class='ocrx_word' id='word_1_316' title='bbox 541 2902 779 2974; x_wconf 81' lang='lat' dir='ltr'><strong>ejusdem</strong></span> <span class='ocrx_word' id='word_1_317' title='bbox 818 2904 1020 2960; x_wconf 90' lang='lat' dir='ltr'><strong>mensis</strong></span> <span class='ocrx_word' id='word_1_318' title='bbox 1055 2904 1140 2960; x_wconf 92' lang='lat' dir='ltr'><strong>die</strong></span> <span class='ocrx_word' id='word_1_319' title='bbox 1181 2903 1234 2957; x_wconf 91' lang='lat' dir='ltr'><strong>in</strong></span> <span class='ocrx_word' id='word_1_320' title='bbox 1280 2902 1429 2958; x_wconf 71' lang='lat' dir='ltr'><strong>cmde</strong></span> <span class='ocrx_word' id='word_1_321' title='bbox 1466 2900 1669 2956; x_wconf 87' lang='lat' dir='ltr'><strong>versati</strong></span> <span class='ocrx_word' id='word_1_322' title='bbox 1699 2907 1857 2966; x_wconf 89' lang='lat' dir='ltr'><strong>sunt;</strong></span> <span class='ocrx_word' id='word_1_323' title='bbox 1883 2900 2073 2972; x_wconf 89' lang='lat' dir='ltr'><strong>quinto</strong></span> 
     </span>
    </p>
   </div>
   <div class='ocr_carea' id='block_1_36' title="bbox 492 2991 2074 3065">
    <p class='ocr_par' dir='ltr' id='par_1_36' title="bbox 492 2991 2074 3065">
     <span class='ocr_line' id='line_1_36' title="bbox 492 2991 2074 3065; baseline -0.001 -17"><span class='ocrx_word' id='word_1_324' title='bbox 492 3014 513 3048; x_wconf 75' lang='grc' dir='ltr'><strong>ι</strong></span> <span class='ocrx_word' id='word_1_325' title='bbox 551 2996 759 3051; x_wconf 91' lang='lat' dir='ltr'><strong>decimo</strong></span> <span class='ocrx_word' id='word_1_326' title='bbox 799 3005 977 3052; x_wconf 88' lang='lat' dir='ltr'><strong>autem</strong></span> <span class='ocrx_word' id='word_1_327' title='bbox 1015 2994 1103 3050; x_wconf 91' lang='lat' dir='ltr'><strong>die</strong></span> <span class='ocrx_word' id='word_1_328' title='bbox 1141 3001 1425 3065; x_wconf 88' lang='lat' dir='ltr'><strong>percutere</strong></span> <span class='ocrx_word' id='word_1_329' title='bbox 1455 2992 1754 3058; x_wconf 89' lang='lat' dir='ltr'><strong>desierunt,</strong></span> <span class='ocrx_word' id='word_1_330' title='bbox 1791 3000 1846 3047; x_wconf 91' lang='lat' dir='ltr'><strong>et</strong></span> <span class='ocrx_word' id='word_1_331' title='bbox 1871 2991 2074 3047; x_wconf 90' lang='lat' dir='ltr'><strong>idcirco</strong></span> 
     </span>
    </p>
   </div>
   <div class='ocr_carea' id='block_1_37' title="bbox 490 3083 2073 3154">
    <p class='ocr_par' dir='ltr' id='par_1_37' title="bbox 490 3083 2073 3154">
     <span class='ocr_line' id='line_1_37' title="bbox 490 3083 2073 3154; baseline -0.001 -16"><span class='ocrx_word' id='word_1_332' title='bbox 490 3107 514 3138; x_wconf 83' lang='grc'><strong><em>‹</em></strong></span> <span class='ocrx_word' id='word_1_333' title='bbox 546 3087 796 3143; x_wconf 89' lang='lat' dir='ltr'><strong>eumdem</strong></span> <span class='ocrx_word' id='word_1_334' title='bbox 819 3088 961 3142; x_wconf 90' lang='lat' dir='ltr'><strong>diem</strong></span> <span class='ocrx_word' id='word_1_335' title='bbox 1002 3086 1403 3142; x_wconf 89' lang='lat' dir='ltr'><strong>constituerunt</strong></span> <span class='ocrx_word' id='word_1_336' title='bbox 1450 3085 1748 3140; x_wconf 91' lang='lat' dir='ltr'><strong>solemnem</strong></span> <span class='ocrx_word' id='word_1_337' title='bbox 1792 3083 2073 3154; x_wconf 85' lang='lat' dir='ltr'><strong>epularum</strong></span> 
     </span>
    </p>
   </div>
   <div class='ocr_carea' id='block_1_38' title="bbox 492 3173 2073 3248">
    <p class='ocr_par' dir='ltr' id='par_1_38' title="bbox 492 3173 2073 3248">
     <span class='ocr_line' id='line_1_38' title="bbox 492 3173 2073 3248; baseline -0.002 -18"><span class='ocrx_word' id='word_1_338' title='bbox 492 3198 513 3230; x_wconf 78' lang='grc' dir='ltr'><strong>ι</strong></span> <span class='ocrx_word' id='word_1_339' title='bbox 555 3188 718 3248; x_wconf 88' lang='lat' dir='ltr'><strong>atque</strong></span> <span class='ocrx_word' id='word_1_340' title='bbox 748 3178 966 3232; x_wconf 64' lang='lat' dir='ltr'><strong>hetitiae.</strong></span> <span class='ocrx_word' id='word_1_341' title='bbox 1001 3176 1067 3231; x_wconf 80' lang='lat' dir='ltr'><strong>Hi</strong></span> <span class='ocrx_word' id='word_1_342' title='bbox 1106 3191 1236 3231; x_wconf 90' lang='lat' dir='ltr'><strong>vero</strong></span> <span class='ocrx_word' id='word_1_343' title='bbox 1262 3174 1434 3231; x_wconf 72' lang='lat' dir='ltr'><strong>Judmi</strong></span> <span class='ocrx_word' id='word_1_344' title='bbox 1465 3174 1557 3245; x_wconf 91' lang='lat' dir='ltr'><strong>qui</strong></span> <span class='ocrx_word' id='word_1_345' title='bbox 1610 3174 1665 3227; x_wconf 91' lang='lat' dir='ltr'><strong>in</strong></span> <span class='ocrx_word' id='word_1_346' title='bbox 1717 3173 1928 3243; x_wconf 90' lang='lat' dir='ltr'><strong>oppidis</strong></span> <span class='ocrx_word' id='word_1_347' title='bbox 1967 3189 2073 3228; x_wconf 85' lang='lat' dir='ltr'><strong>non</strong></span> 
     </span>
    </p>
   </div>
   <div class='ocr_carea' id='block_1_39' title="bbox 492 3234 2146 3334">
    <p class='ocr_par' dir='ltr' id='par_1_39' title="bbox 492 3234 2146 3334">
     <span class='ocr_line' id='line_1_39' title="bbox 492 3234 2146 3334; baseline -0.003 -13"><span class='ocrx_word' id='word_1_348' title='bbox 492 3289 513 3320; x_wconf 83' lang='grc'><strong>‹</strong></span> <span class='ocrx_word' id='word_1_349' title='bbox 554 3269 780 3322; x_wconf 87' lang='lat' dir='ltr'><strong>muratis</strong></span> <span class='ocrx_word' id='word_1_350' title='bbox 826 3283 891 3323; x_wconf 89' lang='lat' dir='ltr'><strong>ac</strong></span> <span class='ocrx_word' id='word_1_351' title='bbox 929 3267 1071 3321; x_wconf 85' lang='lat' dir='ltr'><strong>villis</strong></span> <span class='ocrx_word' id='word_1_352' title='bbox 1097 3265 1451 3321; x_wconf 88' lang='lat' dir='ltr'><strong>morabantur</strong></span> <span class='ocrx_word' id='word_1_353' title='bbox 1502 3271 1757 3334; x_wconf 91' lang='lat' dir='ltr'><strong>quartum</strong></span> <span class='ocrx_word' id='word_1_354' title='bbox 1804 3263 2071 3319; x_wconf 87' lang='lat' dir='ltr'><strong>decimum</strong></span> <span class='ocrx_word' id='word_1_355' title='bbox 2102 3234 2146 3296; x_wconf 77' lang='lat' dir='ltr'><strong>C</strong></span> 
     </span>
    </p>
   </div>
   <div class='ocr_carea' id='block_1_40' title="bbox 494 3353 2074 3426">
    <p class='ocr_par' dir='ltr' id='par_1_40' title="bbox 494 3353 2074 3426">
     <span class='ocr_line' id='line_1_40' title="bbox 494 3353 2074 3426; baseline -0.002 -15"><span class='ocrx_word' id='word_1_356' title='bbox 494 3379 516 3411; x_wconf 71' lang='grc' dir='ltr'>α</span> <span class='ocrx_word' id='word_1_357' title='bbox 557 3361 700 3416; x_wconf 90' lang='lat' dir='ltr'><strong>diem</strong></span> <span class='ocrx_word' id='word_1_358' title='bbox 748 3360 952 3415; x_wconf 90' lang='lat' dir='ltr'><strong>mensis</strong></span> <span class='ocrx_word' id='word_1_359' title='bbox 993 3359 1141 3413; x_wconf 87' lang='lat' dir='ltr'><strong>Adar</strong></span> <span class='ocrx_word' id='word_1_360' title='bbox 1183 3356 1553 3414; x_wconf 85' lang='lat' dir='ltr'><strong>conviviorum</strong></span> <span class='ocrx_word' id='word_1_361' title='bbox 1576 3363 1630 3412; x_wconf 90' lang='lat' dir='ltr'><strong>et</strong></span> <span class='ocrx_word' id='word_1_362' title='bbox 1659 3354 1841 3426; x_wconf 88' lang='lat' dir='ltr'><strong>gaudii</strong></span> <span class='ocrx_word' id='word_1_363' title='bbox 1884 3353 2074 3409; x_wconf 86' lang='lat' dir='ltr'><strong>decre-</strong></span> 
     </span>
    </p>
   </div>
   <div class='ocr_carea' id='block_1_41' title="bbox 494 3444 2078 3517">
    <p class='ocr_par' dir='ltr' id='par_1_41' title="bbox 494 3444 2078 3517">
     <span class='ocr_line' id='line_1_41' title="bbox 494 3444 2078 3517; baseline -0.005 -12"><span class='ocrx_word' id='word_1_364' title='bbox 494 3470 517 3505; x_wconf 80' lang='grc'><strong>‹</strong></span> <span class='ocrx_word' id='word_1_365' title='bbox 550 3459 767 3517; x_wconf 89' lang='lat' dir='ltr'><strong>verunt,</strong></span> <span class='ocrx_word' id='word_1_366' title='bbox 791 3451 867 3506; x_wconf 87' lang='lat' dir='ltr'><strong>ita</strong></span> <span class='ocrx_word' id='word_1_367' title='bbox 889 3457 948 3505; x_wconf 90' lang='lat' dir='ltr'><strong>ut</strong></span> <span class='ocrx_word' id='word_1_368' title='bbox 967 3448 1240 3505; x_wconf 80' lang='lat' dir='ltr'><strong>exsultent</strong></span> <span class='ocrx_word' id='word_1_369' title='bbox 1263 3448 1320 3503; x_wconf 92' lang='lat' dir='ltr'><strong>in</strong></span> <span class='ocrx_word' id='word_1_370' title='bbox 1338 3462 1427 3513; x_wconf 91' lang='lat' dir='ltr'><strong>eo,</strong></span> <span class='ocrx_word' id='word_1_371' title='bbox 1452 3453 1506 3502; x_wconf 91' lang='lat' dir='ltr'><strong>et</strong></span> <span class='ocrx_word' id='word_1_372' title='bbox 1525 3444 1742 3500; x_wconf 89' lang='lat' dir='ltr'><strong>mittant</strong></span> <span class='ocrx_word' id='word_1_373' title='bbox 1763 3444 1864 3499; x_wconf 88' lang='lat' dir='ltr'><strong>sibi</strong></span> <span class='ocrx_word' id='word_1_374' title='bbox 1892 3451 2078 3498; x_wconf 90' lang='lat' dir='ltr'><strong>mutuo</strong></span> 
     </span>
    </p>
   </div>
   <div class='ocr_carea' id='block_1_42' title="bbox 496 3535 2078 3613">
    <p class='ocr_par' dir='ltr' id='par_1_42' title="bbox 496 3535 2078 3613">
     <span class='ocr_line' id='line_1_42' title="bbox 496 3535 2078 3613; baseline -0.003 -18"><span class='ocrx_word' id='word_1_375' title='bbox 496 3560 518 3595; x_wconf 85' lang='grc'>‹</span> <span class='ocrx_word' id='word_1_376' title='bbox 557 3551 741 3613; x_wconf 90' lang='lat' dir='ltr'><strong>partes</strong></span> <span class='ocrx_word' id='word_1_377' title='bbox 791 3541 1071 3612; x_wconf 89' lang='lat' dir='ltr'><strong>epularum</strong></span> <span class='ocrx_word' id='word_1_378' title='bbox 1128 3548 1186 3595; x_wconf 92' lang='lat' dir='ltr'><strong>et</strong></span> <span class='ocrx_word' id='word_1_379' title='bbox 1241 3539 1504 3595; x_wconf 89' lang='lat' dir='ltr'><strong>ciborum.</strong></span> <span class='ocrx_word' id='word_1_380' title='bbox 1555 3557 1573 3589; x_wconf 72' lang='grc' dir='ltr'><strong>ι</strong></span> <span class='ocrx_word' id='word_1_381' title='bbox 1612 3535 1756 3604; x_wconf 84' lang='lat' dir='ltr'><strong>Quid</strong></span> <span class='ocrx_word' id='word_1_382' title='bbox 1803 3544 1889 3591; x_wconf 91' lang='lat' dir='ltr'><strong>est</strong></span> <span class='ocrx_word' id='word_1_383' title='bbox 1933 3535 2078 3605; x_wconf 93' lang='lat' dir='ltr'><strong>quod</strong></span> 
     </span>
    </p>
   </div>
   <div class='ocr_carea' id='block_1_43' title="bbox 489 3628 2078 3706">
    <p class='ocr_par' dir='ltr' id='par_1_43' title="bbox 489 3628 2078 3706">
     <span class='ocr_line' id='line_1_43' title="bbox 489 3628 2078 3706; baseline -0.004 -15"><span class='ocrx_word' id='word_1_384' title='bbox 489 3634 776 3706; x_wconf 86' lang='lat' dir='ltr'><strong>Scriptura</strong></span> <span class='ocrx_word' id='word_1_385' title='bbox 836 3640 1023 3688; x_wconf 90' lang='lat' dir='ltr'><strong>narrat</strong></span> <span class='ocrx_word' id='word_1_386' title='bbox 1069 3633 1332 3704; x_wconf 89' lang='lat' dir='ltr'><strong>quosdam</strong></span> <span class='ocrx_word' id='word_1_387' title='bbox 1380 3628 1690 3685; x_wconf 67' lang='lat' dir='ltr'><strong>Judaeorum</strong></span> <span class='ocrx_word' id='word_1_388' title='bbox 1732 3629 1786 3684; x_wconf 92' lang='lat' dir='ltr'><strong>in</strong></span> <span class='ocrx_word' id='word_1_389' title='bbox 1831 3628 2078 3684; x_wconf 90' lang='lat' dir='ltr'><strong>hostibus</strong></span> 
     </span>
    </p>
   </div>
   <div class='ocr_carea' id='block_1_44' title="bbox 487 3716 2079 3782">
    <p class='ocr_par' dir='ltr' id='par_1_44' title="bbox 487 3716 2079 3782">
     <span class='ocr_line' id='line_1_44' title="bbox 487 3716 2079 3782; baseline -0.006 0"><span class='ocrx_word' id='word_1_390' title='bbox 487 3726 607 3782; x_wconf 83' lang='lat' dir='ltr'><strong>suis</strong></span> <span class='ocrx_word' id='word_1_391' title='bbox 637 3725 795 3779; x_wconf 90' lang='lat' dir='ltr'><strong>tertia</strong></span> <span class='ocrx_word' id='word_1_392' title='bbox 824 3723 1034 3780; x_wconf 90' lang='lat' dir='ltr'><strong>decima</strong></span> <span class='ocrx_word' id='word_1_393' title='bbox 1077 3723 1165 3778; x_wconf 91' lang='lat' dir='ltr'><strong>die</strong></span> <span class='ocrx_word' id='word_1_394' title='bbox 1194 3720 1399 3777; x_wconf 90' lang='lat' dir='ltr'><strong>mensis</strong></span> <span class='ocrx_word' id='word_1_395' title='bbox 1454 3719 1600 3775; x_wconf 85' lang='lat' dir='ltr'><strong>Adar</strong></span> <span class='ocrx_word' id='word_1_396' title='bbox 1648 3716 2079 3774; x_wconf 80' lang='lat' dir='ltr'><strong>interfectionem</strong></span> 
     </span>
    </p>
   </div>
   <div class='ocr_carea' id='block_1_45' title="bbox 490 3811 2062 3886">
    <p class='ocr_par' dir='ltr' id='par_1_45' title="bbox 490 3811 2062 3886">
     <span class='ocr_line' id='line_1_45' title="bbox 490 3811 2062 3886; baseline -0.006 -12"><span class='ocrx_word' id='word_1_397' title='bbox 490 3819 808 3875; x_wconf 80' lang='lat' dir='ltr'><strong>exercuisse</strong></span> <span class='ocrx_word' id='word_1_398' title='bbox 825 3857 841 3883; x_wconf 92' lang='lat'><strong>,</strong></span> <span class='ocrx_word' id='word_1_399' title='bbox 868 3823 925 3872; x_wconf 91' lang='lat' dir='ltr'><strong>et</strong></span> <span class='ocrx_word' id='word_1_400' title='bbox 962 3824 1155 3886; x_wconf 90' lang='lat' dir='ltr'><strong>quarta</strong></span> <span class='ocrx_word' id='word_1_401' title='bbox 1178 3815 1387 3871; x_wconf 89' lang='lat' dir='ltr'><strong>decima</strong></span> <span class='ocrx_word' id='word_1_402' title='bbox 1429 3812 1517 3869; x_wconf 90' lang='lat' dir='ltr'><strong>die</strong></span> <span class='ocrx_word' id='word_1_403' title='bbox 1546 3811 1757 3868; x_wconf 69' lang='lat' dir='ltr'><strong>caaderc</strong></span> <span class='ocrx_word' id='word_1_404' title='bbox 1781 3811 2062 3874; x_wconf 88' lang='lat' dir='ltr'><strong>desivisse,</strong></span> 
     </span>
    </p>
   </div>
   <div class='ocr_carea' id='block_1_46' title="bbox 489 3904 2083 3980">
    <p class='ocr_par' dir='ltr' id='par_1_46' title="bbox 489 3904 2083 3980">
     <span class='ocr_line' id='line_1_46' title="bbox 489 3904 2083 3980; baseline -0.005 -16"><span class='ocrx_word' id='word_1_405' title='bbox 489 3918 655 3980; x_wconf 86' lang='lat' dir='ltr'><strong>atque</strong></span> <span class='ocrx_word' id='word_1_406' title='bbox 696 3910 840 3964; x_wconf 91' lang='lat' dir='ltr'><strong>hanc</strong></span> <span class='ocrx_word' id='word_1_407' title='bbox 882 3908 1181 3964; x_wconf 89' lang='lat' dir='ltr'><strong>solemnem</strong></span> <span class='ocrx_word' id='word_1_408' title='bbox 1227 3905 1431 3961; x_wconf 86' lang='lat' dir='ltr'><strong>habere</strong></span> <span class='ocrx_word' id='word_1_409' title='bbox 1464 3922 1477 3958; x_wconf 89' lang='lat'><strong>:</strong></span> <span class='ocrx_word' id='word_1_410' title='bbox 1519 3904 1783 3975; x_wconf 90' lang='lat' dir='ltr'><strong>quosdam</strong></span> <span class='ocrx_word' id='word_1_411' title='bbox 1816 3918 1945 3957; x_wconf 90' lang='lat' dir='ltr'><strong>vero</strong></span> <span class='ocrx_word' id='word_1_412' title='bbox 1984 3916 2083 3972; x_wconf 86' lang='lat' dir='ltr'><strong>per</strong></span> 
     </span>
    </p>
   </div>
   <div class='ocr_carea' id='block_1_47' title="bbox 492 3996 2079 4069">
    <p class='ocr_par' dir='ltr' id='par_1_47' title="bbox 492 3996 2079 4069">
     <span class='ocr_line' id='line_1_47' title="bbox 492 3996 2079 4069; baseline -0.007 -10"><span class='ocrx_word' id='word_1_413' title='bbox 492 4003 632 4059; x_wconf 90' lang='lat' dir='ltr'><strong>duos</strong></span> <span class='ocrx_word' id='word_1_414' title='bbox 668 4001 803 4069; x_wconf 88' lang='lat' dir='ltr'><strong>dies,</strong></span> <span class='ocrx_word' id='word_1_415' title='bbox 829 4002 934 4057; x_wconf 93' lang='lat' dir='ltr'><strong>hoc</strong></span> <span class='ocrx_word' id='word_1_416' title='bbox 959 4008 1064 4066; x_wconf 89' lang='lat' dir='ltr'><strong>est,</strong></span> <span class='ocrx_word' id='word_1_417' title='bbox 1089 3999 1309 4054; x_wconf 87' lang='lat' dir='ltr'><strong>tertiam</strong></span> <span class='ocrx_word' id='word_1_418' title='bbox 1331 3996 1596 4054; x_wconf 88' lang='lat' dir='ltr'><strong>decimam</strong></span> <span class='ocrx_word' id='word_1_419' title='bbox 1639 4004 1803 4066; x_wconf 83' lang='lat' dir='ltr'><strong>atque</strong></span> <span class='ocrx_word' id='word_1_420' title='bbox 1830 4002 2079 4066; x_wconf 90' lang='lat' dir='ltr'><strong>quartam</strong></span> 
     </span>
    </p>
   </div>
   <div class='ocr_carea' id='block_1_48' title="bbox 490 4088 2077 4165">
    <p class='ocr_par' dir='ltr' id='par_1_48' title="bbox 490 4088 2077 4165">
     <span class='ocr_line' id='line_1_48' title="bbox 490 4088 2077 4165; baseline -0.004 -16"><span class='ocrx_word' id='word_1_421' title='bbox 490 4094 757 4150; x_wconf 89' lang='lat' dir='ltr'><strong>decimam</strong></span> <span class='ocrx_word' id='word_1_422' title='bbox 774 4094 1016 4165; x_wconf 61' lang='lat' dir='ltr'><strong>praedicti</strong></span> <span class='ocrx_word' id='word_1_423' title='bbox 1028 4092 1231 4149; x_wconf 88' lang='lat' dir='ltr'><strong>mensis</strong></span> <span class='ocrx_word' id='word_1_424' title='bbox 1242 4090 1570 4147; x_wconf 89' lang='lat' dir='ltr'><strong>occisionem</strong></span> <span class='ocrx_word' id='word_1_425' title='bbox 1578 4088 1817 4145; x_wconf 90' lang='lat' dir='ltr'><strong>hostium</strong></span> <span class='ocrx_word' id='word_1_426' title='bbox 1832 4094 2077 4158; x_wconf 86' lang='lat' dir='ltr'><strong>agentes,</strong></span> 
     </span>
    </p>
   </div>
   <div class='ocr_carea' id='block_1_49' title="bbox 490 4178 2082 4254">
    <p class='ocr_par' dir='ltr' id='par_1_49' title="bbox 490 4178 2082 4254">
     <span class='ocr_line' id='line_1_49' title="bbox 490 4178 2082 4254; baseline -0.004 -14"><span class='ocrx_word' id='word_1_427' title='bbox 490 4184 681 4254; x_wconf 88' lang='lat' dir='ltr'><strong>quinta</strong></span> <span class='ocrx_word' id='word_1_428' title='bbox 712 4184 925 4240; x_wconf 88' lang='lat' dir='ltr'><strong>decima</strong></span> <span class='ocrx_word' id='word_1_429' title='bbox 950 4185 1169 4240; x_wconf 88' lang='lat' dir='ltr'><strong>tandem</strong></span> <span class='ocrx_word' id='word_1_430' title='bbox 1194 4183 1281 4239; x_wconf 91' lang='lat' dir='ltr'><strong>die</strong></span> <span class='ocrx_word' id='word_1_431' title='bbox 1299 4197 1332 4238; x_wconf 91' lang='lat' dir='ltr'><strong>a</strong></span> <span class='ocrx_word' id='word_1_432' title='bbox 1362 4181 1509 4238; x_wconf 73' lang='lat' dir='ltr'><strong>caede</strong></span> <span class='ocrx_word' id='word_1_433' title='bbox 1537 4178 1856 4236; x_wconf 86' lang='lat' dir='ltr'><strong>abstinendo</strong></span> <span class='ocrx_word' id='word_1_434' title='bbox 1881 4178 2082 4234; x_wconf 89' lang='lat' dir='ltr'><strong>solem-</strong></span> 
     </span>
    </p>
   </div>
   <div class='ocr_carea' id='block_1_50' title="bbox 493 4271 2085 4345">
    <p class='ocr_par' dir='ltr' id='par_1_50' title="bbox 493 4271 2085 4345">
     <span class='ocr_line' id='line_1_50' title="bbox 493 4271 2085 4345; baseline -0.004 -16"><span class='ocrx_word' id='word_1_435' title='bbox 493 4275 641 4330; x_wconf 87' lang='lat' dir='ltr'><strong>niter</strong></span> <span class='ocrx_word' id='word_1_436' title='bbox 683 4275 993 4345; x_wconf 87' lang='lat' dir='ltr'><strong>quievisse:</strong></span> <span class='ocrx_word' id='word_1_437' title='bbox 1025 4274 1131 4330; x_wconf 88' lang='lat' dir='ltr'><strong>nisi</strong></span> <span class='ocrx_word' id='word_1_438' title='bbox 1177 4273 1322 4345; x_wconf 83' lang='lat' dir='ltr'><strong>quod</strong></span> <span class='ocrx_word' id='word_1_439' title='bbox 1372 4271 1541 4343; x_wconf 85' lang='lat' dir='ltr'><strong>aliqui</strong></span> <span class='ocrx_word' id='word_1_440' title='bbox 1578 4279 1917 4336; x_wconf 89' lang='lat' dir='ltr'><strong>sanctorum,</strong></span> <span class='ocrx_word' id='word_1_441' title='bbox 1961 4276 2085 4339; x_wconf 90' lang='lat' dir='ltr'><strong>post</strong></span> 
     </span>
    </p>
   </div>
   <div class='ocr_carea' id='block_1_51' title="bbox 493 4359 2082 4435">
    <p class='ocr_par' dir='ltr' id='par_1_51' title="bbox 493 4359 2082 4435">
     <span class='ocr_line' id='line_1_51' title="bbox 493 4359 2082 4435; baseline -0.004 -16"><span class='ocrx_word' id='word_1_442' title='bbox 493 4364 742 4435; x_wconf 88' lang='lat' dir='ltr'><strong>impletos</strong></span> <span class='ocrx_word' id='word_1_443' title='bbox 765 4364 981 4421; x_wconf 89' lang='lat' dir='ltr'><strong>labores</strong></span> <span class='ocrx_word' id='word_1_444' title='bbox 1008 4379 1147 4435; x_wconf 89' lang='lat' dir='ltr'><strong>quos</strong></span> <span class='ocrx_word' id='word_1_445' title='bbox 1172 4363 1228 4418; x_wconf 92' lang='lat' dir='ltr'><strong>in</strong></span> <span class='ocrx_word' id='word_1_446' title='bbox 1269 4362 1491 4419; x_wconf 89' lang='lat' dir='ltr'><strong>servitio</strong></span> <span class='ocrx_word' id='word_1_447' title='bbox 1514 4361 1611 4417; x_wconf 90' lang='lat' dir='ltr'><strong>Dei</strong></span> <span class='ocrx_word' id='word_1_448' title='bbox 1640 4368 1787 4416; x_wconf 89' lang='lat' dir='ltr'><strong>recte</strong></span> <span class='ocrx_word' id='word_1_449' title='bbox 1811 4359 2082 4415; x_wconf 88' lang='lat' dir='ltr'><strong>credendo</strong></span> 
     </span>
    </p>
   </div>
   <div class='ocr_carea' id='block_1_52' title="bbox 491 4446 2083 4525">
    <p class='ocr_par' dir='ltr' id='par_1_52' title="bbox 491 4446 2083 4525">
     <span class='ocr_line' id='line_1_52' title="bbox 491 4446 2083 4525; baseline -0.007 -14"><span class='ocrx_word' id='word_1_450' title='bbox 491 4464 551 4511; x_wconf 86' lang='lat' dir='ltr'><strong>et</strong></span> <span class='ocrx_word' id='word_1_451' title='bbox 573 4456 713 4511; x_wconf 89' lang='lat' dir='ltr'><strong>bene</strong></span> <span class='ocrx_word' id='word_1_452' title='bbox 742 4455 971 4511; x_wconf 90' lang='lat' dir='ltr'><strong>vivendo</strong></span> <span class='ocrx_word' id='word_1_453' title='bbox 997 4455 1369 4525; x_wconf 81' lang='lat' dir='ltr'><strong>expleverunt,</strong></span> <span class='ocrx_word' id='word_1_454' title='bbox 1392 4452 1554 4508; x_wconf 91' lang='lat' dir='ltr'><strong>modo</strong></span> <span class='ocrx_word' id='word_1_455' title='bbox 1578 4458 1707 4505; x_wconf 87' lang='lat' dir='ltr'><strong>ante</strong></span> <span class='ocrx_word' id='word_1_456' title='bbox 1729 4457 1941 4518; x_wconf 90' lang='lat' dir='ltr'><strong>tempus</strong></span> <span class='ocrx_word' id='word_1_457' title='bbox 1963 4446 2083 4502; x_wconf 57' lang='lat' dir='ltr'><strong>uni-</strong></span> 
     </span>
    </p>
   </div>
   <div class='ocr_carea' id='block_1_53' title="bbox 493 4541 2160 4639">
    <p class='ocr_par' dir='ltr' id='par_1_53' title="bbox 493 4541 2160 4639">
     <span class='ocr_line' id='line_1_53' title="bbox 493 4541 2160 4639; baseline -0.008 -36"><span class='ocrx_word' id='word_1_458' title='bbox 493 4547 722 4604; x_wconf 88' lang='lat' dir='ltr'><strong>versalis</strong></span> <span class='ocrx_word' id='word_1_459' title='bbox 738 4546 930 4616; x_wconf 88' lang='lat' dir='ltr'><strong>judicii</strong></span> <span class='ocrx_word' id='word_1_460' title='bbox 960 4547 1014 4601; x_wconf 93' lang='lat' dir='ltr'><strong>in</strong></span> <span class='ocrx_word' id='word_1_461' title='bbox 1038 4546 1290 4602; x_wconf 88' lang='lat' dir='ltr'><strong>manibus</strong></span> <span class='ocrx_word' id='word_1_462' title='bbox 1320 4544 1433 4600; x_wconf 87' lang='lat' dir='ltr'><strong>suis</strong></span> <span class='ocrx_word' id='word_1_463' title='bbox 1453 4541 1844 4599; x_wconf 88' lang='lat' dir='ltr'><strong>sabbatismum</strong></span> <span class='ocrx_word' id='word_1_464' title='bbox 1866 4548 2081 4593; x_wconf 66' lang='lat' dir='ltr'><strong>aeterna:</strong></span> <span class='ocrx_word' id='word_1_465' title='bbox 2114 4580 2160 4639; x_wconf 67' lang='grc' dir='ltr'><strong>ο</strong></span> 
     </span>
    </p>
   </div>
   <div class='ocr_carea' id='block_1_54' title="bbox 496 4632 2082 4709">
    <p class='ocr_par' dir='ltr' id='par_1_54' title="bbox 496 4632 2082 4709">
     <span class='ocr_line' id='line_1_54' title="bbox 496 4632 2082 4709; baseline -0.007 -15"><span class='ocrx_word' id='word_1_466' title='bbox 496 4639 698 4709; x_wconf 88' lang='lat' dir='ltr'><strong>quietis</strong></span> <span class='ocrx_word' id='word_1_467' title='bbox 743 4638 965 4702; x_wconf 87' lang='lat' dir='ltr'><strong>habent,</strong></span> <span class='ocrx_word' id='word_1_468' title='bbox 990 4637 1081 4691; x_wconf 90' lang='lat' dir='ltr'><strong>alii</strong></span> <span class='ocrx_word' id='word_1_469' title='bbox 1107 4651 1237 4693; x_wconf 91' lang='lat' dir='ltr'><strong>vero</strong></span> <span class='ocrx_word' id='word_1_470' title='bbox 1264 4650 1435 4704; x_wconf 89' lang='lat' dir='ltr'><strong>usque</strong></span> <span class='ocrx_word' id='word_1_471' title='bbox 1463 4634 1531 4689; x_wconf 90' lang='lat' dir='ltr'><strong>ad</strong></span> <span class='ocrx_word' id='word_1_472' title='bbox 1564 4632 1812 4686; x_wconf 90' lang='lat' dir='ltr'><strong>ultimum</strong></span> <span class='ocrx_word' id='word_1_473' title='bbox 1840 4644 2082 4685; x_wconf 89' lang='lat' dir='ltr'><strong>resurre—</strong></span> 
     </span>
    </p>
   </div>
   <div class='ocr_carea' id='block_1_55' title="bbox 499 4718 2080 4798">
    <p class='ocr_par' dir='ltr' id='par_1_55' title="bbox 499 4718 2080 4798">
     <span class='ocr_line' id='line_1_55' title="bbox 499 4718 2080 4798; baseline -0.009 -13"><span class='ocrx_word' id='word_1_474' title='bbox 499 4721 697 4787; x_wconf 87' lang='lat' dir='ltr'><strong>ctionis</strong></span> <span class='ocrx_word' id='word_1_475' title='bbox 718 4729 861 4783; x_wconf 86' lang='lat' dir='ltr'><strong>diem</strong></span> <span class='ocrx_word' id='word_1_476' title='bbox 892 4730 949 4784; x_wconf 91' lang='lat' dir='ltr'><strong>in</strong></span> <span class='ocrx_word' id='word_1_477' title='bbox 970 4743 1135 4783; x_wconf 89' lang='lat' dir='ltr'><strong>carne</strong></span> <span class='ocrx_word' id='word_1_478' title='bbox 1162 4726 1534 4798; x_wconf 90' lang='lat' dir='ltr'><strong>perdurantes,</strong></span> <span class='ocrx_word' id='word_1_479' title='bbox 1563 4722 1642 4778; x_wconf 89' lang='lat' dir='ltr'><strong>sic</strong></span> <span class='ocrx_word' id='word_1_480' title='bbox 1663 4720 1935 4789; x_wconf 87' lang='lat' dir='ltr'><strong>superatis</strong></span> <span class='ocrx_word' id='word_1_481' title='bbox 1957 4718 2080 4773; x_wconf 90' lang='lat' dir='ltr'><strong>uni-</strong></span> 
     </span>
    </p>
   </div>
   <div class='ocr_carea' id='block_1_56' title="bbox 495 4812 2083 4891">
    <p class='ocr_par' dir='ltr' id='par_1_56' title="bbox 495 4812 2083 4891">
     <span class='ocr_line' id='line_1_56' title="bbox 495 4812 2083 4891; baseline -0.008 -13"><span class='ocrx_word' id='word_1_482' title='bbox 495 4822 669 4878; x_wconf 89' lang='lat' dir='ltr'><strong>versis</strong></span> <span class='ocrx_word' id='word_1_483' title='bbox 699 4822 966 4888; x_wconf 87' lang='lat' dir='ltr'><strong>hostibus,</strong></span> <span class='ocrx_word' id='word_1_484' title='bbox 1003 4821 1182 4878; x_wconf 87' lang='lat' dir='ltr'><strong>subito</strong></span> <span class='ocrx_word' id='word_1_485' title='bbox 1225 4834 1323 4891; x_wconf 91' lang='lat' dir='ltr'><strong>per</strong></span> <span class='ocrx_word' id='word_1_486' title='bbox 1364 4817 1605 4874; x_wconf 89' lang='lat' dir='ltr'><strong>divinam</strong></span> <span class='ocrx_word' id='word_1_487' title='bbox 1635 4813 1936 4885; x_wconf 88' lang='lat' dir='ltr'><strong>potentiam</strong></span> <span class='ocrx_word' id='word_1_488' title='bbox 1979 4812 2083 4866; x_wconf 87' lang='lat' dir='ltr'><strong>im-</strong></span> 
     </span>
    </p>
   </div>
   <div class='ocr_carea' id='block_1_57' title="bbox 499 4904 2088 4982">
    <p class='ocr_par' dir='ltr' id='par_1_57' title="bbox 499 4904 2088 4982">
     <span class='ocr_line' id='line_1_57' title="bbox 499 4904 2088 4982; baseline -0.006 -16"><span class='ocrx_word' id='word_1_489' title='bbox 499 4914 715 4977; x_wconf 85' lang='lat' dir='ltr'><strong>mutati,</strong></span> <span class='ocrx_word' id='word_1_490' title='bbox 766 4922 1027 4969; x_wconf 74' lang='lat' dir='ltr'><strong>:cternam</strong></span> <span class='ocrx_word' id='word_1_491' title='bbox 1071 4913 1309 4982; x_wconf 91' lang='lat' dir='ltr'><strong>quietem</strong></span> <span class='ocrx_word' id='word_1_492' title='bbox 1341 4918 1505 4980; x_wconf 89' lang='lat' dir='ltr'><strong>atque</strong></span> <span class='ocrx_word' id='word_1_493' title='bbox 1552 4907 1768 4962; x_wconf 86' lang='lat' dir='ltr'><strong>beatam</strong></span> <span class='ocrx_word' id='word_1_494' title='bbox 1808 4904 2088 4959; x_wconf 82' lang='lat' dir='ltr'><strong>immorta-</strong></span> 
     </span>
    </p>
   </div>
   <div class='ocr_carea' id='block_1_58' title="bbox 499 4996 2085 5076">
    <p class='ocr_par' dir='ltr' id='par_1_58' title="bbox 499 4996 2085 5076">
     <span class='ocr_line' id='line_1_58' title="bbox 499 4996 2085 5076; baseline -0.008 -16"><span class='ocrx_word' id='word_1_495' title='bbox 499 5006 730 5074; x_wconf 90' lang='lat' dir='ltr'><strong>litatem,</strong></span> <span class='ocrx_word' id='word_1_496' title='bbox 758 5017 870 5063; x_wconf 88' lang='lat' dir='ltr'><strong>tam</strong></span> <span class='ocrx_word' id='word_1_497' title='bbox 903 5009 956 5063; x_wconf 93' lang='lat' dir='ltr'><strong>in</strong></span> <span class='ocrx_word' id='word_1_498' title='bbox 979 5008 1264 5063; x_wconf 88' lang='lat' dir='ltr'><strong>animabus</strong></span> <span class='ocrx_word' id='word_1_499' title='bbox 1296 5019 1459 5076; x_wconf 90' lang='lat' dir='ltr'><strong>quam</strong></span> <span class='ocrx_word' id='word_1_500' title='bbox 1491 5004 1657 5059; x_wconf 89' lang='lat' dir='ltr'><strong>etiam</strong></span> <span class='ocrx_word' id='word_1_501' title='bbox 1686 5000 1739 5055; x_wconf 91' lang='lat' dir='ltr'><strong>in</strong></span> <span class='ocrx_word' id='word_1_502' title='bbox 1765 4996 2085 5068; x_wconf 85' lang='lat' dir='ltr'><strong>corporibus</strong></span> 
     </span>
    </p>
   </div>
   <div class='ocr_carea' id='block_1_59' title="bbox 500 5085 2082 5167">
    <p class='ocr_par' dir='ltr' id='par_1_59' title="bbox 500 5085 2082 5167">
     <span class='ocr_line' id='line_1_59' title="bbox 500 5085 2082 5167; baseline -0.008 -17"><span class='ocrx_word' id='word_1_503' title='bbox 500 5096 638 5161; x_wconf 83' lang='lat' dir='ltr'><strong>suis,</strong></span> <span class='ocrx_word' id='word_1_504' title='bbox 660 5098 983 5167; x_wconf 89' lang='lat' dir='ltr'><strong>percipiunt,</strong></span> <span class='ocrx_word' id='word_1_505' title='bbox 1011 5096 1165 5167; x_wconf 77' lang='lat' dir='ltr'><strong>juxta</strong></span> <span class='ocrx_word' id='word_1_506' title='bbox 1210 5094 1339 5149; x_wconf 90' lang='lat' dir='ltr'><strong>illud</strong></span> <span class='ocrx_word' id='word_1_507' title='bbox 1368 5092 1611 5163; x_wconf 88' lang='lat' dir='ltr'><strong>Apostoli</strong></span> <span class='ocrx_word' id='word_1_508' title='bbox 1634 5090 1775 5160; x_wconf 91' lang='lat' dir='ltr'><strong>quod</strong></span> <span class='ocrx_word' id='word_1_509' title='bbox 1801 5089 1869 5142; x_wconf 89' lang='lat' dir='ltr'><strong>ad</strong></span> <span class='ocrx_word' id='word_1_510' title='bbox 1892 5085 2082 5141; x_wconf 88' lang='lat' dir='ltr'><strong>Corin-</strong></span> 
     </span>
    </p>
   </div>
   <div class='ocr_carea' id='block_1_60' title="bbox 501 5176 2080 5255">
    <p class='ocr_par' dir='ltr' id='par_1_60' title="bbox 501 5176 2080 5255">
     <span class='ocr_line' id='line_1_60' title="bbox 501 5176 2080 5255; baseline -0.009 -13"><span class='ocrx_word' id='word_1_511' title='bbox 501 5186 648 5243; x_wconf 89' lang='lat' dir='ltr'><strong>thios</strong></span> <span class='ocrx_word' id='word_1_512' title='bbox 691 5187 936 5243; x_wconf 87' lang='lat' dir='ltr'><strong>scribens</strong></span> <span class='ocrx_word' id='word_1_513' title='bbox 961 5189 1035 5242; x_wconf 89' lang='lat' dir='ltr'><strong>ait</strong></span> <span class='ocrx_word' id='word_1_514' title='bbox 1065 5205 1081 5242; x_wconf 85' lang='lat'><strong>:</strong></span> <span class='ocrx_word' id='word_1_515' title='bbox 1116 5206 1137 5238; x_wconf 74' lang='grc' dir='ltr'><strong>ι</strong></span> <span class='ocrx_word' id='word_1_516' title='bbox 1181 5186 1323 5241; x_wconf 89' lang='lat' dir='ltr'><strong>Ecce</strong></span> <span class='ocrx_word' id='word_1_517' title='bbox 1358 5183 1675 5255; x_wconf 82' lang='lat' dir='ltr'><strong>mysterium</strong></span> <span class='ocrx_word' id='word_1_518' title='bbox 1724 5178 1878 5233; x_wconf 83' lang='lat' dir='ltr'><strong>vobis</strong></span> <span class='ocrx_word' id='word_1_519' title='bbox 1921 5176 2080 5233; x_wconf 89' lang='lat' dir='ltr'><strong>dico:</strong></span> 
     </span>
    </p>
   </div>
   <div class='ocr_carea' id='block_1_61' title="bbox 498 5268 2087 5348">
    <p class='ocr_par' dir='ltr' id='par_1_61' title="bbox 498 5268 2087 5348">
     <span class='ocr_line' id='line_1_61' title="bbox 498 5268 2087 5348; baseline -0.008 -16"><span class='ocrx_word' id='word_1_520' title='bbox 498 5292 693 5332; x_wconf 89' lang='lat' dir='ltr'><strong>omnes</strong></span> <span class='ocrx_word' id='word_1_521' title='bbox 716 5276 935 5347; x_wconf 88' lang='lat' dir='ltr'><strong>quidem</strong></span> <span class='ocrx_word' id='word_1_522' title='bbox 962 5290 1326 5348; x_wconf 89' lang='lat' dir='ltr'><strong>resurgemus,</strong></span> <span class='ocrx_word' id='word_1_523' title='bbox 1354 5274 1447 5330; x_wconf 86' lang='lat' dir='ltr'><strong>sed</strong></span> <span class='ocrx_word' id='word_1_524' title='bbox 1486 5289 1591 5328; x_wconf 91' lang='lat' dir='ltr'><strong>non</strong></span> <span class='ocrx_word' id='word_1_525' title='bbox 1618 5285 1806 5326; x_wconf 80' lang='lat' dir='ltr'><strong>omnes</strong></span> <span class='ocrx_word' id='word_1_526' title='bbox 1834 5268 2087 5323; x_wconf 88' lang='lat' dir='ltr'><strong>immuta-</strong></span> 
     </span>
    </p>
   </div>
   <div class='ocr_carea' id='block_1_62' title="bbox 499 5359 2081 5432">
    <p class='ocr_par' dir='ltr' id='par_1_62' title="bbox 499 5359 2081 5432">
     <span class='ocr_line' id='line_1_62' title="bbox 499 5359 2081 5432; baseline -0.008 -8"><span class='ocrx_word' id='word_1_527' title='bbox 499 5367 699 5424; x_wconf 89' lang='lat' dir='ltr'><strong>binmr.</strong></span> <span class='ocrx_word' id='word_1_528' title='bbox 725 5368 782 5423; x_wconf 90' lang='lat' dir='ltr'><strong>In</strong></span> <span class='ocrx_word' id='word_1_529' title='bbox 812 5376 1106 5432; x_wconf 91' lang='lat' dir='ltr'><strong>momento,</strong></span> <span class='ocrx_word' id='word_1_530' title='bbox 1132 5368 1185 5422; x_wconf 93' lang='lat' dir='ltr'><strong>in</strong></span> <span class='ocrx_word' id='word_1_531' title='bbox 1208 5368 1315 5422; x_wconf 90' lang='lat' dir='ltr'><strong>ictu</strong></span> <span class='ocrx_word' id='word_1_532' title='bbox 1339 5365 1499 5428; x_wconf 91' lang='lat' dir='ltr'><strong>oculi,</strong></span> <span class='ocrx_word' id='word_1_533' title='bbox 1527 5364 1578 5417; x_wconf 92' lang='lat' dir='ltr'><strong>in</strong></span> <span class='ocrx_word' id='word_1_534' title='bbox 1602 5360 1894 5416; x_wconf 89' lang='lat' dir='ltr'><strong>novissima</strong></span> <span class='ocrx_word' id='word_1_535' title='bbox 1923 5359 2081 5412; x_wconf 87' lang='lat' dir='ltr'><strong>tuba:</strong></span> 
     </span>
    </p>
   </div>
   <div class='ocr_carea' id='block_1_63' title="bbox 500 5451 2087 5528">
    <p class='ocr_par' dir='ltr' id='par_1_63' title="bbox 500 5451 2087 5528">
     <span class='ocr_line' id='line_1_63' title="bbox 500 5451 2087 5528; baseline -0.01 -10"><span class='ocrx_word' id='word_1_536' title='bbox 500 5471 660 5518; x_wconf 87' lang='lat' dir='ltr'><strong>canet</strong></span> <span class='ocrx_word' id='word_1_537' title='bbox 681 5464 828 5519; x_wconf 91' lang='lat' dir='ltr'><strong>enim</strong></span> <span class='ocrx_word' id='word_1_538' title='bbox 843 5462 990 5525; x_wconf 87' lang='lat' dir='ltr'><strong>tuba,</strong></span> <span class='ocrx_word' id='word_1_539' title='bbox 1013 5471 1068 5516; x_wconf 89' lang='lat' dir='ltr'><strong>et</strong></span> <span class='ocrx_word' id='word_1_540' title='bbox 1079 5461 1275 5517; x_wconf 90' lang='lat' dir='ltr'><strong>mortui</strong></span> <span class='ocrx_word' id='word_1_541' title='bbox 1293 5466 1575 5528; x_wconf 86' lang='lat' dir='ltr'><strong>resurgent</strong></span> <span class='ocrx_word' id='word_1_542' title='bbox 1588 5451 1906 5522; x_wconf 90' lang='lat' dir='ltr'><strong>incorrupti,</strong></span> <span class='ocrx_word' id='word_1_543' title='bbox 1920 5459 1975 5505; x_wconf 89' lang='lat' dir='ltr'><strong>et</strong></span> <span class='ocrx_word' id='word_1_544' title='bbox 1988 5464 2087 5515; x_wconf 71' lang='lat' dir='ltr'><strong>nos</strong></span> 
     </span>
    </p>
   </div>
   <div class='ocr_carea' id='block_1_64' title="bbox 498 5544 2080 5628">
    <p class='ocr_par' dir='ltr' id='par_1_64' title="bbox 498 5544 2080 5628">
     <span class='ocr_line' id='line_1_64' title="bbox 498 5544 2080 5628; baseline -0.01 -17"><span class='ocrx_word' id='word_1_545' title='bbox 498 5554 911 5613; x_wconf 88' lang='lat' dir='ltr'><strong>immutahimur</strong></span> <span class='ocrx_word' id='word_1_546' title='bbox 931 5554 982 5628; x_wconf 92' lang='lat' dir='ltr'><strong>(I</strong></span> <span class='ocrx_word' id='word_1_547' title='bbox 1005 5553 1129 5609; x_wconf 68' lang='lat' dir='ltr'><strong>(lor.</strong></span> <span class='ocrx_word' id='word_1_548' title='bbox 1148 5553 1280 5625; x_wconf 83' lang='lat' dir='ltr'><strong>xv).</strong></span> <span class='ocrx_word' id='word_1_549' title='bbox 1318 5573 1336 5604; x_wconf 74' lang='grc' dir='ltr'><strong>ι</strong></span> <span class='ocrx_word' id='word_1_550' title='bbox 1370 5552 1436 5606; x_wconf 83' lang='lat' dir='ltr'><strong>Et</strong></span> <span class='ocrx_word' id='word_1_551' title='bbox 1456 5550 1521 5604; x_wconf 91' lang='lat' dir='ltr'><strong>ad</strong></span> <span class='ocrx_word' id='word_1_552' title='bbox 1544 5544 2080 5604; x_wconf 88' lang='lat' dir='ltr'><strong>Thcssalonicenses:</strong></span> 
     </span>
    </p>
   </div>
   <div class='ocr_carea' id='block_1_65' title="bbox 509 5634 2081 5717">
    <p class='ocr_par' dir='ltr' id='par_1_65' title="bbox 509 5634 2081 5717">
     <span class='ocr_line' id='line_1_65' title="bbox 509 5634 2081 5717; baseline -0.011 -14"><span class='ocrx_word' id='word_1_553' title='bbox 509 5661 530 5696; x_wconf 69' lang='grc' dir='ltr'><strong>ι</strong></span> <span class='ocrx_word' id='word_1_554' title='bbox 565 5648 675 5702; x_wconf 90' lang='lat' dir='ltr'><strong>lloc</strong></span> <span class='ocrx_word' id='word_1_555' title='bbox 697 5648 864 5713; x_wconf 89' lang='lat' dir='ltr'><strong>enim,</strong></span> <span class='ocrx_word' id='word_1_556' title='bbox 892 5646 1085 5717; x_wconf 89' lang='lat' dir='ltr'><strong>inquit,</strong></span> <span class='ocrx_word' id='word_1_557' title='bbox 1120 5645 1274 5701; x_wconf 86' lang='lat' dir='ltr'><strong>vobis</strong></span> <span class='ocrx_word' id='word_1_558' title='bbox 1301 5644 1531 5699; x_wconf 85' lang='lat' dir='ltr'><strong>dicimus</strong></span> <span class='ocrx_word' id='word_1_559' title='bbox 1557 5640 1613 5695; x_wconf 91' lang='lat' dir='ltr'><strong>in</strong></span> <span class='ocrx_word' id='word_1_560' title='bbox 1646 5638 1812 5693; x_wconf 88' lang='lat' dir='ltr'><strong>verbo</strong></span> <span class='ocrx_word' id='word_1_561' title='bbox 1850 5634 2081 5697; x_wconf 88' lang='lat' dir='ltr'><strong>Domini,</strong></span> 
     </span>
    </p>
   </div>
   <div class='ocr_carea' id='block_1_66' title="bbox 507 5727 2087 5809">
    <p class='ocr_par' dir='ltr' id='par_1_66' title="bbox 507 5727 2087 5809">
     <span class='ocr_line' id='line_1_66' title="bbox 507 5727 2087 5809; baseline -0.006 -20"><span class='ocrx_word' id='word_1_562' title='bbox 507 5752 613 5791; x_wconf 88' lang='lat' dir='ltr'><strong>non</strong></span> <span class='ocrx_word' id='word_1_563' title='bbox 636 5740 1025 5807; x_wconf 73' lang='lat' dir='ltr'><strong>prmvcniemus</strong></span> <span class='ocrx_word' id='word_1_564' title='bbox 1058 5755 1153 5795; x_wconf 88' lang='lat' dir='ltr'><strong>eos</strong></span> <span class='ocrx_word' id='word_1_565' title='bbox 1182 5738 1272 5809; x_wconf 87' lang='lat' dir='ltr'><strong>qui</strong></span> <span class='ocrx_word' id='word_1_566' title='bbox 1299 5736 1655 5796; x_wconf 87' lang='lat' dir='ltr'><strong>dormierunt,</strong></span> <span class='ocrx_word' id='word_1_567' title='bbox 1687 5729 1939 5802; x_wconf 88' lang='lat' dir='ltr'><strong>quoniam</strong></span> <span class='ocrx_word' id='word_1_568' title='bbox 1973 5727 2087 5796; x_wconf 89' lang='lat' dir='ltr'><strong>ipsc</strong></span> 
     </span>
    </p>
   </div>
   <div class='ocr_carea' id='block_1_67' title="bbox 510 5819 2082 5900">
    <p class='ocr_par' dir='ltr' id='par_1_67' title="bbox 510 5819 2082 5900">
     <span class='ocr_line' id='line_1_67' title="bbox 510 5819 2082 5900; baseline -0.006 -19"><span class='ocrx_word' id='word_1_569' title='bbox 510 5827 768 5887; x_wconf 85' lang='lat' dir='ltr'><strong>Dominus</strong></span> <span class='ocrx_word' id='word_1_570' title='bbox 794 5831 848 5886; x_wconf 90' lang='lat' dir='ltr'><strong>in</strong></span> <span class='ocrx_word' id='word_1_571' title='bbox 891 5827 1043 5900; x_wconf 78' lang='lat' dir='ltr'><strong>jussu</strong></span> <span class='ocrx_word' id='word_1_572' title='bbox 1066 5840 1121 5888; x_wconf 89' lang='lat' dir='ltr'><strong>et</strong></span> <span class='ocrx_word' id='word_1_573' title='bbox 1148 5832 1199 5886; x_wconf 91' lang='lat' dir='ltr'><strong>in</strong></span> <span class='ocrx_word' id='word_1_574' title='bbox 1254 5846 1381 5885; x_wconf 86' lang='lat' dir='ltr'><strong>voce</strong></span> <span class='ocrx_word' id='word_1_575' title='bbox 1415 5823 1721 5890; x_wconf 62' lang='lat' dir='ltr'><strong>archangeli</strong></span> <span class='ocrx_word' id='word_1_576' title='bbox 1764 5830 1816 5876; x_wconf 92' lang='lat' dir='ltr'><strong>ct</strong></span> <span class='ocrx_word' id='word_1_577' title='bbox 1872 5819 2082 5873; x_wconf 85' lang='lat' dir='ltr'><strong>intuba</strong></span> 
     </span>
    </p>
   </div>
   <div class='ocr_carea' id='block_1_68' title="bbox 2166 2175 2981 2230">
    <p class='ocr_par' dir='ltr' id='par_1_68' title="bbox 2166 2175 2981 2230">
     <span class='ocr_line' id='line_1_68' title="bbox 2166 2175 2981 2230; baseline -0.001 -1"><span class='ocrx_word' id='word_1_578' title='bbox 2166 2175 2403 2230; x_wconf 88' lang='lat' dir='ltr'><strong>mendat.</strong></span> <span class='ocrx_word' id='word_1_579' title='bbox 2437 2175 2590 2230; x_wconf 89' lang='lat' dir='ltr'><strong>Unde</strong></span> <span class='ocrx_word' id='word_1_580' title='bbox 2615 2183 2669 2229; x_wconf 91' lang='lat' dir='ltr'><strong>et</strong></span> <span class='ocrx_word' id='word_1_581' title='bbox 2689 2175 2940 2229; x_wconf 90' lang='lat' dir='ltr'><strong>subditur</strong></span> <span class='ocrx_word' id='word_1_582' title='bbox 2966 2190 2981 2228; x_wconf 86' lang='lat'><strong>:</strong></span> 
     </span>
    </p>
   </div>
   <div class='ocr_carea' id='block_1_69' title="bbox 2245 2263 3750 2335">
    <p class='ocr_par' dir='ltr' id='par_1_69' title="bbox 2245 2263 3750 2335">
     <span class='ocr_line' id='line_1_69' title="bbox 2245 2263 3750 2335; baseline 0.002 -19"><span class='ocrx_word' id='word_1_583' title='bbox 2245 2282 2263 2316; x_wconf 77' lang='grc' dir='ltr'><strong>ι</strong></span> <span class='ocrx_word' id='word_1_584' title='bbox 2305 2264 2534 2335; x_wconf 90' lang='lat' dir='ltr'><strong>Scripsit</strong></span> <span class='ocrx_word' id='word_1_585' title='bbox 2555 2265 2738 2335; x_wconf 89' lang='lat' dir='ltr'><strong>itaque</strong></span> <span class='ocrx_word' id='word_1_586' title='bbox 2781 2263 3150 2320; x_wconf 71' lang='lat' dir='ltr'><strong>Mardochzeus</strong></span> <span class='ocrx_word' id='word_1_587' title='bbox 3193 2263 3378 2319; x_wconf 88' lang='lat' dir='ltr'><strong>omnia</strong></span> <span class='ocrx_word' id='word_1_588' title='bbox 3404 2265 3543 2329; x_wconf 62' lang='lat' dir='ltr'><strong>haec,</strong></span> <span class='ocrx_word' id='word_1_589' title='bbox 3592 2275 3647 2318; x_wconf 90' lang='lat' dir='ltr'><strong>et</strong></span> <span class='ocrx_word' id='word_1_590' title='bbox 3672 2265 3750 2319; x_wconf 88' lang='lat' dir='ltr'><strong>lit-</strong></span> 
     </span>
    </p>
   </div>
   <div class='ocr_carea' id='block_1_70' title="bbox 2176 2352 3754 2424">
    <p class='ocr_par' dir='ltr' id='par_1_70' title="bbox 2176 2352 3754 2424">
     <span class='ocr_line' id='line_1_70' title="bbox 2176 2352 3754 2424; baseline 0 -17"><span class='ocrx_word' id='word_1_591' title='bbox 2176 2374 2193 2407; x_wconf 76' lang='grc' dir='ltr'><strong>ι</strong></span> <span class='ocrx_word' id='word_1_592' title='bbox 2230 2355 2362 2410; x_wconf 89' lang='lat' dir='ltr'><strong>teris</strong></span> <span class='ocrx_word' id='word_1_593' title='bbox 2396 2356 2787 2424; x_wconf 89' lang='lat' dir='ltr'><strong>comprehensa</strong></span> <span class='ocrx_word' id='word_1_594' title='bbox 2835 2353 2985 2408; x_wconf 91' lang='lat' dir='ltr'><strong>misit</strong></span> <span class='ocrx_word' id='word_1_595' title='bbox 3009 2354 3077 2408; x_wconf 92' lang='lat' dir='ltr'><strong>ad</strong></span> <span class='ocrx_word' id='word_1_596' title='bbox 3123 2352 3343 2409; x_wconf 62' lang='lat' dir='ltr'><strong>Judaaos</strong></span> <span class='ocrx_word' id='word_1_597' title='bbox 3378 2353 3472 2423; x_wconf 91' lang='lat' dir='ltr'><strong>qui</strong></span> <span class='ocrx_word' id='word_1_598' title='bbox 3502 2353 3559 2407; x_wconf 92' lang='lat' dir='ltr'><strong>in</strong></span> <span class='ocrx_word' id='word_1_599' title='bbox 3585 2354 3754 2408; x_wconf 82' lang='lat' dir='ltr'><strong>omni-</strong></span> 
     </span>
    </p>
   </div>
   <div class='ocr_carea' id='block_1_71' title="bbox 2176 2445 3750 2515">
    <p class='ocr_par' dir='ltr' id='par_1_71' title="bbox 2176 2445 3750 2515">
     <span class='ocr_line' id='line_1_71' title="bbox 2176 2445 3750 2515; baseline 0.001 -18"><span class='ocrx_word' id='word_1_600' title='bbox 2176 2464 2196 2497; x_wconf 76' lang='grc' dir='ltr'><strong>ι</strong></span> <span class='ocrx_word' id='word_1_601' title='bbox 2234 2446 2334 2500; x_wconf 88' lang='lat' dir='ltr'><strong>bus</strong></span> <span class='ocrx_word' id='word_1_602' title='bbox 2393 2445 2538 2514; x_wconf 86' lang='lat' dir='ltr'><strong>regis</strong></span> <span class='ocrx_word' id='word_1_603' title='bbox 2577 2445 2872 2515; x_wconf 90' lang='lat' dir='ltr'><strong>provinciis</strong></span> <span class='ocrx_word' id='word_1_604' title='bbox 2919 2446 3288 2510; x_wconf 88' lang='lat' dir='ltr'><strong>morabantur,</strong></span> <span class='ocrx_word' id='word_1_605' title='bbox 3351 2455 3465 2500; x_wconf 87' lang='lat' dir='ltr'><strong>tam</strong></span> <span class='ocrx_word' id='word_1_606' title='bbox 3497 2446 3553 2500; x_wconf 93' lang='lat' dir='ltr'><strong>in</strong></span> <span class='ocrx_word' id='word_1_607' title='bbox 3582 2445 3750 2500; x_wconf 88' lang='lat' dir='ltr'><strong>vicino</strong></span> 
     </span>
    </p>
   </div>
   <div class='ocr_carea' id='block_1_72' title="bbox 2175 2536 3751 2607">
    <p class='ocr_par' dir='ltr' id='par_1_72' title="bbox 2175 2536 3751 2607">
     <span class='ocr_line' id='line_1_72' title="bbox 2175 2536 3751 2607; baseline 0.001 -19"><span class='ocrx_word' id='word_1_608' title='bbox 2175 2555 2194 2588; x_wconf 73' lang='grc' dir='ltr'><strong>ι</strong></span> <span class='ocrx_word' id='word_1_609' title='bbox 2224 2536 2413 2607; x_wconf 89' lang='lat' dir='ltr'><strong>positis</strong></span> <span class='ocrx_word' id='word_1_610' title='bbox 2436 2552 2598 2605; x_wconf 90' lang='lat' dir='ltr'><strong>quam</strong></span> <span class='ocrx_word' id='word_1_611' title='bbox 2626 2536 2834 2606; x_wconf 91' lang='lat' dir='ltr'><strong>procul,</strong></span> <span class='ocrx_word' id='word_1_612' title='bbox 2864 2544 2923 2598; x_wconf 81' lang='lat' dir='ltr'><strong>ut</strong></span> <span class='ocrx_word' id='word_1_613' title='bbox 2945 2546 3196 2606; x_wconf 84' lang='lat' dir='ltr'><strong>quartam</strong></span> <span class='ocrx_word' id='word_1_614' title='bbox 3226 2536 3495 2592; x_wconf 86' lang='lat' dir='ltr'><strong>decimam</strong></span> <span class='ocrx_word' id='word_1_615' title='bbox 3522 2544 3579 2590; x_wconf 91' lang='lat' dir='ltr'><strong>et</strong></span> <span class='ocrx_word' id='word_1_616' title='bbox 3597 2536 3751 2607; x_wconf 81' lang='lat' dir='ltr'><strong>quiu-</strong></span> 
     </span>
    </p>
   </div>
   <div class='ocr_carea' id='block_1_73' title="bbox 2177 2624 3752 2696">
    <p class='ocr_par' dir='ltr' id='par_1_73' title="bbox 2177 2624 3752 2696">
     <span class='ocr_line' id='line_1_73' title="bbox 2177 2624 3752 2696; baseline -0.001 -16"><span class='ocrx_word' id='word_1_617' title='bbox 2177 2648 2195 2680; x_wconf 72' lang='grc' dir='ltr'><strong>ι</strong></span> <span class='ocrx_word' id='word_1_618' title='bbox 2239 2636 2350 2682; x_wconf 91' lang='lat' dir='ltr'><strong>tam</strong></span> <span class='ocrx_word' id='word_1_619' title='bbox 2372 2627 2639 2683; x_wconf 89' lang='lat' dir='ltr'><strong>decimam</strong></span> <span class='ocrx_word' id='word_1_620' title='bbox 2681 2628 2823 2683; x_wconf 90' lang='lat' dir='ltr'><strong>diem</strong></span> <span class='ocrx_word' id='word_1_621' title='bbox 2849 2627 3050 2682; x_wconf 90' lang='lat' dir='ltr'><strong>mensis</strong></span> <span class='ocrx_word' id='word_1_622' title='bbox 3096 2626 3245 2682; x_wconf 77' lang='lat' dir='ltr'><strong>Adar</strong></span> <span class='ocrx_word' id='word_1_623' title='bbox 3288 2642 3388 2696; x_wconf 89' lang='lat' dir='ltr'><strong>pro</strong></span> <span class='ocrx_word' id='word_1_624' title='bbox 3415 2625 3571 2680; x_wconf 81' lang='lat' dir='ltr'><strong>festis</strong></span> <span class='ocrx_word' id='word_1_625' title='bbox 3590 2624 3752 2680; x_wconf 87' lang='lat' dir='ltr'><strong>susci-</strong></span> 
     </span>
    </p>
   </div>
   <div class='ocr_carea' id='block_1_74' title="bbox 2179 2714 3754 2791">
    <p class='ocr_par' dir='ltr' id='par_1_74' title="bbox 2179 2714 3754 2791">
     <span class='ocr_line' id='line_1_74' title="bbox 2179 2714 3754 2791; baseline -0.003 -20"><span class='ocrx_word' id='word_1_626' title='bbox 2179 2738 2199 2771; x_wconf 85' lang='grc'><strong>‹</strong></span> <span class='ocrx_word' id='word_1_627' title='bbox 2233 2729 2445 2791; x_wconf 88' lang='lat' dir='ltr'><strong>perent,</strong></span> <span class='ocrx_word' id='word_1_628' title='bbox 2466 2726 2523 2774; x_wconf 90' lang='lat' dir='ltr'><strong>et</strong></span> <span class='ocrx_word' id='word_1_629' title='bbox 2551 2725 2858 2774; x_wconf 88' lang='lat' dir='ltr'><strong>revertente</strong></span> <span class='ocrx_word' id='word_1_630' title='bbox 2891 2732 3108 2788; x_wconf 90' lang='lat' dir='ltr'><strong>semper</strong></span> <span class='ocrx_word' id='word_1_631' title='bbox 3136 2731 3281 2770; x_wconf 90' lang='lat' dir='ltr'><strong>anno</strong></span> <span class='ocrx_word' id='word_1_632' title='bbox 3304 2714 3535 2771; x_wconf 89' lang='lat' dir='ltr'><strong>solemni</strong></span> <span class='ocrx_word' id='word_1_633' title='bbox 3560 2715 3754 2769; x_wconf 88' lang='lat' dir='ltr'><strong>honore</strong></span> 
     </span>
    </p>
   </div>
   <div class='ocr_carea' id='block_1_75' title="bbox 2179 2803 3754 2882">
    <p class='ocr_par' dir='ltr' id='par_1_75' title="bbox 2179 2803 3754 2882">
     <span class='ocr_line' id='line_1_75' title="bbox 2179 2803 3754 2882; baseline -0.002 -18"><span class='ocrx_word' id='word_1_634' title='bbox 2179 2831 2198 2864; x_wconf 76' lang='grc' dir='ltr'><strong>ι</strong></span> <span class='ocrx_word' id='word_1_635' title='bbox 2233 2811 2594 2867; x_wconf 87' lang='lat' dir='ltr'><strong>celebrarent.</strong></span> <span class='ocrx_word' id='word_1_636' title='bbox 2622 2811 2758 2879; x_wconf 88' lang='lat' dir='ltr'><strong>Quia</strong></span> <span class='ocrx_word' id='word_1_637' title='bbox 2786 2812 2842 2865; x_wconf 89' lang='lat' dir='ltr'><strong>in</strong></span> <span class='ocrx_word' id='word_1_638' title='bbox 2888 2810 3020 2882; x_wconf 88' lang='lat' dir='ltr'><strong>ipsis</strong></span> <span class='ocrx_word' id='word_1_639' title='bbox 3043 2810 3238 2866; x_wconf 89' lang='lat' dir='ltr'><strong>diebus</strong></span> <span class='ocrx_word' id='word_1_640' title='bbox 3259 2824 3318 2865; x_wconf 85' lang='lat' dir='ltr'><strong>se</strong></span> <span class='ocrx_word' id='word_1_641' title='bbox 3356 2808 3454 2862; x_wconf 91' lang='lat' dir='ltr'><strong>ulti</strong></span> <span class='ocrx_word' id='word_1_642' title='bbox 3499 2816 3627 2862; x_wconf 91' lang='lat' dir='ltr'><strong>sunt</strong></span> <span class='ocrx_word' id='word_1_643' title='bbox 3665 2803 3754 2861; x_wconf 78' lang='lat' dir='ltr'><strong>Ju-</strong></span> 
     </span>
    </p>
   </div>
   <div class='ocr_carea' id='block_1_76' title="bbox 2180 2896 3754 2969">
    <p class='ocr_par' dir='ltr' id='par_1_76' title="bbox 2180 2896 3754 2969">
     <span class='ocr_line' id='line_1_76' title="bbox 2180 2896 3754 2969; baseline -0.003 -15"><span class='ocrx_word' id='word_1_644' title='bbox 2180 2919 2199 2953; x_wconf 78' lang='grc' dir='ltr'><strong>ι</strong></span> <span class='ocrx_word' id='word_1_645' title='bbox 2233 2901 2333 2956; x_wconf 71' lang='lat' dir='ltr'><strong>dmi</strong></span> <span class='ocrx_word' id='word_1_646' title='bbox 2369 2902 2435 2958; x_wconf 91' lang='lat' dir='ltr'><strong>de</strong></span> <span class='ocrx_word' id='word_1_647' title='bbox 2466 2902 2699 2957; x_wconf 91' lang='lat' dir='ltr'><strong>inimicis</strong></span> <span class='ocrx_word' id='word_1_648' title='bbox 2745 2901 2880 2967; x_wconf 88' lang='lat' dir='ltr'><strong>suis,</strong></span> <span class='ocrx_word' id='word_1_649' title='bbox 2916 2910 2973 2956; x_wconf 88' lang='lat' dir='ltr'><strong>et</strong></span> <span class='ocrx_word' id='word_1_650' title='bbox 3023 2900 3203 2955; x_wconf 90' lang='lat' dir='ltr'><strong>luctus</strong></span> <span class='ocrx_word' id='word_1_651' title='bbox 3245 2906 3412 2969; x_wconf 90' lang='lat' dir='ltr'><strong>atque</strong></span> <span class='ocrx_word' id='word_1_652' title='bbox 3450 2896 3669 2955; x_wconf 66' lang='lat' dir='ltr'><strong>tristitia</strong></span> <span class='ocrx_word' id='word_1_653' title='bbox 3703 2896 3754 2949; x_wconf 90' lang='lat' dir='ltr'><strong>in</strong></span> 
     </span>
    </p>
   </div>
   <div class='ocr_carea' id='block_1_77' title="bbox 2180 2991 3755 3061">
    <p class='ocr_par' dir='ltr' id='par_1_77' title="bbox 2180 2991 3755 3061">
     <span class='ocr_line' id='line_1_77' title="bbox 2180 2991 3755 3061; baseline -0.003 -19"><span class='ocrx_word' id='word_1_654' title='bbox 2180 3010 2199 3042; x_wconf 74' lang='grc' dir='ltr'><strong>ι</strong></span> <span class='ocrx_word' id='word_1_655' title='bbox 2237 2991 2563 3047; x_wconf 88' lang='lat' dir='ltr'><strong>hilaritatem</strong></span> <span class='ocrx_word' id='word_1_656' title='bbox 2589 2992 2951 3061; x_wconf 88' lang='lat' dir='ltr'><strong>gaudiumque</strong></span> <span class='ocrx_word' id='word_1_657' title='bbox 2991 3003 3257 3044; x_wconf 89' lang='lat' dir='ltr'><strong>conversa</strong></span> <span class='ocrx_word' id='word_1_658' title='bbox 3292 2994 3445 3051; x_wconf 90' lang='lat' dir='ltr'><strong>sunt,</strong></span> <span class='ocrx_word' id='word_1_659' title='bbox 3476 2991 3755 3052; x_wconf 88' lang='lat' dir='ltr'><strong>essentque</strong></span> 
     </span>
    </p>
   </div>
   <div class='ocr_carea' id='block_1_78' title="bbox 2182 3074 3755 3155">
    <p class='ocr_par' dir='ltr' id='par_1_78' title="bbox 2182 3074 3755 3155">
     <span class='ocr_line' id='line_1_78' title="bbox 2182 3074 3755 3155; baseline -0.005 -19"><span class='ocrx_word' id='word_1_660' title='bbox 2182 3104 2201 3136; x_wconf 70' lang='grc' dir='ltr'><strong>ι</strong></span> <span class='ocrx_word' id='word_1_661' title='bbox 2241 3086 2328 3140; x_wconf 92' lang='lat' dir='ltr'><strong>isti</strong></span> <span class='ocrx_word' id='word_1_662' title='bbox 2357 3086 2472 3141; x_wconf 91' lang='lat' dir='ltr'><strong>dies</strong></span> <span class='ocrx_word' id='word_1_663' title='bbox 2501 3084 2780 3155; x_wconf 89' lang='lat' dir='ltr'><strong>epularum</strong></span> <span class='ocrx_word' id='word_1_664' title='bbox 2816 3091 2978 3153; x_wconf 85' lang='lat' dir='ltr'><strong>atque</strong></span> <span class='ocrx_word' id='word_1_665' title='bbox 3006 3081 3231 3146; x_wconf 70' lang='lat' dir='ltr'><strong>la3titiz&#39;e,</strong></span> <span class='ocrx_word' id='word_1_666' title='bbox 3258 3087 3315 3136; x_wconf 91' lang='lat' dir='ltr'><strong>et</strong></span> <span class='ocrx_word' id='word_1_667' title='bbox 3352 3078 3634 3134; x_wconf 88' lang='lat' dir='ltr'><strong>mitterent</strong></span> <span class='ocrx_word' id='word_1_668' title='bbox 3660 3074 3755 3130; x_wconf 87' lang='lat' dir='ltr'><strong>sibi</strong></span> 
     </span>
    </p>
   </div>
   <div class='ocr_carea' id='block_1_79' title="bbox 2185 3164 3755 3244">
    <p class='ocr_par' dir='ltr' id='par_1_79' title="bbox 2185 3164 3755 3244">
     <span class='ocr_line' id='line_1_79' title="bbox 2185 3164 3755 3244; baseline -0.007 -16"><span class='ocrx_word' id='word_1_669' title='bbox 2185 3196 2204 3228; x_wconf 83' lang='grc'><strong>‹</strong></span> <span class='ocrx_word' id='word_1_670' title='bbox 2242 3176 2471 3231; x_wconf 89' lang='lat' dir='ltr'><strong>invicem</strong></span> <span class='ocrx_word' id='word_1_671' title='bbox 2492 3176 2734 3231; x_wconf 88' lang='lat' dir='ltr'><strong>ciborum</strong></span> <span class='ocrx_word' id='word_1_672' title='bbox 2761 3182 2967 3244; x_wconf 89' lang='lat' dir='ltr'><strong>partes,</strong></span> <span class='ocrx_word' id='word_1_673' title='bbox 2991 3180 3047 3227; x_wconf 91' lang='lat' dir='ltr'><strong>et</strong></span> <span class='ocrx_word' id='word_1_674' title='bbox 3084 3170 3413 3241; x_wconf 88' lang='lat' dir='ltr'><strong>pauperibus</strong></span> <span class='ocrx_word' id='word_1_675' title='bbox 3442 3164 3755 3224; x_wconf 86' lang='lat' dir='ltr'><strong>munuscula</strong></span> 
     </span>
    </p>
   </div>
   <div class='ocr_carea' id='block_1_80' title="bbox 2183 3260 3764 3340">
    <p class='ocr_par' dir='ltr' id='par_1_80' title="bbox 2183 3260 3764 3340">
     <span class='ocr_line' id='line_1_80' title="bbox 2183 3260 3764 3340; baseline -0.006 -20"><span class='ocrx_word' id='word_1_676' title='bbox 2183 3287 2203 3320; x_wconf 73' lang='grc' dir='ltr'><strong>ι</strong></span> <span class='ocrx_word' id='word_1_677' title='bbox 2238 3268 2581 3340; x_wconf 88' lang='lat' dir='ltr'><strong>largirentur.</strong></span> <span class='ocrx_word' id='word_1_678' title='bbox 2620 3266 3092 3336; x_wconf 85' lang='lat' dir='ltr'><strong>Susceperuntque</strong></span> <span class='ocrx_word' id='word_1_679' title='bbox 3137 3262 3310 3318; x_wconf 59' lang='grc' dir='ltr'>λιιιιωὶ</span> <span class='ocrx_word' id='word_1_680' title='bbox 3363 3262 3419 3316; x_wconf 88' lang='lat' dir='ltr'><strong>in</strong></span> <span class='ocrx_word' id='word_1_681' title='bbox 3466 3260 3764 3316; x_wconf 71' lang='lat' dir='ltr'><strong>solemnem.</strong></span> 
     </span>
    </p>
   </div>
   <div class='ocr_carea' id='block_1_81' title="bbox 2184 3354 3757 3428">
    <p class='ocr_par' dir='ltr' id='par_1_81' title="bbox 2184 3354 3757 3428">
     <span class='ocr_line' id='line_1_81' title="bbox 2184 3354 3757 3428; baseline -0.004 -17"><span class='ocrx_word' id='word_1_682' title='bbox 2184 3380 2202 3411; x_wconf 73' lang='grc' dir='ltr'><strong>ι</strong></span> <span class='ocrx_word' id='word_1_683' title='bbox 2240 3360 2427 3425; x_wconf 85' lang='lat' dir='ltr'><strong>ritum,</strong></span> <span class='ocrx_word' id='word_1_684' title='bbox 2448 3366 2751 3428; x_wconf 89' lang='lat' dir='ltr'><strong>cunctaque</strong></span> <span class='ocrx_word' id='word_1_685' title='bbox 2769 3372 2890 3421; x_wconf 66' lang='lat' dir='ltr'><strong>quae</strong></span> <span class='ocrx_word' id='word_1_686' title='bbox 2908 3372 2976 3415; x_wconf 91' lang='lat' dir='ltr'><strong>eo</strong></span> <span class='ocrx_word' id='word_1_687' title='bbox 3001 3365 3245 3424; x_wconf 91' lang='lat' dir='ltr'><strong>tempore</strong></span> <span class='ocrx_word' id='word_1_688' title='bbox 3265 3354 3444 3409; x_wconf 81' lang='lat' dir='ltr'><strong>facere</strong></span> <span class='ocrx_word' id='word_1_689' title='bbox 3464 3356 3757 3421; x_wconf 60' lang='lat' dir='ltr'><strong>ceperant,</strong></span> 
     </span>
    </p>
   </div>
   <div class='ocr_carea' id='block_1_82' title="bbox 2183 3440 3751 3519">
    <p class='ocr_par' dir='ltr' id='par_1_82' title="bbox 2183 3440 3751 3519">
     <span class='ocr_line' id='line_1_82' title="bbox 2183 3440 3751 3519; baseline -0.008 -16"><span class='ocrx_word' id='word_1_690' title='bbox 2183 3469 2203 3502; x_wconf 71' lang='grc' dir='ltr'><strong>ι</strong></span> <span class='ocrx_word' id='word_1_691' title='bbox 2239 3457 2295 3503; x_wconf 91' lang='lat' dir='ltr'><strong>et</strong></span> <span class='ocrx_word' id='word_1_692' title='bbox 2314 3464 2433 3519; x_wconf 75' lang='lat' dir='ltr'><strong>qua:</strong></span> <span class='ocrx_word' id='word_1_693' title='bbox 2452 3448 2823 3503; x_wconf 72' lang='lat' dir='ltr'><strong>Mardochaeus</strong></span> <span class='ocrx_word' id='word_1_694' title='bbox 2849 3446 3045 3502; x_wconf 88' lang='lat' dir='ltr'><strong>litteris</strong></span> <span class='ocrx_word' id='word_1_695' title='bbox 3068 3444 3320 3501; x_wconf 79' lang='lat' dir='ltr'><strong>facienda</strong></span> <span class='ocrx_word' id='word_1_696' title='bbox 3347 3440 3714 3498; x_wconf 87' lang='lat' dir='ltr'><strong>mandaverat.</strong></span> <span class='ocrx_word' id='word_1_697' title='bbox 3735 3458 3751 3489; x_wconf 80' lang='grc' dir='ltr'><strong>ι</strong></span> 
     </span>
    </p>
   </div>
   <div class='ocr_carea' id='block_1_83' title="bbox 2180 3530 3757 3611">
    <p class='ocr_par' dir='ltr' id='par_1_83' title="bbox 2180 3530 3757 3611">
     <span class='ocr_line' id='line_1_83' title="bbox 2180 3530 3757 3611; baseline -0.009 -14"><span class='ocrx_word' id='word_1_698' title='bbox 2180 3540 2407 3611; x_wconf 89' lang='lat' dir='ltr'><strong>Semper</strong></span> <span class='ocrx_word' id='word_1_699' title='bbox 2440 3539 2586 3595; x_wconf 90' lang='lat' dir='ltr'><strong>enim</strong></span> <span class='ocrx_word' id='word_1_700' title='bbox 2629 3538 2832 3609; x_wconf 88' lang='lat' dir='ltr'><strong>quique</strong></span> <span class='ocrx_word' id='word_1_701' title='bbox 2866 3538 3053 3593; x_wconf 89' lang='lat' dir='ltr'><strong>ﬁdeles</strong></span> <span class='ocrx_word' id='word_1_702' title='bbox 3108 3536 3200 3607; x_wconf 91' lang='lat' dir='ltr'><strong>pio</strong></span> <span class='ocrx_word' id='word_1_703' title='bbox 3251 3534 3438 3589; x_wconf 84' lang='lat' dir='ltr'><strong>labore</strong></span> <span class='ocrx_word' id='word_1_704' title='bbox 3494 3547 3561 3587; x_wconf 90' lang='lat' dir='ltr'><strong>ac</strong></span> <span class='ocrx_word' id='word_1_705' title='bbox 3606 3530 3757 3586; x_wconf 89' lang='lat' dir='ltr'><strong>bouis</strong></span> 
     </span>
    </p>
   </div>
   <div class='ocr_carea' id='block_1_84' title="bbox 2177 3625 3754 3702">
    <p class='ocr_par' dir='ltr' id='par_1_84' title="bbox 2177 3625 3754 3702">
     <span class='ocr_line' id='line_1_84' title="bbox 2177 3625 3754 3702; baseline -0.008 -14"><span class='ocrx_word' id='word_1_706' title='bbox 2177 3634 2451 3702; x_wconf 89' lang='lat' dir='ltr'><strong>operibus,</strong></span> <span class='ocrx_word' id='word_1_707' title='bbox 2508 3640 2667 3702; x_wconf 88' lang='lat' dir='ltr'><strong>atque</strong></span> <span class='ocrx_word' id='word_1_708' title='bbox 2711 3631 3179 3700; x_wconf 85' lang='lat' dir='ltr'><strong>eleemosynarum</strong></span> <span class='ocrx_word' id='word_1_709' title='bbox 3208 3625 3615 3699; x_wconf 86' lang='lat' dir='ltr'><strong>largitionibus.</strong></span> <span class='ocrx_word' id='word_1_710' title='bbox 3663 3636 3754 3693; x_wconf 83' lang='lat' dir='ltr'><strong>pro</strong></span> 
     </span>
    </p>
   </div>
   <div class='ocr_carea' id='block_1_85' title="bbox 2180 3713 3757 3787">
    <p class='ocr_par' dir='ltr' id='par_1_85' title="bbox 2180 3713 3757 3787">
     <span class='ocr_line' id='line_1_85' title="bbox 2180 3713 3757 3787; baseline -0.01 -8"><span class='ocrx_word' id='word_1_711' title='bbox 2180 3725 2283 3779; x_wconf 88' lang='lat' dir='ltr'><strong>hoc</strong></span> <span class='ocrx_word' id='word_1_712' title='bbox 2320 3722 2602 3778; x_wconf 79' lang='lat' dir='ltr'><strong>decertant</strong></span> <span class='ocrx_word' id='word_1_713' title='bbox 2644 3730 2703 3776; x_wconf 93' lang='lat' dir='ltr'><strong>ut</strong></span> <span class='ocrx_word' id='word_1_714' title='bbox 2741 3721 3037 3776; x_wconf 87' lang='lat' dir='ltr'><strong>secundum</strong></span> <span class='ocrx_word' id='word_1_715' title='bbox 3074 3718 3125 3773; x_wconf 90' lang='lat' dir='ltr'><strong>id</strong></span> <span class='ocrx_word' id='word_1_716' title='bbox 3163 3715 3307 3787; x_wconf 87' lang='lat' dir='ltr'><strong>quod</strong></span> <span class='ocrx_word' id='word_1_717' title='bbox 3365 3713 3678 3780; x_wconf 79' lang='lat' dir='ltr'><strong>evangelica</strong></span> <span class='ocrx_word' id='word_1_718' title='bbox 3707 3721 3757 3764; x_wconf 86' lang='lat' dir='ltr'><strong>et</strong></span> 
     </span>
    </p>
   </div>
   <div class='ocr_carea' id='block_1_86' title="bbox 2180 3801 3755 3883">
    <p class='ocr_par' dir='ltr' id='par_1_86' title="bbox 2180 3801 3755 3883">
     <span class='ocr_line' id='line_1_86' title="bbox 2180 3801 3755 3883; baseline -0.01 -16"><span class='ocrx_word' id='word_1_719' title='bbox 2180 3811 2471 3883; x_wconf 89' lang='lat' dir='ltr'><strong>apostolica</strong></span> <span class='ocrx_word' id='word_1_720' title='bbox 2484 3810 2727 3866; x_wconf 88' lang='lat' dir='ltr'><strong>doctrina</strong></span> <span class='ocrx_word' id='word_1_721' title='bbox 2748 3809 2923 3873; x_wconf 91' lang='lat' dir='ltr'><strong>docet,</strong></span> <span class='ocrx_word' id='word_1_722' title='bbox 2943 3807 3069 3871; x_wconf 89' lang='lat' dir='ltr'><strong>ﬁde,</strong></span> <span class='ocrx_word' id='word_1_723' title='bbox 3085 3821 3179 3876; x_wconf 90' lang='lat' dir='ltr'><strong>spe</strong></span> <span class='ocrx_word' id='word_1_724' title='bbox 3194 3813 3251 3859; x_wconf 90' lang='lat' dir='ltr'><strong>et</strong></span> <span class='ocrx_word' id='word_1_725' title='bbox 3270 3802 3540 3858; x_wconf 85' lang='lat' dir='ltr'><strong>charitate</strong></span> <span class='ocrx_word' id='word_1_726' title='bbox 3554 3801 3755 3870; x_wconf 83' lang='lat' dir='ltr'><strong>ingres-</strong></span> 
     </span>
    </p>
   </div>
   <div class='ocr_carea' id='block_1_87' title="bbox 2180 3901 3758 3971">
    <p class='ocr_par' dir='ltr' id='par_1_87' title="bbox 2180 3901 3758 3971">
     <span class='ocr_line' id='line_1_87' title="bbox 2180 3901 3758 3971; baseline -0.01 -12"><span class='ocrx_word' id='word_1_727' title='bbox 2180 3920 2300 3960; x_wconf 90' lang='lat' dir='ltr'><strong>sum</strong></span> <span class='ocrx_word' id='word_1_728' title='bbox 2324 3904 2449 3959; x_wconf 70' lang='lat' dir='ltr'><strong>vita:</strong></span> <span class='ocrx_word' id='word_1_729' title='bbox 2472 3913 2691 3959; x_wconf 62' lang='lat' dir='ltr'><strong>aeterna:</strong></span> <span class='ocrx_word' id='word_1_730' title='bbox 2718 3901 2941 3971; x_wconf 89' lang='lat' dir='ltr'><strong>adipisci</strong></span> <span class='ocrx_word' id='word_1_731' title='bbox 2972 3908 3285 3955; x_wconf 89' lang='lat' dir='ltr'><strong>mereantur</strong></span> <span class='ocrx_word' id='word_1_732' title='bbox 3305 3904 3361 3952; x_wconf 91' lang='lat' dir='ltr'><strong>et</strong></span> <span class='ocrx_word' id='word_1_733' title='bbox 3387 3903 3501 3950; x_wconf 86' lang='lat' dir='ltr'><strong>tam</strong></span> <span class='ocrx_word' id='word_1_734' title='bbox 3530 3910 3588 3950; x_wconf 90' lang='lat' dir='ltr'><strong>sc</strong></span> <span class='ocrx_word' id='word_1_735' title='bbox 3605 3907 3758 3963; x_wconf 88' lang='lat' dir='ltr'><strong>quam</strong></span> 
     </span>
    </p>
   </div>
   <div class='ocr_carea' id='block_1_88' title="bbox 2180 3983 3758 4064">
    <p class='ocr_par' dir='ltr' id='par_1_88' title="bbox 2180 3983 3758 4064">
     <span class='ocr_line' id='line_1_88' title="bbox 2180 3983 3758 4064; baseline -0.01 -12"><span class='ocrx_word' id='word_1_736' title='bbox 2180 3996 2345 4052; x_wconf 87' lang='lat' dir='ltr'><strong>etiam</strong></span> <span class='ocrx_word' id='word_1_737' title='bbox 2383 3995 2485 4051; x_wconf 89' lang='lat' dir='ltr'><strong>sibi</strong></span> <span class='ocrx_word' id='word_1_738' title='bbox 2513 3995 2876 4064; x_wconf 87' lang='lat' dir='ltr'><strong>obsequentes</strong></span> <span class='ocrx_word' id='word_1_739' title='bbox 2903 3993 2957 4047; x_wconf 92' lang='lat' dir='ltr'><strong>in</strong></span> <span class='ocrx_word' id='word_1_740' title='bbox 2985 4006 3226 4046; x_wconf 68' lang='lat' dir='ltr'><strong>aerumna</strong></span> <span class='ocrx_word' id='word_1_741' title='bbox 3258 3986 3545 4059; x_wconf 67' lang='lat' dir='ltr'><strong>pmescntis</strong></span> <span class='ocrx_word' id='word_1_742' title='bbox 3587 3983 3758 4040; x_wconf 62' lang='lat' dir='ltr'><strong>sasculi</strong></span> 
     </span>
    </p>
   </div>
   <div class='ocr_carea' id='block_1_89' title="bbox 2180 4075 3759 4149">
    <p class='ocr_par' dir='ltr' id='par_1_89' title="bbox 2180 4075 3759 4149">
     <span class='ocr_line' id='line_1_89' title="bbox 2180 4075 3759 4149; baseline -0.009 -6"><span class='ocrx_word' id='word_1_743' title='bbox 2180 4086 2509 4143; x_wconf 88' lang='lat' dir='ltr'><strong>consolando</strong></span> <span class='ocrx_word' id='word_1_744' title='bbox 2570 4086 2899 4149; x_wconf 80' lang='lat' dir='ltr'><strong>confortent,</strong></span> <span class='ocrx_word' id='word_1_745' title='bbox 2964 4083 3041 4137; x_wconf 87' lang='lat' dir='ltr'><strong>ita</strong></span> <span class='ocrx_word' id='word_1_746' title='bbox 3096 4089 3155 4136; x_wconf 91' lang='lat' dir='ltr'><strong>ut</strong></span> <span class='ocrx_word' id='word_1_747' title='bbox 3208 4094 3305 4149; x_wconf 90' lang='lat' dir='ltr'><strong>spe</strong></span> <span class='ocrx_word' id='word_1_748' title='bbox 3368 4078 3667 4149; x_wconf 87' lang='lat' dir='ltr'><strong>gaudentes</strong></span> <span class='ocrx_word' id='word_1_749' title='bbox 3710 4075 3759 4128; x_wconf 88' lang='lat' dir='ltr'><strong>in</strong></span> 
     </span>
    </p>
   </div>
   <div class='ocr_carea' id='block_1_90' title="bbox 2183 4167 3757 4245">
    <p class='ocr_par' dir='ltr' id='par_1_90' title="bbox 2183 4167 3757 4245">
     <span class='ocr_line' id='line_1_90' title="bbox 2183 4167 3757 4245; baseline -0.008 -12"><span class='ocrx_word' id='word_1_750' title='bbox 2183 4177 2619 4233; x_wconf 88' lang='lat' dir='ltr'><strong>tribulationibus</strong></span> <span class='ocrx_word' id='word_1_751' title='bbox 2670 4176 2781 4231; x_wconf 90' lang='lat' dir='ltr'><strong>sint</strong></span> <span class='ocrx_word' id='word_1_752' title='bbox 2830 4175 3138 4245; x_wconf 89' lang='lat' dir='ltr'><strong>patientes,</strong></span> <span class='ocrx_word' id='word_1_753' title='bbox 3190 4172 3310 4226; x_wconf 89' lang='lat' dir='ltr'><strong>sine</strong></span> <span class='ocrx_word' id='word_1_754' title='bbox 3355 4167 3757 4225; x_wconf 87' lang='lat' dir='ltr'><strong>intermissione</strong></span> 
     </span>
    </p>
   </div>
   <div class='ocr_carea' id='block_1_91' title="bbox 2181 4266 3758 4337">
    <p class='ocr_par' dir='ltr' id='par_1_91' title="bbox 2181 4266 3758 4337">
     <span class='ocr_line' id='line_1_91' title="bbox 2181 4266 3758 4337; baseline -0.01 -11"><span class='ocrx_word' id='word_1_755' title='bbox 2181 4279 2360 4335; x_wconf 90' lang='lat' dir='ltr'><strong>orent,</strong></span> <span class='ocrx_word' id='word_1_756' title='bbox 2402 4269 2456 4324; x_wconf 92' lang='lat' dir='ltr'><strong>in</strong></span> <span class='ocrx_word' id='word_1_757' title='bbox 2485 4267 2734 4323; x_wconf 90' lang='lat' dir='ltr'><strong>omnibus</strong></span> <span class='ocrx_word' id='word_1_758' title='bbox 2775 4266 2978 4337; x_wconf 87' lang='lat' dir='ltr'><strong>gratias</strong></span> <span class='ocrx_word' id='word_1_759' title='bbox 3019 4272 3198 4335; x_wconf 86' lang='lat' dir='ltr'><strong>agant,</strong></span> <span class='ocrx_word' id='word_1_760' title='bbox 3229 4270 3287 4317; x_wconf 92' lang='lat' dir='ltr'><strong>et</strong></span> <span class='ocrx_word' id='word_1_761' title='bbox 3330 4274 3563 4331; x_wconf 80' lang='lat' dir='ltr'><strong>agonem</strong></span> <span class='ocrx_word' id='word_1_762' title='bbox 3609 4273 3758 4314; x_wconf 86' lang='lat' dir='ltr'><strong>suum</strong></span> 
     </span>
    </p>
   </div>
   <div class='ocr_carea' id='block_1_92' title="bbox 2182 4351 3760 4429">
    <p class='ocr_par' dir='ltr' id='par_1_92' title="bbox 2182 4351 3760 4429">
     <span class='ocr_line' id='line_1_92' title="bbox 2182 4351 3760 4429; baseline -0.011 -14"><span class='ocrx_word' id='word_1_763' title='bbox 2182 4360 2286 4429; x_wconf 90' lang='lat' dir='ltr'><strong>piis</strong></span> <span class='ocrx_word' id='word_1_764' title='bbox 2327 4358 2578 4429; x_wconf 90' lang='lat' dir='ltr'><strong>precibus</strong></span> <span class='ocrx_word' id='word_1_765' title='bbox 2623 4357 2769 4412; x_wconf 87' lang='lat' dir='ltr'><strong>ﬁdeli</strong></span> <span class='ocrx_word' id='word_1_766' title='bbox 2816 4356 3044 4411; x_wconf 92' lang='lat' dir='ltr'><strong>Domino</strong></span> <span class='ocrx_word' id='word_1_767' title='bbox 3075 4351 3475 4415; x_wconf 82' lang='lat' dir='ltr'><strong>commendent,</strong></span> <span class='ocrx_word' id='word_1_768' title='bbox 3501 4357 3760 4419; x_wconf 82' lang='lat' dir='ltr'><strong>quatenus</strong></span> 
     </span>
    </p>
   </div>
   <div class='ocr_carea' id='block_1_93' title="bbox 2182 4441 3659 4526">
    <p class='ocr_par' dir='ltr' id='par_1_93' title="bbox 2182 4441 3659 4526">
     <span class='ocr_line' id='line_1_93' title="bbox 2182 4441 3659 4526; baseline -0.01 -17"><span class='ocrx_word' id='word_1_769' title='bbox 2182 4469 2279 4526; x_wconf 90' lang='lat' dir='ltr'><strong>per</strong></span> <span class='ocrx_word' id='word_1_770' title='bbox 2298 4452 2416 4522; x_wconf 86' lang='lat' dir='ltr'><strong>ejus</strong></span> <span class='ocrx_word' id='word_1_771' title='bbox 2436 4466 2593 4522; x_wconf 82' lang='lat' dir='ltr'><strong>opem</strong></span> <span class='ocrx_word' id='word_1_772' title='bbox 2619 4458 2820 4505; x_wconf 71' lang='lat' dir='ltr'><strong>acterna</strong></span> <span class='ocrx_word' id='word_1_773' title='bbox 2862 4454 3278 4504; x_wconf 88' lang='lat' dir='ltr'><strong>remunerentur</strong></span> <span class='ocrx_word' id='word_1_774' title='bbox 3306 4441 3659 4498; x_wconf 88' lang='lat' dir='ltr'><strong>beatitudine.</strong></span> 
     </span>
    </p>
   </div>
   <div class='ocr_carea' id='block_1_94' title="bbox 2262 4526 3763 4602">
    <p class='ocr_par' dir='ltr' id='par_1_94' title="bbox 2262 4526 3763 4602">
     <span class='ocr_line' id='line_1_94' title="bbox 2262 4526 3763 4602; baseline -0.009 -10"><span class='ocrx_word' id='word_1_775' title='bbox 2262 4560 2280 4592; x_wconf 74' lang='grc' dir='ltr'><strong>ι</strong></span> <span class='ocrx_word' id='word_1_776' title='bbox 2316 4540 2489 4595; x_wconf 87' lang='lat' dir='ltr'><strong>Aman</strong></span> <span class='ocrx_word' id='word_1_777' title='bbox 2515 4539 2664 4594; x_wconf 90' lang='lat' dir='ltr'><strong>enim</strong></span> <span class='ocrx_word' id='word_1_778' title='bbox 2692 4537 2834 4592; x_wconf 93' lang='lat' dir='ltr'><strong>ﬁlius</strong></span> <span class='ocrx_word' id='word_1_779' title='bbox 2862 4534 3151 4591; x_wconf 85' lang='lat' dir='ltr'><strong>Amadathi</strong></span> <span class='ocrx_word' id='word_1_780' title='bbox 3173 4532 3360 4602; x_wconf 90' lang='lat' dir='ltr'><strong>stirpis</strong></span> <span class='ocrx_word' id='word_1_781' title='bbox 3394 4528 3567 4600; x_wconf 82' lang='lat' dir='ltr'><strong>Agag,</strong></span> <span class='ocrx_word' id='word_1_782' title='bbox 3603 4526 3763 4582; x_wconf 86' lang='lat' dir='ltr'><strong>hostis</strong></span> 
     </span>
    </p>
   </div>
   <div class='ocr_carea' id='block_1_95' title="bbox 2191 4621 3761 4691">
    <p class='ocr_par' dir='ltr' id='par_1_95' title="bbox 2191 4621 3761 4691">
     <span class='ocr_line' id='line_1_95' title="bbox 2191 4621 3761 4691; baseline -0.009 -8"><span class='ocrx_word' id='word_1_783' title='bbox 2191 4650 2209 4683; x_wconf 77' lang='grc' dir='ltr'><strong>ι</strong></span> <span class='ocrx_word' id='word_1_784' title='bbox 2252 4639 2309 4686; x_wconf 90' lang='lat' dir='ltr'><strong>et</strong></span> <span class='ocrx_word' id='word_1_785' title='bbox 2361 4629 2708 4684; x_wconf 87' lang='lat' dir='ltr'><strong>adversarius</strong></span> <span class='ocrx_word' id='word_1_786' title='bbox 2752 4624 3087 4687; x_wconf 57' lang='lat' dir='ltr'><strong>Judarorum,</strong></span> <span class='ocrx_word' id='word_1_787' title='bbox 3129 4621 3387 4691; x_wconf 85' lang='lat' dir='ltr'><strong>cogitavit</strong></span> <span class='ocrx_word' id='word_1_788' title='bbox 3437 4627 3631 4674; x_wconf 87' lang='lat' dir='ltr'><strong>contra</strong></span> <span class='ocrx_word' id='word_1_789' title='bbox 3674 4630 3761 4670; x_wconf 89' lang='lat' dir='ltr'><strong>eos</strong></span> 
     </span>
    </p>
   </div>
   <div class='ocr_carea' id='block_1_96' title="bbox 2178 4707 3763 4783">
    <p class='ocr_par' dir='ltr' id='par_1_96' title="bbox 2178 4707 3763 4783">
     <span class='ocr_line' id='line_1_96' title="bbox 2178 4707 3763 4783; baseline -0.009 -8"><span class='ocrx_word' id='word_1_790' title='bbox 2178 4743 2211 4775; x_wconf 66' lang='grc' dir='ltr'>-ι</span> <span class='ocrx_word' id='word_1_791' title='bbox 2242 4722 2442 4777; x_wconf 88' lang='lat' dir='ltr'><strong>malum</strong></span> <span class='ocrx_word' id='word_1_792' title='bbox 2481 4729 2542 4774; x_wconf 91' lang='lat' dir='ltr'><strong>ut</strong></span> <span class='ocrx_word' id='word_1_793' title='bbox 2575 4718 2849 4774; x_wconf 87' lang='lat' dir='ltr'><strong>occideret</strong></span> <span class='ocrx_word' id='word_1_794' title='bbox 2892 4715 3029 4777; x_wconf 89' lang='lat' dir='ltr'><strong>illos,</strong></span> <span class='ocrx_word' id='word_1_795' title='bbox 3078 4722 3241 4783; x_wconf 90' lang='lat' dir='ltr'><strong>atque</strong></span> <span class='ocrx_word' id='word_1_796' title='bbox 3274 4710 3500 4774; x_wconf 87' lang='lat' dir='ltr'><strong>deleret,</strong></span> <span class='ocrx_word' id='word_1_797' title='bbox 3539 4718 3597 4764; x_wconf 89' lang='lat' dir='ltr'><strong>et</strong></span> <span class='ocrx_word' id='word_1_798' title='bbox 3625 4707 3763 4762; x_wconf 90' lang='lat' dir='ltr'><strong>misit</strong></span> 
     </span>
    </p>
   </div>
   <div class='ocr_carea' id='block_1_97' title="bbox 2192 4797 3761 4881">
    <p class='ocr_par' dir='ltr' id='par_1_97' title="bbox 2192 4797 3761 4881">
     <span class='ocr_line' id='line_1_97' title="bbox 2192 4797 3761 4881; baseline -0.009 -17"><span class='ocrx_word' id='word_1_799' title='bbox 2192 4831 2210 4864; x_wconf 77' lang='grc' dir='ltr'><strong>ι</strong></span> <span class='ocrx_word' id='word_1_800' title='bbox 2247 4813 2410 4881; x_wconf 88' lang='lat' dir='ltr'><strong>phur,</strong></span> <span class='ocrx_word' id='word_1_801' title='bbox 2456 4809 2599 4879; x_wconf 90' lang='lat' dir='ltr'><strong>quod</strong></span> <span class='ocrx_word' id='word_1_802' title='bbox 2632 4815 2813 4863; x_wconf 86' lang='lat' dir='ltr'><strong>nostra</strong></span> <span class='ocrx_word' id='word_1_803' title='bbox 2860 4805 3041 4874; x_wconf 85' lang='lat' dir='ltr'><strong>lingua</strong></span> <span class='ocrx_word' id='word_1_804' title='bbox 3091 4803 3320 4858; x_wconf 87' lang='lat' dir='ltr'><strong>vertitur</strong></span> <span class='ocrx_word' id='word_1_805' title='bbox 3359 4801 3415 4855; x_wconf 90' lang='lat' dir='ltr'><strong>in</strong></span> <span class='ocrx_word' id='word_1_806' title='bbox 3463 4809 3675 4855; x_wconf 74' lang='lat' dir='ltr'><strong>sortem.</strong></span> <span class='ocrx_word' id='word_1_807' title='bbox 3701 4797 3761 4850; x_wconf 85' lang='lat' dir='ltr'><strong>Et</strong></span> 
     </span>
    </p>
   </div>
   <div class='ocr_carea' id='block_1_98' title="bbox 2192 4894 3764 4975">
    <p class='ocr_par' dir='ltr' id='par_1_98' title="bbox 2192 4894 3764 4975">
     <span class='ocr_line' id='line_1_98' title="bbox 2192 4894 3764 4975; baseline -0.009 -21"><span class='ocrx_word' id='word_1_808' title='bbox 2192 4925 2210 4954; x_wconf 77' lang='grc' dir='ltr'><strong>ι</strong></span> <span class='ocrx_word' id='word_1_809' title='bbox 2256 4912 2443 4975; x_wconf 88' lang='lat' dir='ltr'><strong>postea</strong></span> <span class='ocrx_word' id='word_1_810' title='bbox 2471 4902 2714 4972; x_wconf 84' lang='lat' dir='ltr'><strong>ingressa</strong></span> <span class='ocrx_word' id='word_1_811' title='bbox 2738 4908 2825 4952; x_wconf 90' lang='lat' dir='ltr'><strong>est</strong></span> <span class='ocrx_word' id='word_1_812' title='bbox 2845 4897 3043 4952; x_wconf 83' lang='lat' dir='ltr'><strong>Esther</strong></span> <span class='ocrx_word' id='word_1_813' title='bbox 3067 4897 3133 4951; x_wconf 88' lang='lat' dir='ltr'><strong>ad</strong></span> <span class='ocrx_word' id='word_1_814' title='bbox 3157 4910 3364 4965; x_wconf 87' lang='lat' dir='ltr'><strong>regem,</strong></span> <span class='ocrx_word' id='word_1_815' title='bbox 3392 4894 3688 4947; x_wconf 85' lang='lat' dir='ltr'><strong>obsecrans</strong></span> <span class='ocrx_word' id='word_1_816' title='bbox 3710 4897 3764 4941; x_wconf 91' lang='lat' dir='ltr'><strong>ut</strong></span> 
     </span>
    </p>
   </div>
   <div class='ocr_carea' id='block_1_99' title="bbox 2194 4980 3763 5062">
    <p class='ocr_par' dir='ltr' id='par_1_99' title="bbox 2194 4980 3763 5062">
     <span class='ocr_line' id='line_1_99' title="bbox 2194 4980 3763 5062; baseline -0.008 -17"><span class='ocrx_word' id='word_1_817' title='bbox 2194 5011 2213 5045; x_wconf 83' lang='grc'><strong>‹</strong></span> <span class='ocrx_word' id='word_1_818' title='bbox 2242 5001 2470 5049; x_wconf 87' lang='lat' dir='ltr'><strong>conatus</strong></span> <span class='ocrx_word' id='word_1_819' title='bbox 2495 4991 2613 5062; x_wconf 89' lang='lat' dir='ltr'><strong>ejus</strong></span> <span class='ocrx_word' id='word_1_820' title='bbox 2643 4989 2839 5043; x_wconf 89' lang='lat' dir='ltr'><strong>litteris</strong></span> <span class='ocrx_word' id='word_1_821' title='bbox 2870 4988 3014 5057; x_wconf 89' lang='lat' dir='ltr'><strong>regis</strong></span> <span class='ocrx_word' id='word_1_822' title='bbox 3036 4986 3172 5040; x_wconf 90' lang='lat' dir='ltr'><strong>irriti</strong></span> <span class='ocrx_word' id='word_1_823' title='bbox 3218 4984 3433 5049; x_wconf 87' lang='lat' dir='ltr'><strong>ﬁerent,</strong></span> <span class='ocrx_word' id='word_1_824' title='bbox 3470 4991 3526 5037; x_wconf 90' lang='lat' dir='ltr'><strong>et</strong></span> <span class='ocrx_word' id='word_1_825' title='bbox 3571 4980 3763 5036; x_wconf 84' lang='lat' dir='ltr'><strong>malum</strong></span> 
     </span>
    </p>
   </div>
   <div class='ocr_carea' id='block_1_100' title="bbox 2197 5070 3762 5155">
    <p class='ocr_par' dir='ltr' id='par_1_100' title="bbox 2197 5070 3762 5155">
     <span class='ocr_line' id='line_1_100' title="bbox 2197 5070 3762 5155; baseline -0.01 -18"><span class='ocrx_word' id='word_1_826' title='bbox 2197 5102 2216 5137; x_wconf 84' lang='grc'><strong>‹</strong></span> <span class='ocrx_word' id='word_1_827' title='bbox 2247 5085 2393 5155; x_wconf 91' lang='lat' dir='ltr'><strong>quod</strong></span> <span class='ocrx_word' id='word_1_828' title='bbox 2438 5090 2625 5138; x_wconf 90' lang='lat' dir='ltr'><strong>contra</strong></span> <span class='ocrx_word' id='word_1_829' title='bbox 2673 5078 2887 5136; x_wconf 63' lang='lat' dir='ltr'><strong>Iudaeos</strong></span> <span class='ocrx_word' id='word_1_830' title='bbox 2932 5078 3268 5148; x_wconf 88' lang='lat' dir='ltr'><strong>cogitaverat</strong></span> <span class='ocrx_word' id='word_1_831' title='bbox 3310 5080 3678 5129; x_wconf 87' lang='lat' dir='ltr'><strong>reverteretur</strong></span> <span class='ocrx_word' id='word_1_832' title='bbox 3710 5070 3762 5124; x_wconf 90' lang='lat' dir='ltr'><strong>iu</strong></span> 
     </span>
    </p>
   </div>
   <div class='ocr_carea' id='block_1_101' title="bbox 2197 5161 3764 5247">
    <p class='ocr_par' dir='ltr' id='par_1_101' title="bbox 2197 5161 3764 5247">
     <span class='ocr_line' id='line_1_101' title="bbox 2197 5161 3764 5247; baseline -0.009 -18"><span class='ocrx_word' id='word_1_833' title='bbox 2197 5196 2217 5229; x_wconf 87' lang='grc'><strong>‹</strong></span> <span class='ocrx_word' id='word_1_834' title='bbox 2255 5183 2418 5247; x_wconf 88' lang='lat' dir='ltr'><strong>caput</strong></span> <span class='ocrx_word' id='word_1_835' title='bbox 2441 5173 2579 5245; x_wconf 89' lang='lat' dir='ltr'><strong>ejus.</strong></span> <span class='ocrx_word' id='word_1_836' title='bbox 2631 5171 2873 5241; x_wconf 89' lang='lat' dir='ltr'><strong>Denique</strong></span> <span class='ocrx_word' id='word_1_837' title='bbox 2901 5178 2957 5225; x_wconf 90' lang='lat' dir='ltr'><strong>et</strong></span> <span class='ocrx_word' id='word_1_838' title='bbox 2998 5170 3172 5239; x_wconf 89' lang='lat' dir='ltr'><strong>ipsum</strong></span> <span class='ocrx_word' id='word_1_839' title='bbox 3209 5174 3265 5222; x_wconf 92' lang='lat' dir='ltr'><strong>et</strong></span> <span class='ocrx_word' id='word_1_840' title='bbox 3291 5166 3431 5220; x_wconf 87' lang='lat' dir='ltr'><strong>ﬁlios</strong></span> <span class='ocrx_word' id='word_1_841' title='bbox 3453 5163 3571 5233; x_wconf 89' lang='lat' dir='ltr'><strong>ejus</strong></span> <span class='ocrx_word' id='word_1_842' title='bbox 3590 5161 3764 5217; x_wconf 79' lang='lat' dir='ltr'><strong>aﬁixc-</strong></span> 
     </span>
    </p>
   </div>
   <div class='ocr_carea' id='block_1_102' title="bbox 2198 5248 3762 5333">
    <p class='ocr_par' dir='ltr' id='par_1_102' title="bbox 2198 5248 3762 5333">
     <span class='ocr_line' id='line_1_102' title="bbox 2198 5248 3762 5333; baseline -0.01 -14"><span class='ocrx_word' id='word_1_843' title='bbox 2198 5286 2217 5319; x_wconf 76' lang='grc' dir='ltr'><strong>ι</strong></span> <span class='ocrx_word' id='word_1_844' title='bbox 2250 5274 2376 5323; x_wconf 88' lang='lat' dir='ltr'><strong>runt</strong></span> <span class='ocrx_word' id='word_1_845' title='bbox 2398 5264 2568 5322; x_wconf 90' lang='lat' dir='ltr'><strong>cruci.</strong></span> <span class='ocrx_word' id='word_1_846' title='bbox 2588 5262 2765 5333; x_wconf 83' lang='lat' dir='ltr'><strong>Atque</strong></span> <span class='ocrx_word' id='word_1_847' title='bbox 2786 5276 2855 5317; x_wconf 85' lang='lat' dir='ltr'><strong>ex</strong></span> <span class='ocrx_word' id='word_1_848' title='bbox 2874 5261 2979 5316; x_wconf 90' lang='lat' dir='ltr'><strong>isto</strong></span> <span class='ocrx_word' id='word_1_849' title='bbox 2994 5268 3238 5328; x_wconf 88' lang='lat' dir='ltr'><strong>tempore</strong></span> <span class='ocrx_word' id='word_1_850' title='bbox 3257 5256 3373 5311; x_wconf 89' lang='lat' dir='ltr'><strong>dies</strong></span> <span class='ocrx_word' id='word_1_851' title='bbox 3397 5255 3488 5310; x_wconf 91' lang='lat' dir='ltr'><strong>isti</strong></span> <span class='ocrx_word' id='word_1_852' title='bbox 3521 5248 3762 5323; x_wconf 85' lang='lat' dir='ltr'><strong>appellati</strong></span> 
     </span>
    </p>
   </div>
   <div class='ocr_carea' id='block_1_103' title="bbox 2199 5344 3767 5428">
    <p class='ocr_par' dir='ltr' id='par_1_103' title="bbox 2199 5344 3767 5428">
     <span class='ocr_line' id='line_1_103' title="bbox 2199 5344 3767 5428; baseline -0.011 -17"><span class='ocrx_word' id='word_1_853' title='bbox 2199 5378 2217 5411; x_wconf 71' lang='grc' dir='ltr'><strong>ι</strong></span> <span class='ocrx_word' id='word_1_854' title='bbox 2247 5365 2373 5414; x_wconf 89' lang='lat' dir='ltr'><strong>sunt</strong></span> <span class='ocrx_word' id='word_1_855' title='bbox 2388 5356 2628 5428; x_wconf 88' lang='lat' dir='ltr'><strong>phurim,</strong></span> <span class='ocrx_word' id='word_1_856' title='bbox 2652 5354 2705 5409; x_wconf 93' lang='lat' dir='ltr'><strong>id</strong></span> <span class='ocrx_word' id='word_1_857' title='bbox 2730 5361 2833 5418; x_wconf 89' lang='lat' dir='ltr'><strong>est,</strong></span> <span class='ocrx_word' id='word_1_858' title='bbox 2857 5352 3085 5407; x_wconf 85' lang='lat' dir='ltr'><strong>sortium</strong></span> <span class='ocrx_word' id='word_1_859' title='bbox 3104 5390 3119 5412; x_wconf 89' lang='lat'><strong>,</strong></span> <span class='ocrx_word' id='word_1_860' title='bbox 3152 5363 3220 5403; x_wconf 89' lang='lat' dir='ltr'><strong>eo</strong></span> <span class='ocrx_word' id='word_1_861' title='bbox 3239 5346 3383 5417; x_wconf 85' lang='lat' dir='ltr'><strong>quod</strong></span> <span class='ocrx_word' id='word_1_862' title='bbox 3406 5346 3563 5415; x_wconf 88' lang='lat' dir='ltr'><strong>pbur,</strong></span> <span class='ocrx_word' id='word_1_863' title='bbox 3609 5344 3660 5398; x_wconf 91' lang='lat' dir='ltr'><strong>id</strong></span> <span class='ocrx_word' id='word_1_864' title='bbox 3685 5348 3767 5394; x_wconf 88' lang='lat' dir='ltr'><strong>est</strong></span> 
     </span>
    </p>
   </div>
   <div class='ocr_carea' id='block_1_104' title="bbox 2199 5436 3764 5512">
    <p class='ocr_par' dir='ltr' id='par_1_104' title="bbox 2199 5436 3764 5512">
     <span class='ocr_line' id='line_1_104' title="bbox 2199 5436 3764 5512; baseline -0.011 -12"><span class='ocrx_word' id='word_1_865' title='bbox 2199 5468 2218 5500; x_wconf 76' lang='grc' dir='ltr'><strong>ι</strong></span> <span class='ocrx_word' id='word_1_866' title='bbox 2253 5464 2394 5512; x_wconf 87' lang='lat' dir='ltr'><strong>sors,</strong></span> <span class='ocrx_word' id='word_1_867' title='bbox 2425 5447 2479 5501; x_wconf 92' lang='lat' dir='ltr'><strong>in</strong></span> <span class='ocrx_word' id='word_1_868' title='bbox 2507 5460 2698 5501; x_wconf 90' lang='lat' dir='ltr'><strong>urnam</strong></span> <span class='ocrx_word' id='word_1_869' title='bbox 2728 5443 2891 5499; x_wconf 90' lang='lat' dir='ltr'><strong>missa</strong></span> <span class='ocrx_word' id='word_1_870' title='bbox 2922 5441 3106 5496; x_wconf 76' lang='lat' dir='ltr'><strong>fuerit.</strong></span> <span class='ocrx_word' id='word_1_871' title='bbox 3148 5459 3167 5491; x_wconf 71' lang='grc' dir='ltr'><strong>ι</strong></span> <span class='ocrx_word' id='word_1_872' title='bbox 3195 5438 3351 5510; x_wconf 74' lang='lat' dir='ltr'><strong>Saepe</strong></span> <span class='ocrx_word' id='word_1_873' title='bbox 3372 5436 3518 5492; x_wconf 90' lang='lat' dir='ltr'><strong>enim</strong></span> <span class='ocrx_word' id='word_1_874' title='bbox 3543 5446 3764 5502; x_wconf 88' lang='lat' dir='ltr'><strong>nequam</strong></span> 
     </span>
    </p>
   </div>
   <div class='ocr_carea' id='block_1_105' title="bbox 2190 5517 3764 5605">
    <p class='ocr_par' dir='ltr' id='par_1_105' title="bbox 2190 5517 3764 5605">
     <span class='ocr_line' id='line_1_105' title="bbox 2190 5517 3764 5605; baseline -0.014 -8"><span class='ocrx_word' id='word_1_875' title='bbox 2190 5541 2499 5597; x_wconf 88' lang='lat' dir='ltr'><strong>hominibus</strong></span> <span class='ocrx_word' id='word_1_876' title='bbox 2546 5538 2703 5593; x_wconf 88' lang='lat' dir='ltr'><strong>aliter</strong></span> <span class='ocrx_word' id='word_1_877' title='bbox 2728 5551 2883 5592; x_wconf 89' lang='lat' dir='ltr'><strong>suum</strong></span> <span class='ocrx_word' id='word_1_878' title='bbox 2920 5517 3201 5605; x_wconf 85' lang='lat' dir='ltr'><strong>perveniet</strong></span> <span class='ocrx_word' id='word_1_879' title='bbox 3243 5539 3430 5586; x_wconf 87' lang='lat' dir='ltr'><strong>votum</strong></span> <span class='ocrx_word' id='word_1_880' title='bbox 3462 5542 3623 5598; x_wconf 88' lang='lat' dir='ltr'><strong>quam</strong></span> <span class='ocrx_word' id='word_1_881' title='bbox 3663 5523 3764 5579; x_wconf 90' lang='lat' dir='ltr'><strong>sibi</strong></span> 
     </span>
    </p>
   </div>
   <div class='ocr_carea' id='block_1_106' title="bbox 2188 5616 3759 5701">
    <p class='ocr_par' dir='ltr' id='par_1_106' title="bbox 2188 5616 3759 5701">
     <span class='ocr_line' id='line_1_106' title="bbox 2188 5616 3759 5701; baseline -0.013 -14"><span class='ocrx_word' id='word_1_882' title='bbox 2188 5632 2407 5687; x_wconf 86' lang='lat' dir='ltr'><strong>evenire</strong></span> <span class='ocrx_word' id='word_1_883' title='bbox 2418 5637 2718 5701; x_wconf 86' lang='lat' dir='ltr'><strong>sperarent,</strong></span> <span class='ocrx_word' id='word_1_884' title='bbox 2740 5637 2794 5682; x_wconf 91' lang='lat' dir='ltr'><strong>et</strong></span> <span class='ocrx_word' id='word_1_885' title='bbox 2816 5625 3087 5696; x_wconf 89' lang='lat' dir='ltr'><strong>laqueum,</strong></span> <span class='ocrx_word' id='word_1_886' title='bbox 3103 5638 3265 5693; x_wconf 89' lang='lat' dir='ltr'><strong>quem</strong></span> <span class='ocrx_word' id='word_1_887' title='bbox 3293 5622 3364 5677; x_wconf 88' lang='lat' dir='ltr'><strong>ad</strong></span> <span class='ocrx_word' id='word_1_888' title='bbox 3392 5616 3759 5688; x_wconf 88' lang='lat' dir='ltr'><strong>decipiendum</strong></span> 
     </span>
    </p>
   </div>
   <div class='ocr_carea' id='block_1_107' title="bbox 2189 5711 3762 5793">
    <p class='ocr_par' dir='ltr' id='par_1_107' title="bbox 2189 5711 3762 5793">
     <span class='ocr_line' id='line_1_107' title="bbox 2189 5711 3762 5793; baseline -0.013 -13"><span class='ocrx_word' id='word_1_889' title='bbox 2189 5725 2311 5780; x_wconf 89' lang='lat' dir='ltr'><strong>aliis</strong></span> <span class='ocrx_word' id='word_1_890' title='bbox 2335 5724 2647 5793; x_wconf 76' lang='lat' dir='ltr'><strong>diSponunt,</strong></span> <span class='ocrx_word' id='word_1_891' title='bbox 2673 5720 2771 5792; x_wconf 88' lang='lat' dir='ltr'><strong>ipsi</strong></span> <span class='ocrx_word' id='word_1_892' title='bbox 2802 5719 2854 5773; x_wconf 92' lang='lat' dir='ltr'><strong>in</strong></span> <span class='ocrx_word' id='word_1_893' title='bbox 2884 5734 2950 5773; x_wconf 91' lang='lat' dir='ltr'><strong>eo</strong></span> <span class='ocrx_word' id='word_1_894' title='bbox 2976 5716 3298 5789; x_wconf 77' lang='lat' dir='ltr'><strong>obligentur,</strong></span> <span class='ocrx_word' id='word_1_895' title='bbox 3330 5714 3474 5770; x_wconf 90' lang='lat' dir='ltr'><strong>sicut</strong></span> <span class='ocrx_word' id='word_1_896' title='bbox 3494 5711 3762 5781; x_wconf 79' lang='lat' dir='ltr'><strong>Scriptura</strong></span> 
     </span>
    </p>
   </div>
   <div class='ocr_carea' id='block_1_108' title="bbox 2195 5800 3759 5880">
    <p class='ocr_par' dir='ltr' id='par_1_108' title="bbox 2195 5800 3759 5880">
     <span class='ocr_line' id='line_1_108' title="bbox 2195 5800 3759 5880; baseline -0.013 -8"><span class='ocrx_word' id='word_1_897' title='bbox 2195 5816 2429 5872; x_wconf 78' lang='lat' dir='ltr'><strong>ostendit</strong></span> <span class='ocrx_word' id='word_1_898' title='bbox 2474 5814 2655 5869; x_wconf 84' lang='lat' dir='ltr'><strong>dicens</strong></span> <span class='ocrx_word' id='word_1_899' title='bbox 2685 5831 2698 5866; x_wconf 85' lang='lat'>:</span> <span class='ocrx_word' id='word_1_900' title='bbox 2738 5831 2755 5863; x_wconf 71' lang='grc' dir='ltr'>ί</span> <span class='ocrx_word' id='word_1_901' title='bbox 2788 5811 2845 5865; x_wconf 82' lang='lat' dir='ltr'><strong>In</strong></span> <span class='ocrx_word' id='word_1_902' title='bbox 2874 5809 3085 5865; x_wconf 85' lang='lat' dir='ltr'><strong>insidiis</strong></span> <span class='ocrx_word' id='word_1_903' title='bbox 3113 5808 3225 5865; x_wconf 87' lang='lat' dir='ltr'><strong>suis</strong></span> <span class='ocrx_word' id='word_1_904' title='bbox 3270 5808 3547 5880; x_wconf 86' lang='lat' dir='ltr'><strong>capientur</strong></span> <span class='ocrx_word' id='word_1_905' title='bbox 3576 5800 3759 5869; x_wconf 83' lang='lat' dir='ltr'><strong>iniqui.</strong></span> 
     </span>
    </p>
   </div>
  </div>
