3960 6178
341 368 447 426 669

1412 371 1775 430 EXPOSITIO
1814 374 1879 428 ΙΝ
1919 374 2179 432 LIBRUM
2220 377 2524 433 ESTIlER.

3519 393 3622 450 ϐῖο

339 487 410 541 Et
435 483 529 554 qui
570 481 708 538 fodit
751 480 987 548 foveam,
1041 483 1231 539 incidit
1283 483 1339 539 in
1395 502 1514 541 eam
1539 490 1931 561 (Ρι-ου.ιιινι).›
1968 494 2012 550 Α
2042 488 2095 542 in
2124 490 2495 546 hmretieorum
2526 494 2839 551 decidamus
2863 512 3137 565 errorem;
3162 500 3252 555 ubi
3280 516 3619 573 nequaquam

339 575 499 633 Unde
547 582 601 630 et
652 573 857 637 Aman,
914 575 1006 643 qui
1059 574 1242 630 hostes
1281 577 1595 650 prtetigurat
1635 580 1928 646 Ecclesiae,

338 682 530 724 necem
564 681 727 736 quam
770 675 1059 735 paraverat
1106 666 1448 725 Mardochteo
1505 671 1620 739 ipse
1662 673 1936 728 sustinere

340 760 655 832 cogebatur.
688 757 820 813 Sors
848 759 993 813 enim
1027 758 1080 812 in
1105 776 1294 814 urnam
1320 762 1486 816 missa
1523 763 1933 832 dispositionem

341 850 627 921 cujuslibet
675 850 755 905 rei
804 849 857 904 in
907 859 1091 906 mente
1143 850 1380 907 hominis
1430 853 1702 924 signiﬁcat
1733 872 1745 906 :
1782 854 1936 923 cujus

340 950 523 996 tamen
534 948 829 1009 proventus
845 940 898 994 in
912 940 1094 995 divino
1109 940 1332 1012 pendetj
1343 943 1537 999 udicio.
1558 944 1710 999 Unde
1724 960 1819 1014 per
1834 944 1935 1001 Sa-

341 1034 613 1090 lomonem
635 1034 865 1089 dicitur:
885 1052 903 1085 ‹
925 1032 1112 1091 Sortes
1131 1036 1421 1093 mittuntur
1444 1037 1497 1092 in
1515 1039 1657 1104 sinu,
1675 1041 1768 1094 sed
1782 1055 1812 1093 a
1828 1040 1934 1096 Do-

342 1132 491 1185 mino
520 1125 909 1199 temperantur.
962 1127 1078 1183 Non
1102 1137 1189 1183 est
1218 1129 1365 1184 enim
1401 1129 1459 1184 in
1490 1130 1727 1185 hominis
1765 1141 1925 1201 pote-

338 1232 484 1278 state
507 1221 593 1276 via
605 1222 741 1291 ejus,
756 1221 850 1275 sed
865 1235 1037 1290 neque
1050 1220 1302 1286 volentis,
1323 1235 1497 1290 neque
1510 1222 1779 1278 currentis
1798 1264 1812 1286 ,
1836 1223 1929 1278 sed

339 1310 1139 1369 miserentisestDci.Universa
1151 1310 1294 1365 enim
1308 1311 1361 1365 in
1375 1320 1510 1365 nutu
1524 1309 1925 1378 ejusobediunt,

338 1415 395 1459 et
411 1404 596 1459 omnia
630 1418 967 1473 quaecunque
993 1402 1258 1458 vultl'acit
1291 1405 1344 1457 in
1359 1403 1562 1459 coeloet
1589 1404 1642 1458 in
1678 1415 1842 1469 terra,
1869 1406 1925 1459 in

339 1496 479 1551 mari
513 1504 570 1550 et
596 1496 651 1549 in
685 1496 938 1550 omnibus
969 1495 1177 1566 abyssis
1208 1493 1390 1565 (Prov.
1421 1493 1554 1568 xvi).
1590 1516 1609 1548 ι
1645 1496 1926 1563 Quomodo

336 1604 468 1659 ergo
509 1587 640 1659 ipsae
684 1587 800 1643 dies
823 1587 1051 1642 sortium
1098 1587 1239 1657 apud
1280 1595 1528 1656 posteros
1580 1580 1927 1643 iu'memoria

335 1681 524 1737 haberi
548 1681 803 1745 debeant,
835 1680 1073 1735 ostendit
1100 1679 1382 1749 Scriptura
1406 1679 1593 1733 dicens
1624 1697 1635 1731 :

412 1791 431 1823 ι
471 1770 771 1842 Suscepere
821 1769 991 1826 Judaei
1037 1786 1201 1842 super
1229 1787 1287 1826 se
1323 1779 1380 1825 et
1418 1785 1603 1825 semen
1657 1784 1836 1836 suum,
1866 1776 1922 1825 et

340 1882 360 1913 ι
398 1877 562 1932 super
592 1869 819 1918 cunctos
845 1861 938 1931 qui
968 1861 1213 1932 religioni
1232 1877 1420 1917 eorum
1451 1862 1736 1917 voluerunt
1756 1877 1921 1931 copu-
1948 1847 1993 1905 Β

339 1971 359 2004 ι
393 1953 513 2017 lari,
543 1960 602 2006 ut
631 1951 761 2006 nulli
799 1952 959 2006 liceat
984 1951 1118 2006 duos
1144 1952 1244 2006 hos
1280 1951 1395 2006 dies
1435 1952 1640 2022 absque
1666 1952 1922 2007 solemni-

337 2068 355 2098 ι
387 2056 498 2103 tate
526 2047 826 2118 transigere
857 2063 870 2099 :
905 2045 1048 2115 quod
1071 2044 1352 2116 Scriptura
1400 2054 1651 2110 testatur,
1684 2053 1739 2098 et
1768 2055 1920 2100 certa

336 2159 355 2191 ι
386 2147 650 2210 expetunt
672 2148 931 2208 tempora,
953 2137 1109 2193 annis
1134 2137 1236 2192 sibi
1253 2135 1456 2209 jugiter
1482 2138 1916 2194 succedentibus.

334 2249 354 2282 σ
388 2230 482 2285 lsti
518 2241 646 2285 sunt
672 2230 810 2294 dies,
850 2246 987 2300 quos
1022 2230 1165 2285 nulla
1191 2247 1431 2302 unquam
1469 2231 1669 2287 delebit
1694 2232 1916 2299 oblivio,

335 2344 354 2377 ι
386 2332 442 2379 et
466 2339 567 2394 per
608 2324 851 2395 singulas
875 2325 1254 2395 generationes
1294 2334 1504 2380 cuncta:
1548 2326 1602 2380 in
1650 2334 1763 2380 toto
1787 2325 1917 2379 orbe

333 2434 353 2466 ι
394 2414 688 2484 provincia:
738 2414 1108 2470 celebrabunt.
1160 2414 1270 2470 Nec
1318 2425 1403 2469 est
1461 2415 1565 2469 ulla
1622 2415 1815 2470 civitas
1858 2414 1915 2468 in

334 2524 354 2557 ι
387 2521 493 2576 qua
522 2505 643 2560 dies
666 2506 904 2575 phurim,
943 2507 995 2560 id
1023 2515 1107 2562 est
1135 2506 1384 2572 sortium,
1422 2522 1529 2561 non
1559 2506 1919 2562 observentur

334 2614 353 2646 ι
386 2610 418 2648 a
445 2593 668 2657 Judmis,
698 2602 752 2649 et
779 2596 847 2649 ab
872 2610 1059 2649 eorum
1089 2595 1368 2666 progenie,
1399 2611 1520 2666 quae
1547 2596 1631 2651 his
1662 2610 1919 2651 caeremo-

329 2702 354 2736 ί
391 2684 497 2739 niis
540 2684 773 2755 obligata
799 2693 898 2739 est.
936 2705 953 2736 ι
991 2684 1116 2740 Dies
1151 2701 1279 2756 ergo
1314 2686 1564 2751 sortium,
1619 2685 1672 2739 in
1722 2686 1919 2756 quibus

329 2774 476 2832 Deus
503 2776 646 2831 veris
689 2776 1095 2833 confessor-ibus
1147 2778 1260 2833 suis
1292 2778 1386 2833 dat
1412 2778 1698 2833 victoriam
1729 2778 1794 2834 de
1823 2780 1918 2834 ho-

330 2866 529 2933 stibus,
558 2866 705 2921 nulla
744 2883 983 2937 unquam
1029 2867 1299 2924 oblivione
1348 2876 1477 2923 sunt
1520 2867 1781 2935 delenda),
1822 2869 1918 2925 sed

326 2972 427 3027 per
449 2956 689 3028 singulas
713 2958 1093 3027 generationes
1141 2958 1196 3011 in
1248 2965 1362 3013 toto
1388 2957 1519 3013 orbe
1553 2957 1912 3023 celebrande,

325 3047 455 3117 quia
483 3045 675 3102 futura:
697 3048 999 3102 animarum
1026 3047 1222 3118 quietis
1255 3056 1310 3103 et
1344 3048 1762 3104 resurrectionis
1789 3064 1906 3104 cor-

325 3155 520 3210 porum
542 3140 598 3194 in
626 3140 714 3196 die
747 3139 938 3209 judicii
964 3155 1059 3210 spe
1080 3139 1237 3195 firma
1267 3155 1482 3209 semper
1504 3141 1643 3210 apud
1668 3155 1913 3211 quosque

327 3229 515 3285 ﬁdeles
558 3230 762 3285 mentio
788 3237 872 3285 est
922 3229 1184 3295 tenenda;
1233 3244 1337 3284 nec
1385 3228 1491 3283 ulla
1539 3228 1907 3284 Ecclesiarum

322 3318 527 3375 Christi
569 3319 625 3374 in
671 3325 786 3376 toto
834 3318 967 3376 orbe
1020 3317 1184 3388 hujus
1228 3319 1507 3390 religionis
1558 3333 1754 3389 expers
1786 3333 1909 3373 esse

321 3410 506 3476 debet,
560 3412 654 3467 sed
699 3427 914 3483 semper
944 3412 1106 3483 hujus
1144 3411 1284 3468 ritus
1312 3411 1653 3467 saluberrimi
1699 3426 1909 3467 memor

321 3508 470 3559 omni
515 3513 756 3574 tempore
779 3520 995 3575 semper
1021 3520 1079 3560 se
1110 3519 1324 3575 parare,
1355 3511 1411 3558 et
1439 3504 1507 3557 ad
1555 3503 1733 3557 futura
1766 3503 1906 3557 bona

318 3593 668 3664 percipienda
710 3592 1072 3660 conformare,
1118 3602 1385 3664 quatenus
1417 3593 1507 3648 hic
1531 3593 1673 3663 quod
1702 3599 1908 3660 tempe-

319 3684 508 3739 raliter
553 3685 809 3750 celebrat,
865 3686 919 3740 in
961 3686 1065 3742 lide
1119 3695 1177 3741 et
1224 3700 1320 3756 spe
1374 3685 1483 3740 illic
1519 3684 1907 3755 perpetualiter

316 3772 596 3844 possideat
633 3774 686 3829 iu
723 3775 892 3846 ipsius
922 3776 999 3830 rei
1051 3776 1280 3831 veritate
1317 3783 1373 3830 et
1424 3784 1625 3830 aeterna
1670 3773 1904 3829 beatitu-

318 3862 463 3917 dine.
496 3861 757 3933 Quodque
788 3865 1024 3931 interim,
1070 3866 1198 3921 dum
1239 3866 1293 3920 in
1338 3867 1441 3921 hac
1465 3866 1903 3936 peregrinatione

316 3967 527 4019 sumus,
583 3955 801 4011 solertia
832 3957 1113 4011 doctorum
1157 3965 1213 4011 et
1242 3956 1504 4012 Ecclesiae
1547 3956 1800 4010 instantia
1833 3956 1902 4011 ad

313 4042 623 4112 exemplum
670 4044 869 4100 Esther
915 4053 970 4101 et
1012 4046 1333 4101 Mardochaei
1380 4046 1661 4101 nobiscum
1702 4038 1777 4100 in
1807 4047 1903 4103 do-

312 4131 491 4186 ctrina
510 4140 565 4186 et
592 4134 967 4189 exhortatione
988 4150 1150 4205 agere
1171 4136 1349 4201 debet,
1365 4143 1426 4190 ut
1442 4135 1601 4207 hujus
1626 4136 1900 4207 religionis

312 4224 652 4279 celebrandae
679 4235 844 4297 atque
872 4227 1112 4285 colendae
1159 4243 1374 4293 semper
1404 4229 1574 4284 simus
1605 4230 1801 4295 devoti,
1830 4229 1898 4285 de

314 4328 420 4383 quo
450 4312 702 4370 subditur
728 4334 742 4371 :

390 4423 409 4455 ‹
438 4402 901 4478 Scripseruntque
946 4408 1146 4465 Esther
1194 4426 1382 4481 regina
1433 4410 1543 4466 tilia
1595 4411 1810 4467 Ahihail
1841 4421 1898 4468 et

318 4512 336 4544 ι
372 4493 745 4552 Mardochaeus
776 4499 943 4561 etiam
987 4501 1281 4555 secundam
1322 4501 1609 4570 epistolam
1649 4510 1708 4556 ut
1746 4504 1893 4557 omni

316 4605 335 4636 ι
368 4585 549 4641 studio
576 4586 693 4642 dies
727 4586 830 4643 ista
875 4590 1134 4646 solemnis
1171 4592 1475 4647 sanciretur
1506 4593 1560 4647 in
1590 4602 1887 4663 posterum.

316 4695 334 4726 ι
365 4676 432 4730 Et
451 4676 715 4731 miserunt
759 4679 827 4732 ad
863 4690 1051 4735 omnes
1078 4678 1291 4736 Judaeos
1324 4683 1417 4753 qui
1463 4683 1518 4737 in
1565 4694 1781 4739 centum
1805 4684 1890 4738 vi-

318 4783 335 4815 ι
369 4766 503 4836 ginti
536 4777 741 4836 septem
766 4769 908 4840 regis
936 4770 1158 4827 Assueri
1188 4774 1484 4842 provinciis
1506 4774 1887 4841 versabantur,

315 4875 331 4907 ι
374 4867 434 4910 ut
464 4858 725 4913 haberent
754 4875 942 4929 pacem
981 4870 1037 4917 et
1071 4866 1410 4935 susciperent
1437 4867 1721 4922 veritatem
1750 4910 1764 4934 ,
1792 4869 1889 4924 ob—

311 4964 330 4998 ι
357 4956 639 5004 servantes
680 4950 795 5006 dies
830 4953 1075 5017 sortium,
1109 4963 1163 5009 et
1192 4971 1289 5010 suo
1327 4966 1569 5026 tempore
1601 4974 1723 5013 cum
1754 4975 1883 5031 gau-

311 5055 328 5087 ι
362 5039 451 5093 dio
479 5039 840 5108 celebrarent,
879 5042 1020 5099 sicut
1046 5047 1406 5103 constituerat
1434 5049 1801 5106 Mardoclizeus
1831 5062 1888 5108 et

310 5146 329 5179 ι
356 5129 573 5185 Esther.
612 5131 681 5185 Et
723 5131 799 5187 illi
828 5135 1166 5191 observanda
1200 5150 1553 5208 susceperunt
1582 5158 1611 5196 a
1643 5158 1700 5198 se
1727 5185 1741 5209 ,
1771 5153 1826 5198 et
1854 5160 1884 5197 a

312 5238 329 5270 ι
361 5222 569 5277 semine
612 5238 732 5290 suo,
773 5223 979 5296 jejunia
1017 5237 1180 5298 atque
1220 5229 1505 5298 clamores,
1556 5243 1610 5288 et
1657 5236 1882 5291 sortium

311 5330 328 5362 ι
364 5313 498 5379 dies,
531 5316 784 5370 etomnia
811 5333 930 5386 quae
944 5318 1065 5374 libri
1100 5318 1278 5388 hujus,
1294 5322 1385 5392 qui
1412 5332 1638 5379 vocatur
1664 5326 1880 5395 Esther,

308 5423 326 5455 ι
355 5405 584 5461 historia
612 5409 977 5465 continentur.
1020 5431 1039 5464 ι
1065 5410 1385 5469 Necessaria
1413 5416 1560 5471 enim
1586 5419 1741 5475 nobis
1769 5419 1885 5476 brec

301 5496 618 5564 admonitio,
643 5508 705 5554 ut
728 5500 1023 5560 habeamus
1062 5520 1278 5577 semper
1304 5507 1360 5563 in
1393 5507 1646 5565 cordibus
1681 5514 1884 5569 nostris

301 5602 487 5655 pacem
516 5588 902 5661 Christianam,
932 5605 988 5651 et
1014 5598 1372 5666 suscipiamus
1402 5599 1679 5671 Evangelii
1708 5603 1880 5673 ipsius

304 5678 604 5749 veritatem,
633 5698 701 5738 ne
742 5682 886 5740 forte
914 5703 1012 5750 per
1038 5689 1365 5745 discordiam
1395 5699 1450 5747 et
1484 5691 1875 5750 dissensionem

1918 4550 1972 4611 D

2042 582 2189 637 salus
2237 599 2384 650 vera,
2427 587 2522 639 sed
2569 595 2716 641 certa
2763 596 2847 642 est
2897 591 3173 646 damnatio
3227 603 3388 663 atque
3443 598 3617 653 ruina.

2042 672 2194 727 Unde
2223 672 2341 728 sine
2374 674 2538 730 dubio
2565 676 2865 745 quibusque
2890 693 3024 749 opus
3046 690 3163 751 est,
3210 684 3302 752 qui
3345 699 3404 739 se
3449 702 3619 758 agno-

2038 772 2197 817 scunt
2219 765 2423 819 semine
2451 766 2601 821 verbi
2625 768 2717 821 Dei
2742 769 2808 823 ab
2830 769 3069 825 Ecclesia
3100 782 3155 827 et
3184 774 3466 831 doctorum
3491 795 3618 834 san-

2036 864 2247 909 ctorum
2304 857 2606 912 ministerio
2663 859 2774 914 Deo
2825 860 2971 915 Patri
3012 862 3150 918 ﬁlios
3200 864 3252 919 iu
3291 866 3618 936 baptismate

2035 956 2402 1015 regeneratus,
2446 958 2504 1002 ut
2550 949 2637 1018 pie
2672 949 2939 1020 jejunent,
2969 955 3072 1009 hoc
3094 966 3197 1022 est,
3239 959 3384 1028 piam
3428 962 3613 1028 vitam,

2034 1045 2240 1091 castam
2275 1046 2329 1092 et
2356 1039 2723 1095 continentem
2762 1043 2981 1110 ducant,
3011 1045 3278 1104 clamores
3309 1052 3615 1108 orationum

2033 1139 2251 1179 suarum
2308 1134 2470 1195 atque
2521 1129 2893 1186 doctrinarum
2944 1135 3222 1203 excitent,
3285 1148 3340 1195 ct
3386 1142 3612 1197 sortium

2030 1214 2165 1280 dies,
2192 1215 2294 1269 hoc
2322 1226 2405 1271 est
2450 1219 2693 1274 victoria:
2723 1219 2928 1277 futura:
2955 1264 2965 1288 ,
2998 1236 3309 1282 reverenter
3350 1228 3614 1302 ﬁrmaque

2029 1320 2124 1376 spe
2163 1308 2456 1374 celebrent,
2507 1320 2564 1365 et
2590 1313 2772 1367 omnia
2807 1329 2929 1383 quae
2978 1315 3117 1372 liber
3144 1318 3376 1376 duorum
3427 1323 3616 1379 Testa-

2028 1408 2329 1455 mentorum
2387 1404 2631 1459 continet
2678 1420 2810 1460 sana
2849 1406 2952 1463 ﬁde
2999 1418 3055 1464 et
3105 1411 3245 1467 bona
3294 1415 3615 1484 operatione

2024 1488 2334 1545 observent.
2595 1558 2601 1562 ι

2615 1585 2845 1644 CAPUT
2884 1589 3001 1644 XIV

2025 1668 2459 1752 Quodlflssuerus
2490 1692 2582 1752 rea:
2609 1687 2851 1752 _cunclas_
2876 1680 3078 1752 insulas
3119 1682 3238 1752 fecit
3265 1696 3577 1745 trwutartas

2131 1742 2221 1796 ubi
2253 1744 2477 1799 historia
2498 1745 2690 1801 Esther
2711 1750 2853 1819 apud
2879 1742 3130 1807 Ηεῡνωοέ
3151 1755 3309 1823 ﬁnem
3328 1742 3498 1813 habet.

2098 1870 2118 1903 ι
2148 1853 2265 1909 Rex
2291 1870 2422 1911 vero
2463 1858 2733 1914 Assuerus
2779 1875 2996 1917 omnem
3050 1872 3251 1919 terram
3286 1876 3360 1921 et.
3387 1877 3611 1926 cunctas

2035 1961 2053 1992 σ
2087 1943 2262 1998 maris
2291 1944 2497 1999 insulas
2526 1945 2653 2001 fecit
2694 1949 3044 2007 tributarias:
3075 1953 3224 2021 cujus
3271 1955 3527 2013 fortitudo
3557 1968 3615 2014 et

2029 2051 2048 2083 ί
2083 2035 2392 2103 imperium,
2435 2045 2491 2090 et
2529 2037 2764 2108 dignitas
2792 2052 2957 2112 atque
2984 2044 3101 2099 subl
3128 2047 3305 2110 mitas,
3330 2064 3433 2118 qua
3462 2050 3610 2105 exal-

2029 2140 2048 2172 ι
2086 2123 2219 2178 tavit
2246 2124 2663 2194 Mardochzeum,
2692 2130 2892 2199 scripta
2922 2134 3123 2188 suntin
3152 2136 3301 2191 libris
3333 2138 3608 2196 Medorum

2027 2231 2045 2264 ι
2077 2221 2240 2283 atque
2270 2214 2586 2285 Persarum,
2619 2228 2674 2274 et
2702 2224 2973 2290 quomodo
2999 2225 3369 2286 Mardochazus
3397 2231 3607 2289 .ludaici

2026 2323 2044 2355 ‹
2080 2304 2292 2374 generis
2319 2307 2586 2362 secundus
2609 2324 2640 2363 a
2666 2325 2793 2382 rege
2813 2312 3050 2370 Assuero
3080 2316 3265 2383 fuerit,
3286 2328 3341 2373 et
3380 2335 3608 2391 magnus

2024 2414 2042 2446 ι
2080 2394 2219 2465 apud
2241 2394 2477 2463 Judmos,
2497 2402 2918 2471 etacceptabilis
2938 2404 3079 2474 plebi
3103 2406 3332 2462 fratrum
3357 2425 3601 2477 suorum,

2024 2502 2044 2535 ‹
2075 2500 2327 2554 quaerens
2365 2486 2507 2542 bona
2537 2490 2732 2560 pepulo
2773 2509 2891 2560 suo,
2926 2502 2979 2549 et
3021 2496 3247 2567 loquens
3288 2514 3350 2554 ea
3390 2517 3509 2571 quae
3537 2503 3605 2557 ad

2024 2598 2044 2630 ε
2078 2595 2265 2649 pacem
2308 2581 2389 2635 sui
2434 2582 2662 2638 seminis
2711 2587 3065 2655 pertinerent.
3098 2609 3117 2641 ι
3162 2578 3300 2658 Quid
3341 2604 3420 2648 est
3462 2598 3604 2664 quod

2018 2668 2151 2723 dicit
2199 2668 2498 2725 Assuerum
2537 2687 2720 2742 regem
2772 2690 2988 2732 omnem
3040 2688 3239 2734 terram
3280 2693 3336 2736 et
3380 2695 3605 2740 cunctas

2019 2759 2186 2813 maris
2240 2759 2445 2814 insulas
2507 2760 2687 2818 facere
2751 2766 3104 2823 tributarias?
3164 2785 3288 2825 cum
3340 2788 3445 2828 non
3514 2774 3605 2829 ille

2017 2845 2312 2903 historicus
2359 2863 2456 2903 rex
2508 2849 2798 2906 Persarum
2843 2862 3007 2925 atque
3048 2856 3328 2915 Medorum
3377 2877 3596 2919 onmem

2018 2944 2218 2992 terram
2251 2954 2488 3009 unquam
2519 2942 2623 2997 sub
2650 2944 2854 3001 ditione
2899 2961 2996 3001 sua
3022 2948 3291 3011 habuerit.
3339 2968 3441 3008 nec
3469 2970 3600 3009 can-

2016 3036 2134 3085 ctas
2160 3031 2330 3085 maris
2367 3030 2574 3089 insulas
2603 3033 2780 3091 facere
2809 3037 3126 3096 tributarias
3151 3053 3350 3112 posset,
3387 3047 3602 3115 quando

2018 3119 2087 3174 ad
2116 3120 2460 3190 supradictas
2490 3124 2701 3181 insulas
2729 3133 2784 3181 et
2822 3136 3009 3197 partes
3038 3132 3187 3187 orbis
3220 3148 3321 3189 nec
3364 3136 3601 3191 nominis

1938 3198 1983 3260 C
2015 3208 2132 3278 ejus
2161 3211 2355 3266 notitia
2388 3222 2598 3269 tantum
2619 3210 2905 3286 pervenire
2927 3222 3203 3290 potuerit;
3235 3225 3330 3280 sed
3351 3227 3599 3283 veracius

2011 3314 2193 3371 regem
2219 3311 2467 3358 nostrum
2501 3320 2565 3360 ac
2596 3306 2881 3364 Dominum
2903 3310 3179 3368 Christum
3203 3315 3305 3370 hac
3330 3317 3595 3372 sententia

2007 3393 2284 3463 exprimit,
2327 3394 2481 3464 cujus
2504 3406 2746 3467 potestas
2776 3401 2830 3455 in
2864 3404 3005 3460 caelo
3030 3414 3136 3473 est,
3172 3414 3223 3462 et
3258 3407 3312 3462 in
3345 3418 3508 3473 terra,
3538 3419 3596 3466 et

2008 3487 2146 3542 mari
2176 3496 2232 3542 et
2258 3490 2512 3546 omnibus
2548 3492 2760 3564 abyssis
2789 3514 2801 3550 :
2831 3497 2923 3566 qui
2955 3501 3307 3571 semetipsum
3338 3503 3390 3557 in
3419 3502 3595 3558 Evan-

2006 3576 2147 3647 gelio
2168 3579 2367 3633 ostium
2407 3583 2728 3649 nominavit,
2760 3586 2885 3656 quia
2928 3602 3026 3657 per
3051 3605 3173 3644 eum
3213 3593 3337 3647 vita:
3377 3603 3596 3651 aeternae

2006 3664 2269 3721 habemus
2316 3667 2622 3735 introitum,
2663 3688 2823 3741 quem
2850 3675 3002 3744 juxta
3039 3677 3341 3735 Psalmistae
3371 3691 3592 3740 attesta-

2005 3757 2203 3813 tionem
2232 3776 2246 3810 :
2280 3777 2299 3809 ι
2335 3760 2404 3814 Et
2433 3769 2577 3817 totus
2614 3764 2761 3819 orbis
2786 3767 3025 3824 universi
3077 3784 3231 3841 reges
3264 3782 3426 3829 terra:
3463 3777 3593 3831 ado-

2004 3857 2146 3901 rant.
2174 3846 2272 3902 Cui
2299 3857 2354 3904 et
2382 3866 2571 3907 omnes
2598 3869 2753 3923 reges
2781 3865 2941 3912 terrae
2964 3860 3220 3927 servient,
3246 3877 3401 3935 reges
3424 3865 3590 3921 Thar-

2001 3937 2077 3991 sis
2126 3945 2180 3992 et
2228 3939 2421 3994 insulae
2475 3957 2702 4000 munera
2743 3944 2994 4014 offerent,
3042 3964 3202 4022 reges
3251 3953 3492 4010 Arabum
3533 3967 3590 4012 et

2002 4025 2146 4083 Saba
2195 4027 2339 4084 dona
2388 4031 2661 4089 adducent
2705 4035 2893 4107 (Psal.
2935 4039 3117 4112 Lxxt).
3169 4061 3188 4094 ι
3236 4041 3409 4113 Hujus
3461 4060 3590 4117 ergo

2000 4118 2147 4189 regis
2199 4119 2482 4188 fortitudo,
2540 4134 2595 4180 et
2647 4126 2971 4197 imperium,
3020 4140 3077 4185 et
3112 4132 3377 4204 dignitas,
3426 4143 3590 4205 atque

1998 4212 2318 4279 sublimitas,
2349 4216 2583 4284 qualiter
2607 4219 2935 4276 exaltaverit
2957 4239 3145 4278 verum
3168 4225 3584 4296 Mardoehmum,

1997 4303 2101 4358 hoe
2139 4312 2252 4366 est,
2297 4315 2499 4385 conum
2537 4318 2850 4364 sanctorum
2887 4312 3168 4369 doctorum
3203 4317 3587 4386 magistrorum

1996 4392 2252 4449 Ecclesiae
2272 4410 2460 4451 coram
2480 4398 2680 4467 populo
2707 4398 3037 4467 Christiano,
3060 4419 3166 4459 non
3192 4412 3401 4460 tantum
3426 4408 3587 4463 unius

1998 4488 2174 4558 gentis
2226 4486 2457 4556 Judaeaz,
2516 4492 2609 4547 sed
2664 4494 2830 4548 etiam
2878 4495 3259 4552 universarum
3302 4500 3582 4555 nationum

1996 4594 2160 4637 voces
2180 4591 2236 4637 et
2263 4584 2466 4653 scripta
2495 4593 2782 4641 testantur.
2816 4587 2919 4654 Qui
2942 4589 3147 4646 electos
3179 4607 3307 4648 suos
3338 4595 3405 4649 ab
3427 4594 3583 4650 initio

1997 4670 2140 4727 dono
2169 4672 2360 4744 gratia:
2400 4690 2510 4730 sua:
2535 4676 2811 4743 exaltavit,
2844 4687 2899 4733 et
2929 4679 3194 4750 gloriosos
3216 4692 3380 4752 atque
3411 4684 3583 4740 hono-

1995 4761 2194 4817 rabiles
2253 4763 2311 4818 in
2358 4775 2652 4835 conspectu
2708 4769 2949 4822 omnium
3011 4771 3249 4840 gentium
3301 4770 3467 4827 fecit:
3526 4775 3578 4829 hi

1991 4859 2240 4921 quaerunt
2257 4853 2398 4910 bona
2409 4856 2606 4925 populo
2630 4871 2748 4923 suo,
2778 4858 3138 4929 etloquuntur
3164 4877 3283 4932 quae
3303 4863 3370 4918 ad
3391 4878 3582 4934 pacem

1991 4945 2264 5016 pertinent
2291 4947 2515 5003 seminis
2544 4950 2650 5017 sui,
2685 4951 2813 5020 quia
2847 4952 3003 5022 juxta
3040 4953 3195 5010 Isaiae
3231 4956 3577 5013 vaticinatio-

1990 5052 2112 5092 nem
2158 5056 2172 5092 :
2218 5058 2236 5091 ι
2281 5039 2664 5110 Speculatores
2710 5043 2924 5099 Domini
2981 5045 3303 5103 levaverunt
3354 5064 3574 5117 vocem,

1990 5129 2256 5200 simulque
2293 5130 2590 5187 laudabunt
2621 5133 2758 5205 (Isa.
2794 5137 2914 5208 Lit),
2960 5152 3191 5207 quorum
3231 5141 3396 5209 pedes
3448 5148 3577 5195 sunt

1990 5222 2221 5290 speciosi
2273 5223 2761 5292 evangelizantium
2813 5243 3034 5297 pacem,
3089 5231 3571 5301 evangelizantium

1986 5313 2126 5367 bona
2172 5312 2344 5385 (Rom.
2380 5313 2471 5386 ι),
2503 5335 2521 5368 ι
2548 5318 2676 5386 quia
2726 5333 2942 5390 semper
2984 5335 3048 5376 ea
3095 5331 3290 5392 rogant
3341 5337 3461 5390 quae
3503 5322 3571 5377 ad

1989 5418 2179 5473 pacem
2192 5414 2319 5462 sunt
2342 5408 2398 5463 in
2411 5405 2735 5478 Jerusalem,
2753 5420 2808 5467 et
2838 5412 3041 5469 scietur
3053 5414 3107 5468 in
3122 5413 3370 5484 gentibus
3383 5427 3567 5468 semen

1990 5511 2198 5563 eorum,
2220 5506 2276 5553 et
2293 5514 2512 5571 germen
2534 5516 2721 5556 eorum
2742 5504 2796 5557 in
2815 5505 2994 5560 medio
3006 5504 3346 5574 populorum.
3369 5502 3570 5560 Omnes

1988 5588 2078 5657 qui
2096 5589 2344 5644 viderunt
2364 5606 2457 5647 eos
2477 5602 2799 5664 cognoscent
2824 5596 2964 5663 illos,
2978 5595 3106 5667 quia
3126 5595 3214 5649 isti
3238 5601 3364 5649 sunt
3383 5608 3568 5652 semen

1987 5680 2074 5734 cui
2102 5680 2376 5739 benedixit
2396 5682 2675 5740 Dominus.
