3960 6178
415 414 520 473 6⁸11

1062 415 1122 470 Β.
1166 414 1417 471 RABANI
1458 414 1678 471 MAURI
1715 413 2032 469 ARCIIIEP.
2074 414 2384 472 MOGUNT.
2428 414 2715 473 OPERUM
2754 415 2937 472 PARS
2975 414 3016 470 I.

3581 410 3691 472 672

973 541 3692 605 W3

1002 708 1582 822 BEATI
1660 711 2003 823 BA!

2108 710 2416 821 IN!
2488 708 3105 823 MHR!

1144 924 1532 982 FULDENSIS
1567 923 1859 979 ABBATIS
1891 922 1982 978 ET
2016 920 2403 979 MOGIJNTINI
2440 918 2957 977 ARCIIIEPISCOPI

499 1106 1848 1245 COMMENTARIORUM
1938 1106 2080 1217 IN
2169 1104 2706 1218 LIBRUM
2793 1100 3601 1217 SAPIENTI/E

1552 1303 1765 1363 LIBRI
1810 1303 2032 1363 TRES.
2082 1300 2324 1381 (ANNO
2378 1299 2545 1379 8&0.)

1837 1451 2175 1465 _

1716 1608 1723 1615 .
1787 1548 2359 1623 PROLOGUS

1223 1697 1316 1749 AD
1355 1698 1715 1755 DTGAIUUM
1754 1698 2356 1757 ARCIIIEPISCOPUM
2394 1700 2880 1759 MOGUNTINUM.

486 1952 714 2008 Durnino
740 1948 1192 2005 rcvcrendissimo
1213 1958 1268 2002 et
1289 1947 1435 2002 cultu
1466 1947 1852 2003 sincerissima:
1872 1948 2008 2004 cha—
2035 1958 2084 2017 Λ
2112 1966 2380 2022 nusquam
2427 1950 2638 2012 haberi,
2671 1951 2764 2006 sed
2809 1950 3055 2007 Gratcam
3087 1953 3257 2024 magis
3286 1954 3535 2009 redolere
3588 1959 3694 2010 elo-

416 2042 594 2098 ritatis
637 2040 972 2097 observando
1022 2046 1211 2094 sancto
1258 2038 1396 2103 viro,
1429 2048 1484 2092 et
1517 2039 1665 2092 omni
1694 2038 1899 2093 honore
1927 2038 2008 2092 di-

415 2137 697 2208 gnissimo,
721 2135 941 2207 Otgario
962 2134 1400 2203 archiepiscopo,
1424 2132 1682 2189 Rabanus
1708 2133 1759 2188 in
1790 2133 2009 2190 Christo

419 2225 673 2280 wwwm.

487 2315 924 2384 Quotiescunque
947 2312 1289 2384 praesentiam
1311 2319 1480 2379 tuam,
1495 2312 1810 2369 beatissime
1824 2311 2005 2380 Pater,

415 2407 615 2479 cogito,
647 2406 800 2460 suavi
825 2420 1039 2476 semper
1071 2404 1427 2460 delectatione
1472 2404 1705 2470 reficior,
1753 2406 2008 2462 reminis-

418 2511 550 2551 cens
597 2495 1030 2551 mansuetudinis
1073 2504 1129 2549 et
1158 2495 1501 2569 humilitatis,
1530 2497 1808 2552 modestia:
1846 2507 2009 2567 atque

419 2587 807 2655 temperantire,
838 2601 959 2654 quas
988 2587 1259 2655 prmcipuc
1284 2588 1336 2641 in
1369 2595 1458 2641 tua
1493 2584 1784 2644 sanctitate
1804 2589 2007 2660 vigent,

421 2678 497 2732 ita
527 2688 587 2732 ut
611 2695 678 2733 ex
701 2679 806 2733 hoc
830 2679 1099 2733 veraciter
1125 2680 1439 2749 agnoscaris
1458 2679 1573 2748 ejus
1601 2696 1723 2735 esse
1746 2681 2005 2746 imitator,

418 2770 511 2839 qui
563 2769 842 2840 discipulis
893 2770 1007 2825 suis
1053 2771 1310 2840 prmccpit
1346 2770 1572 2825 dicens:
1610 2771 1810 2826 Discite
1855 2789 1889 2825 a
1928 2787 2009 2825 me

415 2859 543 2930 quia
566 2860 709 2914 mitis
742 2876 858 2914 sum
902 2870 951 2914 et
977 2859 1190 2914 humilis
1212 2861 1386 2914 corde.
1421 2854 1573 2916 Unde
1597 2877 1811 2932 quoque
1836 2862 2006 2931 pluri-

419 2948 495 3003 mi
535 2963 689 3003 sacra
733 2948 1021 3004 dilectione
1063 2949 1292 3015 incitati,
1325 2951 1394 3004 ad
1426 2951 1744 3020 obsequium
1786 2967 2009 3007 venera-

419 3038 585 3095 tionis
628 3047 736 3094 tuaa
782 3048 1162 3107 cucurrerunt,
1213 3049 1268 3095 et
1300 3042 1656 3112 quodcunque
1685 3042 1846 3098 olIicii
1886 3059 2009 3114 pos-

415 3141 547 3189 sunt
597 3134 792 3189 devota
833 3143 1013 3188 mente
1051 3133 1247 3188 offerre
1274 3133 1515 3204 cupiunt.
1545 3133 1685 3189 Hinc
1706 3135 1869 3191 etiam
1906 3151 2007 3206 ego

416 3220 546 3277 licet
574 3231 912 3278 terrenarum
956 3239 1138 3280 rerum
1184 3230 1315 3295 opes
1354 3241 1460 3280 non
1489 3224 1740 3293 habeam,
1790 3228 1917 3297 quia
1942 3244 2006 3283 ea

2111 2039 2423 2109 qucntiam,
2489 2055 2588 2094 nec
2646 2040 2788 2094 inter
2852 2041 3145 2095 canonicos
3192 2040 3507 2113 Scripturas
3556 2048 3694 2114 apud

2111 2129 2361 2197 antiquos
2408 2129 2597 2200 recipi,
2629 2139 2688 2185 ut
2727 2128 2934 2197 Judith,
2958 2130 3141 2187 Tobize
3162 2140 3218 2187 et
3261 2132 3692 2190 Machahaeonnn

2111 2217 2295 2283 libros,
2335 2235 2471 2289 quos
2513 2231 2567 2275 et
2616 2220 2877 2275 moderno
2927 2229 3168 2291 tempore
3211 2222 3353 2278 inter
3384 2223 3692 2295 Scripturas

2110 2328 2296 2368 sacras
2321 2322 2507 2367 sancta
2536 2322 2816 2368 enumerat
2845 2314 3105 2377 Ecclesia,
3136 2315 3371 2386 legitque
3397 2334 3491 2372 eos
3522 2318 3578 2373 in
3603 2336 3692 2389 pu-

2110 2402 2251 2457 blico
2279 2403 2419 2458 sicut
2444 2412 2669 2459 cmtcras
2715 2404 3028 2474 Scripturas
3074 2407 3388 2472 canonicas,
3440 2406 3691 2479 frequen-

2112 2503 2195 2549 ter
2217 2510 2431 2567 quoque
2456 2495 2742 2551 orthodoxi
2774 2498 3043 2561 doctores,
3094 2498 3294 2552 eisdem
3327 2501 3614 2557 sententiis
3641 2502 3692 2555 iu

2110 2583 2451 2654 dogmatibus
2480 2584 2592 2639 suis
2632 2594 2880 2645 utuntur.
2916 2584 3116 2640 Verum
3176 2602 3273 2642 cur
3294 2602 3393 2659 ego
3434 2590 3501 2643 ad
3530 2605 3690 2660 expo-

2110 2676 2343 2730 nendum
2399 2675 2541 2731 hunc
2593 2676 2788 2731 librum
2837 2677 3075 2733 laborem
3126 2680 3538 2748 assumpserim,
3582 2681 3687 2736 ιη’(

2110 2781 2272 2819 causa
2315 2765 2415 2820 fuit
2445 2765 2606 2836 :quia
2643 2766 2848 2821 nullam
2900 2776 3059 2822 antea
3104 2783 3267 2838 super
3295 2777 3468 2824 totum
3500 2770 3689 2826 librum

2108 2858 2498 2926 expositionem
2551 2858 2750 2924 inveni,
2788 2858 2918 2914 licet
2944 2860 3235 2930 prmdictus
3264 2861 3548 2933 presbyter
3577 2863 3688 2918 Bel-

2110 2950 2249 3006 lator
2278 2959 2403 3006 octo
2424 2951 2591 3007 libros
2614 2952 2668 3005 in
2699 2968 2764 3007 eo
2786 2968 2845 3008 se
2865 2951 3081 3019 fecisse,
3100 2961 3158 3008 ut
3183 2955 3428 3024 praedixi,
3454 2971 3687 3011 comme-

2109 3050 2305 3107 moret,
2338 3043 2452 3098 hmc
2498 3044 2763 3099 hactenus
2791 3044 2858 3100 ad
2881 3060 2981 3100 nos
3011 3060 3119 3099 non
3147 3057 3535 3116 pervenerunt.
3583 3048 3687 3121 Ego

2108 3141 2287 3186 autem
2310 3133 2413 3187 hoc
2432 3148 2568 3202 opus
2598 3149 2778 3189 meum
2814 3134 2987 3191 tribus
3024 3135 3218 3191 libellis
3244 3138 3538 3206 perstrinxi
3567 3156 3689 3209 qua-

2111 3229 2268 3277 tenus
2286 3221 2617 3292 aliquantam
2640 3222 3047 3294 intelligentiam
3092 3226 3146 3279 in
3187 3226 3465 3297 mysteriis
3504 3229 3690 3298 pranli-

417 3312 756 3370 solummodo
793 3316 1045 3384 possideo
1094 3332 1214 3386 qua;
1244 3318 1312 3372 ad
1345 3327 1658 3373 sanclorum
1706 3335 2005 3390 pauperum
2034 3318 2081 3377 Β
2110 3311 2181 3365 CII
2209 3310 2332 3366 libri
2363 3312 2520 3369 avido
2558 3312 2749 3369 lectori
2776 3315 2960 3369 darem
2986 3332 3001 3381 ;
3055 3328 3313 3372 cancrum
3362 3317 3687 3387 perfectiora

413 3401 620 3456 Christi
644 3403 1022 3459 necessitatem
1047 3406 1433 3462 sublevandam
1473 3408 1771 3477 pertinent,
1818 3419 2001 3465 tamen

418 3491 523 3547 hoc
543 3491 685 3563 quod
710 3508 778 3548 ex
799 3494 979 3550 divina
1000 3498 1172 3567 gratia
1196 3498 1436 3568 percepi,
1453 3500 1626 3556 sacris
1647 3500 1849 3557 divitiis
1871 3518 2009 3572 quas

423 3578 765 3637 abundanter
801 3582 968 3639 babes
995 3584 1051 3639 in
1081 3585 1342 3656 sapientia
1371 3595 1424 3641 et
1457 3589 1682 3644 scientia
1713 3590 1908 3646 divina:
1931 3592 2009 3647 le-

416 3671 501 3743 gis
528 3672 832 3728 voluntaria
860 3674 1187 3731 liberalitate
1212 3677 1480 3747 quoddam
1509 3682 1886 3738 munusculum
1916 3684 2009 3739 ad-

414 3762 651 3819 dendum
670 3765 896 3831 contuli,
922 3774 1117 3836 optans
1143 3768 1300 3824 valde
1323 3778 1382 3824 ut
1398 3771 1825 3843 quotiescunque
1847 3788 2006 3831 sacro

414 3859 730 3927 conspectui
762 3867 856 3915 tuo
894 3858 1023 3915 illud
1044 3869 1422 3931 praesentetur,
1460 3863 1566 3919 mei
1597 3865 1920 3933 recorderis,
1949 3874 2006 3922 et

415 3947 464 4002 si
494 3947 624 4018 quid
654 3949 902 4005 utilitatis
930 3950 982 4004 in
1011 3964 1078 4005 eo
1100 3950 1360 4021 reperias,
1395 3960 1504 4008 tam
1533 3961 1626 4008 tuo
1650 3970 1811 4024 quam
1839 3956 2004 4011 etiam

418 4047 638 4093 tuorum
666 4040 787 4095 usui
815 4047 1003 4111 aptare
1034 4041 1291 4112 digneris.
1321 4042 1418 4098 Est
1464 4044 1732 4114 siquidem
1783 4062 2000 4111 munus,

414 4128 485 4183 de
507 4143 617 4198 quo
640 4128 851 4199 loquor,
878 4147 1117 4200 praesens
1143 4132 1394 4188 volumen
1413 4135 1559 4204 quod
1584 4136 1636 4189 in
1666 4136 2006 4207 explanatio—

416 4233 543 4272 nem
580 4218 710 4274 libri
756 4219 1046 4290 Sapientiaa
1071 4222 1161 4291 qui
1192 4237 1222 4276 a
1245 4222 1519 4294 plerisque
1556 4224 1862 4282 Salomonis
1900 4243 2001 4282 no-

417 4307 568 4363 mine
595 4308 914 4365 inscribitur
937 4327 1111 4381 nuper
1158 4313 1325 4379 edidi,
1375 4329 1535 4384 quem
1578 4323 1761 4371 tamen
1812 4316 2005 4373 beatus

416 4398 781 4472 Hieronymus
810 4403 1005 4458 asserit
1041 4419 1150 4459 non
1180 4419 1212 4459 a
1240 4403 1549 4476 Salomone,
1574 4415 1633 4460 ut
1653 4422 1785 4464 usus
1817 4408 2000 4475 habet,

416 4491 515 4546 sed
538 4506 570 4544 a
598 4490 825 4548 Philone
850 4492 1182 4549 doctissimo
1210 4493 1395 4551 Judzeo
1417 4495 1585 4552 fuisse
1609 4498 1998 4568 conscriptum,

409 4596 573 4652 quem
621 4584 1091 4656 pseudographum
1146 4588 1491 4656 praenotavit,
1529 4596 1819 4659 propterea
1852 4590 2001 4659 quod

2111 3399 2525 3471 pcrfectioribus
2570 3418 2876 3460 reservans.
2909 3404 2991 3459 Tu
3051 3414 3252 3473 autem,
3288 3407 3692 3475 religiosissime

2109 3489 2312 3546 Christi
2342 3492 2589 3559 antistes,
2619 3500 2773 3549 utere
2800 3510 3024 3549 munere
3062 3511 3092 3549 a
3125 3495 3320 3550 devoto
3363 3497 3463 3551 tibi
3492 3497 3691 3552 famulo

2108 3580 2328 3647 collato,
2356 3590 2412 3636 et
2454 3583 2498 3637 si
2521 3584 2650 3653 quid
2672 3582 2727 3638 in
2754 3599 2820 3639 eo
2842 3593 3055 3656 gratum
3108 3587 3372 3655 reperias,
3404 3586 3503 3642 Dei
3556 3588 3691 3643 dono

2108 3672 2448 3727 solummodo
2472 3672 2717 3729 ascribas
2741 3690 2757 3740 ;
2788 3674 2834 3728 si
2864 3674 2997 3745 quid
3034 3685 3215 3731 autem
3244 3678 3691 3746 reprehensibile,

2106 3779 2241 3819 meae
2277 3764 2560 3835 imperitiae
2589 3774 2752 3835 atque
2780 3766 3093 3823 inﬁrmitati
3110 3769 3281 3840 magis
3325 3770 3430 3825 hoc
3460 3771 3687 3842 deputes

2107 3872 2272 3926 quam
2301 3856 2550 3924 malitize,
2580 3865 2637 3913 et
2664 3874 2773 3928 quo
2804 3858 2965 3914 modo
3007 3859 3404 3915 emendandum
3464 3861 3540 3922 sit
3566 3861 3689 3915 mihi

2105 3947 2427 4002 remandare
2453 3963 2562 4003 non
2592 3948 2805 4016 tardes;
2839 3948 3181 4005 orationibus
3208 3963 3425 4019 quoque
3448 3950 3594 4020 apud
3620 3949 3691 4004 di-

2104 4043 2285 4097 vinam
2338 4043 2596 4113 pietatem
2634 4059 2812 4100 meam
2851 4044 3277 4100 imbecillitatem
3330 4044 3605 4109 subleves,
3638 4053 3692 4099 ut

2105 4135 2361 4202 quoniam
2388 4133 2503 4205 jam
2536 4134 2686 4191 dedit
2712 4134 2852 4191 velle
2874 4144 2931 4191 et
2978 4134 3160 4206 aliquo
3216 4135 3378 4190 modo
3426 4136 3688 4205 incipere,

2103 4225 2219 4295 ipse
2248 4225 2409 4280 donet
2433 4225 2614 4281 omnia
2635 4226 2932 4282 secundum
2973 4226 3304 4281 voluntatem
3328 4240 3486 4279 suam
3509 4223 3632 4296 peri
3640 4227 3687 4277 i-

2100 4328 2243 4375 cere.
2265 4313 2376 4370 Nec
2402 4314 2507 4369 hoc
2546 4314 2832 4370 celandum
2863 4316 3104 4371 arbitror
3144 4322 3508 4370 reverentiam
3544 4325 3687 4368 tuam

2101 4406 2244 4479 quod
2272 4406 2420 4462 aliud
2437 4421 2573 4476 opus
2591 4405 2764 4463 habeo
2800 4407 2853 4461 in
2882 4407 3152 4471 manibus,
3181 4405 3283 4459 hoc
3305 4412 3409 4469 est,
3433 4404 3686 4474 cxplana~

2101 4496 2301 4552 tionem
2329 4494 2454 4553 libri
2506 4495 2897 4563 Ecclesiastici,
2937 4511 3098 4567 quem
3127 4493 3311 4550 Iesum
3358 4494 3454 4549 ﬁlii
3498 4492 3684 4549 Sirach

2101 4595 2436 4658 nuncupant,
2461 4595 2518 4642 et
2544 4584 2713 4641 multa
2730 4586 2970 4641 continet
2998 4583 3200 4640 Christi
3237 4592 3292 4640 et
3320 4583 3580 4638 Ecclesia:
3604 4599 3687 4637 sa-

413 4674 826 4744 usurpationem
872 4674 1109 4729 nominis
1154 4675 1257 4729 sibi
1286 4676 1522 4731 vindicet
1541 4676 1784 4733 alterius.
1835 4677 1999 4748 Cujus
2026 4665 2070 4727 C
2101 4686 2401 4733 cramenta.
2453 4677 2567 4733 Hoc
2611 4691 2827 4747 quoque
2864 4691 3011 4741 cum,
3042 4675 3269 4730 Domino
3330 4675 3570 4738 volente,
3620 4672 3684 4726 ad

411 4763 702 4820 voluminis
755 4765 1146 4835 expositionem
1185 4766 1471 4837 presbyter
1522 4766 1757 4824 Bellator
1784 4778 1908 4824 octo
1932 4770 1999 4825 li-

413 4853 531 4909 bris
556 4868 615 4909 se
666 4856 1026 4927 assumpsisse
1054 4863 1281 4911 testatus
1316 4864 1419 4911 est.
1449 4855 1526 4912 De
1558 4872 1666 4929 quo
1704 4866 1859 4930 pater
1884 4857 1998 4914 Au-

414 4946 663 5017 gustinus
692 4957 749 5003 et
787 4955 1008 5019 sanctus
1028 4947 1347 5004 Ambrosius
1393 4947 1737 5005 homiliarum
1778 4952 1998 5008 nomine

414 5034 671 5089 nonnulla
722 5036 993 5092 dixerunt.
1035 5036 1200 5108 Cujus
1251 5053 1466 5107 quoque
1518 5039 1645 5094 libri
1699 5040 1865 5097 dictio
1910 5051 1999 5099 cst

413 5127 740 5183 suavissima
773 5137 830 5184 et
858 5145 1047 5185 revera
1075 5130 1310 5185 nominis
1338 5130 1422 5185 sui
1447 5131 1710 5203 dignitate
1754 5132 1995 5202 resplen-

414 5218 570 5285 dens,
603 5226 767 5289 atque
790 5220 860 5275 ad
895 5220 1265 5276 instruendam
1311 5220 1606 5278 Ecclesium
1649 5222 1744 5277 Dei
1774 5223 1995 5279 utilissi—

412 5324 529 5377 ma,
554 5308 684 5367 licet
727 5326 889 5383 supra
937 5322 1267 5369 memoratus
1320 5312 1516 5369 divina:
1548 5314 1682 5386 legis
1725 5315 1995 5385 interpres

412 5400 776 5479 Hieronymus
834 5405 981 5463 dicat
1020 5407 1268 5479 eumdem
1307 5406 1505 5463 librum
1558 5408 1700 5478 apud
1739 5407 1996 5465 Hebraeos

2103 4767 2266 4825 tinem
2323 4769 2668 4839 perduxero,
2717 4769 2765 4824 si
2827 4783 3067 4838 praesens
3122 4783 3319 4822 munus
3367 4767 3604 4834 primum
3654 4781 3682 4818 ε

2101 4844 2192 4915 tua
2213 4861 2503 4915 sanctitate
2527 4867 2806 4931 gratanter
2825 4867 3103 4929 acceptum
3132 4856 3313 4923 fuerit,
3355 4872 3483 4911 mox
3526 4857 3684 4911 bene-

2099 4947 2218 5004 vola
2251 4956 2428 5004 mente
2450 4948 2547 5003 tibi
2576 4947 3075 5020 dirigereconabor.

2170 5038 2368 5095 Sancta
2389 5039 2532 5095 Deus
2547 5037 2785 5093 Trinitas
2808 5046 2863 5092 et
2881 5038 3108 5093 indivisa
3125 5036 3305 5091 unitas
3338 5033 3679 5091 dilectionem

2097 5137 2248 5183 tuam
2321 5129 2541 5185 ill-.esam
2610 5137 2667 5185 et
2740 5128 3223 5185 incontaminatam
3295 5126 3352 5181 in
3418 5136 3676 5180 aeternum

2096 5236 2422 5276 conservare
2486 5220 2740 5292 dignetur
2764 5259 2781 5288 ,
2844 5228 3030 5276 sancte
3086 5217 3284 5284 Pater,
3337 5231 3554 5272 memor
3600 5214 3676 5271 sis

2097 5315 2294 5372 nostri.

1721 5671 2368 5709 —-—-GOO.-—-—'
