  <div class='ocr_page' id='page_1' title='image "/cluster/home/n/w/nwhite01/storage/ocr_20150623/109/hvd.32044054759741/342.png"; bbox 0 0 3928 6176; ppageno 0'>
   <div class='ocr_carea' id='block_1_1' title="bbox 1069 195 2636 259">
    <p class='ocr_par' dir='ltr' id='par_1_1' title="bbox 1069 195 2636 259">
     <span class='ocr_line' id='line_1_1' title="bbox 1069 195 2636 259; baseline -0.006 0"><span class='ocrx_word' id='word_1_1' title='bbox 1069 198 1423 259; x_wconf 72' lang='lat' dir='ltr'><strong>COMMENT.</strong></span> <span class='ocrx_word' id='word_1_2' title='bbox 1464 200 1533 256; x_wconf 83' lang='lat' dir='ltr'><strong>IN</strong></span> <span class='ocrx_word' id='word_1_3' title='bbox 1571 199 1832 256; x_wconf 77' lang='lat' dir='ltr'><strong>LIBRUM</strong></span> <span class='ocrx_word' id='word_1_4' title='bbox 1873 197 2278 256; x_wconf 63' lang='lat' dir='ltr'><strong>SAPIENTIIE.</strong></span> <span class='ocrx_word' id='word_1_5' title='bbox 2314 229 2389 242; x_wconf 95' lang='lat'><strong><em>—</em></strong></span> <span class='ocrx_word' id='word_1_6' title='bbox 2424 196 2553 253; x_wconf 85' lang='lat' dir='ltr'><strong>LIB.</strong></span> <span class='ocrx_word' id='word_1_7' title='bbox 2594 195 2636 251; x_wconf 89' lang='lat' dir='ltr'><strong>l.</strong></span> 
     </span>
    </p>
   </div>
   <div class='ocr_carea' id='block_1_2' title="bbox 205 351 3473 379">
    <p class='ocr_par' dir='ltr' id='par_1_2' title="bbox 205 351 3473 379">
     <span class='ocr_line' id='line_1_2' title="bbox 205 351 3473 379; baseline 0.001 -6"><span class='ocrx_word' id='word_1_8' title='bbox 205 351 3473 379; x_wconf 35' lang='grc' dir='ltr'><em>Μ</em></span> 
     </span>
    </p>
   </div>
   <div class='ocr_carea' id='block_1_3' title="bbox 1413 487 2283 623">
    <p class='ocr_par' dir='ltr' id='par_1_3' title="bbox 1413 487 2283 623">
     <span class='ocr_line' id='line_1_3' title="bbox 1413 487 2283 623; baseline -0.005 -40"><span class='ocrx_word' id='word_1_9' title='bbox 1413 506 1712 583; x_wconf 80' lang='lat' dir='ltr'><strong>LIBER</strong></span> <span class='ocrx_word' id='word_1_10' title='bbox 1812 487 2228 581; x_wconf 78' lang='lat' dir='ltr'><strong>PRIMUS.</strong></span> <span class='ocrx_word' id='word_1_11' title='bbox 2266 548 2283 623; x_wconf 22' lang='lat'><em>4</em></span> 
     </span>
    </p>
   </div>
   <div class='ocr_carea' id='block_1_4' title="bbox 1757 682 1952 694">
    <p class='ocr_par' dir='ltr' id='par_1_4' title="bbox 1757 682 1952 694">
     <span class='ocr_line' id='line_1_4' title="bbox 1757 682 1952 694; baseline 0.005 -2"><span class='ocrx_word' id='word_1_12' title='bbox 1757 682 1952 694; x_wconf 77' lang='lat'><strong>——-—_</strong></span> 
     </span>
    </p>
   </div>
   <div class='ocr_carea' id='block_1_5' title="bbox 740 775 1282 833">
    <p class='ocr_par' dir='ltr' id='par_1_5' title="bbox 740 775 1282 833">
     <span class='ocr_line' id='line_1_5' title="bbox 740 775 1282 833; baseline -0.002 -1"><span class='ocrx_word' id='word_1_13' title='bbox 740 775 967 832; x_wconf 85' lang='lat' dir='ltr'><strong>CAPUT</strong></span> <span class='ocrx_word' id='word_1_14' title='bbox 995 776 1282 833; x_wconf 81' lang='lat' dir='ltr'><strong>PRIMUM.</strong></span> 
     </span>
    </p>
   </div>
   <div class='ocr_carea' id='block_1_6' title="bbox 209 888 1799 970">
    <p class='ocr_par' dir='ltr' id='par_1_6' title="bbox 209 888 1799 970">
     <span class='ocr_line' id='line_1_6' title="bbox 209 888 1799 970; baseline 0 -27"><span class='ocrx_word' id='word_1_15' title='bbox 209 889 686 970; x_wconf 73' lang='lat' dir='ltr'><strong>Sapientia,__qu(r</strong></span> <span class='ocrx_word' id='word_1_16' title='bbox 717 888 985 970; x_wconf 47' lang='lat' dir='ltr'><strong>.Cltristus</strong></span> <span class='ocrx_word' id='word_1_17' title='bbox 1018 899 1118 970; x_wconf 57' lang='lat' dir='ltr'><strong>est,</strong></span> <span class='ocrx_word' id='word_1_18' title='bbox 1159 888 1393 970; x_wconf 73' lang='lat' dir='ltr'><strong>prmcipit</strong></span> <span class='ocrx_word' id='word_1_19' title='bbox 1419 890 1799 970; x_wconf 78' lang='lat' dir='ltr'><strong>habitatoribus</strong></span> 
     </span>
    </p>
   </div>
   <div class='ocr_carea' id='block_1_7' title="bbox 285 959 1798 1030">
    <p class='ocr_par' dir='ltr' id='par_1_7' title="bbox 285 959 1798 1030">
     <span class='ocr_line' id='line_1_7' title="bbox 285 959 1798 1030; baseline 0.001 -19"><span class='ocrx_word' id='word_1_20' title='bbox 285 970 442 1013; x_wconf 70' lang='lat' dir='ltr'><strong>terrae</strong></span> <span class='ocrx_word' id='word_1_21' title='bbox 465 959 683 1029; x_wconf 78' lang='lat' dir='ltr'><strong>diligere</strong></span> <span class='ocrx_word' id='word_1_22' title='bbox 697 959 984 1028; x_wconf 75' lang='lat' dir='ltr'><strong>justitiam,</strong></span> <span class='ocrx_word' id='word_1_23' title='bbox 1010 959 1257 1030; x_wconf 83' lang='lat' dir='ltr'><strong>intimans</strong></span> <span class='ocrx_word' id='word_1_24' title='bbox 1282 959 1356 1013; x_wconf 87' lang='lat' dir='ltr'><strong>eis</strong></span> <span class='ocrx_word' id='word_1_25' title='bbox 1380 961 1518 1030; x_wconf 87' lang='lat' dir='ltr'><strong>quod</strong></span> <span class='ocrx_word' id='word_1_26' title='bbox 1546 976 1798 1030; x_wconf 71' lang='lat' dir='ltr'><strong>perversa?</strong></span> 
     </span>
    </p>
   </div>
   <div class='ocr_carea' id='block_1_8' title="bbox 282 1029 1801 1099">
    <p class='ocr_par' dir='ltr' id='par_1_8' title="bbox 282 1029 1801 1099">
     <span class='ocr_line' id='line_1_8' title="bbox 282 1029 1801 1099; baseline 0 -17"><span class='ocrx_word' id='word_1_27' title='bbox 282 1031 627 1099; x_wconf 73' lang='lat' dir='ltr'><strong>cogitationes</strong></span> <span class='ocrx_word' id='word_1_28' title='bbox 681 1039 924 1097; x_wconf 86' lang='lat' dir='ltr'><strong>separant</strong></span> <span class='ocrx_word' id='word_1_29' title='bbox 972 1046 1008 1099; x_wconf 86' lang='lat' dir='ltr'><strong>a</strong></span> <span class='ocrx_word' id='word_1_30' title='bbox 1048 1029 1176 1089; x_wconf 87' lang='lat' dir='ltr'><strong>Deo,</strong></span> <span class='ocrx_word' id='word_1_31' title='bbox 1223 1040 1271 1083; x_wconf 91' lang='lat' dir='ltr'><strong>et</strong></span> <span class='ocrx_word' id='word_1_32' title='bbox 1318 1029 1542 1099; x_wconf 86' lang='lat' dir='ltr'><strong>quodin</strong></span> <span class='ocrx_word' id='word_1_33' title='bbox 1574 1029 1801 1084; x_wconf 77' lang='lat' dir='ltr'><strong>malevo-</strong></span> 
     </span>
    </p>
   </div>
   <div class='ocr_carea' id='block_1_9' title="bbox 283 1098 1403 1169">
    <p class='ocr_par' dir='ltr' id='par_1_9' title="bbox 283 1098 1403 1169">
     <span class='ocr_line' id='line_1_9' title="bbox 283 1098 1403 1169; baseline 0 -18"><span class='ocrx_word' id='word_1_34' title='bbox 283 1098 392 1152; x_wconf 83' lang='lat' dir='ltr'><strong>lant</strong></span> <span class='ocrx_word' id='word_1_35' title='bbox 424 1100 656 1154; x_wconf 88' lang='lat' dir='ltr'><strong>animam</strong></span> <span class='ocrx_word' id='word_1_36' title='bbox 704 1115 807 1151; x_wconf 88' lang='lat' dir='ltr'><strong>non</strong></span> <span class='ocrx_word' id='word_1_37' title='bbox 829 1098 1061 1152; x_wconf 88' lang='lat' dir='ltr'><strong>introibit</strong></span> <span class='ocrx_word' id='word_1_38' title='bbox 1091 1098 1370 1169; x_wconf 87' lang='lat' dir='ltr'><strong>sapientia.</strong></span> <span class='ocrx_word' id='word_1_39' title='bbox 1389 1134 1403 1151; x_wconf 81' lang='lat'><strong>.</strong></span> 
     </span>
    </p>
   </div>
   <div class='ocr_carea' id='block_1_10' title="bbox 284 1227 1793 1300">
    <p class='ocr_par' dir='ltr' id='par_1_10' title="bbox 284 1227 1793 1300">
     <span class='ocr_line' id='line_1_10' title="bbox 284 1227 1793 1300; baseline 0.001 -17"><span class='ocrx_word' id='word_1_40' title='bbox 284 1229 420 1299; x_wconf 61' lang='lat' dir='ltr'><strong>(Car</strong></span> <span class='ocrx_word' id='word_1_41' title='bbox 451 1227 514 1296; x_wconf 89' lang='grc' dir='ltr'><strong>ι.)</strong></span> <span class='ocrx_word' id='word_1_42' title='bbox 568 1227 783 1298; x_wconf 81' lang='lat' dir='ltr'><strong>Diligite</strong></span> <span class='ocrx_word' id='word_1_43' title='bbox 815 1229 1106 1297; x_wconf 86' lang='lat' dir='ltr'><strong>justitiam,</strong></span> <span class='ocrx_word' id='word_1_44' title='bbox 1156 1229 1246 1300; x_wconf 87' lang='lat' dir='ltr'><strong>qui</strong></span> <span class='ocrx_word' id='word_1_45' title='bbox 1273 1229 1532 1299; x_wconf 85' lang='lat' dir='ltr'><strong>judicatis</strong></span> <span class='ocrx_word' id='word_1_46' title='bbox 1579 1241 1793 1285; x_wconf 88' lang='lat' dir='ltr'><strong>terram.</strong></span> 
     </span>
    </p>
   </div>
   <div class='ocr_carea' id='block_1_11' title="bbox 202 1318 1795 1391">
    <p class='ocr_par' dir='ltr' id='par_1_11' title="bbox 202 1318 1795 1391">
     <span class='ocr_line' id='line_1_11' title="bbox 202 1318 1795 1391; baseline 0.001 -16"><span class='ocrx_word' id='word_1_47' title='bbox 202 1320 488 1375; x_wconf 78' lang='lat' dir='ltr'><strong>Admonet</strong></span> <span class='ocrx_word' id='word_1_48' title='bbox 540 1318 803 1389; x_wconf 89' lang='lat' dir='ltr'><strong>sapientia</strong></span> <span class='ocrx_word' id='word_1_49' title='bbox 852 1318 1032 1373; x_wconf 83' lang='lat' dir='ltr'><strong>divina</strong></span> <span class='ocrx_word' id='word_1_50' title='bbox 1088 1322 1405 1390; x_wconf 70' lang='lat' dir='ltr'><strong>prtepositos</strong></span> <span class='ocrx_word' id='word_1_51' title='bbox 1457 1321 1639 1391; x_wconf 81' lang='lat' dir='ltr'><strong>populi</strong></span> <span class='ocrx_word' id='word_1_52' title='bbox 1682 1322 1795 1386; x_wconf 87' lang='lat' dir='ltr'><strong>Dei,</strong></span> 
     </span>
    </p>
   </div>
   <div class='ocr_carea' id='block_1_12' title="bbox 205 1408 1799 1482">
    <p class='ocr_par' dir='ltr' id='par_1_12' title="bbox 205 1408 1799 1482">
     <span class='ocr_line' id='line_1_12' title="bbox 205 1408 1799 1482; baseline 0.001 -17"><span class='ocrx_word' id='word_1_53' title='bbox 205 1412 417 1482; x_wconf 80' lang='lat' dir='ltr'><strong>quibus</strong></span> <span class='ocrx_word' id='word_1_54' title='bbox 437 1408 717 1479; x_wconf 70' lang='lat' dir='ltr'><strong>iudicandi</strong></span> <span class='ocrx_word' id='word_1_55' title='bbox 757 1409 883 1463; x_wconf 85' lang='lat' dir='ltr'><strong>data</strong></span> <span class='ocrx_word' id='word_1_56' title='bbox 920 1417 1005 1463; x_wconf 88' lang='lat' dir='ltr'><strong>est</strong></span> <span class='ocrx_word' id='word_1_57' title='bbox 1026 1419 1289 1478; x_wconf 78' lang='lat' dir='ltr'><strong>potestas,</strong></span> <span class='ocrx_word' id='word_1_58' title='bbox 1338 1419 1397 1465; x_wconf 88' lang='lat' dir='ltr'><strong>ut</strong></span> <span class='ocrx_word' id='word_1_59' title='bbox 1421 1411 1689 1482; x_wconf 77' lang='lat' dir='ltr'><strong>justitiam</strong></span> <span class='ocrx_word' id='word_1_60' title='bbox 1713 1413 1799 1466; x_wconf 84' lang='lat' dir='ltr'><strong>di-</strong></span> 
     </span>
    </p>
   </div>
   <div class='ocr_carea' id='block_1_13' title="bbox 206 1500 1802 1575">
    <p class='ocr_par' dir='ltr' id='par_1_13' title="bbox 206 1500 1802 1575">
     <span class='ocr_line' id='line_1_13' title="bbox 206 1500 1802 1575; baseline 0.001 -17"><span class='ocrx_word' id='word_1_61' title='bbox 206 1502 404 1575; x_wconf 77' lang='lat' dir='ltr'><strong>ligant,</strong></span> <span class='ocrx_word' id='word_1_62' title='bbox 465 1510 522 1557; x_wconf 90' lang='lat' dir='ltr'><strong>et</strong></span> <span class='ocrx_word' id='word_1_63' title='bbox 572 1500 881 1569; x_wconf 62' lang='lat' dir='ltr'><strong>(equitatem</strong></span> <span class='ocrx_word' id='word_1_64' title='bbox 920 1500 974 1554; x_wconf 88' lang='lat' dir='ltr'><strong>in</strong></span> <span class='ocrx_word' id='word_1_65' title='bbox 1005 1501 1210 1570; x_wconf 85' lang='lat' dir='ltr'><strong>judicio</strong></span> <span class='ocrx_word' id='word_1_66' title='bbox 1256 1513 1607 1565; x_wconf 76' lang='lat' dir='ltr'><strong>conservent.</strong></span> <span class='ocrx_word' id='word_1_67' title='bbox 1652 1503 1802 1560; x_wconf 82' lang='lat' dir='ltr'><strong>Alias</strong></span> 
     </span>
    </p>
   </div>
   <div class='ocr_carea' id='block_1_14' title="bbox 206 1591 1802 1665">
    <p class='ocr_par' dir='ltr' id='par_1_14' title="bbox 206 1591 1802 1665">
     <span class='ocr_line' id='line_1_14' title="bbox 206 1591 1802 1665; baseline 0.001 -16"><span class='ocrx_word' id='word_1_68' title='bbox 206 1603 396 1665; x_wconf 81' lang='lat' dir='ltr'><strong>potest</strong></span> <span class='ocrx_word' id='word_1_69' title='bbox 418 1594 535 1648; x_wconf 61' lang='lat' dir='ltr'><strong>haec</strong></span> <span class='ocrx_word' id='word_1_70' title='bbox 557 1591 824 1647; x_wconf 88' lang='lat' dir='ltr'><strong>sententia</strong></span> <span class='ocrx_word' id='word_1_71' title='bbox 849 1592 917 1645; x_wconf 87' lang='lat' dir='ltr'><strong>ad</strong></span> <span class='ocrx_word' id='word_1_72' title='bbox 958 1606 1146 1646; x_wconf 87' lang='lat' dir='ltr'><strong>omnes</strong></span> <span class='ocrx_word' id='word_1_73' title='bbox 1168 1592 1488 1663; x_wconf 78' lang='lat' dir='ltr'><strong>generaliter</strong></span> <span class='ocrx_word' id='word_1_74' title='bbox 1530 1595 1802 1663; x_wconf 82' lang='lat' dir='ltr'><strong>pertinere</strong></span> 
     </span>
    </p>
   </div>
   <div class='ocr_carea' id='block_1_15' title="bbox 210 1683 1802 1756">
    <p class='ocr_par' dir='ltr' id='par_1_15' title="bbox 210 1683 1802 1756">
     <span class='ocr_line' id='line_1_15' title="bbox 210 1683 1802 1756; baseline 0.001 -15"><span class='ocrx_word' id='word_1_75' title='bbox 210 1687 305 1756; x_wconf 89' lang='lat' dir='ltr'><strong>qui</strong></span> <span class='ocrx_word' id='word_1_76' title='bbox 351 1686 566 1740; x_wconf 79' lang='lat' dir='ltr'><strong>ratione</strong></span> <span class='ocrx_word' id='word_1_77' title='bbox 604 1684 788 1753; x_wconf 79' lang='lat' dir='ltr'><strong>vigent</strong></span> <span class='ocrx_word' id='word_1_78' title='bbox 815 1693 870 1738; x_wconf 91' lang='lat' dir='ltr'><strong>ct</strong></span> <span class='ocrx_word' id='word_1_79' title='bbox 914 1683 1304 1754; x_wconf 81' lang='lat' dir='ltr'><strong>intelligibilem</strong></span> <span class='ocrx_word' id='word_1_80' title='bbox 1338 1695 1572 1740; x_wconf 85' lang='lat' dir='ltr'><strong>mentem</strong></span> <span class='ocrx_word' id='word_1_81' title='bbox 1603 1687 1802 1742; x_wconf 88' lang='lat' dir='ltr'><strong>habent</strong></span> 
     </span>
    </p>
   </div>
   <div class='ocr_carea' id='block_1_16' title="bbox 210 1775 1801 1845">
    <p class='ocr_par' dir='ltr' id='par_1_16' title="bbox 210 1775 1801 1845">
     <span class='ocr_line' id='line_1_16' title="bbox 210 1775 1801 1845; baseline -0.001 -11"><span class='ocrx_word' id='word_1_82' title='bbox 210 1788 272 1834; x_wconf 84' lang='lat' dir='ltr'><strong>nt</strong></span> <span class='ocrx_word' id='word_1_83' title='bbox 294 1786 524 1841; x_wconf 87' lang='lat' dir='ltr'><strong>terram,</strong></span> <span class='ocrx_word' id='word_1_84' title='bbox 567 1778 669 1832; x_wconf 89' lang='lat' dir='ltr'><strong>hoc</strong></span> <span class='ocrx_word' id='word_1_85' title='bbox 718 1786 824 1839; x_wconf 89' lang='lat' dir='ltr'><strong>est,</strong></span> <span class='ocrx_word' id='word_1_86' title='bbox 858 1791 1079 1831; x_wconf 88' lang='lat' dir='ltr'><strong>carnem</strong></span> <span class='ocrx_word' id='word_1_87' title='bbox 1126 1792 1279 1831; x_wconf 84' lang='lat' dir='ltr'><strong>suam</strong></span> <span class='ocrx_word' id='word_1_88' title='bbox 1300 1775 1611 1845; x_wconf 74' lang='lat' dir='ltr'><strong>iudicantes</strong></span> <span class='ocrx_word' id='word_1_89' title='bbox 1636 1775 1801 1845; x_wconf 86' lang='lat' dir='ltr'><strong>justi-</strong></span> 
     </span>
    </p>
   </div>
   <div class='ocr_carea' id='block_1_17' title="bbox 214 1867 1799 1940">
    <p class='ocr_par' dir='ltr' id='par_1_17' title="bbox 214 1867 1799 1940">
     <span class='ocr_line' id='line_1_17' title="bbox 214 1867 1799 1940; baseline 0.001 -16"><span class='ocrx_word' id='word_1_90' title='bbox 214 1871 349 1924; x_wconf 86' lang='lat' dir='ltr'><strong>tiam</strong></span> <span class='ocrx_word' id='word_1_91' title='bbox 383 1868 627 1940; x_wconf 75' lang='lat' dir='ltr'><strong>diligant,</strong></span> <span class='ocrx_word' id='word_1_92' title='bbox 666 1869 871 1923; x_wconf 89' lang='lat' dir='ltr'><strong>scilicet</strong></span> <span class='ocrx_word' id='word_1_93' title='bbox 910 1877 970 1922; x_wconf 90' lang='lat' dir='ltr'><strong>ut</strong></span> <span class='ocrx_word' id='word_1_94' title='bbox 1006 1883 1111 1922; x_wconf 91' lang='lat' dir='ltr'><strong>non</strong></span> <span class='ocrx_word' id='word_1_95' title='bbox 1154 1867 1358 1923; x_wconf 80' lang='lat' dir='ltr'><strong>iaciant</strong></span> <span class='ocrx_word' id='word_1_96' title='bbox 1405 1871 1586 1925; x_wconf 87' lang='lat' dir='ltr'><strong>carnis</strong></span> <span class='ocrx_word' id='word_1_97' title='bbox 1616 1885 1799 1925; x_wconf 89' lang='lat' dir='ltr'><strong>curam</strong></span> 
     </span>
    </p>
   </div>
   <div class='ocr_carea' id='block_1_18' title="bbox 214 1958 1801 2032">
    <p class='ocr_par' dir='ltr' id='par_1_18' title="bbox 214 1958 1801 2032">
     <span class='ocr_line' id='line_1_18' title="bbox 214 1958 1801 2032; baseline 0.001 -19"><span class='ocrx_word' id='word_1_98' title='bbox 214 1960 270 2013; x_wconf 90' lang='lat' dir='ltr'><strong>in</strong></span> <span class='ocrx_word' id='word_1_99' title='bbox 293 1960 770 2029; x_wconf 86' lang='lat' dir='ltr'><strong>concupiscentiis,</strong></span> <span class='ocrx_word' id='word_1_100' title='bbox 802 1958 895 2014; x_wconf 91' lang='lat' dir='ltr'><strong>sed</strong></span> <span class='ocrx_word' id='word_1_101' title='bbox 936 1959 1161 2028; x_wconf 83' lang='lat' dir='ltr'><strong>spiritus</strong></span> <span class='ocrx_word' id='word_1_102' title='bbox 1184 1959 1412 2030; x_wconf 86' lang='lat' dir='ltr'><strong>imperio</strong></span> <span class='ocrx_word' id='word_1_103' title='bbox 1452 1960 1596 2015; x_wconf 83' lang='lat' dir='ltr'><strong>illam</strong></span> <span class='ocrx_word' id='word_1_104' title='bbox 1632 1961 1801 2032; x_wconf 86' lang='lat' dir='ltr'><strong>subji—</strong></span> 
     </span>
    </p>
   </div>
   <div class='ocr_carea' id='block_1_19' title="bbox 216 2050 1801 2122">
    <p class='ocr_par' dir='ltr' id='par_1_19' title="bbox 216 2050 1801 2122">
     <span class='ocr_line' id='line_1_19' title="bbox 216 2050 1801 2122; baseline 0.003 -17"><span class='ocrx_word' id='word_1_105' title='bbox 216 2050 454 2115; x_wconf 87' lang='lat' dir='ltr'><strong>cientes,</strong></span> <span class='ocrx_word' id='word_1_106' title='bbox 487 2051 778 2105; x_wconf 79' lang='lat' dir='ltr'><strong>virtutibus</strong></span> <span class='ocrx_word' id='word_1_107' title='bbox 807 2050 1002 2122; x_wconf 85' lang='lat' dir='ltr'><strong>quibus</strong></span> <span class='ocrx_word' id='word_1_108' title='bbox 1056 2052 1236 2106; x_wconf 89' lang='lat' dir='ltr'><strong>anima</strong></span> <span class='ocrx_word' id='word_1_109' title='bbox 1285 2053 1522 2108; x_wconf 85' lang='lat' dir='ltr'><strong>nutritur</strong></span> <span class='ocrx_word' id='word_1_110' title='bbox 1566 2055 1801 2110; x_wconf 80' lang='lat' dir='ltr'><strong>maxime</strong></span> 
     </span>
    </p>
   </div>
   <div class='ocr_carea' id='block_1_20' title="bbox 214 2140 1803 2210">
    <p class='ocr_par' dir='ltr' id='par_1_20' title="bbox 214 2140 1803 2210">
     <span class='ocr_line' id='line_1_20' title="bbox 214 2140 1803 2210; baseline 0.003 -15"><span class='ocrx_word' id='word_1_111' title='bbox 214 2156 444 2210; x_wconf 86' lang='lat' dir='ltr'><strong>operam</strong></span> <span class='ocrx_word' id='word_1_112' title='bbox 480 2140 832 2210; x_wconf 84' lang='lat' dir='ltr'><strong>impendant;</strong></span> <span class='ocrx_word' id='word_1_113' title='bbox 865 2140 1061 2196; x_wconf 88' lang='lat' dir='ltr'><strong>deinde</strong></span> <span class='ocrx_word' id='word_1_114' title='bbox 1110 2141 1323 2210; x_wconf 85' lang='lat' dir='ltr'><strong>corpori</strong></span> <span class='ocrx_word' id='word_1_115' title='bbox 1373 2158 1471 2198; x_wconf 90' lang='lat' dir='ltr'><strong>suo</strong></span> <span class='ocrx_word' id='word_1_116' title='bbox 1508 2144 1803 2199; x_wconf 89' lang='lat' dir='ltr'><strong>secundum</strong></span> 
     </span>
    </p>
   </div>
   <div class='ocr_carea' id='block_1_21' title="bbox 216 2230 1807 2301">
    <p class='ocr_par' dir='ltr' id='par_1_21' title="bbox 216 2230 1807 2301">
     <span class='ocr_line' id='line_1_21' title="bbox 216 2230 1807 2301; baseline 0.004 -17"><span class='ocrx_word' id='word_1_117' title='bbox 216 2230 626 2296; x_wconf 86' lang='lat' dir='ltr'><strong>necessitatem,</strong></span> <span class='ocrx_word' id='word_1_118' title='bbox 670 2239 726 2286; x_wconf 88' lang='lat' dir='ltr'><strong>et</strong></span> <span class='ocrx_word' id='word_1_119' title='bbox 751 2246 859 2285; x_wconf 88' lang='lat' dir='ltr'><strong>non</strong></span> <span class='ocrx_word' id='word_1_120' title='bbox 897 2232 1193 2286; x_wconf 88' lang='lat' dir='ltr'><strong>secundum</strong></span> <span class='ocrx_word' id='word_1_121' title='bbox 1216 2232 1564 2301; x_wconf 87' lang='lat' dir='ltr'><strong>voluptatem,</strong></span> <span class='ocrx_word' id='word_1_122' title='bbox 1613 2250 1807 2290; x_wconf 86' lang='lat' dir='ltr'><strong>consu—</strong></span> 
     </span>
    </p>
   </div>
   <div class='ocr_carea' id='block_1_22' title="bbox 219 2320 1802 2396">
    <p class='ocr_par' dir='ltr' id='par_1_22' title="bbox 219 2320 1802 2396">
     <span class='ocr_line' id='line_1_22' title="bbox 219 2320 1802 2396; baseline 0.004 -22"><span class='ocrx_word' id='word_1_123' title='bbox 219 2321 353 2387; x_wconf 85' lang='lat' dir='ltr'><strong>lant,</strong></span> <span class='ocrx_word' id='word_1_124' title='bbox 407 2320 710 2376; x_wconf 84' lang='lat' dir='ltr'><strong>recolentes</strong></span> <span class='ocrx_word' id='word_1_125' title='bbox 759 2335 973 2391; x_wconf 85' lang='lat' dir='ltr'><strong>semper</strong></span> <span class='ocrx_word' id='word_1_126' title='bbox 1046 2321 1195 2379; x_wconf 90' lang='lat' dir='ltr'><strong>illam</strong></span> <span class='ocrx_word' id='word_1_127' title='bbox 1245 2324 1568 2379; x_wconf 88' lang='lat' dir='ltr'><strong>sententiam</strong></span> <span class='ocrx_word' id='word_1_128' title='bbox 1621 2324 1802 2396; x_wconf 86' lang='lat' dir='ltr'><strong>legis:</strong></span> 
     </span>
    </p>
   </div>
   <div class='ocr_carea' id='block_1_23' title="bbox 220 2411 1806 2481">
    <p class='ocr_par' dir='ltr' id='par_1_23' title="bbox 220 2411 1806 2481">
     <span class='ocr_line' id='line_1_23' title="bbox 220 2411 1806 2481; baseline 0.001 -15"><span class='ocrx_word' id='word_1_129' title='bbox 220 2411 359 2478; x_wconf 87' lang='lat' dir='ltr'><strong>Quia</strong></span> <span class='ocrx_word' id='word_1_130' title='bbox 381 2427 491 2466; x_wconf 90' lang='lat' dir='ltr'><strong>non</strong></span> <span class='ocrx_word' id='word_1_131' title='bbox 538 2412 592 2465; x_wconf 90' lang='lat' dir='ltr'><strong>in</strong></span> <span class='ocrx_word' id='word_1_132' title='bbox 623 2411 734 2465; x_wconf 92' lang='lat' dir='ltr'><strong>solo</strong></span> <span class='ocrx_word' id='word_1_133' title='bbox 755 2427 887 2481; x_wconf 89' lang='lat' dir='ltr'><strong>pane</strong></span> <span class='ocrx_word' id='word_1_134' title='bbox 912 2411 1031 2465; x_wconf 78' lang='lat' dir='ltr'><strong><em>vivit</em></strong></span> <span class='ocrx_word' id='word_1_135' title='bbox 1065 2412 1243 2477; x_wconf 82' lang='lat' dir='ltr'><strong>homo,</strong></span> <span class='ocrx_word' id='word_1_136' title='bbox 1288 2413 1378 2467; x_wconf 89' lang='lat' dir='ltr'><strong>sed</strong></span> <span class='ocrx_word' id='word_1_137' title='bbox 1401 2412 1456 2466; x_wconf 91' lang='lat' dir='ltr'><strong>in</strong></span> <span class='ocrx_word' id='word_1_138' title='bbox 1483 2414 1625 2467; x_wconf 91' lang='lat' dir='ltr'><strong>omni</strong></span> <span class='ocrx_word' id='word_1_139' title='bbox 1656 2414 1806 2468; x_wconf 86' lang='lat' dir='ltr'><strong>verba</strong></span> 
     </span>
    </p>
   </div>
   <div class='ocr_carea' id='block_1_24' title="bbox 217 2501 1808 2577">
    <p class='ocr_par' dir='ltr' id='par_1_24' title="bbox 217 2501 1808 2577">
     <span class='ocr_line' id='line_1_24' title="bbox 217 2501 1808 2577; baseline 0.002 -23"><span class='ocrx_word' id='word_1_140' title='bbox 217 2502 355 2577; x_wconf 86' lang='lat' dir='ltr'><strong>quod</strong></span> <span class='ocrx_word' id='word_1_141' title='bbox 396 2501 633 2572; x_wconf 85' lang='lat' dir='ltr'><strong>procedit</strong></span> <span class='ocrx_word' id='word_1_142' title='bbox 654 2501 718 2555; x_wconf 89' lang='lat' dir='ltr'><strong>ab</strong></span> <span class='ocrx_word' id='word_1_143' title='bbox 777 2518 866 2556; x_wconf 89' lang='lat' dir='ltr'><strong>ore</strong></span> <span class='ocrx_word' id='word_1_144' title='bbox 893 2501 992 2557; x_wconf 96' lang='lat' dir='ltr'><strong>Dei</strong></span> <span class='ocrx_word' id='word_1_145' title='bbox 1057 2502 1211 2574; x_wconf 88' lang='lat' dir='ltr'><strong>(Luc.</strong></span> <span class='ocrx_word' id='word_1_146' title='bbox 1257 2502 1353 2573; x_wconf 85' lang='lat' dir='ltr'><strong>tv).</strong></span> <span class='ocrx_word' id='word_1_147' title='bbox 1384 2503 1453 2558; x_wconf 85' lang='lat' dir='ltr'><strong>Et</strong></span> <span class='ocrx_word' id='word_1_148' title='bbox 1492 2503 1621 2559; x_wconf 89' lang='lat' dir='ltr'><strong>illud</strong></span> <span class='ocrx_word' id='word_1_149' title='bbox 1643 2518 1808 2558; x_wconf 85' lang='lat' dir='ltr'><strong>evan-</strong></span> 
     </span>
    </p>
   </div>
   <div class='ocr_carea' id='block_1_25' title="bbox 218 2594 1809 2665">
    <p class='ocr_par' dir='ltr' id='par_1_25' title="bbox 218 2594 1809 2665">
     <span class='ocr_line' id='line_1_25' title="bbox 218 2594 1809 2665; baseline 0.003 -19"><span class='ocrx_word' id='word_1_150' title='bbox 218 2594 454 2665; x_wconf 84' lang='lat' dir='ltr'><strong>gelicum</strong></span> <span class='ocrx_word' id='word_1_151' title='bbox 485 2594 847 2649; x_wconf 74' lang='lat' dir='ltr'><strong>tesﬁmonium</strong></span> <span class='ocrx_word' id='word_1_152' title='bbox 892 2609 1001 2664; x_wconf 89' lang='lat' dir='ltr'><strong>quo</strong></span> <span class='ocrx_word' id='word_1_153' title='bbox 1023 2594 1273 2649; x_wconf 82' lang='lat' dir='ltr'><strong>Salvator</strong></span> <span class='ocrx_word' id='word_1_154' title='bbox 1313 2595 1605 2665; x_wconf 88' lang='lat' dir='ltr'><strong>discipulos</strong></span> <span class='ocrx_word' id='word_1_155' title='bbox 1625 2595 1809 2650; x_wconf 87' lang='lat' dir='ltr'><strong>docuit</strong></span> 
     </span>
    </p>
   </div>
   <div class='ocr_carea' id='block_1_26' title="bbox 219 2684 1810 2756">
    <p class='ocr_par' dir='ltr' id='par_1_26' title="bbox 219 2684 1810 2756">
     <span class='ocr_line' id='line_1_26' title="bbox 219 2684 1810 2756; baseline -0.001 -15"><span class='ocrx_word' id='word_1_156' title='bbox 219 2688 410 2741; x_wconf 74' lang='lat' dir='ltr'><strong>dicens</strong></span> <span class='ocrx_word' id='word_1_157' title='bbox 436 2703 449 2737; x_wconf 90' lang='lat'>:</span> <span class='ocrx_word' id='word_1_158' title='bbox 475 2685 656 2740; x_wconf 82' lang='lat' dir='ltr'><strong>Nolite</strong></span> <span class='ocrx_word' id='word_1_159' title='bbox 676 2702 796 2756; x_wconf 90' lang='lat' dir='ltr'><strong>ergo</strong></span> <span class='ocrx_word' id='word_1_160' title='bbox 840 2684 1051 2740; x_wconf 79' lang='lat' dir='ltr'><strong>solliciti</strong></span> <span class='ocrx_word' id='word_1_161' title='bbox 1076 2703 1186 2741; x_wconf 86' lang='lat' dir='ltr'><strong>esse</strong></span> <span class='ocrx_word' id='word_1_162' title='bbox 1205 2686 1431 2742; x_wconf 86' lang='lat' dir='ltr'><strong>dicentes</strong></span> <span class='ocrx_word' id='word_1_163' title='bbox 1452 2705 1471 2741; x_wconf 89' lang='lat'><strong><em>:</em></strong></span> <span class='ocrx_word' id='word_1_164' title='bbox 1496 2685 1637 2752; x_wconf 82' lang='lat' dir='ltr'><strong>Quid</strong></span> <span class='ocrx_word' id='word_1_165' title='bbox 1657 2703 1810 2740; x_wconf 90' lang='lat' dir='ltr'><strong>man-</strong></span> 
     </span>
    </p>
   </div>
   <div class='ocr_carea' id='block_1_27' title="bbox 221 2778 1808 2850">
    <p class='ocr_par' dir='ltr' id='par_1_27' title="bbox 221 2778 1808 2850">
     <span class='ocr_line' id='line_1_27' title="bbox 221 2778 1808 2850; baseline 0.001 -19"><span class='ocrx_word' id='word_1_166' title='bbox 221 2779 557 2843; x_wconf 70' lang='lat' dir='ltr'><strong>duabimus,</strong></span> <span class='ocrx_word' id='word_1_167' title='bbox 588 2786 681 2832; x_wconf 86' lang='lat' dir='ltr'><strong>aut</strong></span> <span class='ocrx_word' id='word_1_168' title='bbox 712 2778 962 2843; x_wconf 80' lang='lat' dir='ltr'><strong>bibemus,</strong></span> <span class='ocrx_word' id='word_1_169' title='bbox 1003 2788 1093 2832; x_wconf 86' lang='lat' dir='ltr'><strong>aut</strong></span> <span class='ocrx_word' id='word_1_170' title='bbox 1144 2796 1248 2850; x_wconf 87' lang='lat' dir='ltr'><strong>quo</strong></span> <span class='ocrx_word' id='word_1_171' title='bbox 1303 2780 1642 2849; x_wconf 82' lang='lat' dir='ltr'><strong>operiemur?</strong></span> <span class='ocrx_word' id='word_1_172' title='bbox 1676 2778 1808 2834; x_wconf 73' lang='lat' dir='ltr'><strong>Haec</strong></span> 
     </span>
    </p>
   </div>
   <div class='ocr_carea' id='block_1_28' title="bbox 221 2867 1806 2939">
    <p class='ocr_par' dir='ltr' id='par_1_28' title="bbox 221 2867 1806 2939">
     <span class='ocr_line' id='line_1_28' title="bbox 221 2867 1806 2939; baseline 0.001 -16"><span class='ocrx_word' id='word_1_173' title='bbox 221 2869 359 2923; x_wconf 82' lang='lat' dir='ltr'><strong>enim</strong></span> <span class='ocrx_word' id='word_1_174' title='bbox 410 2869 589 2922; x_wconf 85' lang='lat' dir='ltr'><strong>omnia</strong></span> <span class='ocrx_word' id='word_1_175' title='bbox 622 2876 806 2937; x_wconf 65' lang='lat' dir='ltr'><strong>-gentes</strong></span> <span class='ocrx_word' id='word_1_176' title='bbox 852 2868 1143 2939; x_wconf 86' lang='lat' dir='ltr'><strong>inquirunt.</strong></span> <span class='ocrx_word' id='word_1_177' title='bbox 1186 2867 1294 2923; x_wconf 90' lang='lat' dir='ltr'><strong>Scit</strong></span> <span class='ocrx_word' id='word_1_178' title='bbox 1350 2871 1484 2924; x_wconf 88' lang='lat' dir='ltr'><strong>enim</strong></span> <span class='ocrx_word' id='word_1_179' title='bbox 1522 2869 1685 2924; x_wconf 89' lang='lat' dir='ltr'><strong>Pater</strong></span> <span class='ocrx_word' id='word_1_180' title='bbox 1720 2886 1806 2924; x_wconf 81' lang='lat' dir='ltr'><strong>ve-</strong></span> 
     </span>
    </p>
   </div>
   <div class='ocr_carea' id='block_1_29' title="bbox 221 2957 1810 3031">
    <p class='ocr_par' dir='ltr' id='par_1_29' title="bbox 221 2957 1810 3031">
     <span class='ocr_line' id='line_1_29' title="bbox 221 2957 1810 3031; baseline 0 -18"><span class='ocrx_word' id='word_1_181' title='bbox 221 2969 329 3013; x_wconf 88' lang='lat' dir='ltr'><strong>ster</strong></span> <span class='ocrx_word' id='word_1_182' title='bbox 374 2959 503 3030; x_wconf 83' lang='lat' dir='ltr'><strong>quia</strong></span> <span class='ocrx_word' id='word_1_183' title='bbox 552 2957 632 3011; x_wconf 84' lang='lat' dir='ltr'><strong>Itis</strong></span> <span class='ocrx_word' id='word_1_184' title='bbox 682 2958 919 3012; x_wconf 86' lang='lat' dir='ltr'><strong>omnibus</strong></span> <span class='ocrx_word' id='word_1_185' title='bbox 952 2958 1215 3029; x_wconf 82' lang='lat' dir='ltr'><strong>indigetis.</strong></span> <span class='ocrx_word' id='word_1_186' title='bbox 1267 2958 1496 3025; x_wconf 74' lang='lat' dir='ltr'><strong>Qua’rite</strong></span> <span class='ocrx_word' id='word_1_187' title='bbox 1540 2977 1661 3031; x_wconf 87' lang='lat' dir='ltr'><strong>ergo</strong></span> <span class='ocrx_word' id='word_1_188' title='bbox 1700 2960 1810 3031; x_wconf 84' lang='lat' dir='ltr'><strong>pri-</strong></span> 
     </span>
    </p>
   </div>
   <div class='ocr_carea' id='block_1_30' title="bbox 223 3048 1811 3121">
    <p class='ocr_par' dir='ltr' id='par_1_30' title="bbox 223 3048 1811 3121">
     <span class='ocr_line' id='line_1_30' title="bbox 223 3048 1811 3121; baseline 0.001 -18"><span class='ocrx_word' id='word_1_189' title='bbox 223 3068 367 3103; x_wconf 80' lang='lat' dir='ltr'><strong>mum</strong></span> <span class='ocrx_word' id='word_1_190' title='bbox 392 3066 606 3120; x_wconf 80' lang='lat' dir='ltr'><strong>regnum</strong></span> <span class='ocrx_word' id='word_1_191' title='bbox 630 3048 729 3103; x_wconf 85' lang='lat' dir='ltr'><strong>Dei</strong></span> <span class='ocrx_word' id='word_1_192' title='bbox 746 3059 796 3104; x_wconf 88' lang='lat' dir='ltr'><strong>et</strong></span> <span class='ocrx_word' id='word_1_193' title='bbox 810 3049 1072 3119; x_wconf 85' lang='lat' dir='ltr'><strong>justitiam</strong></span> <span class='ocrx_word' id='word_1_194' title='bbox 1104 3051 1239 3120; x_wconf 74' lang='lat' dir='ltr'><strong>ejus,</strong></span> <span class='ocrx_word' id='word_1_195' title='bbox 1262 3061 1311 3105; x_wconf 90' lang='lat' dir='ltr'><strong>et</strong></span> <span class='ocrx_word' id='word_1_196' title='bbox 1334 3052 1445 3106; x_wconf 75' lang='lat' dir='ltr'><strong>ltwc</strong></span> <span class='ocrx_word' id='word_1_197' title='bbox 1469 3053 1645 3106; x_wconf 86' lang='lat' dir='ltr'><strong>omnia</strong></span> <span class='ocrx_word' id='word_1_198' title='bbox 1670 3052 1811 3121; x_wconf 87' lang='lat' dir='ltr'><strong>adji-</strong></span> 
     </span>
    </p>
   </div>
   <div class='ocr_carea' id='block_1_31' title="bbox 224 3138 962 3212">
    <p class='ocr_par' dir='ltr' id='par_1_31' title="bbox 224 3138 962 3212">
     <span class='ocr_line' id='line_1_31' title="bbox 224 3138 962 3212; baseline 0.003 -19"><span class='ocrx_word' id='word_1_199' title='bbox 224 3141 435 3194; x_wconf 85' lang='lat' dir='ltr'><strong>cientur</strong></span> <span class='ocrx_word' id='word_1_200' title='bbox 463 3141 602 3194; x_wconf 83' lang='lat' dir='ltr'><strong>vobis</strong></span> <span class='ocrx_word' id='word_1_201' title='bbox 620 3138 835 3212; x_wconf 77' lang='lat' dir='ltr'><strong>(Matth.</strong></span> <span class='ocrx_word' id='word_1_202' title='bbox 862 3140 962 3211; x_wconf 84' lang='lat' dir='ltr'><strong>vt).</strong></span> 
     </span>
    </p>
   </div>
   <div class='ocr_carea' id='block_1_32' title="bbox 295 3230 1810 3303">
    <p class='ocr_par' dir='ltr' id='par_1_32' title="bbox 295 3230 1810 3303">
     <span class='ocr_line' id='line_1_32' title="bbox 295 3230 1810 3303; baseline 0.001 -17"><span class='ocrx_word' id='word_1_203' title='bbox 295 3230 497 3286; x_wconf 86' lang='lat' dir='ltr'><strong>Sentite</strong></span> <span class='ocrx_word' id='word_1_204' title='bbox 541 3232 604 3285; x_wconf 89' lang='lat' dir='ltr'><strong>de</strong></span> <span class='ocrx_word' id='word_1_205' title='bbox 647 3231 869 3287; x_wconf 82' lang='lat' dir='ltr'><strong>Domino</strong></span> <span class='ocrx_word' id='word_1_206' title='bbox 905 3232 960 3287; x_wconf 90' lang='lat' dir='ltr'><strong>in</strong></span> <span class='ocrx_word' id='word_1_207' title='bbox 988 3232 1239 3296; x_wconf 86' lang='lat' dir='ltr'><strong>bonitate,</strong></span> <span class='ocrx_word' id='word_1_208' title='bbox 1290 3242 1338 3287; x_wconf 89' lang='lat' dir='ltr'><strong>et</strong></span> <span class='ocrx_word' id='word_1_209' title='bbox 1376 3234 1432 3286; x_wconf 88' lang='lat' dir='ltr'><strong>in</strong></span> <span class='ocrx_word' id='word_1_210' title='bbox 1476 3231 1810 3303; x_wconf 87' lang='lat' dir='ltr'><strong>simplicitate</strong></span> 
     </span>
    </p>
   </div>
   <div class='ocr_carea' id='block_1_33' title="bbox 225 3321 1808 3392">
    <p class='ocr_par' dir='ltr' id='par_1_33' title="bbox 225 3321 1808 3392">
     <span class='ocr_line' id='line_1_33' title="bbox 225 3321 1808 3392; baseline 0.002 -17"><span class='ocrx_word' id='word_1_211' title='bbox 225 3322 401 3375; x_wconf 86' lang='lat' dir='ltr'><strong>cordis</strong></span> <span class='ocrx_word' id='word_1_212' title='bbox 431 3323 649 3392; x_wconf 64' lang='lat' dir='ltr'><strong>quaerite</strong></span> <span class='ocrx_word' id='word_1_213' title='bbox 690 3321 861 3377; x_wconf 88' lang='lat' dir='ltr'><strong>illum.</strong></span> <span class='ocrx_word' id='word_1_214' title='bbox 890 3322 949 3377; x_wconf 90' lang='lat' dir='ltr'><strong>In</strong></span> <span class='ocrx_word' id='word_1_215' title='bbox 992 3323 1240 3378; x_wconf 90' lang='lat' dir='ltr'><strong>bonitate</strong></span> <span class='ocrx_word' id='word_1_216' title='bbox 1261 3332 1441 3379; x_wconf 87' lang='lat' dir='ltr'><strong>autem</strong></span> <span class='ocrx_word' id='word_1_217' title='bbox 1480 3326 1547 3379; x_wconf 89' lang='lat' dir='ltr'><strong>de</strong></span> <span class='ocrx_word' id='word_1_218' title='bbox 1579 3323 1808 3378; x_wconf 91' lang='lat' dir='ltr'><strong>Domino</strong></span> 
     </span>
    </p>
   </div>
   <div class='ocr_carea' id='block_1_34' title="bbox 228 3414 1807 3484">
    <p class='ocr_par' dir='ltr' id='par_1_34' title="bbox 228 3414 1807 3484">
     <span class='ocr_line' id='line_1_34' title="bbox 228 3414 1807 3484; baseline -0.001 -15"><span class='ocrx_word' id='word_1_219' title='bbox 228 3415 396 3469; x_wconf 90' lang='lat' dir='ltr'><strong>sentit</strong></span> <span class='ocrx_word' id='word_1_220' title='bbox 441 3414 533 3484; x_wconf 89' lang='lat' dir='ltr'><strong>qui</strong></span> <span class='ocrx_word' id='word_1_221' title='bbox 576 3429 789 3470; x_wconf 84' lang='lat' dir='ltr'><strong>sacram</strong></span> <span class='ocrx_word' id='word_1_222' title='bbox 827 3414 1161 3484; x_wconf 89' lang='lat' dir='ltr'><strong>Scripturam</strong></span> <span class='ocrx_word' id='word_1_223' title='bbox 1200 3415 1494 3470; x_wconf 88' lang='lat' dir='ltr'><strong>secundum</strong></span> <span class='ocrx_word' id='word_1_224' title='bbox 1549 3415 1807 3484; x_wconf 87' lang='lat' dir='ltr'><strong>pietatem</strong></span> 
     </span>
    </p>
   </div>
   <div class='ocr_carea' id='block_1_35' title="bbox 1824 780 3480 852">
    <p class='ocr_par' dir='ltr' id='par_1_35' title="bbox 1824 780 3480 852">
     <span class='ocr_line' id='line_1_35' title="bbox 1824 780 3480 852; baseline 0.008 -22"><span class='ocrx_word' id='word_1_225' title='bbox 1824 782 1872 838; x_wconf 84' lang='grc' dir='ltr'><strong>Α</strong></span> <span class='ocrx_word' id='word_1_226' title='bbox 1899 780 2075 834; x_wconf 90' lang='lat' dir='ltr'><strong>omnis</strong></span> <span class='ocrx_word' id='word_1_227' title='bbox 2116 781 2370 849; x_wconf 85' lang='lat' dir='ltr'><strong>cogitatio</strong></span> <span class='ocrx_word' id='word_1_228' title='bbox 2394 780 2556 851; x_wconf 89' lang='lat' dir='ltr'><strong>impia</strong></span> <span class='ocrx_word' id='word_1_229' title='bbox 2593 791 2647 836; x_wconf 88' lang='lat' dir='ltr'><strong>et</strong></span> <span class='ocrx_word' id='word_1_230' title='bbox 2675 798 2837 852; x_wconf 70' lang='lat' dir='ltr'><strong>prava</strong></span> <span class='ocrx_word' id='word_1_231' title='bbox 2862 783 3108 839; x_wconf 82' lang='lat' dir='ltr'><strong>voluntas</strong></span> <span class='ocrx_word' id='word_1_232' title='bbox 3138 785 3284 839; x_wconf 88' lang='lat' dir='ltr'><strong>nullo</strong></span> <span class='ocrx_word' id='word_1_233' title='bbox 3321 791 3480 843; x_wconf 73' lang='lat' dir='ltr'><strong>modo</strong></span> 
     </span>
    </p>
   </div>
   <div class='ocr_carea' id='block_1_36' title="bbox 1891 869 3477 950">
    <p class='ocr_par' dir='ltr' id='par_1_36' title="bbox 1891 869 3477 950">
     <span class='ocr_line' id='line_1_36' title="bbox 1891 869 3477 950; baseline 0.008 -27"><span class='ocrx_word' id='word_1_234' title='bbox 1891 869 2152 941; x_wconf 82' lang='lat' dir='ltr'><strong>jungatur</strong></span> <span class='ocrx_word' id='word_1_235' title='bbox 2179 873 2423 939; x_wconf 89' lang='lat' dir='ltr'><strong>Domino,</strong></span> <span class='ocrx_word' id='word_1_236' title='bbox 2454 891 2551 929; x_wconf 79' lang='lat' dir='ltr'><strong>nec</strong></span> <span class='ocrx_word' id='word_1_237' title='bbox 2579 877 2871 930; x_wconf 87' lang='lat' dir='ltr'><strong>concordet</strong></span> <span class='ocrx_word' id='word_1_238' title='bbox 2892 894 3103 931; x_wconf 88' lang='lat' dir='ltr'><strong>summo</strong></span> <span class='ocrx_word' id='word_1_239' title='bbox 3130 881 3268 935; x_wconf 88' lang='lat' dir='ltr'><strong>bono</strong></span> <span class='ocrx_word' id='word_1_240' title='bbox 3293 898 3307 945; x_wconf 88' lang='lat'><strong>;</strong></span> <span class='ocrx_word' id='word_1_241' title='bbox 3354 880 3477 950; x_wconf 81' lang='lat' dir='ltr'><strong>quia</strong></span> 
     </span>
    </p>
   </div>
   <div class='ocr_carea' id='block_1_37' title="bbox 1898 961 3483 1025">
    <p class='ocr_par' dir='ltr' id='par_1_37' title="bbox 1898 961 3483 1025">
     <span class='ocr_line' id='line_1_37' title="bbox 1898 961 3483 1025; baseline 0.006 -11"><span class='ocrx_word' id='word_1_242' title='bbox 1898 961 2041 1015; x_wconf 89' lang='lat' dir='ltr'><strong>nulla</strong></span> <span class='ocrx_word' id='word_1_243' title='bbox 2072 972 2155 1017; x_wconf 89' lang='lat' dir='ltr'><strong>est</strong></span> <span class='ocrx_word' id='word_1_244' title='bbox 2203 965 2434 1019; x_wconf 86' lang='lat' dir='ltr'><strong>societas</strong></span> <span class='ocrx_word' id='word_1_245' title='bbox 2475 964 2608 1019; x_wconf 89' lang='lat' dir='ltr'><strong>lucis</strong></span> <span class='ocrx_word' id='word_1_246' title='bbox 2639 965 2706 1019; x_wconf 89' lang='lat' dir='ltr'><strong>ad</strong></span> <span class='ocrx_word' id='word_1_247' title='bbox 2758 967 3009 1021; x_wconf 88' lang='lat' dir='ltr'><strong>tenebras</strong></span> <span class='ocrx_word' id='word_1_248' title='bbox 3052 983 3153 1022; x_wconf 90' lang='lat' dir='ltr'><strong>nec</strong></span> <span class='ocrx_word' id='word_1_249' title='bbox 3189 973 3483 1025; x_wconf 76' lang='lat' dir='ltr'><strong>conventio</strong></span> 
     </span>
    </p>
   </div>
   <div class='ocr_carea' id='block_1_38' title="bbox 1900 1052 3480 1116">
    <p class='ocr_par' dir='ltr' id='par_1_38' title="bbox 1900 1052 3480 1116">
     <span class='ocr_line' id='line_1_38' title="bbox 1900 1052 3480 1116; baseline 0.005 -9"><span class='ocrx_word' id='word_1_250' title='bbox 1900 1052 2103 1107; x_wconf 88' lang='lat' dir='ltr'><strong>Christi</strong></span> <span class='ocrx_word' id='word_1_251' title='bbox 2140 1055 2206 1108; x_wconf 90' lang='lat' dir='ltr'><strong>ad</strong></span> <span class='ocrx_word' id='word_1_252' title='bbox 2238 1055 2421 1108; x_wconf 88' lang='lat' dir='ltr'><strong>Belial.</strong></span> <span class='ocrx_word' id='word_1_253' title='bbox 2450 1055 2551 1110; x_wconf 86' lang='lat' dir='ltr'><strong>Ubi</strong></span> <span class='ocrx_word' id='word_1_254' title='bbox 2572 1066 2750 1111; x_wconf 90' lang='lat' dir='ltr'><strong>autem</strong></span> <span class='ocrx_word' id='word_1_255' title='bbox 2777 1057 3005 1111; x_wconf 85' lang='lat' dir='ltr'><strong>intentio</strong></span> <span class='ocrx_word' id='word_1_256' title='bbox 3025 1068 3079 1113; x_wconf 90' lang='lat' dir='ltr'><strong>et</strong></span> <span class='ocrx_word' id='word_1_257' title='bbox 3114 1062 3348 1116; x_wconf 86' lang='lat' dir='ltr'><strong>studium</strong></span> <span class='ocrx_word' id='word_1_258' title='bbox 3397 1078 3480 1115; x_wconf 90' lang='lat' dir='ltr'><strong>sa-</strong></span> 
     </span>
    </p>
   </div>
   <div class='ocr_carea' id='block_1_39' title="bbox 1900 1147 3481 1221">
    <p class='ocr_par' dir='ltr' id='par_1_39' title="bbox 1900 1147 3481 1221">
     <span class='ocr_line' id='line_1_39' title="bbox 1900 1147 3481 1221; baseline 0.007 -22"><span class='ocrx_word' id='word_1_259' title='bbox 1900 1162 2116 1200; x_wconf 92' lang='lat' dir='ltr'><strong>crarum</strong></span> <span class='ocrx_word' id='word_1_260' title='bbox 2136 1147 2395 1202; x_wconf 79' lang='lat' dir='ltr'><strong>virtutum</strong></span> <span class='ocrx_word' id='word_1_261' title='bbox 2420 1149 2509 1218; x_wconf 91' lang='lat' dir='ltr'><strong>pio</strong></span> <span class='ocrx_word' id='word_1_262' title='bbox 2530 1150 2744 1203; x_wconf 87' lang='lat' dir='ltr'><strong>inerunt</strong></span> <span class='ocrx_word' id='word_1_263' title='bbox 2765 1151 2933 1212; x_wconf 89' lang='lat' dir='ltr'><strong>cordi,</strong></span> <span class='ocrx_word' id='word_1_264' title='bbox 2959 1152 3322 1221; x_wconf 81' lang='lat' dir='ltr'><strong>insipientium</strong></span> <span class='ocrx_word' id='word_1_265' title='bbox 3339 1172 3481 1210; x_wconf 82' lang='lat' dir='ltr'><strong>sem-</strong></span> 
     </span>
    </p>
   </div>
   <div class='ocr_carea' id='block_1_40' title="bbox 1900 1236 3480 1309">
    <p class='ocr_par' dir='ltr' id='par_1_40' title="bbox 1900 1236 3480 1309">
     <span class='ocr_line' id='line_1_40' title="bbox 1900 1236 3480 1309; baseline 0.006 -20"><span class='ocrx_word' id='word_1_266' title='bbox 1900 1252 1997 1306; x_wconf 90' lang='lat' dir='ltr'><strong>per</strong></span> <span class='ocrx_word' id='word_1_267' title='bbox 2024 1236 2153 1289; x_wconf 90' lang='lat' dir='ltr'><strong>vitia</strong></span> <span class='ocrx_word' id='word_1_268' title='bbox 2171 1236 2459 1305; x_wconf 86' lang='lat' dir='ltr'><strong>reprobant</strong></span> <span class='ocrx_word' id='word_1_269' title='bbox 2489 1245 2649 1307; x_wconf 89' lang='lat' dir='ltr'><strong>atque</strong></span> <span class='ocrx_word' id='word_1_270' title='bbox 2670 1250 2901 1309; x_wconf 89' lang='lat' dir='ltr'><strong>arguunt</strong></span> <span class='ocrx_word' id='word_1_271' title='bbox 2925 1257 3141 1296; x_wconf 87' lang='lat' dir='ltr'><strong>errores</strong></span> <span class='ocrx_word' id='word_1_272' title='bbox 3165 1257 3180 1295; x_wconf 87' lang='lat'><strong>:</strong></span> <span class='ocrx_word' id='word_1_273' title='bbox 3204 1244 3344 1298; x_wconf 86' lang='lat' dir='ltr'><strong>unde</strong></span> <span class='ocrx_word' id='word_1_274' title='bbox 3380 1260 3480 1299; x_wconf 69' lang='lat' dir='ltr'><strong>ne~</strong></span> 
     </span>
    </p>
   </div>
   <div class='ocr_carea' id='block_1_41' title="bbox 1900 1326 3482 1400">
    <p class='ocr_par' dir='ltr' id='par_1_41' title="bbox 1900 1326 3482 1400">
     <span class='ocr_line' id='line_1_41' title="bbox 1900 1326 3482 1400; baseline 0.006 -21"><span class='ocrx_word' id='word_1_275' title='bbox 1900 1339 2051 1379; x_wconf 85' lang='lat' dir='ltr'><strong>cesso</strong></span> <span class='ocrx_word' id='word_1_276' title='bbox 2082 1326 2283 1380; x_wconf 82' lang='lat' dir='ltr'><strong>habent</strong></span> <span class='ocrx_word' id='word_1_277' title='bbox 2331 1335 2603 1383; x_wconf 85' lang='lat' dir='ltr'><strong>amatores</strong></span> <span class='ocrx_word' id='word_1_278' title='bbox 2633 1345 2759 1383; x_wconf 86' lang='lat' dir='ltr'><strong>vere</strong></span> <span class='ocrx_word' id='word_1_279' title='bbox 2797 1332 3080 1400; x_wconf 77' lang='lat' dir='ltr'><strong>sapientia:</strong></span> <span class='ocrx_word' id='word_1_280' title='bbox 3120 1340 3177 1385; x_wconf 91' lang='lat' dir='ltr'><strong>ut</strong></span> <span class='ocrx_word' id='word_1_281' title='bbox 3220 1334 3482 1389; x_wconf 88' lang='lat' dir='ltr'><strong>mundeut</strong></span> 
     </span>
    </p>
   </div>
   <div class='ocr_carea' id='block_1_42' title="bbox 1902 1416 3482 1480">
    <p class='ocr_par' dir='ltr' id='par_1_42' title="bbox 1902 1416 3482 1480">
     <span class='ocr_line' id='line_1_42' title="bbox 1902 1416 3482 1480; baseline 0.006 -11"><span class='ocrx_word' id='word_1_282' title='bbox 1902 1430 1994 1469; x_wconf 91' lang='lat' dir='ltr'><strong>sua</strong></span> <span class='ocrx_word' id='word_1_283' title='bbox 2022 1416 2209 1480; x_wconf 89' lang='lat' dir='ltr'><strong>corda,</strong></span> <span class='ocrx_word' id='word_1_284' title='bbox 2257 1426 2311 1471; x_wconf 90' lang='lat' dir='ltr'><strong>ct</strong></span> <span class='ocrx_word' id='word_1_285' title='bbox 2342 1425 2509 1472; x_wconf 90' lang='lat' dir='ltr'><strong>totam</strong></span> <span class='ocrx_word' id='word_1_286' title='bbox 2564 1420 2919 1474; x_wconf 88' lang='lat' dir='ltr'><strong>intentionem</strong></span> <span class='ocrx_word' id='word_1_287' title='bbox 2958 1422 3125 1475; x_wconf 89' lang='lat' dir='ltr'><strong>animi</strong></span> <span class='ocrx_word' id='word_1_288' title='bbox 3149 1422 3201 1475; x_wconf 91' lang='lat' dir='ltr'><strong>in</strong></span> <span class='ocrx_word' id='word_1_289' title='bbox 3230 1422 3482 1478; x_wconf 78' lang='lat' dir='ltr'><strong>allectum</strong></span> 
     </span>
    </p>
   </div>
   <div class='ocr_carea' id='block_1_43' title="bbox 1901 1509 2658 1566">
    <p class='ocr_par' dir='ltr' id='par_1_43' title="bbox 1901 1509 2658 1566">
     <span class='ocr_line' id='line_1_43' title="bbox 1901 1509 2658 1566; baseline 0.003 -4"><span class='ocrx_word' id='word_1_290' title='bbox 1901 1517 2222 1563; x_wconf 81' lang='lat' dir='ltr'><strong>convertant</strong></span> <span class='ocrx_word' id='word_1_291' title='bbox 2236 1509 2532 1566; x_wconf 86' lang='lat' dir='ltr'><strong>conditoris</strong></span> <span class='ocrx_word' id='word_1_292' title='bbox 2556 1512 2658 1566; x_wconf 90' lang='lat' dir='ltr'><strong>sui.</strong></span> 
     </span>
    </p>
   </div>
   <div class='ocr_carea' id='block_1_44' title="bbox 1973 1596 3486 1662">
    <p class='ocr_par' dir='ltr' id='par_1_44' title="bbox 1973 1596 3486 1662">
     <span class='ocr_line' id='line_1_44' title="bbox 1973 1596 3486 1662; baseline 0.005 -12"><span class='ocrx_word' id='word_1_293' title='bbox 1973 1596 2234 1662; x_wconf 82' lang='lat' dir='ltr'><strong>Quoniam</strong></span> <span class='ocrx_word' id='word_1_294' title='bbox 2274 1599 2329 1652; x_wconf 90' lang='lat' dir='ltr'><strong>in</strong></span> <span class='ocrx_word' id='word_1_295' title='bbox 2368 1597 2674 1653; x_wconf 75' lang='lat' dir='ltr'><strong>malevolam</strong></span> <span class='ocrx_word' id='word_1_296' title='bbox 2718 1601 2945 1655; x_wconf 88' lang='lat' dir='ltr'><strong>animam</strong></span> <span class='ocrx_word' id='word_1_297' title='bbox 2992 1619 3092 1655; x_wconf 90' lang='lat' dir='ltr'><strong>non</strong></span> <span class='ocrx_word' id='word_1_298' title='bbox 3140 1603 3369 1657; x_wconf 86' lang='lat' dir='ltr'><strong>introibit</strong></span> <span class='ocrx_word' id='word_1_299' title='bbox 3398 1620 3486 1657; x_wconf 87' lang='lat' dir='ltr'><strong>sa-</strong></span> 
     </span>
    </p>
   </div>
   <div class='ocr_carea' id='block_1_45' title="bbox 1900 1687 3485 1762">
    <p class='ocr_par' dir='ltr' id='par_1_45' title="bbox 1900 1687 3485 1762">
     <span class='ocr_line' id='line_1_45' title="bbox 1900 1687 3485 1762; baseline 0.005 -23"><span class='ocrx_word' id='word_1_300' title='bbox 1900 1687 2117 1759; x_wconf 86' lang='lat' dir='ltr'><strong>pientia,</strong></span> <span class='ocrx_word' id='word_1_301' title='bbox 2143 1705 2235 1742; x_wconf 89' lang='lat' dir='ltr'><strong>nec</strong></span> <span class='ocrx_word' id='word_1_302' title='bbox 2253 1688 2509 1742; x_wconf 82' lang='lat' dir='ltr'><strong>habitabit</strong></span> <span class='ocrx_word' id='word_1_303' title='bbox 2536 1689 2590 1742; x_wconf 90' lang='lat' dir='ltr'><strong>in</strong></span> <span class='ocrx_word' id='word_1_304' title='bbox 2613 1707 2829 1761; x_wconf 88' lang='lat' dir='ltr'><strong>corpore</strong></span> <span class='ocrx_word' id='word_1_305' title='bbox 2849 1691 3058 1745; x_wconf 87' lang='lat' dir='ltr'><strong>subdito</strong></span> <span class='ocrx_word' id='word_1_306' title='bbox 3079 1694 3321 1762; x_wconf 83' lang='lat' dir='ltr'><strong>peccatis.</strong></span> <span class='ocrx_word' id='word_1_307' title='bbox 3347 1692 3485 1747; x_wconf 80' lang='lat' dir='ltr'><strong>Huic</strong></span> 
     </span>
    </p>
   </div>
   <div class='ocr_carea' id='block_1_46' title="bbox 1900 1778 3488 1853">
    <p class='ocr_par' dir='ltr' id='par_1_46' title="bbox 1900 1778 3488 1853">
     <span class='ocr_line' id='line_1_46' title="bbox 1900 1778 3488 1853; baseline 0.003 -20"><span class='ocrx_word' id='word_1_308' title='bbox 1900 1779 2212 1834; x_wconf 84' lang='lat' dir='ltr'><strong>testimonio</strong></span> <span class='ocrx_word' id='word_1_309' title='bbox 2236 1778 2471 1834; x_wconf 87' lang='lat' dir='ltr'><strong>Jacobus</strong></span> <span class='ocrx_word' id='word_1_310' title='bbox 2500 1781 2775 1849; x_wconf 89' lang='lat' dir='ltr'><strong>apostolus</strong></span> <span class='ocrx_word' id='word_1_311' title='bbox 2802 1783 2951 1852; x_wconf 88' lang='lat' dir='ltr'><strong>paria</strong></span> <span class='ocrx_word' id='word_1_312' title='bbox 2981 1784 3329 1837; x_wconf 66' lang='lat' dir='ltr'><strong>seuticmfoin</strong></span> <span class='ocrx_word' id='word_1_313' title='bbox 3363 1783 3488 1853; x_wconf 80' lang='lat' dir='ltr'><strong>Epi—</strong></span> 
     </span>
    </p>
   </div>
   <div class='ocr_carea' id='block_1_47' title="bbox 1902 1868 3485 1944">
    <p class='ocr_par' dir='ltr' id='par_1_47' title="bbox 1902 1868 3485 1944">
     <span class='ocr_line' id='line_1_47' title="bbox 1902 1868 3485 1944; baseline 0.003 -21"><span class='ocrx_word' id='word_1_314' title='bbox 1902 1868 2041 1923; x_wconf 88' lang='lat' dir='ltr'><strong>stola</strong></span> <span class='ocrx_word' id='word_1_315' title='bbox 2064 1883 2162 1922; x_wconf 87' lang='lat' dir='ltr'><strong>sua</strong></span> <span class='ocrx_word' id='word_1_316' title='bbox 2180 1869 2396 1939; x_wconf 90' lang='lat' dir='ltr'><strong>scripsit</strong></span> <span class='ocrx_word' id='word_1_317' title='bbox 2417 1870 2627 1925; x_wconf 87' lang='lat' dir='ltr'><strong>dicens:</strong></span> <span class='ocrx_word' id='word_1_318' title='bbox 2650 1872 2906 1944; x_wconf 81' lang='lat' dir='ltr'><strong>Nunquid</strong></span> <span class='ocrx_word' id='word_1_319' title='bbox 2931 1883 3117 1943; x_wconf 81' lang='lat' dir='ltr'><strong>potest,</strong></span> <span class='ocrx_word' id='word_1_320' title='bbox 3147 1874 3335 1942; x_wconf 72' lang='lat' dir='ltr'><strong>fratres</strong></span> <span class='ocrx_word' id='word_1_321' title='bbox 3363 1876 3485 1937; x_wconf 71' lang='lat' dir='ltr'><strong>mei,</strong></span> 
     </span>
    </p>
   </div>
   <div class='ocr_carea' id='block_1_48' title="bbox 1900 1960 3491 2035">
    <p class='ocr_par' dir='ltr' id='par_1_48' title="bbox 1900 1960 3491 2035">
     <span class='ocr_line' id='line_1_48' title="bbox 1900 1960 3491 2035; baseline 0.003 -21"><span class='ocrx_word' id='word_1_322' title='bbox 1900 1960 2032 2030; x_wconf 85' lang='lat' dir='ltr'><strong>ﬁcus</strong></span> <span class='ocrx_word' id='word_1_323' title='bbox 2060 1960 2226 2015; x_wconf 88' lang='lat' dir='ltr'><strong>olivas</strong></span> <span class='ocrx_word' id='word_1_324' title='bbox 2248 1961 2438 2031; x_wconf 81' lang='lat' dir='ltr'><strong>facere,</strong></span> <span class='ocrx_word' id='word_1_325' title='bbox 2463 1972 2555 2016; x_wconf 86' lang='lat' dir='ltr'><strong>aut</strong></span> <span class='ocrx_word' id='word_1_326' title='bbox 2578 1964 2693 2018; x_wconf 78' lang='lat' dir='ltr'><strong>vitis</strong></span> <span class='ocrx_word' id='word_1_327' title='bbox 2714 1964 2847 2033; x_wconf 84' lang='lat' dir='ltr'><strong>ﬁcus</strong></span> <span class='ocrx_word' id='word_1_328' title='bbox 2870 1966 2895 2018; x_wconf 85' lang='lat'><strong><em>?</em></strong></span> <span class='ocrx_word' id='word_1_329' title='bbox 2926 1965 3001 2018; x_wconf 90' lang='lat' dir='ltr'><strong>sic</strong></span> <span class='ocrx_word' id='word_1_330' title='bbox 3025 1982 3184 2035; x_wconf 84' lang='lat' dir='ltr'><strong>neque</strong></span> <span class='ocrx_word' id='word_1_331' title='bbox 3206 1966 3347 2019; x_wconf 87' lang='lat' dir='ltr'><strong>salsa</strong></span> <span class='ocrx_word' id='word_1_332' title='bbox 3374 1965 3491 2019; x_wconf 88' lang='lat' dir='ltr'><strong>dul-</strong></span> 
     </span>
    </p>
   </div>
   <div class='ocr_carea' id='block_1_49' title="bbox 1904 2051 3491 2125">
    <p class='ocr_par' dir='ltr' id='par_1_49' title="bbox 1904 2051 3491 2125">
     <span class='ocr_line' id='line_1_49' title="bbox 1904 2051 3491 2125; baseline 0.003 -21"><span class='ocrx_word' id='word_1_333' title='bbox 1904 2067 2014 2104; x_wconf 85' lang='lat' dir='ltr'><strong>cem</strong></span> <span class='ocrx_word' id='word_1_334' title='bbox 2046 2059 2212 2121; x_wconf 83' lang='lat' dir='ltr'><strong>potest</strong></span> <span class='ocrx_word' id='word_1_335' title='bbox 2236 2051 2411 2120; x_wconf 80' lang='lat' dir='ltr'><strong>faccre</strong></span> <span class='ocrx_word' id='word_1_336' title='bbox 2444 2069 2656 2123; x_wconf 89' lang='lat' dir='ltr'><strong>aquam.</strong></span> <span class='ocrx_word' id='word_1_337' title='bbox 2688 2052 2819 2118; x_wconf 84' lang='lat' dir='ltr'><strong>Quis</strong></span> <span class='ocrx_word' id='word_1_338' title='bbox 2850 2055 3058 2123; x_wconf 83' lang='lat' dir='ltr'><strong>sapiens</strong></span> <span class='ocrx_word' id='word_1_339' title='bbox 3088 2064 3136 2108; x_wconf 86' lang='lat' dir='ltr'><strong>et</strong></span> <span class='ocrx_word' id='word_1_340' title='bbox 3183 2054 3491 2125; x_wconf 84' lang='lat' dir='ltr'><strong>disciplina—</strong></span> 
     </span>
    </p>
   </div>
   <div class='ocr_carea' id='block_1_50' title="bbox 1833 2141 3491 2206">
    <p class='ocr_par' dir='ltr' id='par_1_50' title="bbox 1833 2141 3491 2206">
     <span class='ocr_line' id='line_1_50' title="bbox 1833 2141 3491 2206; baseline 0.002 -10"><span class='ocrx_word' id='word_1_341' title='bbox 1833 2148 1879 2206; x_wconf 88' lang='lat' dir='ltr'><strong>B</strong></span> <span class='ocrx_word' id='word_1_342' title='bbox 1907 2152 1992 2196; x_wconf 89' lang='lat' dir='ltr'><strong>tus</strong></span> <span class='ocrx_word' id='word_1_343' title='bbox 2035 2142 2170 2197; x_wconf 88' lang='lat' dir='ltr'><strong>inter</strong></span> <span class='ocrx_word' id='word_1_344' title='bbox 2189 2142 2327 2198; x_wconf 75' lang='lat' dir='ltr'><strong>vos?</strong></span> <span class='ocrx_word' id='word_1_345' title='bbox 2378 2141 2632 2197; x_wconf 84' lang='lat' dir='ltr'><strong>Ostendat</strong></span> <span class='ocrx_word' id='word_1_346' title='bbox 2688 2143 2876 2197; x_wconf 89' lang='lat' dir='ltr'><strong>bonam</strong></span> <span class='ocrx_word' id='word_1_347' title='bbox 2946 2146 3385 2199; x_wconf 78' lang='lat' dir='ltr'><strong>conversationem</strong></span> <span class='ocrx_word' id='word_1_348' title='bbox 3434 2145 3491 2199; x_wconf 89' lang='lat' dir='ltr'><strong>in</strong></span> 
     </span>
    </p>
   </div>
   <div class='ocr_carea' id='block_1_51' title="bbox 1908 2232 3487 2302">
    <p class='ocr_par' dir='ltr' id='par_1_51' title="bbox 1908 2232 3487 2302">
     <span class='ocr_line' id='line_1_51' title="bbox 1908 2232 3487 2302; baseline 0.001 -17"><span class='ocrx_word' id='word_1_349' title='bbox 1908 2233 2363 2286; x_wconf 82' lang='lat' dir='ltr'><strong>mansuetudinem</strong></span> <span class='ocrx_word' id='word_1_350' title='bbox 2402 2233 2722 2302; x_wconf 72' lang='lat' dir='ltr'><strong>sapientim?</strong></span> <span class='ocrx_word' id='word_1_351' title='bbox 2763 2232 2917 2298; x_wconf 85' lang='lat' dir='ltr'><strong>Quod</strong></span> <span class='ocrx_word' id='word_1_352' title='bbox 2945 2234 2990 2287; x_wconf 87' lang='lat' dir='ltr'><strong>si</strong></span> <span class='ocrx_word' id='word_1_353' title='bbox 3043 2234 3211 2288; x_wconf 76' lang='lat' dir='ltr'><strong>zelum</strong></span> <span class='ocrx_word' id='word_1_354' title='bbox 3245 2252 3487 2289; x_wconf 88' lang='lat' dir='ltr'><strong>amarum</strong></span> 
     </span>
    </p>
   </div>
   <div class='ocr_carea' id='block_1_52' title="bbox 1906 2320 3490 2396">
    <p class='ocr_par' dir='ltr' id='par_1_52' title="bbox 1906 2320 3490 2396">
     <span class='ocr_line' id='line_1_52' title="bbox 1906 2320 3490 2396; baseline 0.004 -23"><span class='ocrx_word' id='word_1_355' title='bbox 1906 2320 2124 2383; x_wconf 83' lang='lat' dir='ltr'><strong>habetis,</strong></span> <span class='ocrx_word' id='word_1_356' title='bbox 2151 2329 2199 2375; x_wconf 91' lang='lat' dir='ltr'><strong>et</strong></span> <span class='ocrx_word' id='word_1_357' title='bbox 2233 2323 2582 2375; x_wconf 72' lang='lat' dir='ltr'><strong>contentiones</strong></span> <span class='ocrx_word' id='word_1_358' title='bbox 2604 2322 2658 2375; x_wconf 88' lang='lat' dir='ltr'><strong>in</strong></span> <span class='ocrx_word' id='word_1_359' title='bbox 2689 2324 2879 2377; x_wconf 90' lang='lat' dir='ltr'><strong>animis</strong></span> <span class='ocrx_word' id='word_1_360' title='bbox 2928 2326 3136 2389; x_wconf 78' lang='lat' dir='ltr'><strong>vestris,</strong></span> <span class='ocrx_word' id='word_1_361' title='bbox 3172 2324 3329 2379; x_wconf 85' lang='lat' dir='ltr'><strong>nolite</strong></span> <span class='ocrx_word' id='word_1_362' title='bbox 3378 2325 3490 2396; x_wconf 83' lang='lat' dir='ltr'><strong>gia-</strong></span> 
     </span>
    </p>
   </div>
   <div class='ocr_carea' id='block_1_53' title="bbox 1908 2409 3490 2470">
    <p class='ocr_par' dir='ltr' id='par_1_53' title="bbox 1908 2409 3490 2470">
     <span class='ocr_line' id='line_1_53' title="bbox 1908 2409 3490 2470; baseline 0.004 -7"><span class='ocrx_word' id='word_1_363' title='bbox 1908 2410 2038 2464; x_wconf 88' lang='lat' dir='ltr'><strong>riari</strong></span> <span class='ocrx_word' id='word_1_364' title='bbox 2076 2409 2123 2464; x_wconf 77' lang='lat' dir='ltr'><strong>et</strong></span> <span class='ocrx_word' id='word_1_365' title='bbox 2147 2410 2421 2465; x_wconf 87' lang='lat' dir='ltr'><strong>mendaces</strong></span> <span class='ocrx_word' id='word_1_366' title='bbox 2464 2428 2575 2466; x_wconf 85' lang='lat' dir='ltr'><strong>esse</strong></span> <span class='ocrx_word' id='word_1_367' title='bbox 2626 2412 2876 2467; x_wconf 84' lang='lat' dir='ltr'><strong>adversus</strong></span> <span class='ocrx_word' id='word_1_368' title='bbox 2914 2415 3204 2470; x_wconf 76' lang='lat' dir='ltr'><strong>ceritatem.</strong></span> <span class='ocrx_word' id='word_1_369' title='bbox 3241 2415 3362 2470; x_wconf 89' lang='lat' dir='ltr'><strong>Non</strong></span> <span class='ocrx_word' id='word_1_370' title='bbox 3413 2425 3490 2470; x_wconf 84' lang='lat' dir='ltr'><strong>est</strong></span> 
     </span>
    </p>
   </div>
   <div class='ocr_carea' id='block_1_54' title="bbox 1907 2496 3493 2578">
    <p class='ocr_par' dir='ltr' id='par_1_54' title="bbox 1907 2496 3493 2578">
     <span class='ocr_line' id='line_1_54' title="bbox 1907 2496 3493 2578; baseline 0.003 -23"><span class='ocrx_word' id='word_1_371' title='bbox 1907 2503 2045 2555; x_wconf 88' lang='lat' dir='ltr'><strong>enim</strong></span> <span class='ocrx_word' id='word_1_372' title='bbox 2065 2503 2167 2557; x_wconf 89' lang='lat' dir='ltr'><strong>ista</strong></span> <span class='ocrx_word' id='word_1_373' title='bbox 2188 2504 2443 2574; x_wconf 86' lang='lat' dir='ltr'><strong>sapientia</strong></span> <span class='ocrx_word' id='word_1_374' title='bbox 2478 2504 2542 2558; x_wconf 90' lang='lat' dir='ltr'><strong>de</strong></span> <span class='ocrx_word' id='word_1_375' title='bbox 2563 2496 2774 2558; x_wconf 71' lang='lat' dir='ltr'><strong>sursuni</strong></span> <span class='ocrx_word' id='word_1_376' title='bbox 2800 2506 3112 2561; x_wconf 83' lang='lat' dir='ltr'><strong>descendens</strong></span> <span class='ocrx_word' id='word_1_377' title='bbox 3142 2526 3174 2561; x_wconf 91' lang='lat' dir='ltr'><strong>a</strong></span> <span class='ocrx_word' id='word_1_378' title='bbox 3218 2518 3366 2578; x_wconf 88' lang='lat' dir='ltr'><strong>patre</strong></span> <span class='ocrx_word' id='word_1_379' title='bbox 3409 2506 3493 2561; x_wconf 84' lang='lat' dir='ltr'><strong>lu-</strong></span> 
     </span>
    </p>
   </div>
   <div class='ocr_carea' id='block_1_55' title="bbox 1907 2592 3489 2662">
    <p class='ocr_par' dir='ltr' id='par_1_55' title="bbox 1907 2592 3489 2662">
     <span class='ocr_line' id='line_1_55' title="bbox 1907 2592 3489 2662; baseline 0.004 -18"><span class='ocrx_word' id='word_1_380' title='bbox 1907 2592 2139 2658; x_wconf 86' lang='lat' dir='ltr'><strong>minum;</strong></span> <span class='ocrx_word' id='word_1_381' title='bbox 2172 2594 2263 2648; x_wconf 83' lang='lat' dir='ltr'><strong>sed</strong></span> <span class='ocrx_word' id='word_1_382' title='bbox 2300 2603 2528 2660; x_wconf 88' lang='lat' dir='ltr'><strong>terrena,</strong></span> <span class='ocrx_word' id='word_1_383' title='bbox 2560 2595 2835 2662; x_wconf 88' lang='lat' dir='ltr'><strong>animalis,</strong></span> <span class='ocrx_word' id='word_1_384' title='bbox 2883 2597 3166 2651; x_wconf 89' lang='lat' dir='ltr'><strong>diabolica.</strong></span> <span class='ocrx_word' id='word_1_385' title='bbox 3213 2595 3312 2651; x_wconf 88' lang='lat' dir='ltr'><strong>Ubi</strong></span> <span class='ocrx_word' id='word_1_386' title='bbox 3351 2598 3489 2651; x_wconf 87' lang='lat' dir='ltr'><strong>enim</strong></span> 
     </span>
    </p>
   </div>
   <div class='ocr_carea' id='block_1_56' title="bbox 1910 2683 3492 2760">
    <p class='ocr_par' dir='ltr' id='par_1_56' title="bbox 1910 2683 3492 2760">
     <span class='ocr_line' id='line_1_56' title="bbox 1910 2683 3492 2760; baseline 0.003 -22"><span class='ocrx_word' id='word_1_387' title='bbox 1910 2683 2052 2738; x_wconf 73' lang='lat' dir='ltr'><strong>zelus</strong></span> <span class='ocrx_word' id='word_1_388' title='bbox 2115 2695 2165 2740; x_wconf 89' lang='lat' dir='ltr'><strong>et</strong></span> <span class='ocrx_word' id='word_1_389' title='bbox 2206 2688 2487 2751; x_wconf 83' lang='lat' dir='ltr'><strong>contentio,</strong></span> <span class='ocrx_word' id='word_1_390' title='bbox 2538 2688 2611 2741; x_wconf 90' lang='lat' dir='ltr'><strong>ibi</strong></span> <span class='ocrx_word' id='word_1_391' title='bbox 2664 2687 3040 2754; x_wconf 87' lang='lat' dir='ltr'><strong>inconstantia,</strong></span> <span class='ocrx_word' id='word_1_392' title='bbox 3077 2700 3125 2744; x_wconf 88' lang='lat' dir='ltr'><strong>et</strong></span> <span class='ocrx_word' id='word_1_393' title='bbox 3172 2705 3322 2743; x_wconf 83' lang='lat' dir='ltr'><strong>omne</strong></span> <span class='ocrx_word' id='word_1_394' title='bbox 3361 2705 3492 2760; x_wconf 86' lang='lat' dir='ltr'><strong>opus</strong></span> 
     </span>
    </p>
   </div>
   <div class='ocr_carea' id='block_1_57' title="bbox 1908 2776 3492 2851">
    <p class='ocr_par' dir='ltr' id='par_1_57' title="bbox 1908 2776 3492 2851">
     <span class='ocr_line' id='line_1_57' title="bbox 1908 2776 3492 2851; baseline 0.002 -22"><span class='ocrx_word' id='word_1_395' title='bbox 1908 2793 2145 2846; x_wconf 83' lang='lat' dir='ltr'><strong>pravum.</strong></span> <span class='ocrx_word' id='word_1_396' title='bbox 2184 2776 2315 2843; x_wconf 77' lang='lat' dir='ltr'><strong>Qua:</strong></span> <span class='ocrx_word' id='word_1_397' title='bbox 2343 2790 2517 2832; x_wconf 84' lang='lat' dir='ltr'><strong>autem</strong></span> <span class='ocrx_word' id='word_1_398' title='bbox 2539 2778 2604 2833; x_wconf 89' lang='lat' dir='ltr'><strong>de</strong></span> <span class='ocrx_word' id='word_1_399' title='bbox 2626 2796 2833 2833; x_wconf 86' lang='lat' dir='ltr'><strong>sursum</strong></span> <span class='ocrx_word' id='word_1_400' title='bbox 2859 2790 2932 2833; x_wconf 86' lang='lat' dir='ltr'><strong>est</strong></span> <span class='ocrx_word' id='word_1_401' title='bbox 2964 2782 3239 2851; x_wconf 82' lang='lat' dir='ltr'><strong>sapient&#39;a,</strong></span> <span class='ocrx_word' id='word_1_402' title='bbox 3263 2781 3492 2850; x_wconf 87' lang='lat' dir='ltr'><strong>primunt</strong></span> 
     </span>
    </p>
   </div>
   <div class='ocr_carea' id='block_1_58' title="bbox 1909 2864 3495 2938">
    <p class='ocr_par' dir='ltr' id='par_1_58' title="bbox 1909 2864 3495 2938">
     <span class='ocr_line' id='line_1_58' title="bbox 1909 2864 3495 2938; baseline 0.001 -20"><span class='ocrx_word' id='word_1_403' title='bbox 1909 2864 2119 2936; x_wconf 81' lang='lat' dir='ltr'><strong>quidem</strong></span> <span class='ocrx_word' id='word_1_404' title='bbox 2155 2866 2345 2935; x_wconf 88' lang='lat' dir='ltr'><strong>pudica</strong></span> <span class='ocrx_word' id='word_1_405' title='bbox 2379 2875 2477 2932; x_wconf 89' lang='lat' dir='ltr'><strong>est,</strong></span> <span class='ocrx_word' id='word_1_406' title='bbox 2526 2867 2712 2921; x_wconf 89' lang='lat' dir='ltr'><strong>deinde</strong></span> <span class='ocrx_word' id='word_1_407' title='bbox 2736 2868 2979 2938; x_wconf 80' lang='lat' dir='ltr'><strong>paciﬁca,</strong></span> <span class='ocrx_word' id='word_1_408' title='bbox 3024 2868 3280 2932; x_wconf 86' lang='lat' dir='ltr'><strong>modesta,</strong></span> <span class='ocrx_word' id='word_1_409' title='bbox 3312 2868 3495 2921; x_wconf 89' lang='lat' dir='ltr'><strong>suadi-</strong></span> 
     </span>
    </p>
   </div>
   <div class='ocr_carea' id='block_1_59' title="bbox 1911 2953 3494 3026">
    <p class='ocr_par' dir='ltr' id='par_1_59' title="bbox 1911 2953 3494 3026">
     <span class='ocr_line' id='line_1_59' title="bbox 1911 2953 3494 3026; baseline 0.001 -19"><span class='ocrx_word' id='word_1_410' title='bbox 1911 2953 2050 3019; x_wconf 86' lang='lat' dir='ltr'><strong>bilis,</strong></span> <span class='ocrx_word' id='word_1_411' title='bbox 2076 2956 2223 3009; x_wconf 90' lang='lat' dir='ltr'><strong>bonis</strong></span> <span class='ocrx_word' id='word_1_412' title='bbox 2243 2956 2586 3020; x_wconf 84' lang='lat' dir='ltr'><strong>consentiens,</strong></span> <span class='ocrx_word' id='word_1_413' title='bbox 2610 2954 2763 3026; x_wconf 84' lang='lat' dir='ltr'><strong>plena</strong></span> <span class='ocrx_word' id='word_1_414' title='bbox 2784 2955 3144 3009; x_wconf 84' lang='lat' dir='ltr'><strong>misericordia</strong></span> <span class='ocrx_word' id='word_1_415' title='bbox 3164 2966 3210 3009; x_wconf 88' lang='lat' dir='ltr'><strong>et</strong></span> <span class='ocrx_word' id='word_1_416' title='bbox 3234 2954 3494 3024; x_wconf 77' lang='lat' dir='ltr'><strong>fructibus</strong></span> 
     </span>
    </p>
   </div>
   <div class='ocr_carea' id='block_1_60' title="bbox 1911 3044 3497 3116">
    <p class='ocr_par' dir='ltr' id='par_1_60' title="bbox 1911 3044 3497 3116">
     <span class='ocr_line' id='line_1_60' title="bbox 1911 3044 3497 3116; baseline -0.002 -16"><span class='ocrx_word' id='word_1_417' title='bbox 1911 3047 2080 3113; x_wconf 89' lang='lat' dir='ltr'><strong>bonis,</strong></span> <span class='ocrx_word' id='word_1_418' title='bbox 2111 3047 2365 3116; x_wconf 86' lang='lat' dir='ltr'><strong>judicans</strong></span> <span class='ocrx_word' id='word_1_419' title='bbox 2402 3048 2516 3101; x_wconf 86' lang='lat' dir='ltr'><strong>sine</strong></span> <span class='ocrx_word' id='word_1_420' title='bbox 2562 3045 2920 3100; x_wconf 85' lang='lat' dir='ltr'><strong>simulatione.</strong></span> <span class='ocrx_word' id='word_1_421' title='bbox 2954 3044 3185 3100; x_wconf 81' lang='lat' dir='ltr'><strong>Fructus</strong></span> <span class='ocrx_word' id='word_1_422' title='bbox 3203 3055 3379 3098; x_wconf 85' lang='lat' dir='ltr'><strong>autem</strong></span> <span class='ocrx_word' id='word_1_423' title='bbox 3402 3046 3497 3115; x_wconf 77' lang='lat' dir='ltr'><strong>ju-</strong></span> 
     </span>
    </p>
   </div>
   <div class='ocr_carea' id='block_1_61' title="bbox 1890 3135 3492 3221">
    <p class='ocr_par' dir='ltr' id='par_1_61' title="bbox 1890 3135 3492 3221">
     <span class='ocr_line' id='line_1_61' title="bbox 1890 3135 3492 3221; baseline 0 -31"><span class='ocrx_word' id='word_1_424' title='bbox 1890 3138 2069 3221; x_wconf 76' lang='lat' dir='ltr'><strong>stitite</strong></span> <span class='ocrx_word' id='word_1_425' title='bbox 2108 3139 2164 3192; x_wconf 90' lang='lat' dir='ltr'><strong>in</strong></span> <span class='ocrx_word' id='word_1_426' title='bbox 2193 3154 2323 3207; x_wconf 86' lang='lat' dir='ltr'><strong>pace</strong></span> <span class='ocrx_word' id='word_1_427' title='bbox 2365 3138 2656 3193; x_wconf 89' lang='lat' dir='ltr'><strong>seminatur</strong></span> <span class='ocrx_word' id='word_1_428' title='bbox 2706 3138 3018 3206; x_wconf 81' lang='lat' dir='ltr'><strong>facientibus</strong></span> <span class='ocrx_word' id='word_1_429' title='bbox 3061 3154 3237 3207; x_wconf 87' lang='lat' dir='ltr'><strong>pacem</strong></span> <span class='ocrx_word' id='word_1_430' title='bbox 3284 3135 3492 3206; x_wconf 68' lang='lat' dir='ltr'><strong>(Iacob.</strong></span> 
     </span>
    </p>
   </div>
   <div class='ocr_carea' id='block_1_62' title="bbox 1911 3227 3495 3299">
    <p class='ocr_par' dir='ltr' id='par_1_62' title="bbox 1911 3227 3495 3299">
     <span class='ocr_line' id='line_1_62' title="bbox 1911 3227 3495 3299; baseline -0.001 -17"><span class='ocrx_word' id='word_1_431' title='bbox 1911 3227 2016 3299; x_wconf 89' lang='grc' dir='ltr'><strong>ιιι).</strong></span> <span class='ocrx_word' id='word_1_432' title='bbox 2048 3228 2398 3298; x_wconf 86' lang='lat' dir='ltr'><strong>Nequaquam</strong></span> <span class='ocrx_word' id='word_1_433' title='bbox 2446 3228 2591 3284; x_wconf 91' lang='lat' dir='ltr'><strong>enim</strong></span> <span class='ocrx_word' id='word_1_434' title='bbox 2625 3228 2678 3282; x_wconf 92' lang='lat' dir='ltr'><strong>iu</strong></span> <span class='ocrx_word' id='word_1_435' title='bbox 2732 3227 3047 3283; x_wconf 83' lang='lat' dir='ltr'><strong>malevolam</strong></span> <span class='ocrx_word' id='word_1_436' title='bbox 3080 3236 3312 3281; x_wconf 89' lang='lat' dir='ltr'><strong>mentem</strong></span> <span class='ocrx_word' id='word_1_437' title='bbox 3366 3242 3495 3280; x_wconf 85' lang='lat' dir='ltr'><strong>vera</strong></span> 
     </span>
    </p>
   </div>
   <div class='ocr_carea' id='block_1_63' title="bbox 1912 3302 3500 3389">
    <p class='ocr_par' dir='ltr' id='par_1_63' title="bbox 1912 3302 3500 3389">
     <span class='ocr_line' id='line_1_63' title="bbox 1912 3302 3500 3389; baseline -0.004 -14"><span class='ocrx_word' id='word_1_438' title='bbox 1912 3320 2174 3389; x_wconf 87' lang='lat' dir='ltr'><strong>sapientia</strong></span> <span class='ocrx_word' id='word_1_439' title='bbox 2204 3302 2387 3383; x_wconf 88' lang='lat' dir='ltr'><strong>intrat,</strong></span> <span class='ocrx_word' id='word_1_440' title='bbox 2449 3335 2551 3374; x_wconf 88' lang='lat' dir='ltr'><strong>nec</strong></span> <span class='ocrx_word' id='word_1_441' title='bbox 2580 3319 2636 3373; x_wconf 90' lang='lat' dir='ltr'><strong>in</strong></span> <span class='ocrx_word' id='word_1_442' title='bbox 2660 3318 2970 3374; x_wconf 82' lang='lat' dir='ltr'><strong>facinoroso</strong></span> <span class='ocrx_word' id='word_1_443' title='bbox 2994 3318 3212 3372; x_wconf 89' lang='lat' dir='ltr'><strong>homine</strong></span> <span class='ocrx_word' id='word_1_444' title='bbox 3252 3316 3500 3371; x_wconf 82' lang='lat' dir='ltr'><strong>habitare</strong></span> 
     </span>
    </p>
   </div>
   <div class='ocr_carea' id='block_1_64' title="bbox 1908 3408 3497 3480">
    <p class='ocr_par' dir='ltr' id='par_1_64' title="bbox 1908 3408 3497 3480">
     <span class='ocr_line' id='line_1_64' title="bbox 1908 3408 3497 3480; baseline -0.004 -13"><span class='ocrx_word' id='word_1_445' title='bbox 1908 3412 2149 3480; x_wconf 88' lang='lat' dir='ltr'><strong>poterit;</strong></span> <span class='ocrx_word' id='word_1_446' title='bbox 2198 3412 2318 3467; x_wconf 88' lang='lat' dir='ltr'><strong>ideo</strong></span> <span class='ocrx_word' id='word_1_447' title='bbox 2392 3410 2593 3466; x_wconf 80' lang='lat' dir='ltr'><strong>frustra</strong></span> <span class='ocrx_word' id='word_1_448' title='bbox 2647 3411 2748 3466; x_wconf 82' lang='lat' dir='ltr'><strong>sibi</strong></span> <span class='ocrx_word' id='word_1_449' title='bbox 2799 3410 3147 3465; x_wconf 89' lang='lat' dir='ltr'><strong>blandiuntur</strong></span> <span class='ocrx_word' id='word_1_450' title='bbox 3193 3408 3497 3477; x_wconf 85' lang='lat' dir='ltr'><strong>philosophi</strong></span> 
     </span>
    </p>
   </div>
   <div class='ocr_carea' id='block_1_65' title="bbox 228 3492 3500 3575">
    <p class='ocr_par' dir='ltr' id='par_1_65' title="bbox 228 3492 3500 3575">
     <span class='ocr_line' id='line_1_65' title="bbox 228 3492 3500 3575; baseline -0.002 -17"><span class='ocrx_word' id='word_1_451' title='bbox 228 3505 358 3575; x_wconf 83' lang='lat' dir='ltr'><strong>legit</strong></span> <span class='ocrx_word' id='word_1_452' title='bbox 395 3514 559 3575; x_wconf 84' lang='lat' dir='ltr'><strong>atque</strong></span> <span class='ocrx_word' id='word_1_453' title='bbox 586 3504 870 3575; x_wconf 74' lang='lat' dir='ltr'><strong>intelligit,</strong></span> <span class='ocrx_word' id='word_1_454' title='bbox 915 3505 1047 3561; x_wconf 89' lang='lat' dir='ltr'><strong>etin</strong></span> <span class='ocrx_word' id='word_1_455' title='bbox 1073 3505 1419 3575; x_wconf 87' lang='lat' dir='ltr'><strong>simplicitate</strong></span> <span class='ocrx_word' id='word_1_456' title='bbox 1464 3505 1642 3559; x_wconf 85' lang='lat' dir='ltr'><strong>cordis</strong></span> <span class='ocrx_word' id='word_1_457' title='bbox 1683 3520 1809 3559; x_wconf 90' lang='lat' dir='ltr'><strong>eum</strong></span> <span class='ocrx_word' id='word_1_458' title='bbox 1837 3492 1882 3553; x_wconf 90' lang='lat' dir='ltr'><strong>C</strong></span> <span class='ocrx_word' id='word_1_459' title='bbox 1913 3503 2216 3573; x_wconf 82' lang='lat' dir='ltr'><strong>gentilium,</strong></span> <span class='ocrx_word' id='word_1_460' title='bbox 2246 3511 2302 3557; x_wconf 91' lang='lat' dir='ltr'><strong>et</strong></span> <span class='ocrx_word' id='word_1_461' title='bbox 2332 3518 2523 3557; x_wconf 90' lang='lat' dir='ltr'><strong>omnes</strong></span> <span class='ocrx_word' id='word_1_462' title='bbox 2552 3501 2810 3565; x_wconf 75' lang='lat' dir='ltr'><strong>lueretici,</strong></span> <span class='ocrx_word' id='word_1_463' title='bbox 2836 3515 2937 3555; x_wconf 89' lang='lat' dir='ltr'><strong>nec</strong></span> <span class='ocrx_word' id='word_1_464' title='bbox 2961 3516 3068 3554; x_wconf 90' lang='lat' dir='ltr'><strong>non</strong></span> <span class='ocrx_word' id='word_1_465' title='bbox 3110 3507 3166 3555; x_wconf 89' lang='lat' dir='ltr'><strong>et</strong></span> <span class='ocrx_word' id='word_1_466' title='bbox 3201 3500 3315 3554; x_wconf 80' lang='lat' dir='ltr'><strong>falsi</strong></span> <span class='ocrx_word' id='word_1_467' title='bbox 3340 3499 3500 3553; x_wconf 84' lang='lat' dir='ltr'><strong>Chri-</strong></span> 
     </span>
    </p>
   </div>
   <div class='ocr_carea' id='block_1_66' title="bbox 229 3594 1809 3666">
    <p class='ocr_par' dir='ltr' id='par_1_66' title="bbox 229 3594 1809 3666">
     <span class='ocr_line' id='line_1_66' title="bbox 229 3594 1809 3666; baseline 0 -16"><span class='ocrx_word' id='word_1_468' title='bbox 229 3596 446 3666; x_wconf 74' lang='lat' dir='ltr'><strong>quzerit,</strong></span> <span class='ocrx_word' id='word_1_469' title='bbox 485 3596 578 3663; x_wconf 89' lang='lat' dir='ltr'><strong>qui</strong></span> <span class='ocrx_word' id='word_1_470' title='bbox 627 3595 904 3650; x_wconf 90' lang='lat' dir='ltr'><strong>humiliter</strong></span> <span class='ocrx_word' id='word_1_471' title='bbox 924 3594 1042 3663; x_wconf 88' lang='lat' dir='ltr'><strong>ejus</strong></span> <span class='ocrx_word' id='word_1_472' title='bbox 1082 3595 1344 3650; x_wconf 88' lang='lat' dir='ltr'><strong>voluntati</strong></span> <span class='ocrx_word' id='word_1_473' title='bbox 1387 3608 1446 3649; x_wconf 90' lang='lat' dir='ltr'><strong>se</strong></span> <span class='ocrx_word' id='word_1_474' title='bbox 1496 3594 1713 3665; x_wconf 71' lang='lat' dir='ltr'><strong>subiicit</strong></span> <span class='ocrx_word' id='word_1_475' title='bbox 1738 3596 1809 3650; x_wconf 88' lang='lat' dir='ltr'><strong>ad</strong></span> 
     </span>
    </p>
   </div>
   <div class='ocr_carea' id='block_1_67' title="bbox 232 3686 1810 3756">
    <p class='ocr_par' dir='ltr' id='par_1_67' title="bbox 232 3686 1810 3756">
     <span class='ocr_line' id='line_1_67' title="bbox 232 3686 1810 3756; baseline -0.003 -10"><span class='ocrx_word' id='word_1_476' title='bbox 232 3688 647 3745; x_wconf 86' lang='lat' dir='ltr'><strong>custodiendum</strong></span> <span class='ocrx_word' id='word_1_477' title='bbox 677 3688 921 3744; x_wconf 87' lang='lat' dir='ltr'><strong>videlicet</strong></span> <span class='ocrx_word' id='word_1_478' title='bbox 950 3688 1201 3742; x_wconf 87' lang='lat' dir='ltr'><strong>mandata</strong></span> <span class='ocrx_word' id='word_1_479' title='bbox 1245 3686 1379 3755; x_wconf 82' lang='lat' dir='ltr'><strong>ejus.</strong></span> <span class='ocrx_word' id='word_1_480' title='bbox 1434 3686 1569 3741; x_wconf 89' lang='lat' dir='ltr'><strong>Nam</strong></span> <span class='ocrx_word' id='word_1_481' title='bbox 1598 3687 1688 3756; x_wconf 91' lang='lat' dir='ltr'><strong>qui</strong></span> <span class='ocrx_word' id='word_1_482' title='bbox 1723 3687 1810 3756; x_wconf 87' lang='lat' dir='ltr'><strong>pie</strong></span> 
     </span>
    </p>
   </div>
   <div class='ocr_carea' id='block_1_68' title="bbox 232 3777 1811 3850">
    <p class='ocr_par' dir='ltr' id='par_1_68' title="bbox 232 3777 1811 3850">
     <span class='ocr_line' id='line_1_68' title="bbox 232 3777 1811 3850; baseline -0.003 -15"><span class='ocrx_word' id='word_1_483' title='bbox 232 3781 430 3850; x_wconf 64' lang='lat' dir='ltr'><strong>quaerit</strong></span> <span class='ocrx_word' id='word_1_484' title='bbox 476 3779 786 3843; x_wconf 88' lang='lat' dir='ltr'><strong>Dominum,</strong></span> <span class='ocrx_word' id='word_1_485' title='bbox 825 3780 1056 3833; x_wconf 82' lang='lat' dir='ltr'><strong>honorat</strong></span> <span class='ocrx_word' id='word_1_486' title='bbox 1098 3793 1307 3833; x_wconf 89' lang='lat' dir='ltr'><strong>sacram</strong></span> <span class='ocrx_word' id='word_1_487' title='bbox 1339 3777 1697 3847; x_wconf 88' lang='lat' dir='ltr'><strong>Scripturam,</strong></span> <span class='ocrx_word' id='word_1_488' title='bbox 1754 3785 1811 3831; x_wconf 92' lang='lat' dir='ltr'><strong>et</strong></span> 
     </span>
    </p>
   </div>
   <div class='ocr_carea' id='block_1_69' title="bbox 234 3869 1813 3940">
    <p class='ocr_par' dir='ltr' id='par_1_69' title="bbox 234 3869 1813 3940">
     <span class='ocr_line' id='line_1_69' title="bbox 234 3869 1813 3940; baseline -0.003 -14"><span class='ocrx_word' id='word_1_489' title='bbox 234 3886 338 3926; x_wconf 86' lang='lat' dir='ltr'><strong>non</strong></span> <span class='ocrx_word' id='word_1_490' title='bbox 366 3869 718 3939; x_wconf 84' lang='lat' dir='ltr'><strong>reprehendit</strong></span> <span class='ocrx_word' id='word_1_491' title='bbox 742 3869 884 3938; x_wconf 89' lang='lat' dir='ltr'><strong>quod</strong></span> <span class='ocrx_word' id='word_1_492' title='bbox 916 3869 1153 3923; x_wconf 87' lang='lat' dir='ltr'><strong>nondum</strong></span> <span class='ocrx_word' id='word_1_493' title='bbox 1186 3869 1452 3940; x_wconf 80' lang='lat' dir='ltr'><strong>intelligit,</strong></span> <span class='ocrx_word' id='word_1_494' title='bbox 1481 3876 1538 3922; x_wconf 91' lang='lat' dir='ltr'><strong>et</strong></span> <span class='ocrx_word' id='word_1_495' title='bbox 1564 3877 1813 3939; x_wconf 88' lang='lat' dir='ltr'><strong>propter-</strong></span> 
     </span>
    </p>
   </div>
   <div class='ocr_carea' id='block_1_70' title="bbox 233 3960 1812 4030">
    <p class='ocr_par' dir='ltr' id='par_1_70' title="bbox 233 3960 1812 4030">
     <span class='ocr_line' id='line_1_70' title="bbox 233 3960 1812 4030; baseline -0.002 -13"><span class='ocrx_word' id='word_1_496' title='bbox 233 3977 297 4017; x_wconf 86' lang='lat' dir='ltr'><strong>ea</strong></span> <span class='ocrx_word' id='word_1_497' title='bbox 332 3977 441 4016; x_wconf 91' lang='lat' dir='ltr'><strong>non</strong></span> <span class='ocrx_word' id='word_1_498' title='bbox 485 3961 691 4016; x_wconf 72' lang='lat' dir='ltr'><strong>resistit</strong></span> <span class='ocrx_word' id='word_1_499' title='bbox 733 3979 744 4014; x_wconf 95' lang='lat'>:</span> <span class='ocrx_word' id='word_1_500' title='bbox 778 3961 921 4030; x_wconf 89' lang='lat' dir='ltr'><strong>quod</strong></span> <span class='ocrx_word' id='word_1_501' title='bbox 974 3969 1057 4015; x_wconf 90' lang='lat' dir='ltr'><strong>est</strong></span> <span class='ocrx_word' id='word_1_502' title='bbox 1110 3962 1297 4016; x_wconf 86' lang='lat' dir='ltr'><strong>mitem</strong></span> <span class='ocrx_word' id='word_1_503' title='bbox 1332 3974 1476 4025; x_wconf 88' lang='lat' dir='ltr'><strong>esse,</strong></span> <span class='ocrx_word' id='word_1_504' title='bbox 1504 3960 1571 4014; x_wconf 91' lang='lat' dir='ltr'><strong>de</strong></span> <span class='ocrx_word' id='word_1_505' title='bbox 1618 3975 1725 4029; x_wconf 91' lang='lat' dir='ltr'><strong>quo</strong></span> <span class='ocrx_word' id='word_1_506' title='bbox 1756 3960 1812 4014; x_wconf 90' lang='lat' dir='ltr'><strong>in</strong></span> 
     </span>
    </p>
   </div>
   <div class='ocr_carea' id='block_1_71' title="bbox 236 4048 1813 4121">
    <p class='ocr_par' dir='ltr' id='par_1_71' title="bbox 236 4048 1813 4121">
     <span class='ocr_line' id='line_1_71' title="bbox 236 4048 1813 4121; baseline -0.001 -17"><span class='ocrx_word' id='word_1_507' title='bbox 236 4050 530 4121; x_wconf 72' lang='lat' dir='ltr'><strong>Evangelia</strong></span> <span class='ocrx_word' id='word_1_508' title='bbox 573 4049 786 4104; x_wconf 74' lang='lat' dir='ltr'><strong>Veritas</strong></span> <span class='ocrx_word' id='word_1_509' title='bbox 828 4051 943 4120; x_wconf 89' lang='lat' dir='ltr'><strong>ipsa</strong></span> <span class='ocrx_word' id='word_1_510' title='bbox 989 4051 1067 4104; x_wconf 86' lang='lat' dir='ltr'><strong>ait</strong></span> <span class='ocrx_word' id='word_1_511' title='bbox 1103 4069 1115 4103; x_wconf 93' lang='lat'>:</span> <span class='ocrx_word' id='word_1_512' title='bbox 1147 4048 1296 4103; x_wconf 84' lang='lat' dir='ltr'><strong>Beati</strong></span> <span class='ocrx_word' id='word_1_513' title='bbox 1358 4050 1527 4113; x_wconf 85' lang='lat' dir='ltr'><strong>mites,</strong></span> <span class='ocrx_word' id='word_1_514' title='bbox 1563 4050 1813 4120; x_wconf 84' lang='lat' dir='ltr'><strong>quoniam</strong></span> 
     </span>
    </p>
   </div>
   <div class='ocr_carea' id='block_1_72' title="bbox 234 4142 1817 4213">
    <p class='ocr_par' dir='ltr' id='par_1_72' title="bbox 234 4142 1817 4213">
     <span class='ocr_line' id='line_1_72' title="bbox 234 4142 1817 4213; baseline 0.002 -19"><span class='ocrx_word' id='word_1_515' title='bbox 234 4144 331 4213; x_wconf 83' lang='lat' dir='ltr'><strong>ipsi</strong></span> <span class='ocrx_word' id='word_1_516' title='bbox 371 4143 707 4212; x_wconf 83' lang='lat' dir='ltr'><strong>possidebunt</strong></span> <span class='ocrx_word' id='word_1_517' title='bbox 742 4153 935 4197; x_wconf 86' lang='lat' dir='ltr'><strong>terram</strong></span> <span class='ocrx_word' id='word_1_518' title='bbox 979 4142 1191 4213; x_wconf 73' lang='lat' dir='ltr'><strong>(Matth.</strong></span> <span class='ocrx_word' id='word_1_519' title='bbox 1215 4142 1292 4213; x_wconf 93' lang='lat' dir='ltr'><strong>v).</strong></span> <span class='ocrx_word' id='word_1_520' title='bbox 1334 4143 1471 4198; x_wconf 82' lang='lat' dir='ltr'><strong>Hinc</strong></span> <span class='ocrx_word' id='word_1_521' title='bbox 1495 4158 1626 4213; x_wconf 84' lang='lat' dir='ltr'><strong>ergo</strong></span> <span class='ocrx_word' id='word_1_522' title='bbox 1659 4159 1817 4198; x_wconf 90' lang='lat' dir='ltr'><strong>mun-</strong></span> 
     </span>
    </p>
   </div>
   <div class='ocr_carea' id='block_1_73' title="bbox 237 4233 1818 4306">
    <p class='ocr_par' dir='ltr' id='par_1_73' title="bbox 237 4233 1818 4306">
     <span class='ocr_line' id='line_1_73' title="bbox 237 4233 1818 4306; baseline 0.002 -20"><span class='ocrx_word' id='word_1_523' title='bbox 237 4233 292 4287; x_wconf 90' lang='lat' dir='ltr'><strong>di</strong></span> <span class='ocrx_word' id='word_1_524' title='bbox 320 4234 650 4303; x_wconf 89' lang='lat' dir='ltr'><strong>philosophi,</strong></span> <span class='ocrx_word' id='word_1_525' title='bbox 691 4243 956 4289; x_wconf 89' lang='lat' dir='ltr'><strong>eteorum</strong></span> <span class='ocrx_word' id='word_1_526' title='bbox 992 4249 1254 4304; x_wconf 84' lang='lat' dir='ltr'><strong>sequaces</strong></span> <span class='ocrx_word' id='word_1_527' title='bbox 1277 4235 1818 4306; x_wconf 72' lang='lat' dir='ltr'><strong>haereticiexcipiun-</strong></span> 
     </span>
    </p>
   </div>
   <div class='ocr_carea' id='block_1_74' title="bbox 242 4322 1816 4395">
    <p class='ocr_par' dir='ltr' id='par_1_74' title="bbox 242 4322 1816 4395">
     <span class='ocr_line' id='line_1_74' title="bbox 242 4322 1816 4395; baseline 0.003 -20"><span class='ocrx_word' id='word_1_528' title='bbox 242 4330 327 4376; x_wconf 86' lang='lat' dir='ltr'><strong>tur</strong></span> <span class='ocrx_word' id='word_1_529' title='bbox 367 4322 461 4393; x_wconf 87' lang='lat' dir='ltr'><strong>qui</strong></span> <span class='ocrx_word' id='word_1_530' title='bbox 486 4323 697 4378; x_wconf 86' lang='lat' dir='ltr'><strong>ratione</strong></span> <span class='ocrx_word' id='word_1_531' title='bbox 719 4324 953 4379; x_wconf 85' lang='lat' dir='ltr'><strong>humana</strong></span> <span class='ocrx_word' id='word_1_532' title='bbox 982 4331 1192 4379; x_wconf 89' lang='lat' dir='ltr'><strong>secreta</strong></span> <span class='ocrx_word' id='word_1_533' title='bbox 1220 4340 1281 4379; x_wconf 90' lang='lat' dir='ltr'><strong>se</strong></span> <span class='ocrx_word' id='word_1_534' title='bbox 1325 4326 1597 4379; x_wconf 58' lang='lat' dir='ltr'><strong>aestimant</strong></span> <span class='ocrx_word' id='word_1_535' title='bbox 1622 4340 1816 4395; x_wconf 88' lang='lat' dir='ltr'><strong>capere</strong></span> 
     </span>
    </p>
   </div>
   <div class='ocr_carea' id='block_1_75' title="bbox 240 4415 1819 4487">
    <p class='ocr_par' dir='ltr' id='par_1_75' title="bbox 240 4415 1819 4487">
     <span class='ocr_line' id='line_1_75' title="bbox 240 4415 1819 4487; baseline 0.001 -17"><span class='ocrx_word' id='word_1_536' title='bbox 240 4429 399 4483; x_wconf 80' lang='lat' dir='ltr'><strong>posse</strong></span> <span class='ocrx_word' id='word_1_537' title='bbox 453 4415 658 4479; x_wconf 79' lang='lat' dir='ltr'><strong>divina,</strong></span> <span class='ocrx_word' id='word_1_538' title='bbox 709 4432 832 4472; x_wconf 89' lang='lat' dir='ltr'><strong>cum</strong></span> <span class='ocrx_word' id='word_1_539' title='bbox 899 4417 1157 4486; x_wconf 87' lang='lat' dir='ltr'><strong>scriptum</strong></span> <span class='ocrx_word' id='word_1_540' title='bbox 1204 4417 1318 4472; x_wconf 88' lang='lat' dir='ltr'><strong>sit:</strong></span> <span class='ocrx_word' id='word_1_541' title='bbox 1352 4416 1672 4487; x_wconf 84' lang='lat' dir='ltr'><strong>Sapientiam</strong></span> <span class='ocrx_word' id='word_1_542' title='bbox 1720 4418 1819 4472; x_wconf 82' lang='lat' dir='ltr'><strong>Dei</strong></span> 
     </span>
    </p>
   </div>
   <div class='ocr_carea' id='block_1_76' title="bbox 239 4507 1817 4580">
    <p class='ocr_par' dir='ltr' id='par_1_76' title="bbox 239 4507 1817 4580">
     <span class='ocr_line' id='line_1_76' title="bbox 239 4507 1817 4580; baseline 0.003 -20"><span class='ocrx_word' id='word_1_543' title='bbox 239 4507 617 4577; x_wconf 58' lang='lat' dir='ltr'><strong>praecedentem</strong></span> <span class='ocrx_word' id='word_1_544' title='bbox 648 4510 825 4562; x_wconf 82' lang='lat' dir='ltr'><strong>omnia</strong></span> <span class='ocrx_word' id='word_1_545' title='bbox 863 4510 978 4580; x_wconf 89' lang='lat' dir='ltr'><strong>quis</strong></span> <span class='ocrx_word' id='word_1_546' title='bbox 1006 4509 1374 4579; x_wconf 83' lang='lat' dir='ltr'><strong>investigabit?</strong></span> <span class='ocrx_word' id='word_1_547' title='bbox 1418 4509 1487 4564; x_wconf 81' lang='lat' dir='ltr'><strong>Et</strong></span> <span class='ocrx_word' id='word_1_548' title='bbox 1525 4509 1817 4579; x_wconf 82' lang='lat' dir='ltr'><strong>Apostolus</strong></span> 
     </span>
    </p>
   </div>
   <div class='ocr_carea' id='block_1_77' title="bbox 241 4596 1816 4671">
    <p class='ocr_par' dir='ltr' id='par_1_77' title="bbox 241 4596 1816 4671">
     <span class='ocr_line' id='line_1_77' title="bbox 241 4596 1816 4671; baseline 0.002 -19"><span class='ocrx_word' id='word_1_549' title='bbox 241 4596 529 4653; x_wconf 73' lang='lat' dir='ltr'><strong>manifeste</strong></span> <span class='ocrx_word' id='word_1_550' title='bbox 551 4599 732 4654; x_wconf 87' lang='lat' dir='ltr'><strong>dicat:</strong></span> <span class='ocrx_word' id='word_1_551' title='bbox 759 4599 1309 4671; x_wconf 78' lang='lat' dir='ltr'><strong>Incompreltensibilia</strong></span> <span class='ocrx_word' id='word_1_552' title='bbox 1332 4617 1437 4654; x_wconf 74' lang='lat' dir='ltr'><strong>esse</strong></span> <span class='ocrx_word' id='word_1_553' title='bbox 1449 4602 1659 4670; x_wconf 86' lang='lat' dir='ltr'><strong>judicia</strong></span> <span class='ocrx_word' id='word_1_554' title='bbox 1696 4600 1816 4668; x_wconf 87' lang='lat' dir='ltr'><strong>Dei,</strong></span> 
     </span>
    </p>
   </div>
   <div class='ocr_carea' id='block_1_78' title="bbox 242 4688 1823 4761">
    <p class='ocr_par' dir='ltr' id='par_1_78' title="bbox 242 4688 1823 4761">
     <span class='ocr_line' id='line_1_78' title="bbox 242 4688 1823 4761; baseline 0.001 -17"><span class='ocrx_word' id='word_1_555' title='bbox 242 4699 289 4744; x_wconf 82' lang='lat' dir='ltr'><strong>et</strong></span> <span class='ocrx_word' id='word_1_556' title='bbox 316 4688 703 4758; x_wconf 76' lang='lat' dir='ltr'><strong>investigabiles</strong></span> <span class='ocrx_word' id='word_1_557' title='bbox 728 4689 840 4743; x_wconf 82' lang='lat' dir='ltr'><strong>vias</strong></span> <span class='ocrx_word' id='word_1_558' title='bbox 858 4690 975 4760; x_wconf 88' lang='lat' dir='ltr'><strong>ejus</strong></span> <span class='ocrx_word' id='word_1_559' title='bbox 997 4706 1016 4743; x_wconf 93' lang='lat'><strong><em>:</em></strong></span> <span class='ocrx_word' id='word_1_560' title='bbox 1041 4690 1133 4759; x_wconf 86' lang='lat' dir='ltr'><strong>qui</strong></span> <span class='ocrx_word' id='word_1_561' title='bbox 1155 4691 1209 4745; x_wconf 91' lang='lat' dir='ltr'><strong>in</strong></span> <span class='ocrx_word' id='word_1_562' title='bbox 1229 4691 1480 4759; x_wconf 66' lang='lat' dir='ltr'><strong>prtesenti</strong></span> <span class='ocrx_word' id='word_1_563' title='bbox 1506 4692 1614 4745; x_wconf 89' lang='lat' dir='ltr'><strong>vita</strong></span> <span class='ocrx_word' id='word_1_564' title='bbox 1641 4692 1823 4761; x_wconf 87' lang='lat' dir='ltr'><strong>potius</strong></span> 
     </span>
    </p>
   </div>
   <div class='ocr_carea' id='block_1_79' title="bbox 243 4780 1817 4853">
    <p class='ocr_par' dir='ltr' id='par_1_79' title="bbox 243 4780 1817 4853">
     <span class='ocr_line' id='line_1_79' title="bbox 243 4780 1817 4853; baseline 0.001 -18"><span class='ocrx_word' id='word_1_565' title='bbox 243 4780 507 4836; x_wconf 84' lang='lat' dir='ltr'><strong>colendus</strong></span> <span class='ocrx_word' id='word_1_566' title='bbox 541 4788 626 4836; x_wconf 88' lang='lat' dir='ltr'><strong>est</strong></span> <span class='ocrx_word' id='word_1_567' title='bbox 667 4787 812 4836; x_wconf 89' lang='lat' dir='ltr'><strong>recta</strong></span> <span class='ocrx_word' id='word_1_568' title='bbox 846 4781 964 4845; x_wconf 81' lang='lat' dir='ltr'><strong>(ide,</strong></span> <span class='ocrx_word' id='word_1_569' title='bbox 996 4796 1161 4850; x_wconf 88' lang='lat' dir='ltr'><strong>quam</strong></span> <span class='ocrx_word' id='word_1_570' title='bbox 1188 4781 1400 4839; x_wconf 85' lang='lat' dir='ltr'><strong>incauta</strong></span> <span class='ocrx_word' id='word_1_571' title='bbox 1437 4782 1817 4853; x_wconf 83' lang='lat' dir='ltr'><strong>disputatione.</strong></span> 
     </span>
    </p>
   </div>
   <div class='ocr_carea' id='block_1_80' title="bbox 245 4871 817 4944">
    <p class='ocr_par' dir='ltr' id='par_1_80' title="bbox 245 4871 817 4944">
     <span class='ocr_line' id='line_1_80' title="bbox 245 4871 817 4944; baseline -0.002 -15"><span class='ocrx_word' id='word_1_572' title='bbox 245 4871 401 4929; x_wconf 83' lang='lat' dir='ltr'><strong>Unde</strong></span> <span class='ocrx_word' id='word_1_573' title='bbox 434 4871 777 4944; x_wconf 79' lang='lat' dir='ltr'><strong>subjungitur</strong></span> <span class='ocrx_word' id='word_1_574' title='bbox 803 4893 817 4928; x_wconf 92' lang='lat'><strong>:</strong></span> 
     </span>
    </p>
   </div>
   <div class='ocr_carea' id='block_1_81' title="bbox 318 4965 1818 5038">
    <p class='ocr_par' dir='ltr' id='par_1_81' title="bbox 318 4965 1818 5038">
     <span class='ocr_line' id='line_1_81' title="bbox 318 4965 1818 5038; baseline 0.001 -17"><span class='ocrx_word' id='word_1_575' title='bbox 318 4965 587 5032; x_wconf 77' lang='lat' dir='ltr'><strong>Quoniam</strong></span> <span class='ocrx_word' id='word_1_576' title='bbox 626 4966 888 5021; x_wconf 79' lang='lat' dir='ltr'><strong>invenitur</strong></span> <span class='ocrx_word' id='word_1_577' title='bbox 930 4966 994 5020; x_wconf 91' lang='lat' dir='ltr'><strong>ab</strong></span> <span class='ocrx_word' id='word_1_578' title='bbox 1019 4966 1101 5022; x_wconf 78' lang='lat' dir='ltr'><strong>his</strong></span> <span class='ocrx_word' id='word_1_579' title='bbox 1142 4966 1233 5038; x_wconf 89' lang='lat' dir='ltr'><strong>qui</strong></span> <span class='ocrx_word' id='word_1_580' title='bbox 1278 4982 1383 5021; x_wconf 90' lang='lat' dir='ltr'><strong>non</strong></span> <span class='ocrx_word' id='word_1_581' title='bbox 1414 4977 1613 5022; x_wconf 88' lang='lat' dir='ltr'><strong>tentant</strong></span> <span class='ocrx_word' id='word_1_582' title='bbox 1641 4968 1818 5036; x_wconf 87' lang='lat' dir='ltr'><strong>illum,</strong></span> 
     </span>
    </p>
   </div>
   <div class='ocr_carea' id='block_1_82' title="bbox 241 5057 1828 5133">
    <p class='ocr_par' dir='ltr' id='par_1_82' title="bbox 241 5057 1828 5133">
     <span class='ocr_line' id='line_1_82' title="bbox 241 5057 1828 5133; baseline 0.002 -22"><span class='ocrx_word' id='word_1_583' title='bbox 241 5066 466 5133; x_wconf 73' lang='lat' dir='ltr'><strong>apparet</strong></span> <span class='ocrx_word' id='word_1_584' title='bbox 487 5067 661 5113; x_wconf 75' lang='lat' dir='ltr'><strong>autem</strong></span> <span class='ocrx_word' id='word_1_585' title='bbox 694 5060 770 5113; x_wconf 83' lang='lat' dir='ltr'><strong>eis</strong></span> <span class='ocrx_word' id='word_1_586' title='bbox 813 5060 904 5130; x_wconf 87' lang='lat' dir='ltr'><strong>qui</strong></span> <span class='ocrx_word' id='word_1_587' title='bbox 928 5057 1086 5128; x_wconf 73' lang='lat' dir='ltr'><strong>[idem</strong></span> <span class='ocrx_word' id='word_1_588' title='bbox 1117 5059 1305 5113; x_wconf 80' lang='lat' dir='ltr'><strong>habent</strong></span> <span class='ocrx_word' id='word_1_589' title='bbox 1326 5059 1382 5112; x_wconf 88' lang='lat' dir='ltr'><strong>in</strong></span> <span class='ocrx_word' id='word_1_590' title='bbox 1404 5057 1575 5112; x_wconf 86' lang='lat' dir='ltr'><strong>illum.</strong></span> <span class='ocrx_word' id='word_1_591' title='bbox 1608 5058 1828 5114; x_wconf 82' lang='lat' dir='ltr'><strong>Pericu-</strong></span> 
     </span>
    </p>
   </div>
   <div class='ocr_carea' id='block_1_83' title="bbox 242 5148 1827 5218">
    <p class='ocr_par' dir='ltr' id='par_1_83' title="bbox 242 5148 1827 5218">
     <span class='ocr_line' id='line_1_83' title="bbox 242 5148 1827 5218; baseline -0.001 -14"><span class='ocrx_word' id='word_1_592' title='bbox 242 5149 425 5204; x_wconf 79' lang='lat' dir='ltr'><strong>lostntt</strong></span> <span class='ocrx_word' id='word_1_593' title='bbox 466 5156 554 5204; x_wconf 86' lang='lat' dir='ltr'><strong>est</strong></span> <span class='ocrx_word' id='word_1_594' title='bbox 592 5150 739 5205; x_wconf 88' lang='lat' dir='ltr'><strong>enim</strong></span> <span class='ocrx_word' id='word_1_595' title='bbox 770 5149 1005 5204; x_wconf 82' lang='lat' dir='ltr'><strong>humana</strong></span> <span class='ocrx_word' id='word_1_596' title='bbox 1043 5148 1464 5218; x_wconf 61' lang='lat' dir='ltr'><strong>praasumptioue</strong></span> <span class='ocrx_word' id='word_1_597' title='bbox 1506 5148 1674 5204; x_wconf 89' lang='lat' dir='ltr'><strong>Deum</strong></span> <span class='ocrx_word' id='word_1_598' title='bbox 1709 5157 1827 5204; x_wconf 88' lang='lat' dir='ltr'><strong>ten-</strong></span> 
     </span>
    </p>
   </div>
   <div class='ocr_carea' id='block_1_84' title="bbox 244 5237 1824 5311">
    <p class='ocr_par' dir='ltr' id='par_1_84' title="bbox 244 5237 1824 5311">
     <span class='ocr_line' id='line_1_84' title="bbox 244 5237 1824 5311; baseline -0.003 -15"><span class='ocrx_word' id='word_1_599' title='bbox 244 5249 394 5305; x_wconf 69' lang='lat' dir='ltr'><strong>tare,</strong></span> <span class='ocrx_word' id='word_1_600' title='bbox 454 5254 580 5295; x_wconf 81' lang='lat' dir='ltr'><strong>cum</strong></span> <span class='ocrx_word' id='word_1_601' title='bbox 632 5241 897 5311; x_wconf 82' lang='lat' dir='ltr'><strong>scriptum</strong></span> <span class='ocrx_word' id='word_1_602' title='bbox 944 5239 1061 5295; x_wconf 82' lang='lat' dir='ltr'><strong>sit:</strong></span> <span class='ocrx_word' id='word_1_603' title='bbox 1101 5237 1228 5292; x_wconf 84' lang='lat' dir='ltr'><strong>Non</strong></span> <span class='ocrx_word' id='word_1_604' title='bbox 1276 5237 1497 5292; x_wconf 82' lang='lat' dir='ltr'><strong>tentabis</strong></span> <span class='ocrx_word' id='word_1_605' title='bbox 1546 5237 1824 5292; x_wconf 84' lang='lat' dir='ltr'><strong>Dominam</strong></span> 
     </span>
    </p>
   </div>
   <div class='ocr_carea' id='block_1_85' title="bbox 248 5327 1827 5386">
    <p class='ocr_par' dir='ltr' id='par_1_85' title="bbox 248 5327 1827 5386">
     <span class='ocr_line' id='line_1_85' title="bbox 248 5327 1827 5386; baseline 0.002 -6"><span class='ocrx_word' id='word_1_606' title='bbox 248 5330 421 5384; x_wconf 68' lang='lat' dir='ltr'><strong>nam</strong></span> <span class='ocrx_word' id='word_1_607' title='bbox 458 5338 627 5385; x_wconf 77' lang='lat' dir='ltr'><strong>tuum.</strong></span> <span class='ocrx_word' id='word_1_608' title='bbox 656 5329 763 5386; x_wconf 87' lang='lat' dir='ltr'><strong>Sed</strong></span> <span class='ocrx_word' id='word_1_609' title='bbox 794 5330 1009 5386; x_wconf 86' lang='lat' dir='ltr'><strong>salubre</strong></span> <span class='ocrx_word' id='word_1_610' title='bbox 1035 5338 1118 5385; x_wconf 89' lang='lat' dir='ltr'><strong>est</strong></span> <span class='ocrx_word' id='word_1_611' title='bbox 1146 5328 1251 5384; x_wconf 78' lang='lat' dir='ltr'><strong>ﬁde</strong></span> <span class='ocrx_word' id='word_1_612' title='bbox 1282 5336 1428 5384; x_wconf 87' lang='lat' dir='ltr'><strong>recta</strong></span> <span class='ocrx_word' id='word_1_613' title='bbox 1473 5327 1621 5383; x_wconf 88' lang='lat' dir='ltr'><strong>illum</strong></span> <span class='ocrx_word' id='word_1_614' title='bbox 1658 5329 1827 5383; x_wconf 86' lang='lat' dir='ltr'><strong>hono-</strong></span> 
     </span>
    </p>
   </div>
   <div class='ocr_carea' id='block_1_86' title="bbox 242 5421 1213 5493">
    <p class='ocr_par' dir='ltr' id='par_1_86' title="bbox 242 5421 1213 5493">
     <span class='ocr_line' id='line_1_86' title="bbox 242 5421 1213 5493; baseline -0.003 -14"><span class='ocrx_word' id='word_1_615' title='bbox 242 5436 402 5488; x_wconf 71' lang='lat' dir='ltr'><strong>rare,</strong></span> <span class='ocrx_word' id='word_1_616' title='bbox 448 5423 574 5492; x_wconf 85' lang='lat' dir='ltr'><strong>quia</strong></span> <span class='ocrx_word' id='word_1_617' title='bbox 595 5422 781 5493; x_wconf 82' lang='lat' dir='ltr'><strong>justus</strong></span> <span class='ocrx_word' id='word_1_618' title='bbox 800 5438 869 5478; x_wconf 77' lang='lat' dir='ltr'><strong>ex</strong></span> <span class='ocrx_word' id='word_1_619' title='bbox 919 5421 1026 5477; x_wconf 77' lang='lat' dir='ltr'><strong>ﬁde</strong></span> <span class='ocrx_word' id='word_1_620' title='bbox 1061 5421 1213 5477; x_wconf 86' lang='lat' dir='ltr'><strong>vivit.</strong></span> 
     </span>
    </p>
   </div>
   <div class='ocr_carea' id='block_1_87' title="bbox 325 5511 1832 5585">
    <p class='ocr_par' dir='ltr' id='par_1_87' title="bbox 325 5511 1832 5585">
     <span class='ocr_line' id='line_1_87' title="bbox 325 5511 1832 5585; baseline -0.001 -18"><span class='ocrx_word' id='word_1_621' title='bbox 325 5513 597 5569; x_wconf 79' lang='lat' dir='ltr'><strong>Pmersa:</strong></span> <span class='ocrx_word' id='word_1_622' title='bbox 614 5514 754 5568; x_wconf 85' lang='lat' dir='ltr'><strong>enim</strong></span> <span class='ocrx_word' id='word_1_623' title='bbox 775 5514 1111 5585; x_wconf 82' lang='lat' dir='ltr'><strong>cogitationes</strong></span> <span class='ocrx_word' id='word_1_624' title='bbox 1132 5521 1375 5583; x_wconf 85' lang='lat' dir='ltr'><strong>separant</strong></span> <span class='ocrx_word' id='word_1_625' title='bbox 1395 5529 1427 5565; x_wconf 91' lang='lat' dir='ltr'><strong>a</strong></span> <span class='ocrx_word' id='word_1_626' title='bbox 1450 5511 1593 5576; x_wconf 90' lang='lat' dir='ltr'><strong>Deo;</strong></span> <span class='ocrx_word' id='word_1_627' title='bbox 1613 5512 1832 5581; x_wconf 86' lang='lat' dir='ltr'><strong>probata</strong></span> 
     </span>
    </p>
   </div>
   <div class='ocr_carea' id='block_1_88' title="bbox 248 5601 1833 5675">
    <p class='ocr_par' dir='ltr' id='par_1_88' title="bbox 248 5601 1833 5675">
     <span class='ocr_line' id='line_1_88' title="bbox 248 5601 1833 5675; baseline -0.003 -14"><span class='ocrx_word' id='word_1_628' title='bbox 248 5617 431 5674; x_wconf 67' lang='lat' dir='ltr'><strong>autum</strong></span> <span class='ocrx_word' id='word_1_629' title='bbox 460 5605 622 5659; x_wconf 68' lang='lat' dir='ltr'><strong>uirtus</strong></span> <span class='ocrx_word' id='word_1_630' title='bbox 646 5606 859 5665; x_wconf 73' lang='lat' dir='ltr'><strong>corripit</strong></span> <span class='ocrx_word' id='word_1_631' title='bbox 883 5605 1200 5675; x_wconf 83' lang='lat' dir='ltr'><strong>insipientes.</strong></span> <span class='ocrx_word' id='word_1_632' title='bbox 1226 5601 1565 5658; x_wconf 79' lang='lat' dir='ltr'><strong>Manifestum</strong></span> <span class='ocrx_word' id='word_1_633' title='bbox 1586 5606 1670 5655; x_wconf 85' lang='lat' dir='ltr'><strong>est</strong></span> <span class='ocrx_word' id='word_1_634' title='bbox 1690 5601 1833 5670; x_wconf 83' lang='lat' dir='ltr'><strong>quod</strong></span> 
     </span>
    </p>
   </div>
   <div class='ocr_carea' id='block_1_89' title="bbox 1912 3588 3495 3663">
    <p class='ocr_par' dir='ltr' id='par_1_89' title="bbox 1912 3588 3495 3663">
     <span class='ocr_line' id='line_1_89' title="bbox 1912 3588 3495 3663; baseline -0.004 -15"><span class='ocrx_word' id='word_1_635' title='bbox 1912 3592 2094 3653; x_wconf 85' lang='lat' dir='ltr'><strong>stiani,</strong></span> <span class='ocrx_word' id='word_1_636' title='bbox 2148 3592 2241 3663; x_wconf 86' lang='lat' dir='ltr'><strong>qui</strong></span> <span class='ocrx_word' id='word_1_637' title='bbox 2267 3608 2326 3647; x_wconf 90' lang='lat' dir='ltr'><strong>se</strong></span> <span class='ocrx_word' id='word_1_638' title='bbox 2354 3593 2690 3647; x_wconf 88' lang='lat' dir='ltr'><strong>arbitrantur</strong></span> <span class='ocrx_word' id='word_1_639' title='bbox 2715 3588 2931 3643; x_wconf 83' lang='lat' dir='ltr'><strong>sordida</strong></span> <span class='ocrx_word' id='word_1_640' title='bbox 2964 3598 3142 3643; x_wconf 88' lang='lat' dir='ltr'><strong>mente</strong></span> <span class='ocrx_word' id='word_1_641' title='bbox 3177 3597 3231 3641; x_wconf 90' lang='lat' dir='ltr'><strong>et</strong></span> <span class='ocrx_word' id='word_1_642' title='bbox 3267 3589 3495 3645; x_wconf 84' lang='lat' dir='ltr'><strong>scelesta</strong></span> 
     </span>
    </p>
   </div>
   <div class='ocr_carea' id='block_1_90' title="bbox 1911 3679 3499 3754">
    <p class='ocr_par' dir='ltr' id='par_1_90' title="bbox 1911 3679 3499 3754">
     <span class='ocr_line' id='line_1_90' title="bbox 1911 3679 3499 3754; baseline -0.004 -15"><span class='ocrx_word' id='word_1_643' title='bbox 1911 3684 2323 3739; x_wconf 86' lang='lat' dir='ltr'><strong>conversatione</strong></span> <span class='ocrx_word' id='word_1_644' title='bbox 2345 3684 2623 3754; x_wconf 88' lang='lat' dir='ltr'><strong>percipere</strong></span> <span class='ocrx_word' id='word_1_645' title='bbox 2650 3696 2808 3752; x_wconf 89' lang='lat' dir='ltr'><strong>posse</strong></span> <span class='ocrx_word' id='word_1_646' title='bbox 2837 3681 3153 3750; x_wconf 89' lang='lat' dir='ltr'><strong>sapientiam</strong></span> <span class='ocrx_word' id='word_1_647' title='bbox 3183 3679 3302 3740; x_wconf 89' lang='lat' dir='ltr'><strong>Dei,</strong></span> <span class='ocrx_word' id='word_1_648' title='bbox 3333 3696 3499 3747; x_wconf 82' lang='lat' dir='ltr'><strong>quam</strong></span> 
     </span>
    </p>
   </div>
   <div class='ocr_carea' id='block_1_91' title="bbox 1914 3771 3506 3843">
    <p class='ocr_par' dir='ltr' id='par_1_91' title="bbox 1914 3771 3506 3843">
     <span class='ocr_line' id='line_1_91' title="bbox 1914 3771 3506 3843; baseline -0.007 -11"><span class='ocrx_word' id='word_1_649' title='bbox 1914 3777 2014 3832; x_wconf 88' lang='lat' dir='ltr'><strong>soli</strong></span> <span class='ocrx_word' id='word_1_650' title='bbox 2052 3777 2253 3831; x_wconf 83' lang='lat' dir='ltr'><strong>mundo</strong></span> <span class='ocrx_word' id='word_1_651' title='bbox 2279 3777 2442 3832; x_wconf 91' lang='lat' dir='ltr'><strong>corde</strong></span> <span class='ocrx_word' id='word_1_652' title='bbox 2476 3777 2617 3831; x_wconf 92' lang='lat' dir='ltr'><strong>dono</strong></span> <span class='ocrx_word' id='word_1_653' title='bbox 2646 3773 2881 3843; x_wconf 87' lang='lat' dir='ltr'><strong>Spiritus</strong></span> <span class='ocrx_word' id='word_1_654' title='bbox 2909 3772 3079 3827; x_wconf 87' lang='lat' dir='ltr'><strong>sancti</strong></span> <span class='ocrx_word' id='word_1_655' title='bbox 3111 3771 3357 3842; x_wconf 86' lang='lat' dir='ltr'><strong>accipere</strong></span> <span class='ocrx_word' id='word_1_656' title='bbox 3389 3786 3506 3823; x_wconf 77' lang='lat' dir='ltr'><strong>me-</strong></span> 
     </span>
    </p>
   </div>
   <div class='ocr_carea' id='block_1_92' title="bbox 1914 3875 2118 3920">
    <p class='ocr_par' dir='ltr' id='par_1_92' title="bbox 1914 3875 2118 3920">
     <span class='ocr_line' id='line_1_92' title="bbox 1914 3875 2118 3920; baseline -0.005 0"><span class='ocrx_word' id='word_1_657' title='bbox 1914 3875 2118 3920; x_wconf 90' lang='lat' dir='ltr'><strong>rentur.</strong></span> 
     </span>
    </p>
   </div>
   <div class='ocr_carea' id='block_1_93' title="bbox 2553 3970 2882 4027">
    <p class='ocr_par' dir='ltr' id='par_1_93' title="bbox 2553 3970 2882 4027">
     <span class='ocr_line' id='line_1_93' title="bbox 2553 3970 2882 4027; baseline -0.006 -1"><span class='ocrx_word' id='word_1_658' title='bbox 2553 3971 2780 4027; x_wconf 83' lang='lat' dir='ltr'><strong>CAPUT</strong></span> <span class='ocrx_word' id='word_1_659' title='bbox 2818 3970 2882 4025; x_wconf 84' lang='lat' dir='ltr'><strong>ll.</strong></span> 
     </span>
    </p>
   </div>
   <div class='ocr_carea' id='block_1_94' title="bbox 1919 4065 3503 4150">
    <p class='ocr_par' dir='ltr' id='par_1_94' title="bbox 1919 4065 3503 4150">
     <span class='ocr_line' id='line_1_94' title="bbox 1919 4065 3503 4150; baseline -0.007 -18"><span class='ocrx_word' id='word_1_660' title='bbox 1919 4077 2189 4150; x_wconf 85' lang='lat' dir='ltr'><strong>Sapientia</strong></span> <span class='ocrx_word' id='word_1_661' title='bbox 2227 4074 2425 4150; x_wconf 78' lang='lat' dir='ltr'><strong>indicat</strong></span> <span class='ocrx_word' id='word_1_662' title='bbox 2481 4071 2620 4142; x_wconf 89' lang='lat' dir='ltr'><strong>quod</strong></span> <span class='ocrx_word' id='word_1_663' title='bbox 2666 4070 2900 4150; x_wconf 73' lang='lat' dir='ltr'><strong>Spiritus</strong></span> <span class='ocrx_word' id='word_1_664' title='bbox 2931 4076 3164 4150; x_wconf 45' lang='lat' dir='ltr'><strong>Isanctns</strong></span> <span class='ocrx_word' id='word_1_665' title='bbox 3206 4065 3503 4150; x_wconf 67' lang='lat' dir='ltr'><strong>disciplina:</strong></span> 
     </span>
    </p>
   </div>
   <div class='ocr_carea' id='block_1_95' title="bbox 1986 4137 3499 4217">
    <p class='ocr_par' dir='ltr' id='par_1_95' title="bbox 1986 4137 3499 4217">
     <span class='ocr_line' id='line_1_95' title="bbox 1986 4137 3499 4217; baseline -0.009 -15"><span class='ocrx_word' id='word_1_666' title='bbox 1986 4137 2197 4217; x_wconf 75' lang='lat' dir='ltr'><strong>e/fugiet</strong></span> <span class='ocrx_word' id='word_1_667' title='bbox 2239 4137 2511 4217; x_wconf 70' lang='lat' dir='ltr'><strong>ﬁctum,_et</strong></span> <span class='ocrx_word' id='word_1_668' title='bbox 2538 4140 2677 4211; x_wconf 87' lang='lat' dir='ltr'><strong>quod</strong></span> <span class='ocrx_word' id='word_1_669' title='bbox 2698 4137 2806 4210; x_wconf 84' lang='lat' dir='ltr'><strong>ipse</strong></span> <span class='ocrx_word' id='word_1_670' title='bbox 2833 4138 2989 4209; x_wconf 85' lang='lat' dir='ltr'><strong>replet</strong></span> <span class='ocrx_word' id='word_1_671' title='bbox 3012 4137 3186 4191; x_wconf 83' lang='lat' dir='ltr'><strong>orbem</strong></span> <span class='ocrx_word' id='word_1_672' title='bbox 3210 4146 3499 4203; x_wconf 79' lang='lat' dir='ltr'><strong>terrarum,</strong></span> 
     </span>
    </p>
   </div>
   <div class='ocr_carea' id='block_1_96' title="bbox 1989 4211 2837 4283">
    <p class='ocr_par' dir='ltr' id='par_1_96' title="bbox 1989 4211 2837 4283">
     <span class='ocr_line' id='line_1_96' title="bbox 1989 4211 2837 4283; baseline -0.012 -11"><span class='ocrx_word' id='word_1_673' title='bbox 1989 4211 2080 4272; x_wconf 73' lang='lat' dir='ltr'><strong>nec</strong></span> <span class='ocrx_word' id='word_1_674' title='bbox 2095 4211 2221 4272; x_wconf 74' lang='lat' dir='ltr'><strong>eum</strong></span> <span class='ocrx_word' id='word_1_675' title='bbox 2240 4211 2452 4283; x_wconf 80' lang='lat' dir='ltr'><strong>aliquid</strong></span> <span class='ocrx_word' id='word_1_676' title='bbox 2483 4211 2646 4264; x_wconf 89' lang='lat' dir='ltr'><strong>latere</strong></span> <span class='ocrx_word' id='word_1_677' title='bbox 2670 4226 2837 4280; x_wconf 86' lang='lat' dir='ltr'><strong>posse.</strong></span> 
     </span>
    </p>
   </div>
   <div class='ocr_carea' id='block_1_97' title="bbox 1990 4306 3500 4395">
    <p class='ocr_par' dir='ltr' id='par_1_97' title="bbox 1990 4306 3500 4395">
     <span class='ocr_line' id='line_1_97' title="bbox 1990 4306 3500 4395; baseline -0.007 -13"><span class='ocrx_word' id='word_1_678' title='bbox 1990 4328 2214 4383; x_wconf 86' lang='lat' dir='ltr'><strong>Sanctus</strong></span> <span class='ocrx_word' id='word_1_679' title='bbox 2246 4306 2384 4380; x_wconf 85' lang='lat' dir='ltr'><strong>enim</strong></span> <span class='ocrx_word' id='word_1_680' title='bbox 2409 4323 2639 4395; x_wconf 84' lang='lat' dir='ltr'><strong>Spiritus</strong></span> <span class='ocrx_word' id='word_1_681' title='bbox 2666 4320 2957 4392; x_wconf 78' lang='lat' dir='ltr'><strong>disciplina:</strong></span> <span class='ocrx_word' id='word_1_682' title='bbox 2976 4319 3185 4390; x_wconf 72' lang='lat' dir='ltr'><strong>effugiet</strong></span> <span class='ocrx_word' id='word_1_683' title='bbox 3211 4318 3417 4387; x_wconf 78' lang='lat' dir='ltr'><strong>ﬁctum,</strong></span> <span class='ocrx_word' id='word_1_684' title='bbox 3450 4328 3500 4372; x_wconf 83' lang='lat' dir='ltr'><strong>et</strong></span> 
     </span>
    </p>
   </div>
   <div class='ocr_carea' id='block_1_98' title="bbox 1918 4408 3497 4487">
    <p class='ocr_par' dir='ltr' id='par_1_98' title="bbox 1918 4408 3497 4487">
     <span class='ocr_line' id='line_1_98' title="bbox 1918 4408 3497 4487; baseline -0.006 -15"><span class='ocrx_word' id='word_1_685' title='bbox 1918 4419 2119 4487; x_wconf 82' lang='lat' dir='ltr'><strong>auferet</strong></span> <span class='ocrx_word' id='word_1_686' title='bbox 2140 4433 2195 4470; x_wconf 89' lang='lat' dir='ltr'><strong>se</strong></span> <span class='ocrx_word' id='word_1_687' title='bbox 2231 4434 2265 4469; x_wconf 90' lang='lat' dir='ltr'><strong>a</strong></span> <span class='ocrx_word' id='word_1_688' title='bbox 2298 4413 2701 4485; x_wconf 83' lang='lat' dir='ltr'><strong>cogitationibus</strong></span> <span class='ocrx_word' id='word_1_689' title='bbox 2748 4428 2865 4482; x_wconf 73' lang='lat' dir='ltr'><strong>qum</strong></span> <span class='ocrx_word' id='word_1_690' title='bbox 2906 4419 3027 4465; x_wconf 87' lang='lat' dir='ltr'><strong>sunt</strong></span> <span class='ocrx_word' id='word_1_691' title='bbox 3071 4410 3182 4463; x_wconf 88' lang='lat' dir='ltr'><strong>sine</strong></span> <span class='ocrx_word' id='word_1_692' title='bbox 3214 4408 3497 4463; x_wconf 87' lang='lat' dir='ltr'><strong>intellectu.</strong></span> 
     </span>
    </p>
   </div>
   <div class='ocr_carea' id='block_1_99' title="bbox 1920 4499 3502 4567">
    <p class='ocr_par' dir='ltr' id='par_1_99' title="bbox 1920 4499 3502 4567">
     <span class='ocr_line' id='line_1_99' title="bbox 1920 4499 3502 4567; baseline -0.007 -5"><span class='ocrx_word' id='word_1_693' title='bbox 1920 4507 2075 4564; x_wconf 90' lang='lat' dir='ltr'><strong>Unde</strong></span> <span class='ocrx_word' id='word_1_694' title='bbox 2102 4506 2477 4567; x_wconf 79' lang='lat' dir='ltr'><strong>Manichamm,</strong></span> <span class='ocrx_word' id='word_1_695' title='bbox 2529 4502 2737 4567; x_wconf 81' lang='lat' dir='ltr'><strong>Arium,</strong></span> <span class='ocrx_word' id='word_1_696' title='bbox 2772 4510 2827 4555; x_wconf 92' lang='lat' dir='ltr'><strong>et</strong></span> <span class='ocrx_word' id='word_1_697' title='bbox 2855 4499 3200 4561; x_wconf 85' lang='lat' dir='ltr'><strong>Eunomium,</strong></span> <span class='ocrx_word' id='word_1_698' title='bbox 3244 4506 3502 4553; x_wconf 58' lang='lat' dir='ltr'><strong>caeteros-</strong></span> 
     </span>
    </p>
   </div>
   <div class='ocr_carea' id='block_1_100' title="bbox 1918 4588 3503 4670">
    <p class='ocr_par' dir='ltr' id='par_1_100' title="bbox 1918 4588 3503 4670">
     <span class='ocr_line' id='line_1_100' title="bbox 1918 4588 3503 4670; baseline -0.007 -16"><span class='ocrx_word' id='word_1_699' title='bbox 1918 4613 2025 4670; x_wconf 87' lang='lat' dir='ltr'><strong>que</strong></span> <span class='ocrx_word' id='word_1_700' title='bbox 2073 4596 2357 4652; x_wconf 81' lang='lat' dir='ltr'><strong>haereticos</strong></span> <span class='ocrx_word' id='word_1_701' title='bbox 2413 4596 2664 4665; x_wconf 89' lang='lat' dir='ltr'><strong>dogmata</strong></span> <span class='ocrx_word' id='word_1_702' title='bbox 2714 4608 2809 4646; x_wconf 84' lang='lat' dir='ltr'><strong>sua</strong></span> <span class='ocrx_word' id='word_1_703' title='bbox 2859 4590 3133 4646; x_wconf 88' lang='lat' dir='ltr'><strong>erroribus</strong></span> <span class='ocrx_word' id='word_1_704' title='bbox 3191 4588 3503 4658; x_wconf 81' lang='lat' dir='ltr'><strong>plenissima</strong></span> 
     </span>
    </p>
   </div>
   <div class='ocr_carea' id='block_1_101' title="bbox 1920 4679 3504 4758">
    <p class='ocr_par' dir='ltr' id='par_1_101' title="bbox 1920 4679 3504 4758">
     <span class='ocr_line' id='line_1_101' title="bbox 1920 4679 3504 4758; baseline -0.009 -12"><span class='ocrx_word' id='word_1_705' title='bbox 1920 4692 2038 4746; x_wconf 90' lang='lat' dir='ltr'><strong>sine</strong></span> <span class='ocrx_word' id='word_1_706' title='bbox 2066 4682 2302 4758; x_wconf 86' lang='lat' dir='ltr'><strong>Spiritus</strong></span> <span class='ocrx_word' id='word_1_707' title='bbox 2350 4685 2521 4740; x_wconf 90' lang='lat' dir='ltr'><strong>sancti</strong></span> <span class='ocrx_word' id='word_1_708' title='bbox 2554 4683 2727 4755; x_wconf 83' lang='lat' dir='ltr'><strong>gratia</strong></span> <span class='ocrx_word' id='word_1_709' title='bbox 2778 4681 3084 4744; x_wconf 83' lang='lat' dir='ltr'><strong>condidisse</strong></span> <span class='ocrx_word' id='word_1_710' title='bbox 3136 4679 3504 4734; x_wconf 88' lang='lat' dir='ltr'><strong>certissimum</strong></span> 
     </span>
    </p>
   </div>
   <div class='ocr_carea' id='block_1_102' title="bbox 1923 4768 3504 4855">
    <p class='ocr_par' dir='ltr' id='par_1_102' title="bbox 1923 4768 3504 4855">
     <span class='ocr_line' id='line_1_102' title="bbox 1923 4768 3504 4855; baseline -0.008 -20"><span class='ocrx_word' id='word_1_711' title='bbox 1923 4786 2159 4855; x_wconf 74' lang='lat' dir='ltr'><strong>constat,</strong></span> <span class='ocrx_word' id='word_1_712' title='bbox 2189 4776 2315 4845; x_wconf 91' lang='lat' dir='ltr'><strong>quia</strong></span> <span class='ocrx_word' id='word_1_713' title='bbox 2343 4774 2579 4843; x_wconf 88' lang='lat' dir='ltr'><strong>Spiritus</strong></span> <span class='ocrx_word' id='word_1_714' title='bbox 2601 4770 2815 4827; x_wconf 89' lang='lat' dir='ltr'><strong>Domini</strong></span> <span class='ocrx_word' id='word_1_715' title='bbox 2843 4773 3016 4826; x_wconf 90' lang='lat' dir='ltr'><strong>bonus</strong></span> <span class='ocrx_word' id='word_1_716' title='bbox 3044 4784 3257 4839; x_wconf 88' lang='lat' dir='ltr'><strong>semper</strong></span> <span class='ocrx_word' id='word_1_717' title='bbox 3285 4768 3504 4824; x_wconf 83' lang='lat' dir='ltr'><strong>deducit</strong></span> 
     </span>
    </p>
   </div>
   <div class='ocr_carea' id='block_1_103' title="bbox 1847 4841 3507 4932">
    <p class='ocr_par' dir='ltr' id='par_1_103' title="bbox 1847 4841 3507 4932">
     <span class='ocr_line' id='line_1_103' title="bbox 1847 4841 3507 4932; baseline -0.008 -5"><span class='ocrx_word' id='word_1_718' title='bbox 1847 4841 1900 4900; x_wconf 72' lang='grc' dir='ltr'><strong>Β</strong></span> <span class='ocrx_word' id='word_1_719' title='bbox 1927 4873 1983 4926; x_wconf 86' lang='lat' dir='ltr'><strong>in</strong></span> <span class='ocrx_word' id='word_1_720' title='bbox 2014 4841 2154 4924; x_wconf 72' lang='lat' dir='ltr'><strong>viam</strong></span> <span class='ocrx_word' id='word_1_721' title='bbox 2179 4841 2417 4930; x_wconf 73' lang='lat' dir='ltr'><strong>rectam;</strong></span> <span class='ocrx_word' id='word_1_722' title='bbox 2466 4863 2732 4932; x_wconf 84' lang='lat' dir='ltr'><strong>malignus</strong></span> <span class='ocrx_word' id='word_1_723' title='bbox 2756 4869 2934 4916; x_wconf 86' lang='lat' dir='ltr'><strong>autem</strong></span> <span class='ocrx_word' id='word_1_724' title='bbox 2957 4859 3179 4929; x_wconf 90' lang='lat' dir='ltr'><strong>spiritus</strong></span> <span class='ocrx_word' id='word_1_725' title='bbox 3198 4857 3423 4922; x_wconf 85' lang='lat' dir='ltr'><strong>seducit,</strong></span> <span class='ocrx_word' id='word_1_726' title='bbox 3450 4867 3507 4915; x_wconf 87' lang='lat' dir='ltr'><strong>et</strong></span> 
     </span>
    </p>
   </div>
   <div class='ocr_carea' id='block_1_104' title="bbox 1928 4950 3508 5023">
    <p class='ocr_par' dir='ltr' id='par_1_104' title="bbox 1928 4950 3508 5023">
     <span class='ocr_line' id='line_1_104' title="bbox 1928 4950 3508 5023; baseline -0.008 -6"><span class='ocrx_word' id='word_1_727' title='bbox 1928 4968 2205 5018; x_wconf 88' lang='lat' dir='ltr'><strong>secutores</strong></span> <span class='ocrx_word' id='word_1_728' title='bbox 2236 4972 2362 5012; x_wconf 89' lang='lat' dir='ltr'><strong>suos</strong></span> <span class='ocrx_word' id='word_1_729' title='bbox 2375 4956 2431 5009; x_wconf 88' lang='lat' dir='ltr'><strong>in</strong></span> <span class='ocrx_word' id='word_1_730' title='bbox 2462 4955 2712 5023; x_wconf 85' lang='lat' dir='ltr'><strong>laqueum</strong></span> <span class='ocrx_word' id='word_1_731' title='bbox 2736 4950 3059 5022; x_wconf 87' lang='lat' dir='ltr'><strong>perditionis</strong></span> <span class='ocrx_word' id='word_1_732' title='bbox 3076 4957 3294 5005; x_wconf 71' lang='lat' dir='ltr'><strong>aeternae</strong></span> <span class='ocrx_word' id='word_1_733' title='bbox 3315 4961 3508 5005; x_wconf 86' lang='lat' dir='ltr'><strong>secum</strong></span> 
     </span>
    </p>
   </div>
   <div class='ocr_carea' id='block_1_105' title="bbox 1928 5045 2743 5119">
    <p class='ocr_par' dir='ltr' id='par_1_105' title="bbox 1928 5045 2743 5119">
     <span class='ocr_line' id='line_1_105' title="bbox 1928 5045 2743 5119; baseline -0.015 -11"><span class='ocrx_word' id='word_1_734' title='bbox 1928 5053 2114 5116; x_wconf 87' lang='lat' dir='ltr'><strong>trahit,</strong></span> <span class='ocrx_word' id='word_1_735' title='bbox 2141 5050 2208 5105; x_wconf 88' lang='lat' dir='ltr'><strong>de</strong></span> <span class='ocrx_word' id='word_1_736' title='bbox 2229 5064 2336 5119; x_wconf 91' lang='lat' dir='ltr'><strong>quo</strong></span> <span class='ocrx_word' id='word_1_737' title='bbox 2368 5055 2424 5103; x_wconf 90' lang='lat' dir='ltr'><strong>et</strong></span> <span class='ocrx_word' id='word_1_738' title='bbox 2452 5045 2701 5100; x_wconf 88' lang='lat' dir='ltr'><strong>subditur</strong></span> <span class='ocrx_word' id='word_1_739' title='bbox 2723 5058 2743 5097; x_wconf 85' lang='lat'><strong>:</strong></span> 
     </span>
    </p>
   </div>
   <div class='ocr_carea' id='block_1_106' title="bbox 2000 5129 3511 5213">
    <p class='ocr_par' dir='ltr' id='par_1_106' title="bbox 2000 5129 3511 5213">
     <span class='ocr_line' id='line_1_106' title="bbox 2000 5129 3511 5213; baseline -0.009 -14"><span class='ocrx_word' id='word_1_740' title='bbox 2000 5145 2068 5199; x_wconf 88' lang='lat' dir='ltr'><strong>Et</strong></span> <span class='ocrx_word' id='word_1_741' title='bbox 2103 5143 2413 5213; x_wconf 72' lang='lat' dir='ltr'><strong>corripiatur</strong></span> <span class='ocrx_word' id='word_1_742' title='bbox 2441 5156 2473 5192; x_wconf 92' lang='lat' dir='ltr'><strong>a</strong></span> <span class='ocrx_word' id='word_1_743' title='bbox 2498 5137 2885 5209; x_wconf 81' lang='lat' dir='ltr'><strong>superveniente</strong></span> <span class='ocrx_word' id='word_1_744' title='bbox 2904 5134 3197 5204; x_wconf 82' lang='lat' dir='ltr'><strong>iniquitate.</strong></span> <span class='ocrx_word' id='word_1_745' title='bbox 3225 5129 3360 5198; x_wconf 79' lang='lat' dir='ltr'><strong>Quia</strong></span> <span class='ocrx_word' id='word_1_746' title='bbox 3383 5144 3511 5185; x_wconf 81' lang='lat' dir='ltr'><strong>cum</strong></span> 
     </span>
    </p>
   </div>
   <div class='ocr_carea' id='block_1_107' title="bbox 1931 5221 3514 5299">
    <p class='ocr_par' dir='ltr' id='par_1_107' title="bbox 1931 5221 3514 5299">
     <span class='ocr_line' id='line_1_107' title="bbox 1931 5221 3514 5299; baseline -0.011 -10"><span class='ocrx_word' id='word_1_747' title='bbox 1931 5231 2303 5291; x_wconf 86' lang='lat' dir='ltr'><strong>retributionis</strong></span> <span class='ocrx_word' id='word_1_748' title='bbox 2332 5238 2543 5299; x_wconf 89' lang='lat' dir='ltr'><strong>tempus</strong></span> <span class='ocrx_word' id='word_1_749' title='bbox 2570 5225 2871 5292; x_wconf 86' lang='lat' dir='ltr'><strong>advenerit,</strong></span> <span class='ocrx_word' id='word_1_750' title='bbox 2897 5237 3087 5279; x_wconf 89' lang='lat' dir='ltr'><strong>omnes</strong></span> <span class='ocrx_word' id='word_1_751' title='bbox 3115 5221 3265 5292; x_wconf 88' lang='lat' dir='ltr'><strong>impii</strong></span> <span class='ocrx_word' id='word_1_752' title='bbox 3310 5228 3364 5275; x_wconf 88' lang='lat' dir='ltr'><strong>et</strong></span> <span class='ocrx_word' id='word_1_753' title='bbox 3390 5234 3514 5288; x_wconf 85' lang='lat' dir='ltr'><strong>pec-</strong></span> 
     </span>
    </p>
   </div>
   <div class='ocr_carea' id='block_1_108' title="bbox 1933 5311 3518 5393">
    <p class='ocr_par' dir='ltr' id='par_1_108' title="bbox 1933 5311 3518 5393">
     <span class='ocr_line' id='line_1_108' title="bbox 1933 5311 3518 5393; baseline -0.013 -12"><span class='ocrx_word' id='word_1_754' title='bbox 1933 5333 2145 5381; x_wconf 88' lang='lat' dir='ltr'><strong>catores</strong></span> <span class='ocrx_word' id='word_1_755' title='bbox 2172 5336 2272 5393; x_wconf 89' lang='lat' dir='ltr'><strong>pro</strong></span> <span class='ocrx_word' id='word_1_756' title='bbox 2306 5318 2681 5391; x_wconf 87' lang='lat' dir='ltr'><strong>iniquitatibus</strong></span> <span class='ocrx_word' id='word_1_757' title='bbox 2703 5315 2817 5371; x_wconf 89' lang='lat' dir='ltr'><strong>suis</strong></span> <span class='ocrx_word' id='word_1_758' title='bbox 2841 5327 3060 5384; x_wconf 66' lang='lat' dir='ltr'><strong>poenam</strong></span> <span class='ocrx_word' id='word_1_759' title='bbox 3090 5311 3357 5380; x_wconf 90' lang='lat' dir='ltr'><strong>recipient</strong></span> <span class='ocrx_word' id='word_1_760' title='bbox 3384 5322 3518 5377; x_wconf 81' lang='lat' dir='ltr'><strong>per-</strong></span> 
     </span>
    </p>
   </div>
   <div class='ocr_carea' id='block_1_109' title="bbox 1935 5429 2170 5489">
    <p class='ocr_par' dir='ltr' id='par_1_109' title="bbox 1935 5429 2170 5489">
     <span class='ocr_line' id='line_1_109' title="bbox 1935 5429 2170 5489; baseline -0.013 -16"><span class='ocrx_word' id='word_1_761' title='bbox 1935 5429 2170 5489; x_wconf 87' lang='lat' dir='ltr'><strong>pctuam.</strong></span> 
     </span>
    </p>
   </div>
   <div class='ocr_carea' id='block_1_110' title="bbox 2008 5487 3514 5580">
    <p class='ocr_par' dir='ltr' id='par_1_110' title="bbox 2008 5487 3514 5580">
     <span class='ocr_line' id='line_1_110' title="bbox 2008 5487 3514 5580; baseline -0.017 -17"><span class='ocrx_word' id='word_1_762' title='bbox 2008 5508 2272 5580; x_wconf 85' lang='lat' dir='ltr'><strong>Benignus</strong></span> <span class='ocrx_word' id='word_1_763' title='bbox 2283 5515 2358 5561; x_wconf 87' lang='lat' dir='ltr'><strong>est</strong></span> <span class='ocrx_word' id='word_1_764' title='bbox 2375 5505 2511 5559; x_wconf 88' lang='lat' dir='ltr'><strong>enim</strong></span> <span class='ocrx_word' id='word_1_765' title='bbox 2530 5503 2747 5574; x_wconf 87' lang='lat' dir='ltr'><strong>spiritus</strong></span> <span class='ocrx_word' id='word_1_766' title='bbox 2764 5500 3053 5571; x_wconf 66' lang='lat' dir='ltr'><strong>sapientior,</strong></span> <span class='ocrx_word' id='word_1_767' title='bbox 3076 5505 3126 5551; x_wconf 83' lang='lat' dir='ltr'><strong>et</strong></span> <span class='ocrx_word' id='word_1_768' title='bbox 3145 5509 3249 5580; x_wconf 88' lang='lat' dir='ltr'><strong>non</strong></span> <span class='ocrx_word' id='word_1_769' title='bbox 3274 5487 3514 5580; x_wconf 80' lang='lat' dir='ltr'><strong>liberabit</strong></span> 
     </span>
    </p>
   </div>
   <div class='ocr_carea' id='block_1_111' title="bbox 1939 5578 3517 5664">
    <p class='ocr_par' dir='ltr' id='par_1_111' title="bbox 1939 5578 3517 5664">
     <span class='ocr_line' id='line_1_111' title="bbox 1939 5578 3517 5664; baseline -0.015 -8"><span class='ocrx_word' id='word_1_770' title='bbox 1939 5578 2272 5657; x_wconf 84' lang='lat' dir='ltr'><strong>maledictum</strong></span> <span class='ocrx_word' id='word_1_771' title='bbox 2314 5615 2346 5652; x_wconf 90' lang='lat' dir='ltr'><strong>a</strong></span> <span class='ocrx_word' id='word_1_772' title='bbox 2369 5595 2522 5653; x_wconf 80' lang='lat' dir='ltr'><strong>labiis</strong></span> <span class='ocrx_word' id='word_1_773' title='bbox 2542 5593 2671 5659; x_wconf 87' lang='lat' dir='ltr'><strong>suis,</strong></span> <span class='ocrx_word' id='word_1_774' title='bbox 2706 5591 2956 5664; x_wconf 86' lang='lat' dir='ltr'><strong>quoniam</strong></span> <span class='ocrx_word' id='word_1_775' title='bbox 2982 5599 3164 5641; x_wconf 81' lang='lat' dir='ltr'><strong>renum</strong></span> <span class='ocrx_word' id='word_1_776' title='bbox 3192 5579 3338 5635; x_wconf 80' lang='lat' dir='ltr'><strong>illius</strong></span> <span class='ocrx_word' id='word_1_777' title='bbox 3363 5578 3517 5633; x_wconf 77' lang='lat' dir='ltr'><strong>testis</strong></span> 
     </span>
    </p>
   </div>
  </div>
