3928 6176
446 213 549 269 675

1100 204 1161 259 B.
1205 204 1455 262 RABAN!
1496 206 1712 261 MAUlil
1754 205 2068 261 .\RClllEP.
2115 205 2424 263 MOGUNT.
2465 206 2747 265 OPERUM
2788 205 2967 264 PARS
3008 206 3045 260 Ι.
3607 207 3704 263 676

446 338 520 382 est
565 323 838 386 Dominus,
881 331 928 376 ct
969 321 1139 374 cordis
1179 323 1291 389 ejus
1326 331 1591 375 scrutator
1634 332 1705 375 est
1760 337 1929 383 verus,
1981 329 2027 372 et
2059 325 2102 381 Α
2137 324 2496 393 iniquitatem,
2530 323 2647 377 odit
2675 323 2912 377 animam
2941 337 3118 387 suam,
3169 330 3238 379 de
3287 337 3397 393 quo
3439 330 3495 376 et
3531 323 3707 378 subdi-

447 414 641 482 lingua:
688 409 830 463 iUius
854 408 1084 461 auditor.
1133 407 1256 461 Htec
1291 407 1555 462 sententia
1586 408 1817 462 destruit
1869 421 2023 461 erro-

449 517 563 557 rem
598 500 834 563 illorum,
871 496 962 566 qui
996 496 1134 550 sicut
1163 496 1333 551 bonas
1358 496 1716 565 cogitationes
1745 513 1772 549 a
1799 498 1909 550 Dea
1934 511 2029 550 na-

447 596 533 647 bis
558 598 769 647 constat
795 588 1066 657 ipspirari,
1098 587 1171 641 ita
1198 587 1359 642 etiam
1389 588 1559 642 malas
1584 588 1699 657 ipso
1738 587 2029 657 instigante

450 693 639 754 putant
668 685 719 735 in
752 689 935 734 nostra
992 687 1171 733 mente
1210 680 1482 750 generari,
1535 694 1657 733 cum
1688 679 1833 733 nulla
1867 680 2029 733 modo

448 776 613 837 Deus,
643 773 734 842 qui
766 785 975 825 summe
1002 770 1178 824 bonus
1203 779 1306 834 est,
1338 778 1391 824 et
1428 784 1617 823 omnes
1641 769 1893 823 homines
1916 768 2030 822 vult

447 864 661 928 salvari,
710 872 873 932 atque
928 863 996 917 ad
1045 863 1378 933 agnitionem
1424 862 1670 917 veritatis
1723 861 2026 931 pervenire,

447 958 828 1013 necessitatem
857 955 983 1009 mali
1010 955 1160 1009 verbi
1189 965 1281 1008 aut
1309 955 1458 1025 pravi
1487 965 1641 1009 actus
1669 953 1826 1007 alicui
1857 953 2030 1021 impo-

445 1060 560 1115 nat,
595 1065 694 1119 per
718 1064 878 1119 quem
902 1049 1078 1119 perire
1102 1048 1293 1119 possit,
1323 1048 1465 1102 sicut
1487 1046 1719 1102 Jacobus
1757 1046 2032 1117 apostolus

445 1140 681 1195 ostendit
728 1138 956 1193 dicens:
988 1136 1156 1192 Nemo
1200 1153 1322 1206 ergo
1369 1152 1485 1189 cum
1537 1146 1802 1200 tentatur,
1845 1135 2031 1188 dicat:

447 1231 709 1297 Quoniam
739 1229 901 1283 aDeo
925 1236 1134 1292 tenter;
1179 1227 1318 1280 Deus
1357 1228 1494 1280 enim
1540 1227 1826 1280 intentutor
1867 1223 2033 1278 malo-

446 1337 562 1375 rum
597 1330 692 1385 est,
730 1320 838 1388 ipse
880 1322 1016 1372 enim
1058 1318 1318 1372 nemiuem
1347 1326 1512 1370 tentat
1540 1315 1747 1388 (Jacob.
1781 1315 1856 1383 1);
1890 1330 1955 1369 ac
1984 1315 2031 1369 si

447 1412 651 1478 diceret
683 1430 695 1465 :
728 1409 894 1464 Nemo
924 1426 1047 1465 cum
1097 1410 1365 1480 rapinam,
1396 1408 1621 1473 furtum,
1647 1407 1841 1463 falsum
1877 1408 2029 1463 testi-

448 1504 710 1566 monium,
762 1501 1135 1565 homicidium,
1198 1508 1470 1571 stuprum,
1514 1500 1601 1555 vel
1626 1508 1820 1555 caetera
1845 1498 2033 1568 hujus-

446 1596 591 1649 modi
625 1594 979 1658 commiserit,
1033 1592 1199 1657 dicat,
1245 1592 1498 1663 quoniam
1538 1592 1648 1648 Deo
1676 1600 1901 1661 cogente
1938 1607 2030 1647 ne-

448 1700 600 1751 cesse
625 1685 875 1739 habuerit
900 1685 1017 1739 haec
1037 1694 1279 1754 patrare,
1300 1694 1355 1737 et
1374 1684 1495 1738 ideo
1517 1682 1817 1738 nullatenus
1840 1684 2032 1738 horum
2062 1667 2108 1725 Β

446 1778 694 1834 effectum
722 1777 960 1846 poluerit
993 1776 1281 1831 declinare.
1314 1774 1455 1829 Deus
1497 1776 1634 1829 enim
1660 1774 1919 1828 malarum
1951 1776 2032 1829 in-

447 1878 675 1922 tentator
708 1876 801 1930 est,
835 1866 1175 1931 subauditur,
1205 1872 1662 1920 tentamentarum
1706 1881 1722 1929 ;
1750 1864 1857 1934 ipse
1892 1866 2032 1919 enim

452 1960 708 2012 nemiuem
740 1966 925 2021 tentat,
977 1971 1042 2011 ea
1066 1955 1317 2010 videlicet
1344 1955 1663 2019 tentatione,
1688 1969 1809 2023 qua:
1833 1954 2034 2023 decipit

448 2049 677 2103 miseros
707 2054 765 2100 ut
790 2053 1032 2116 peccent.
1067 2043 1273 2114 Duplex
1312 2051 1395 2098 est
1416 2044 1560 2097 enim
1585 2057 1754 2114 genus
1783 2043 2034 2097 tentatio—

448 2138 554 2200 nis,
583 2150 747 2189 unum
772 2131 915 2203 quod
940 2132 1160 2201 decipit,
1208 2130 1351 2184 aliud
1388 2131 1533 2200 quod
1562 2132 1788 2200 probat;
1842 2145 2034 2185 secun-

446 2227 573 2280 dum
602 2227 705 2280 hoc
724 2224 866 2295 quod
896 2223 1114 2292 decipit,
1148 2221 1289 2276 Deus
1313 2222 1584 2276 neminem
1608 2229 1815 2285 tentat;
1845 2235 2034 2275 secun-
2098 2220 2099 2223 “

445 2320 572 2374 dum
605 2318 734 2372 illud
764 2316 906 2385 quod
931 2314 1143 2385 probat,
1184 2312 1327 2367 Deus
1370 2314 1600 2366 tentavit
1626 2311 1923 2365 Abraham.
1958 2311 2032 2366 De

446 2428 554 2482 quo
580 2420 635 2467 et
661 2410 930 2480 Propheta
951 2406 1193 2479 postulat
1217 2424 1230 2461 :
1259 2404 1438 2459 Proba
1460 2421 1556 2467 me,
1584 2404 1832 2468 Domine,
1855 2415 1902 2458 et
1921 2415 2032 2458 ten-

446 2516 499 2558 ta
520 2521 600 2558 me
631 2502 805 2573 (Psal.
840 2501 987 2571 xxv).
1015 2498 1399 2567 Unusquisque
1427 2513 1556 2552 vero
1584 2506 1825 2553 tentatur
1848 2513 1878 2552 a
1904 2513 2035 2552 con-

446 2591 775 2662 cupiscentia
799 2605 895 2644 sua
921 2590 1229 2643 abstractus
1250 2596 1305 2641 et
1328 2588 1536 2642 illectus
1553 2628 1567 2651 ,
1592 2588 1800 2643 scilicet
1821 2589 2033 2643 abstra-

446 2692 569 2739 ctus
592 2697 624 2735 a
658 2690 805 2736 recta
840 2680 1057 2744 itinere,
1082 2688 1137 2734 et
1164 2679 1375 2734 illectus
1397 2680 1450 2733 in
1475 2679 1677 2735 malum
1717 2694 1825 2748 quo
1848 2688 2029 2734 tamen

443 2774 588 2844 justo
611 2774 702 2828 Dei
721 2773 925 2843 judicio
947 2771 1280 2842 permittitur
1301 2770 1494 2827 cadere
1518 2771 1609 2841 qui
1631 2771 1860 2840 Spiritui
1887 2771 2031 2825 veri-

366 2894 381 2901 -
451 2868 576 2923 tatis
607 2866 779 2921 noluit
794 2866 1037 2922 obedire.

523 2979 785 3045 Quoniam
808 2979 1024 3050 spiritus
1049 2978 1257 3033 Domini
1293 2978 1505 3050 replevit
1542 2979 1718 3033 orbem
1744 2989 2025 3034 terrarum.

2134 421 2221 465 tur
2249 430 2260 463 :

2203 500 2269 554 In
2289 501 2689 572 cogitationibus
2716 502 2853 555 enim
2882 502 3038 572 impii
3064 501 3408 573 interrogatio
3429 503 3529 556 erit
3553 519 3573 568 ;
3604 520 3707 558 ser.

2134 609 2343 647 monum
2376 602 2549 646 autem
2572 590 2716 645 illius
2741 591 2943 645 auditio
2967 592 3035 645 ad
3057 591 3341 645 Dominum
3370 593 3561 655 veniet,
3585 594 3714 646 etad

2133 684 2509 753 correptionem
2550 683 2886 754 iniquitatum
2913 681 3077 736 illius.
3120 683 3384 747 Quoniam
3426 683 3578 735 auris
3626 681 3715 736 tali

2132 775 2279 827 audit
2315 774 2514 835 omnia,
2543 783 2591 826 et
2632 772 2886 826 tumultus
2928 774 3407 826 murmurationum
3454 790 3561 826 non
3603 772 3718 826 abs-

2132 865 2402 918 condetur.
2460 864 2676 918 Clamor
2729 863 3087 918 Sodomorum
3136 873 3190 917 et
3237 862 3714 918 Gamat-t‘hteorum

2132 958 2522 1027 multiplicatus
2548 956 2697 1011 venit
2725 956 2791 1010 ad
2825 955 3215 1019 Dominum,.et
3231 955 3515 1009 descendit
3556 962 3618 1008 ut
3640 954 3717 1008 vi-

2132 1050 2302 1112 deret,
2329 1057 2508 1103 utrum
2539 1047 2852 1110 clamorem,
2885 1046 2975 1115 qui
2999 1046 3148 1099 venit
3168 1045 3234 1098 ad
3263 1060 3341 1109 se,
3373 1059 3540 1115 opere
3565 1060 3715 1099 como

2132 1140 2417 1209 pleverint.
2464 1138 2634 1210 Igitur
2678 1137 2939 1192 Dominus
2994 1137 3130 1207 pluit
3183 1152 3346 1206 super
3398 1144 3716 1207 peccatores

2132 1229 2361 1299 sulphur
2402 1237 2458 1284 et
2485 1230 2665 1298 ignem
2709 1244 2739 1281 a
2766 1227 3013 1291 Domino,
3071 1236 3129 1281 et
3174 1228 3440 1282 subvertit
3470 1227 3717 1281 civitates

2133 1321 2232 1375 has
2288 1327 2345 1374 et
2368 1333 2584 1374 omnem
2633 1318 2777 1373 circa
2822 1318 3119 1386 regionem.
3168 1316 3259 1371 Sic
3279 1325 3334 1371 et
3360 1319 3716 1373 marmoratio

2133 1410 2365 1466 ﬁliorum
2396 1409 2561 1464 Israel
2585 1408 2831 1463 ascendit
2880 1409 2949 1462 ad
2980 1400 3288 1472 Dominum,
3341 1416 3398 1463 et
3417 1423 3549 1462 ecce
3573 1408 3716 1464 furor

2133 1504 2346 1559 Domini
2369 1503 2674 1559 concitatus
2716 1502 2768 1557 in
2794 1501 3071 1571 populum,
3121 1502 3387 1570 percussit
3408 1517 3537 1555 eum
3563 1501 3715 1572 plaga

2134 1611 2328 1666 magna
2351 1594 2535 1650 nimis.
2577 1594 2841 1649 Dominus
2880 1593 3027 1648 enim
3056 1593 3199 1647 Deus
3222 1592 3364 1663 ignis
3392 1607 3716 1647 consumens

2135 1694 2237 1752 est,
2290 1687 2431 1741 Deus
2458 1685 2761 1750 :cmulatar,
2812 1693 2868 1739 et
2892 1684 3083 1740 reddet
3104 1683 3399 1752 unicuique
3419 1683 3714 1738 secundum

2134 1792 2297 1848 opera
2312 1778 2449 1849 ejus,
2466 1778 2669 1834 idcirco
2690 1777 3000 1833 necessario
3040 1792 3141 1831 nos
3162 1785 3468 1831 commonet
3497 1775 3719 1847 Sapien—

2137 1869 2209 1923 tia
2233 1869 2439 1925 dicens.

2817 1959 2997 2015 APUT
3039 1959 3123 2015 lli.

2137 2079 2409 2151 Sapientia
2437 2079 2587 2149 jubet
2625 2080 2955 2134 auditoribus
3005 2082 3114 2135 suis
3162 2090 3219 2134 ut
3256 2081 3563 2135 custodiant
3589 2098 3643 2135 se
3685 2097 3716 2135 a

2203 2151 2643 2222 murmuratione,
2689 2151 3010 2222 detractione
3034 2160 3083 2205 et
3125 2153 3423 2216 mendacio,
3470 2153 3715 2222 quoniam

2196 2221 2412 2290 justitia
2467 2220 2782 2275 immortalis
2832 2230 2950 2285 est,
2991 2237 3083 2276 nec
3142 2222 3289 2293 impii
3329 2220 3716 2292 apprehendeut

2206 2307 2342 2344 eam.

2207 2422 2478 2477 Custodite
2502 2438 2625 2493 ergo
2647 2440 2735 2477 vos
2757 2439 2789 2477 a
2818 2426 3254 2490 murmuratione,
3296 2442 3415 2496 qua:
3449 2426 3584 2479 nihil
3599 2441 3718 2497 pro-

2135 2515 2270 2579 dest,
2301 2522 2349 2568 et
2390 2530 2422 2567 a
2455 2512 2776 2569 detractione
2817 2516 3014 2585 parcite
3052 2515 3266 2587 (iugum,
3317 2518 3571 2587 quoniam
3616 2534 3717 2572 res-

2134 2620 2354 2673 ponsum
2383 2603 2660 2659 obscurum
2688 2604 2746 2658 in
2802 2622 3020 2659 vacuum
3046 2623 3151 2660 non
3182 2606 3296 2661 ibit.
3330 2607 3504 2673 Quam
3539 2608 3718 2675 perui—

2135 2695 2296 2751 eiosm
2351 2695 2460 2751 sint
2513 2697 2972 2752 murmurationes
3018 2705 3074 2751 et
3121 2698 3487 2753 detractiones
3535 2699 3716 2752 multis

2136 2786 2419 2842 sententiis
2464 2800 2745 2841 sacrarum
2799 2786 3202 2856 Scripturarum
3240 2798 3403 2859 atque
3458 2791 3717 2855 exemplis

2129 2877 2454 2948 judiciarum
2499 2877 2714 2932 Domini
2765 2878 2983 2949 probari
3036 2887 3242 2948 potest;
3310 2882 3548 2935 maxime
3595 2896 3712 2936 cum

2137 2970 2395 3025 Dominus
2421 2970 2535 3041 ipse
2575 2970 2847 3026 invenitur
2886 2960 3048 3041 super
3069 2988 3441 3028 murmurosos
3484 2982 3539 3028 et
3588 2989 3715 3043 quc-

450 3042 683 3140 Spiritus
712 3042 845 3140 ergo
869 3077 1090 3124 sanctus
1120 3069 1212 3140 qui
1242 3069 1296 3122 in
1328 3042 1628 3138 primordio
1651 3079 2028 3125 creaturarum
2059 3042 2101 3102 Ο
2134 3060 2346 3115 rulosos
2378 3060 2575 3131 saepius
2620 3061 2832 3118 misisse
2878 3063 3193 3117 vindictam.
3226 3062 3294 3116 Et
3329 3042 3617 3132 Scriptura
3640 3065 3716 3117 di-

449 3161 702 3216 invisibili
749 3161 991 3232 potentia
1018 3159 1295 3215 ferebatur
1328 3175 1491 3231 super
1518 3177 1707 3232 aquas,
1747 3164 2032 3233 majestate

449 3267 545 3306 sua
584 3266 799 3305 omnem
831 3252 1016 3321 implet
1046 3259 1101 3305 et
1124 3251 1364 3305 continet
1393 3263 1723 3319 creaturam,
1749 3255 1864 3308 sive
1890 3256 2033 3311 dono

448 3343 663 3397 virtutis
698 3359 808 3398 sua:
837 3343 1010 3412 replet
1029 3344 1215 3399 orbem
1239 3342 1516 3407 Ecclesiae,
1568 3345 1621 3398 in
1658 3361 1765 3415 quo
1792 3347 2033 3416 quotidie

450 3434 691 3488 muneris
715 3433 798 3489 sui
829 3434 1066 3489 ostendit
1093 3433 1416 3504 largitatem.
1463 3434 1590 3489 Inde
1620 3445 1703 3491 est
1732 3438 1875 3506 quod
1906 3439 2034 3493 sub-

444 3524 719 3597 jungitur:

519 3638 588 3692 Et
612 3637 709 3691 hoc
727 3637 867 3709 quod
911 3638 1135 3693 continet
1166 3642 1338 3694 omnia
1363 3641 1635 3694 scientiam
1684 3642 1834 3696 habet
1869 3645 2030 3711 vocis,

446 3731 578 3801 quia
596 3739 654 3785 ut
679 3729 876 3786 Paulus
911 3731 986 3784 ait
1011 3748 1023 3783 ε

522 3842 627 3897 Alii
655 3859 746 3913 per
770 3839 1024 3912 Spiritum
1047 3842 1208 3894 datur
1227 3810 1395 3895 serui;
1418 3842 1710 3913 sapientiaz,
1742 3843 1838 3897 alii
1862 3860 2032 3900 sermo

449 3934 681 3989 scientia:
702 3932 986 3987 secundum
1020 3932 1258 3985 eumdem
1298 3931 1599 4003 Spiritum;
1632 3933 1781 3988 alteri
1821 3935 1953 4003 [ides
1978 3936 2035 3990 in

450 4023 629 4079 eodem
668 4019 889 4092 Spiritu,
935 4020 1029 4074 alii
1055 4021 1226 4091 gratia
1267 4021 1554 4075 sanitatum
1583 4023 1639 4076 in
1662 4040 1766 4077 uno
1806 4023 2034 4095 Spiritu,

451 4114 546 4169 alii
574 4114 805 4185 operatio
856 4112 1122 4175 virtutum,
1178 4111 1271 4165 alii
1313 4112 1623 4181 prophetia,
1660 4112 1750 4167 alii
1788 4113 2032 4168 discretio

450 4205 751 4275 spirituum,
790 4202 885 4256 alii
940 4218 1128 4272 genera
1170 4201 1491 4272 linguarum,
1539 4200 1632 4255 alii
1677 4202 2033 4273 interpretatio

449 4313 749 4353 sermonum
773 4310 790 4347 :
814 4296 925 4350 haec
975 4295 1112 4348 enim
1154 4292 1329 4347 omnia
1394 4302 1641 4362 operatur
1687 4310 1823 4347 unus
1876 4304 2033 4366 atque

448 4387 589 4442 idem
632 4384 887 4457 Spiritus,
928 4383 1162 4438 dividens
1206 4381 1430 4454 singulis
1481 4392 1638 4453 prout
1686 4381 1792 4437 vult
1826 4382 1874 4455 (I
1905 4382 2028 4439 Cor.
2056 4393 2111 4453 Β

452 4479 576 4552 χιι).

522 4593 749 4663 Propter
788 4592 884 4644 hoc
918 4590 1009 4660 qui
1048 4589 1279 4658 loquitur
1309 4588 1490 4659 iniqua
1537 4604 1642 4643 non
1662 4598 1823 4659 potest
1846 4590 2030 4653 latere,

452 4699 545 4739 nec
572 4680 855 4752 praeteribit
880 4678 1030 4732 illum
1071 4678 1358 4748 corripiens
1374 4677 1680 4747 judicium;
1731 4680 1858 4748 quia
1887 4681 2030 4736 sicut

378 4790 385 4799 ί
453 4772 609 4828 electi
647 4785 744 4843 per
773 4767 1008 4839 Spiritus
1054 4768 1229 4823 sancti
1260 4769 1490 4839 gratiam
1526 4771 1800 4840 accipiunt
1827 4771 2027 4827 donum

453 4863 694 4921 scientiae
716 4869 771 4918 et
782 4861 1016 4931 pietatis,
1051 4860 1130 4915 sic
1154 4860 1393 4915 hmretici
1423 4868 1582 4932 atque
1605 4877 1794 4918 omnes
1816 4866 2029 4933 reprobi

453 4957 674 5029 propria
702 4956 952 5025 superbia
987 4954 1177 5020 inﬂati,
1210 4964 1372 5025 atque
1394 4970 1424 5009 a
1448 4957 1681 5028 maligna
1710 4958 1903 5027 spiritu
1948 4959 2031 5013 in-

455 5048 638 5118 stigati
663 5046 867 5101 erroris
900 5046 981 5100 sui
1012 5045 1306 5115 nequitiam
1339 5062 1502 5115 quam
1534 5048 1874 5117 impudenter
1902 5066 2031 5120 pro-

455 5142 659 5204 ferunt,
690 5154 874 5195 coram
901 5139 1092 5208 spiritu
1117 5139 1211 5195 Dei
1234 5142 1567 5197 abscondere
1593 5151 1884 5210 nequeunt.
1909 5159 2034 5213 pra-

458 5232 582 5287 inde
618 5247 719 5286 nec
754 5228 913 5298 iustae
957 5246 1128 5301 paenae
1172 5232 1466 5286 vindictam
1495 5233 1723 5286 evadere
1765 5244 2029 5301 possunt;

457 5325 587 5396 quia
615 5323 751 5378 sicut
778 5323 917 5378 oculi
942 5323 1152 5377 Domini
1205 5337 1367 5391 super
1389 5322 1586 5390 justas,
1633 5330 1689 5375 et
1715 5338 1876 5377 aures
1917 5323 2034 5391 ejus

458 5417 524 5470 ad
552 5429 743 5486 preces
781 5429 991 5481 eorum,
1024 5415 1098 5469 ita
1124 5414 1301 5467 vultus
1334 5414 1541 5467 Domini
1585 5428 1748 5480 super
1776 5413 2034 5469 facientes

457 5510 618 5575 mala,
650 5520 709 5562 ut
759 5509 949 5578 perdat
983 5509 1048 5564 de
1080 5514 1221 5561 terra
1253 5505 1566 5560 memoriam
1616 5520 1825 5560 eorum.
1851 5506 2035 5560 Domi-

408 5636 416 5646 ι
459 5616 560 5658 nus
595 5601 890 5671 interregat
912 5597 1119 5667 justum
1149 5606 1202 5650 et
1229 5596 1474 5665 impium,
1515 5596 1607 5666 qui
1653 5605 1833 5651 autem
1866 5595 2037 5667 diligit

2132 3153 2207 3208 cit
2231 3153 2375 3221 quod
2403 3152 2724 3206 abominatio
2756 3152 2969 3207 Domini
3007 3154 3072 3207 sit
3122 3153 3291 3206 omnis
3326 3152 3514 3207 illusor
3537 3151 3714 3223 (Pror;

2132 3242 2240 3314 Ill).
2294 3243 2433 3297 Dicit
2463 3250 2519 3297 et
2566 3241 2902 3312 Apostolus:
2937 3241 3261 3296 Susurrones
3307 3250 3356 3296 et
3402 3242 3717 3296 detractam

2131 3333 2243 3388 Deo
2266 3350 2378 3388 esse
2429 3332 2644 3387 odibiles
2680 3332 2858 3403 (Rom.
2892 3332 2956 3403 ι).
2991 3332 3127 3388 Hinc
3182 3340 3237 3387 et
3272 3332 3561 3402 psalmista
3593 3333 3666 3386 ait
3701 3349 3713 3386 :

2132 3420 2501 3475 Detrahentem
2530 3420 2778 3475 adversus
2805 3422 3103 3492 proximum
3136 3436 3291 3474 suum
3330 3420 3557 3483 occulte,
3583 3422 3717 3473 hunc

2130 3513 2494 3584 persequebar.
2531 3511 2686 3568 Unde
2708 3521 2764 3567 et
2789 3512 2917 3567 alibi
2949 3511 3145 3583 legitur
3175 3528 3188 3566 :
3223 3512 3328 3576 Qui
3377 3513 3610 3566 detrahit
3634 3511 3720 3565 ali-

2133 3606 2219 3658 cui
2275 3604 2350 3657 rei
2398 3604 2453 3657 in
2487 3604 2725 3674 futurum
2746 3621 2802 3659 se
2841 3603 3059 3675 obligat,
3103 3614 3150 3658 et
3196 3606 3334 3659 sicut
3374 3605 3583 3659 mordet
3621 3622 3720 3658 ser-

2133 3710 2260 3763 pens
2291 3694 2349 3746 in
2383 3692 2611 3757 silentio,
2659 3695 2735 3748 sic
2782 3694 2871 3757 qui
2909 3693 3109 3749 occulte
3140 3693 3370 3747 detrahit
3397 3693 3559 3761 fratri
3601 3710 3712 3748 suo.

2134 3783 2280 3839 Mors
2318 3793 2367 3838 et
2408 3786 2513 3839 vita
2554 3787 2610 3839 in
2634 3784 3107 3854 manibustingum.
3134 3785 3235 3852 Qui
3266 3786 3509 3854 perversi
3547 3786 3719 3841 cordis

2132 3881 2236 3937 est,
2293 3889 2399 3928 non
2452 3874 2654 3927 invenit
2726 3874 2948 3937 bonum,
3012 3883 3066 3928 et
3117 3876 3210 3945 qui
3266 3876 3432 3929 vertit
3482 3876 3715 3947 linguam

2133 3967 2324 4021 incidit
2365 3967 2417 4020 in
2446 3966 2667 4020 malum.
2704 3967 2770 4021 Et
2797 3968 2935 4021 bene
2967 3967 3164 4022 dicitur
3208 3968 3353 4037 quod
3412 3982 3715 4038 responsum

2135 4055 2409 4110 obscurum
2453 4056 2509 4109 in
2552 4072 2771 4110 uacuum
2798 4072 2901 4109 non
2947 4056 3058 4117 ibit,
3101 4056 3223 4126 quia
3252 4056 3464 4125 judicio
3512 4056 3718 4110 Domini

2136 4147 2500 4202 reseruabitur.
2531 4146 2683 4201 Unde
2711 4154 2796 4201 est
2822 4146 2909 4200 illa
2925 4147 3201 4200 Dominica
3214 4147 3488 4201 sententia
3514 4163 3528 4200 :
3557 4144 3719 4200 Omne

2134 4235 2341 4290 verbum
2364 4238 2588 4290 otiosum
2622 4235 2761 4307 quod
2792 4236 2951 4288 locuti
2975 4234 3170 4305 fuerint
3202 4235 3460 4299 homines,
3503 4236 3714 4290 reddent

2136 4329 2390 4382 rationem
2415 4328 2478 4383 de
2501 4346 2559 4382 eo
2572 4329 2626 4382 in
2654 4328 2738 4382 die
2751 4328 2966 4398 judicii.
3007 4328 3086 4381 Ex
3122 4329 3302 4383 verbis
3334 4329 3484 4383 enim
3514 4330 3621 4384 tuis
3636 4327 3717 4396 ju-

2137 4418 2479 4483 stiticaberis,
2507 4428 2562 4474 et
2590 4435 2655 4475 ex
2681 4419 2861 4474 verbis
2884 4418 2992 4473 tuis
3015 4419 3486 4475 condemnaberis.
3508 4423 3589 4476 De
3614 4436 3715 4491 quo

2137 4516 2193 4564 et
2221 4508 2485 4562 subditur.

2207 4597 2280 4653 0s
2303 4610 2476 4653 autem
2510 4600 2648 4671 quod
2690 4602 2938 4654 mentitur
2977 4601 3166 4655 occidit
3198 4603 3454 4655 animum.
3510 4603 3715 4659 Occidit

2134 4705 2263 4759 ergo
2294 4706 2357 4744 os
2405 4691 2637 4747 mendax
2695 4692 2933 4747 animam
2976 4692 3146 4762 ipsius
3197 4694 3537 4761 mentientis,
3595 4695 3713 4764 quia

2135 4798 2394 4839 mucrone
2426 4784 2632 4854 peccati
2663 4784 2806 4839 illam
2836 4786 3238 4840 transverberat
3262 4802 3276 4850 ;
3296 4786 3455 4859 unde
3481 4802 3713 4842 summas

2135 4888 2262 4944 perc
2286 4873 2586 4929 cavendum
2612 4881 2699 4929 est
2718 4889 2878 4928 omne
2910 4875 3273 4936 mendacium,
3302 4878 3560 4944 quamvis
3588 4894 3713 4932 non-

2137 4977 2410 5032 nunquam
2434 4963 2506 5019 sit
2526 4963 2744 5033 aliquod
2772 4964 3038 5020 mendacii
3078 4979 3246 5034 genus
3279 4965 3454 5033 culpa:
3478 4966 3707 5027 levioris,

2136 5054 2181 5107 si
2223 5053 2507 5123 quisquam
2543 5053 2846 5121 praestando
2869 5053 3191 5109 beneﬁcium
3218 5055 3539 5110 mentiatur.
3564 5055 3708 5123 Quod

2139 5149 2291 5210 pater
2319 5141 2651 5212 Augustinus
2680 5142 2818 5197 libro
2843 5144 2909 5197 de
2938 5143 3236 5210 Mendacio,
3292 5146 3585 5201 manifeste
3618 5160 3707 5199 ex-

2139 5230 2341 5299 primit,
2396 5244 2829 5286 commemorans
2855 5242 2980 5288 oeto
3003 5248 3124 5288 esse
3152 5248 3349 5303 genera
3390 5236 3657 5291 mendacii
3690 5251 3702 5295 ;

2140 5323 2283 5390 quod
2333 5322 2565 5392 qualiter
2616 5324 2892 5390 disseruit,
2951 5326 3041 5395 qui
3072 5326 3304 5381 voluerit
3351 5328 3423 5380 ibi
3474 5328 3706 5382 invenire

2139 5414 2353 5482 poterit.
2411 5412 2511 5480 Qui
2548 5422 2726 5468 autem
2770 5415 2985 5485 aliquod
3026 5431 3197 5486 genus
3231 5418 3526 5481 mendacii,
3573 5416 3706 5487 quod

2141 5515 2421 5575 peccatum
2444 5520 2550 5560 non
2582 5508 2654 5561 sit
2672 5508 2962 5577 putaverit,
3000 5509 3197 5579 decipit
3234 5510 3471 5577 seipsum
3488 5509 3705 5578 turpiter

2143 5611 2264 5650 cum
2304 5596 2589 5651 honestum
2614 5613 2671 5651 se
2719 5613 2839 5653 esse
2869 5600 3208 5669 deecptorem
3237 5598 3532 5653 arbitratur
3585 5598 3705 5650 alio-
