3928 6176
166 203 271 261 (Π

1029 201 1380 259 COMMENT.
1421 204 1489 259 IN
1530 201 1786 258 LIBRUM
1827 200 2228 256 sanemus.
2273 173 2339 240 —'
2378 200 2504 254 LIB.
2543 200 2584 254 ι.

3327 207 3435 259 ϋτδ

166 337 311 378 rum.
347 325 695 388 Quapropter
724 317 937 387 quando
968 318 1121 373 nobis
1150 320 1214 373 de
1266 318 1563 388 Scripturis
1583 317 1753 371 sacris
1782 319 1830 377 Λ
1859 317 2000 368 niam
2025 327 2144 368 sunt
2170 326 2332 369 morte
2354 316 2520 385 digni,
2560 318 2650 386 qui
2698 328 2817 371 sunt
2855 335 2921 371 ex
2958 330 3106 389 parte
3151 324 3313 377 imus.
3342 325 3433 380 Ju-

168 409 471 466 meutieudi
525 416 796 477 ponuntur
842 407 1110 478 exempla,
1166 418 1259 463 aut
1318 406 1597 464 mendacia
1652 423 1758 462 non

166 508 314 566 sunt,
349 501 445 555 sed
499 507 756 570 putantur
792 513 912 553 esse
938 498 1065 554 dum
1091 514 1198 554 non
1230 499 1636 571 intelliguntur;
1666 505 1759 553 aut

165 592 210 650 si
239 595 524 651 mendacia
566 601 713 654 sunt.
775 593 1031 648 imitanda
1073 610 1179 649 non
1241 605 1388 661 sunt,
1435 597 1562 666 quia
1606 594 1756 663 justa

164 701 287 739 esse
318 702 424 739 non
458 676 703 754 possint,
735 683 827 737 sed
854 683 998 752 quod
1050 684 1310 754 scriptum
1338 693 1420 740 est
1462 702 1475 738 :
1506 685 1644 739 bene
1675 685 1755 739 fe-

164 778 307 832 cisse
336 777 508 831 Deum
540 774 929 853 obstetricibus
959 774 1308 831 Hebrmorum
1336 787 1389 832 et
1436 793 1558 833 cum
1605 778 1755 832 Raab

164 867 545 922 Jeriehuntina
582 866 891 928 meretrice,
928 880 1036 919 non
1065 865 1186 919 ideo
1241 866 1439 921 factum
1470 877 1574 931 est,
1627 868 1753 936 quia

167 958 410 1013 mentitae
444 966 588 1017 sunt,
626 955 718 1010 sed
753 955 879 1024 quia
918 954 973 1008 in
1011 954 1259 1010 homines
1306 957 1400 1010 Dei
1445 957 1753 1011 misericor-

165 1049 264 1102 des
306 1047 545 1101 fuerunt.
579 1044 691 1099 Non
728 1054 811 1100 est
834 1046 1014 1114 itaque
1040 1046 1092 1097 iu
1128 1046 1208 1099 eis
1254 1056 1599 1100 remunerata
1654 1046 1755 1100 fal-

167 1130 326 1202 lacia,
375 1138 469 1192 sed
498 1136 873 1190 benevolentia
901 1152 915 1201 ;
953 1134 1258 1205 benignitas
1281 1137 1493 1198 mentis,
1526 1152 1633 1190 non
1654 1137 1754 1191 ini-

166 1231 352 1300 quitas
394 1227 732 1284 mentientis.
778 1226 931 1280 Sicut
956 1226 1098 1280 enim
1127 1226 1322 1280 mirum
1357 1227 1755 1297 absurdumque

166 1338 274 1374 non
326 1328 495 1382 esset,
551 1317 595 1370 si
633 1316 739 1370 alio
771 1314 918 1385 prius
961 1323 1204 1385 tempore
1258 1317 1543 1370 commissa
1577 1317 1645 1371 ab
1675 1315 1754 1370 eis

165 1410 305 1465 mala
334 1425 523 1479 Opera,
552 1408 690 1462 Deus
713 1413 932 1475 propter
956 1404 1258 1474 posteriora
1288 1420 1450 1475 opera
1474 1404 1614 1460 bona
1645 1406 1755 1460 vel-

164 1504 237 1557 let
268 1504 573 1574 ignoscere,
613 1499 683 1553 ita
704 1498 1013 1552 mirandum
1037 1513 1144 1551 non
1186 1497 1434 1567 estquod
1458 1513 1564 1552 uno
1617 1504 1755 1553 tem-

163 1610 294 1663 pore
318 1594 372 1647 in
410 1596 712 1646 uua'causa
750 1590 891 1643 Deus
935 1595 1223 1659 utrumque
1249 1589 1590 1659 conspiciens
1610 1589 1751 1644 idem

1862 405 2007 458 stitia
2029 419 2158 472 ergo
2180 406 2317 459 bene
2339 413 2594 475 perpetua
2640 415 2694 460 et
2720 406 3039 463 immortalis
3060 425 3182 465 esse
3201 412 3429 469 dicitur:

1860 495 1985 562 quia
2006 510 2038 547 ει
2059 506 2322 564 perpetua
2364 506 2537 549 morte
2572 510 2630 550 se
2678 496 3039 565 obsequentes
3092 499 3307 556 liberat.
3341 504 3435 556 In-

1848 582 2063 652 justitia
2102 593 2276 638 autem
2301 586 2484 639 mortis
2510 594 2584 639 est
2611 588 2905 656 acquisitio,
2934 590 3059 658 quia
3084 589 3283 647 inferni
3310 609 3434 649 cru-
3476 640 3485 643 -

1859 674 2033 730 eiatus
2055 682 2402 745 peccatorum
2433 685 2584 732 certa
2609 686 2693 732 est
2718 681 3098 736 remuneratio.
3131 683 3295 754 lmpii‘
3341 702 3441 740 au-

1858 772 1964 818 tem
1984 766 2242 849 manibus
2267 774 2322 821 et
2342 768 2523 822 verbis
2544 769 2913 824 aceersicrunt
2940 770 3278 841 iniustitiam,
3308 779 3436 846 quia

1856 856 2017 911 dictis
2038 866 2093 912 et
2114 857 2270 913 factis
2300 869 2600 929 sequuntur
2624 862 2794 927 illam,
2824 871 2879 918 et
2927 880 3112 923 errore
3141 867 3351 940 decepti
3377 888 3436 926 se

1858 946 2076 1017 impune
2101 964 2327 1018 peccare
2344 965 2503 1019 posse
2540 952 2857 1008 conﬁdendo
2876 956 3025 1011 nullo
3048 960 3208 1014 modo
3229 961 3299 1015 ab
3320 962 3439 1031 ejus

1857 1042 2133 1095 consortio
2156 1042 2332 1097 divelli
2360 1046 2722 1112 consentiunt,
2772 1049 2896 1116 quia
2916 1046 3027 1116 jam
3054 1049 3200 1119 justo
3228 1054 3435 1123 judicio

1856 1129 1952 1184 Dei
1998 1132 2239 1187 damnati
2263 1134 2492 1190 evadere
2520 1136 2663 1191 illam
2692 1154 3029 1210 nequaquam
3076 1147 3427 1200 contendunt.

1857 1218 2009 1275 Unde
2030 1231 2113 1276 est
2140 1222 2267 1276 illud
2292 1224 2567 1295 Evangelii
2599 1245 2610 1280 :
2641 1226 2744 1292 Qui
2776 1240 2948 1284 autem
2981 1248 3084 1287 non
3107 1235 3266 1288 credit
3315 1236 3433 1305 jam

1845 1311 2120 1381 judicatus
2148 1323 2222 1368 est
2250 1329 2269 1365 :
2300 1316 2421 1386 quia
2459 1335 2561 1371 non
2584 1319 2803 1374 credidit
2845 1322 2900 1375 in
2945 1324 3150 1379 nomine
3180 1327 3434 1395 unigeniti

1860 1401 1987 1456 Filii
2010 1404 2110 1459 Dei
2131 1406 2312 1477 (Joan.
2341 1409 2446 1480 ni).
2468 1410 2533 1464 Et
2560 1411 2753 1466 iterum
2787 1432 2800 1466 :
2828 1413 2933 1479 Qui
2954 1416 3134 1481 credit,
3158 1417 3352 1486 inquit,
3376 1420 3434 1473 in

1856 1491 2054 1549 Filium
2070 1495 2184 1562 Dei,
2207 1499 2359 1553 habet
2383 1503 2539 1555 vitam
2563 1512 2832 1558 mternam.
2861 1503 2963 1571 Qui
2985 1516 3160 1561 autem
3184 1508 3431 1564 incredu-

1854 1583 1937 1638 lus
1956 1596 2032 1641 est
2050 1587 2163 1656 filio
2187 1607 2289 1644 non
2315 1593 2499 1648 videbit
2529 1594 2713 1659 vitam,
2740 1596 2830 1649 sed
2853 1596 2935 1650 ira
2966 1596 3063 1651 Dei
3084 1608 3257 1653 manet
3280 1616 3435 1671 super

164 1686 369 1740 factum
386 1683 841 1743 misericorditer,
863 1680 1175 1751 factumque
1190 1679 1520 1736 fallaciteret
1542 1682 1743 1736 bonum
1776 1664 1824 1713 R
1848 1679 2187 1754 eum(lbid.).

164 1776 554 1841 remuneravit,
588 1783 642 1828 et
688 1782 910 1844 propter
958 1773 1063 1828 hoc
1110 1772 1313 1827 bonum
1363 1773 1493 1829 illud
1548 1775 1732 1831 maluu
1792 1818 1857 1853 ,τι

164 1867 387 1938 ignovit.
1342 1919 1356 1931 ,

231 1958 418 2013 Nolite
445 1956 617 2012 zelare
636 1967 854 2011 mortem
888 1957 944 2010 in
972 1972 1149 2010 errore
1199 1956 1317 2011 vita:
1341 1964 1549 2022 vestrae,
1587 1973 1752 2028 neque

161 2053 452 2125 acquiratis
496 2051 839 2122 perditionem
883 2050 938 2104 in
975 2048 1215 2119 operibus
1259 2066 1513 2104 manuum
1565 2059 1754 2104 vestra-

165 2161 301 2197 rum.
343 2142 607 2208 Quoniam
657 2141 799 2196 Deus
834 2150 1052 2195 mortem
1077 2150 1201 2211 'lnon
1229 2139 1369 2210 fecit,
1427 2156 1519 2193 nec
1541 2139 1756 2196 lwtatur

166 2237 216 2288 in
261 2235 561 2305 perditione
620 2234 874 2286 vivorum.
914 2231 1176 2301 Superius
1210 2230 1515 2284 numeravit
1540 2245 1603 2284 ea
1634 2246 1754 2302 qua:

168 2326 327 2381 noxia
354 2324 561 2381 homini
605 2331 783 2388 erant,
824 2324 926 2377 hoc
955 2330 1058 2388 est,
1102 2322 1615 2388 murmurationem,
1663 2322 1752 2377 de-

167 2420 515 2485 tmetiouem,
564 2425 619 2472 et
664 2415 1025 2480 mendacium,
1065 2430 1096 2469 a
1146 2416 1342 2485 quibus
1382 2430 1441 2471 se
1491 2416 1755 2472 custodiri

169 2511 444 2581 pnccepit.
492 2508 646 2562 Nunc
673 2507 815 2562 idem
869 2505 990 2562 aliis
1037 2506 1218 2562 verbis
1270 2506 1498 2576 replicat
1525 2518 1586 2562 ut
1612 2507 1756 2563 scili-

169 2610 249 2654 cet
288 2616 351 2654 ea
380 2615 504 2669 qua:
543 2598 703 2652 morti
752 2597 988 2653 obnoxia
1036 2605 1167 2652 sunt
1195 2612 1265 2652 ne
1290 2597 1576 2665 faciamus,
1630 2614 1757 2669 quo-

170 2694 309 2747 niam
338 2686 465 2747 Deo'
483 2691 738 2746 interitus
764 2695 954 2744 uoster
979 2703 1089 2743 non
1120 2688 1320 2759 placet,
1367 2688 1459 2759 qui
1489 2689 1604 2744 vult
1634 2704 1753 2744 om-

171 2801 261 2839 nes
286 2784 544 2839 homines
570 2782 749 2837 salvos
785 2795 926 2847 esse,
956 2788 1013 2835 et
1039 2781 1109 2835 ad
1136 2780 1469 2852 agnitionem
1504 2783 1757 2839 veritatis

171 2876 475 2944 pervenire.
504 2872 605 2940 Qui
635 2887 731 2943 per
749 2870 1071 2942 prophetam
1098 2870 1175 2925 ait
1208 2888 1221 2923 :
1256 2870 1435 2937 Quare
1460 2872 1757 2927 moriemini

170 2966 353 3019 domus
376 2964 596 3019 Israel?
628 2965 753 3036 quia
782 2963 901 3018 nolo
934 2972 1151 3017 mortem
1183 2964 1455 3018 morientis
1478 2963 1606 3017 dicit
1648 2963 1758 3017 Do-

2499 1776 2724 1833 CAPUT
2770 1778 2856 1836 IV.

1864 1885 1964 1942 Ubi
2011 1889 2176 1960 impii,
2232 1891 2562 1961 desperantes
2608 1892 2673 1947 de
2710 1892 2878 1948 salute
2916 1912 3035 1959 sua,
3083 1906 3338 1956 perituros
3380 1915 3436 1951 se

1931 1968 2190 2025 asserunt,
2249 1970 2299 2013 et
2363 1963 2724 2017 tantummodo
2753 1965 2808 2017 in
2844 1966 3087 2035 prwsenti
3122 1966 3314 2020 sa'culo
3364 1970 3437 2022 vi-

1836 2028 1844 2035 ”
1928 2045 2124 2084 cturos.

1936 2138 2086 2210 (ΟΑΡ.
2127 2138 2212 2213 ιι.)
2248 2139 2502 2195 Dixerunt
2527 2143 2663 2196 enim
2711 2144 2858 2214 impii
2903 2146 3044 2215 apud
3072 2163 3126 2200 se
3154 2149 3440 2218 cogitantes

1860 2247 1964 2285 non
1988 2239 2119 2289 recte
2144 2244 2163 2283 :
2192 2231 2459 2301 Exiguum
2485 2241 2669 2286 etcum
2695 2222 2850 2287 ttedio
2881 2245 2954 2288 est
2980 2245 3181 2307 tempus
3200 2239 3319 2293 vita'
3346 2258 3440 2293 no-

1858 2330 2004 2387 strw,
2031 2331 2077 2375 et
2107 2337 2210 2375 non
2231 2331 2305 2375 est
2328 2321 2663 2393 refrigerium
2688 2323 2740 2377 in
2763 2322 2867 2392 ﬁne
2890 2325 3136 2391 hominis,
3161 2337 3208 2380 et
3231 2345 3334 2383 non
3359 2339 3438 2384 est

1866 2412 1958 2482 qui
2007 2412 2220 2481 agnitus
2260 2413 2325 2464 sit
2375 2428 2606 2467 reversus
2657 2413 2722 2467 ab
2762 2413 3133 2485 inferis:quia
3164 2434 3228 2471 ex
3273 2419 3439 2472 nihilo

1862 2504 1974 2557 nati
2006 2519 2209 2567 sumus,
2238 2513 2285 2558 et
2324 2512 2437 2574 post
2466 2504 2564 2558 hoc
2588 2506 2804 2573 erimus,
2832 2515 3081 2577 tanquam
3125 2510 3171 2562 si
3200 2525 3303 2563 non
3328 2510 3443 2579 fue-

1862 2594 2061 2657 rimus;
2081 2594 2329 2663 quoniam
2352 2594 2528 2660 fumus
2541 2604 2589 2650 et
2610 2596 2771 2666 ﬂatus
2793 2606 2868 2651 est
2892 2597 2948 2651 in
2974 2598 3190 2653 naribus
3213 2601 3440 2664 nostris;

1859 2698 1908 2744 et
1956 2704 2127 2743 sermo
2179 2687 2421 2743 scintillae
2449 2688 2519 2742 ad
2567 2691 2993 2745 commovendum
3020 2707 3111 2745 cor
3157 2702 3390 2747 nostrum
3422 2706 3443 2744 :

1857 2780 1983 2851 quia
2009 2780 2297 2835 exstinctus
2326 2779 2457 2833 cinis
2480 2780 2578 2833 erit
2618 2796 2806 2851 corpus
2835 2790 3093 2847 nostrum,
3140 2792 3189 2836 et
3226 2784 3444 2854 spiritus

1861 2873 2227 2943 diffundentur
2275 2881 2526 2942 tanquam
2573 2872 2747 2926 mollis
2781 2890 2891 2939 aer,
2939 2883 2988 2927 et
3038 2874 3282 2927 transibit
3335 2875 3445 2929 vita

1861 2972 2042 3018 nostra
2087 2972 2339 3035 tanquam
2363 2964 2636 3033 vestigium
2661 2964 2832 3029 nubis,
2861 2973 2910 3018 et
2950 2965 3084 3018 sicut
3116 2964 3304 3019 nebula
3333 2965 3449 3020 dis-

171 3057 343 3110 minus
388 3055 533 3110 Deus
579 3054 795 3127 (Ezech.
850 3054 1029 3124 xvm).
1077 3054 1433 3111 Revertimini
1462 3064 1517 3111 et
1573 3055 1759 3113 vivite.
1792 3058 1837 3119 C
1868 3055 2116 3122 solvetur,
2147 3073 2266 3128 qua:
2292 3057 2474 3127 fugata
2497 3066 2571 3111 est
2606 3073 2637 3110 a
2664 3056 2829 3110 radiis
2853 3056 2998 3121 solis,
3043 3066 3092 3111 et
3122 3075 3153 3111 a
3183 3056 3357 3111 calore
3377 3056 3446 3110 il-

172 3146 311 3201 Deus
336 3147 487 3202 enim
522 3154 711 3200 auctor
736 3146 923 3201 salutis
946 3161 1053 3202 non
1082 3146 1402 3217 perditionis
1426 3155 1624 3203 nostra:
1652 3155 1759 3215 est,

172 3237 259 3305 qui
281 3237 410 3291 vidit
430 3246 616 3291 cuncta
638 3252 757 3309 qua:
776 3236 917 3306 fecit,
933 3246 982 3292 et
1001 3247 1150 3292 erant
1171 3237 1322 3292 valde
1342 3237 1497 3293 bona.
1517 3239 1621 3294 Sed
1639 3239 1765 3309 jux-

175 3335 228 3378 ta
270 3324 613 3395 Apostolum,
662 3323 991 3396 Stipendium
1027 3328 1227 3399 peccati
1265 3337 1340 3383 est
1394 3346 1552 3396 mors,
1588 3332 1761 3401 gratia

176 3426 351 3471 autem
378 3415 480 3469 Dei
502 3416 606 3471 vita
631 3425 826 3471 (eterna
843 3417 1014 3489 (Rom.
1043 3417 1141 3490 γι).
1191 3444 1202 3457 ·

244 3509 455 3563 Creavit
476 3510 613 3582 enim
638 3518 693 3563 ut
721 3520 886 3564 essent
908 3511 1082 3565 omnia
1108 3527 1128 3575 ;
1157 3519 1205 3564 et
1235 3510 1498 3567 sanabiles
1512 3512 1634 3583 fecit
1669 3531 1764 3568 na-

176 3601 340 3654 tiones
368 3599 513 3653 orbis
543 3607 846 3666 terrarum;
882 3610 928 3655 et
952 3617 1056 3656 non
1082 3610 1159 3655 est
1189 3601 1297 3657 illis
1321 3603 1761 3659 medicamentum

176 3692 500 3757 exterminii,
546 3707 638 3745 nec
662 3691 950 3761 inferorum
995 3710 1209 3764 regnum
1232 3695 1286 3750 in
1315 3704 1473 3750 terra.
1503 3696 1617 3752 llac
1643 3714 1765 3753 seu-

181 3785 346 3839 tentia
374 3783 518 3839 sicut
546 3792 601 3838 et
625 3784 679 3838 in
707 3784 890 3854 priore
921 3784 1304 3841 manifestatur
1329 3786 1472 3857 quod
1498 3789 1764 3846 Dominus

179 3885 260 3931 est
312 3884 509 3931 auctor
558 3877 828 3932 bonorum
880 3890 1104 3946 operum
1151 3890 1260 3931 non
1309 3878 1595 3942 malorum,
1642 3880 1763 3935 ideo

170 3966 353 4037 justus
382 3976 471 4023 est
490 3966 681 4037 judex,
722 3968 815 4039 qui
848 3968 1086 4023 vindieat
1134 3983 1331 4038 pravos
1358 3977 1511 4025 actus
1547 3978 1601 4024 et
1629 3987 1754 4041 pec-

177 4068 321 4114 cata.
346 4058 460 4114 Nec
482 4059 809 4113 necessitate
840 4073 1130 4130 peccamus
1143 4057 1272 4114 dum
1298 4059 1642 4129 deliquimus,
1668 4060 1764 4117 sed

178 4164 437 4220 perversa
488 4150 765 4205 voluntate
796 4166 915 4220 qua:
964 4165 1030 4205 ex
1061 4150 1219 4206 liberi
1276 4151 1486 4207 arbitrii
1519 4153 1764 4222 procedit

180 4244 461 4313 qualitate.
508 4242 617 4298 Nos
674 4243 841 4299 Deum
866 4242 1071 4313 justum
1100 4253 1155 4299 et
1175 4246 1377 4300 bonum
1409 4247 1489 4302 sic
1515 4248 1764 4304 humanae

179 4334 524 4401 substantiae,
566 4346 619 4391 et
665 4338 982 4392 interiorum
1027 4338 1468 4410 exteriorumque
1504 4357 1761 4397 sensuum

1866 3144 1968 3200 lius
2009 3156 2342 3217 aggravata;
2393 3156 2440 3201 et
2465 3163 2651 3201 nomen
2703 3156 2942 3201 nostrum
2973 3146 3283 3201 oblivionem
3308 3148 3448 3201 acci-

1862 3239 1967 3309 piet
2006 3254 2100 3309 per
2120 3248 2345 3308 tempus,
2377 3246 2425 3292 et
2480 3254 2628 3291 nemo
2655 3238 2961 3292 memoriam
2991 3238 3197 3292 habebit
3234 3254 3447 3308 operum

1865 3338 2181 3383 nostrorum.
2203 3327 2409 3383 Umbrrc
2423 3331 2557 3383 enim
2581 3330 2834 3383 transitus
2857 3339 2934 3384 est
2957 3340 3159 3400 tempus
3177 3339 3411 3384 nostrum
3424 3370 3440 3395 ,

1863 3429 1912 3474 et
1968 3437 2071 3475 non
2105 3429 2180 3475 est
2220 3421 2442 3474 reversio
2480 3420 2601 3489 ﬁnis
2631 3422 2812 3485 nostri,
2850 3420 3099 3492 quoniam
3134 3421 3449 3492 consignata

1863 3525 1962 3581 est,
1985 3525 2033 3570 et
2059 3532 2207 3571 nemo
2255 3517 2546 3571 revertitur.
2590 3514 2768 3570 Venite
2789 3532 2934 3586 ergo,
2956 3525 3004 3570 et
3028 3515 3272 3585 fruamur
3300 3516 3448 3570 bonis

1862 3625 1979 3679 qua:
1999 3617 2142 3673 sunt,
2193 3616 2243 3662 et
2270 3617 2483 3662 utamur
2528 3616 2772 3661 creatura
2818 3617 3067 3678 tanquam
3103 3608 3158 3659 in
3178 3607 3455 3676 juventute

1864 3700 2117 3755 celeriter.
2161 3697 2295 3754 Vino
2317 3700 2545 3769 pretioso
2591 3707 2639 3751 et
2678 3699 2956 3769 unguentis
2984 3713 3076 3751 nos
3106 3694 3451 3765 impleamus;

1862 3801 1913 3847 et
1939 3808 2041 3847 non
2071 3800 2346 3863 prwtereat
2396 3786 2489 3845 τιοὲ
2535 3791 2632 3860 ﬂos
2679 3791 2941 3860 temporis.
2994 3788 3312 3842 Coronemus
3356 3802 3450 3839 nos

1865 3881 2018 3945 rosis,
2099 3892 2379 3951 antequam
2425 3889 2747 3935 marcescant
2778 3879 3021 3933 :nullum
3091 3887 3301 3947 pratum
3358 3878 3450 3941 sit,

1849 3971 2002 4043 .quod
2028 3987 2132 4025 non
2170 3979 2495 4041 pertranseat
2517 3970 2731 4022 luxuria
2760 3978 2958 4021 nostra.
3015 3967 3186 4021 Nemo
3220 3976 3451 4021 uestrum

1862 4082 2015 4120 exors
2040 4064 2104 4118 sit
2133 4063 2362 4118 luxuria:
2399 4073 2633 4117 nostrw:
2667 4063 2856 4131 ubique
2898 4060 3251 4130 relinquamus
3295 4059 3447 4129 signa

1863 4157 2060 4211 lwtitim
2083 4170 2101 4208 :
2128 4157 2376 4227 quoniam
2400 4155 2512 4210 lucc
2534 4164 2606 4208 est
2631 4171 2753 4225 pars
2780 4163 2974 4217 nostra,
2998 4162 3045 4207 et
3082 4154 3192 4205 ha’c
3214 4160 3288 4206 est
3316 4166 3452 4205 sors.

1864 4249 1992 4305 Haec
2014 4265 2117 4304 vox
2171 4248 2505 4319 perditorum
2541 4255 2643 4310 est,
2690 4247 2786 4317 «pii
2844 4259 2994 4299 more
3022 4245 3307 4299 brutorum
3328 4241 3452 4295 ani-

1843 4327 2089 4395 'malium
2114 4339 2382 4409 aspiciunt
2418 4338 2469 4392 in
2507 4352 2697 4407 pra-sci
2724 4337 2793 4390 tia
2853 4350 2952 4390 nec
2990 4335 3230 4405 cogitant
3259 4333 3325 4388 de
3372 4331 3454 4386 fu-

180 4427 431 4481 uovimus
460 4437 786 4492 creatorem,
818 4438 877 4484 ut
920 4445 1144 4500 prorsus
1190 4432 1259 4486 ab
1285 4431 1375 4486 illo
1402 4434 1472 4488 sit
1509 4435 1769 4505 quidquid
1797 4414 1848 4474 D
1875 4433 2032 4498 turis,
2064 4446 2238 4501 neque
2274 4440 2397 4501 post
2443 4429 2602 4498 hujus
2647 4429 2771 4484 vitae
2822 4428 3108 4483 terminum
3157 4441 3309 4496 spem
3358 4425 3457 4479 ba-

179 4519 418 4588 pertinet
464 4520 531 4574 ad
571 4531 842 4586 naturam,
895 4529 949 4576 et
998 4537 1221 4592 prorsus
1254 4523 1321 4578 ab
1374 4524 1466 4578 illo
1523 4542 1629 4581 non
1676 4528 1767 4592 sit,

179 4608 446 4677 quidquid
483 4617 671 4663 contra
701 4618 951 4665 naturam
995 4621 1097 4666 est.
1124 4610 1413 4669 Peccatum
1439 4624 1620 4673 autem
1643 4633 1771 4673 con-

181 4707 257 4753 tra
296 4709 552 4754 naturam
586 4708 691 4766 est,
739 4702 805 4757 de
853 4718 961 4772 quo
986 4717 1134 4757 mors
1167 4715 1223 4760 et
1260 4708 1442 4762 omnia
1479 4723 1599 4777 qua:
1650 4716 1775 4763 sunt

181 4792 378 4846 mortis
413 4793 680 4848 oriuntur.
722 4794 931 4863 Quibus
953 4800 1109 4856 malis
1134 4808 1260 4856 tunc
1302 4816 1361 4856 se
1398 4801 1560 4856 homo
1601 4801 1772 4855 induit

180 4885 403 4953 quando
448 4884 599 4940 illum
651 4885 756 4943 lide
808 4889 1219 4964 obedientiaque
1246 4893 1517 4964 privatum
1553 4894 1605 4947 in
1643 4907 1770 4947 suas

178 4976 577 5046 pmmissiones
618 4978 867 5037 diabolus
919 4999 949 5037 a
996 4984 1112 5056 lege
1147 4986 1242 5040 Dei
1298 4985 1561 5048 traduxit,
1591 4984 1773 5039 omnia

177 5064 287 5120 sibi
360 5068 697 5137 posteritatis
765 5072 882 5142 ejus
948 5076 1191 5142 germina
1255 5091 1353 5146 per
1412 5076 1775 5131 conditionem

178 5154 464 5225 deputata:
496 5155 681 5229 stirpis
727 5158 1039 5217 obstrinxit.
1070 5164 1145 5219 De
1183 5181 1290 5236 quo
1329 5166 1506 5220 adhuc
1552 5167 1773 5238 subjun-

175 5254 352 5318 gum.

251 5333 482 5391 Iustitia
492 5342 626 5413 enim
641 5351 887 5410 perpetua
902 5351 975 5396 est
990 5343 1374 5397 etimmortalis.
1394 5343 1664 5413 Injnstitia
1687 5333 1780 5395 an;

176 5436 284 5483 tem
313 5429 501 5483 mortis
533 5440 609 5484 est
636 5434 932 5501 acquisitio.
958 5433 1113 5505 lmpii
1135 5444 1307 5489 autem
1338 5436 1579 5489 manibus
1603 5445 1649 5487 et
1671 5450 1780 5487 ver-

181 5520 266 5573 bis
296 5524 657 5578 accersierunt
683 5525 828 5578 illam
863 5540 879 5577 :
907 5536 954 5579 et
1014 5527 1327 5580 mstimantes
1356 5525 1503 5579 illam
1533 5528 1780 5590 amicam,

180 5614 551 5685 deﬂuxerunt,
584 5624 630 5665 et
668 5616 967 5683 sponsiones
990 5624 1273 5686 posuerunt
1320 5613 1389 5667 ad
1434 5613 1578 5667 illim
1612 5628 1627 5664 :
1658 5632 1787 5685 quc-

1746 5300 1801 5341 ’ψ

1873 4526 2003 4580 bent
2022 4522 2184 4578 ullam
2214 4526 2430 4577 aeterna:
2453 4519 2672 4595 quietis,
2715 4518 2782 4573 de
2831 4517 3080 4587 qualibus
3107 4530 3203 4585 per
3229 4513 3455 4586 psalmi-

1876 4626 2014 4674 stam
2037 4617 2234 4673 dicitur
2259 4634 2271 4671 :
2299 4614 2471 4669 Homo
2502 4630 2619 4668 cum
2673 4614 2726 4668 in
2751 4614 2946 4666 honore
2994 4618 3122 4664 esset
3172 4626 3274 4662 non
3301 4605 3455 4661 intel-

1875 4707 2023 4773 lexit,
2055 4715 2385 4778 comparatus
2410 4714 2483 4759 est
2505 4702 2759 4774 jumentis
2792 4699 3172 4770 insipientibus,
3204 4708 3253 4753 et
3273 4697 3463 4753 similis

1877 4799 2050 4868 factus
2074 4806 2146 4853 est
2186 4797 2292 4851 illis
2334 4794 2507 4868 (Psal.
2538 4792 2750 4864 nvm).
2801 4792 3038 4860 Quorum
3067 4805 3254 4847 vocem
3291 4789 3459 4845 Isaias

1875 4890 2140 4960 propheta
2172 4888 2415 4959 increpat
2440 4886 2625 4941 dicens
2662 4903 2674 4938 :
2720 4884 2944 4940 Dixistis
2975 4884 3112 4937 enim
3144 4899 3165 4936 :
3191 4870 3462 4937 Percussi-

1877 4995 1992 5032 mus
2019 4977 2188 5048 fcedus
2213 4994 2331 5031 cum
2354 4984 2537 5040 morte,
2584 4983 2633 5028 et
2662 4990 2781 5027 cum
2829 4972 3036 5043 inferno
3075 4972 3328 5042 faciemus
3356 4988 3457 5041 pa-

1880 5078 2039 5123 ctum.
2085 5064 2383 5137 Flagellum
2405 5062 2667 5119 inundans
2700 5079 2817 5117 cum
2849 5062 3114 5116 transierit
3157 5077 3260 5115 non
3286 5062 3463 5115 veniet

1881 5175 2037 5228 super
2058 5173 2170 5222 nos,
2199 5156 2323 5227 quia
2346 5153 2588 5225 ponimus
2619 5152 2947 5206 mendacium
2969 5168 3109 5221 spem
3134 5162 3389 5211 nostram,
3413 5159 3464 5204 et

1887 5246 2156 5301 mendacio
2200 5244 2415 5316 protecti
2469 5259 2648 5297 sumus
2688 5242 2824 5314 (lsa.
2855 5242 3070 5313 xxvut).
3118 5242 3464 5297 ldcrrcolucc

1889 5338 2021 5392 dicit
2061 5336 2321 5390 Dominus
2353 5352 2367 5387 :
2400 5330 2604 5387 Ponam
2622 5332 2886 5401 judicium
2934 5331 2988 5386 in
3018 5333 3267 5403 pondere,
3299 5338 3345 5382 et
3361 5328 3460 5397 ju-

1887 5431 2083 5484 stitiam
2107 5430 2161 5482 in
2184 5442 2464 5491 mensura;
2491 5435 2537 5479 et
2567 5424 2822 5478 subvertet
2865 5424 3065 5492 grando
3092 5438 3233 5477 suem
3249 5417 3463 5471 menda-

1890 5524 1978 5586 cii,
2004 5532 2051 5575 et
2083 5521 2449 5591 protectionem
2478 5517 2981 5590 aquw'inundantis,
3014 5525 3061 5569 et
3091 5512 3342 5567 delrbitur
3361 5500 3455 5578 far-

1892 5616 1988 5669 dus
2032 5624 2250 5668 vestrum
2279 5629 2395 5665 ευηι
2442 5623 2601 5665 morte
2657 5621 2704 5665 ετ
2749 5618 2955 5680 ρεειιιηι
2998 5616 3213 5661 vestrum
3241 5616 3355 5655 Cliti!
3380 5618 3468 5655 m-
