3928 6176
489 234 595 293 6'79

1156 183 1217 285 l3.
1257 228 1514 284 RABANI
1555 228 1776 286 MAURI
1817 228 2138 286 ARCIIIEP.
2181 226 2489 284 MOGUNT.
2530 226 2815 283 OPERUM
2853 227 3035 285 PARS
3071 228 3112 283 Ι.

3645 237 3749 294 680

489 348 640 418 {eruo
668 361 771 400 non
791 343 969 399 stabit.
1006 341 1304 413 Flagellum
1326 343 1591 398 inundans
1614 360 1731 397 cum
1774 343 2063 407 transierit,
2098 345 2144 404 Α
2172 340 2453 410 sphemuni
2480 338 2786 394 interﬁcere
2818 338 3146 410 cogitabant.
3182 341 3332 396 Unle
3385 343 3438 397 in
3462 343 3745 420 Evangelia

487 439 632 491 eritis
682 435 731 490 ei
760 435 815 488 in
839 432 1306 497 conculcatiouem,
1344 433 1760 505 quandocunque
1804 442 2069 503 pertrans-

486 529 603 584 ierit
632 527 774 581 tollet
820 542 905 579 vos
952 523 1087 594 (Isa.
1127 525 1346 595 xxvm).
1398 523 1498 579 Cui
1547 524 1702 595 paria
1729 523 1897 579 Amos
1943 539 2070 594 pro-

486 619 647 687 pheta
690 614 911 686 protulit
936 613 1121 669 dicens
1147 632 1159 667 :
1201 612 1288 667 Va:
1307 614 1399 683 qui
1418 612 1647 683 opulenti
1669 614 1812 678 estis,
1838 622 1884 666 et
1914 629 2069 682 sepa»

488 719 588 769 rati
616 716 670 768 in
705 710 842 764 diem
872 705 1092 769 malum,
1120 714 1167 758 et
1194 705 1628 775 apprapinquatis
1654 704 1786 759 solio
1820 703 2070 773 iniquita—

483 807 583 867 tis;
630 802 721 875 qui
746 798 989 854 dormitis
1020 797 1075 850 in
1123 793 1269 848 lectis
1301 795 1562 860 eburneis,
1613 804 1661 849 et
1709 794 1961 850 lascivitis
2010 794 2066 848 in

480 893 661 951 stratis
709 888 930 946 vestris:
978 886 1077 957 'qui
1141 884 1413 939 comeditis
1457 902 1652 956 agnum
1695 887 1760 940 de
1800 901 1970 956 grege,
2014 893 2064 939 et

478 986 666 1040 vitulos
715 983 779 1037 de
846 979 1016 1034 medio
1077 977 1342 1041 armenti;
1397 976 1486 1047 qui
1528 976 1716 1031 canitis
1763 975 1832 1030 ad
1889 992 2062 1031 vocem

475 1077 731 1147 psalterii,
779 1075 914 1129 sicut
957 1069 1131 1125 David
1150 1077 1463 1139 putaverunt
1485 1085 1540 1123 se
1565 1068 1751 1122 habere
1772 1084 1897 1122 vasa
1927 1085 2058 1122 can-

475 1168 585 1220 tici.
631 1165 874 1220 Bibenles
912 1162 1085 1215 vinum
1128 1160 1184 1213 in
1232 1158 1447 1228 plrialis,
1480 1169 1528 1213 et
1566 1161 1761 1229 optimo
1797 1168 2060 1229 unguenta

473 1258 689 1313 delibuti
710 1297 723 1309 .
755 1265 803 1310 et
830 1255 960 1309 nihil
977 1252 1313 1326 patiebantur
1331 1268 1488 1322 super
1504 1253 1816 1306 contritione
1839 1251 2055 1324 Ioseph.

475 1347 805 1418 Quapropter
852 1361 990 1398 nunc
1032 1341 1331 1412 migrabunt
1362 1342 1418 1396 in
1467 1343 1636 1413 capite
1677 1343 2060 1414 transmigran-

471 1440 626 1501 tium,
668 1445 718 1491 et
768 1435 1040 1504 auferetur
1091 1434 1251 1502 factio
1305 1432 1686 1487 lascivientium
1733 1432 1914 1505 (Amos
1955 1433 2052 1505 vi).

472 1526 537 1580 Et
576 1526 772 1581 iterum
799 1525 1006 1597 (v):Pro
1021 1543 1078 1580 ea
1104 1522 1243 1594 quod
1291 1521 1621 1592 diripiebatis
1660 1538 1966 1593 pauperem.
2005 1531 2055 1576 et

468 1616 702 1686 praedam
725 1615 941 1669 electam
981 1611 1243 1667 tallebatis
1289 1613 1353 1665 ab
1379 1629 1439 1665 eo
1494 1612 1679 1664 domas
1715 1612 1919 1681 quadra
1973 1610 2053 1664 la-

2171 432 2433 501 scriptum
2462 440 2579 485 est:
2607 429 2942 485 Sustulerunt
2970 430 3171 503 lapides
3192 430 3374 488 Judaei
3400 475 3416 501 ,
3462 447 3519 490 ut
3539 437 3745 509 lepida-

2171 530 2282 575 rent
2326 537 2464 574 eum.
2512 519 2793 591 Respondit
2843 521 2918 575 eis
2964 521 3359 577 Jesus:Multa
3409 542 3566 597 opera
3615 529 3747 587 bona

2168 616 2371 670 ostendi
2399 615 2541 670 vobis
2569 632 2632 669 ex
2667 612 2823 669 Patre
2856 632 2989 678 mea,
3034 627 3246 687 propter
3270 619 3410 688 quod
3448 636 3629 676 eorum
3665 623 3747 680 la-

2166 704 2359 772 pidatis
2412 704 2533 757 me?
2586 703 2985 773 Responderunt
3042 721 3164 775 ergo
3225 705 3406 762 Judtei
3437 723 3458 762 .'
3487 709 3568 765 De
3617 712 3746 769 bona

2166 811 2318 863 opere
2346 811 2449 849 non
2476 793 2773 865 lapidamus
2801 803 2870 860 te,
2893 795 2982 848 sed
3014 794 3077 849 de
3101 795 3442 867 blasphemia,
3470 811 3519 856 et
3543 804 3668 874 quia
3693 815 3749 859 tu

2165 883 2319 938 homo
2353 901 2471 938 cum
2500 888 2604 948 sis,
2652 885 2786 954 facis
2832 887 3053 956 teipsum
3080 885 3271 954 Deum,
3299 896 3403 945 etc.
3439 889 3622 962 (Joan.
3667 892 3744 966 ι).

2164 974 2366 1029 Invidia
2395 974 2540 1028 enim
2569 974 2805 1045 instigati
2834 990 2940 1029 non
2975 976 3105 1046 quid
3135 976 3250 1047 ipse
3281 989 3483 1050 ageret,
3501 983 3595 1037 sed
3620 986 3748 1054 quid

2162 1066 2261 1135 ipsi
2291 1081 2451 1137 agere
2481 1065 2752 1121 noluerint
2770 1076 3081 1136 pensantes,
3110 1067 3164 1121 in
3180 1067 3317 1125 lucis
3337 1072 3503 1126 radiis
3522 1073 3748 1130 obtene-

2164 1156 2515 1222 brescebant;
2547 1156 2690 1211 unde
2726 1156 3097 1226 hujuscemodi
3123 1160 3287 1214 verba
3320 1160 3425 1216 illis
3459 1165 3747 1221 convenie-

2158 1245 2309 1311 bant,
2340 1254 2401 1300 ut
2450 1246 2733 1301 dicerent:
2771 1244 2958 1302 Gravis
2988 1258 3064 1303 est
3098 1250 3258 1304 etiam
3286 1253 3434 1307 nobis
3460 1255 3533 1307 ad
3566 1256 3746 1312 viden-

2156 1338 2304 1403 dum,
2334 1339 2583 1409 quoniam
2624 1338 2895 1393 dissimilis
2924 1349 2998 1394 est
3022 1340 3142 1394 aliis
3172 1343 3273 1396 vita
3303 1343 3470 1410 illius,
3498 1354 3555 1399 et
3581 1348 3746 1403 absti-

2155 1438 2248 1484 net
2273 1446 2331 1486 se
2359 1447 2389 1486 a
2432 1431 2536 1486 viis
2573 1432 2775 1487 nostris
2820 1441 3074 1502 tanquam
3124 1436 3192 1488 ab
3248 1436 3627 1494 immunditiis.
3680 1439 3743 1494 Et

2154 1523 2279 1592 quia
2315 1523 2382 1578 de
2428 1523 2613 1579 lutura’
2644 1524 2754 1579 vita
2796 1540 2903 1580 non
2934 1526 3275 1596 cogitabant,
3333 1530 3454 1584 ideo
3498 1530 3741 1603 prmferri

2157 1629 2267 1669 sua:
2295 1614 2555 1685 voluptati
2588 1616 2883 1671 novissima
2931 1615 3204 1685 justorum
3229 1661 3245 1682 ,
3302 1620 3406 1676 hoc
3430 1629 3555 1686 est,
3594 1638 3739 1694 spem

466 1707 586 1777 pide
617 1704 970 1774 a'diﬁcabitis,
1010 1712 1187 1755 etnon
1233 1699 1593 1755 inhabitabilis
1630 1700 1681 1754 in
1709 1701 1820 1766 eis;
1874 1700 2049 1755 vineas
2085 1701 2128 1761 Β
2156 1703 2349 1759 futura:
2397 1706 2523 1759 vita:
2573 1704 2858 1771 dolebant;
2904 1707 3133 1778 indeque
3173 1711 3355 1779 pravis
3381 1713 3629 1768 consiliis
3674 1715 3738 1769 ad

466 1798 855 1852 amantissimas
877 1794 1203 1866 plantabitis,
1227 1803 1276 1847 et
1304 1809 1407 1845 non
1435 1793 1617 1847 bibatis
1643 1793 1818 1847 vinum
1833 1808 2048 1847 earum:

464 1887 586 1957 quia
608 1885 822 1956 cognovi
843 1882 1008 1936 multa
1027 1882 1224 1937 scelera
1242 1895 1439 1947 vestra,
1464 1891 1511 1935 et
1531 1880 1692 1951 fortia
1718 1891 1929 1951 peccata
1960 1899 2049 1936 ve-

463 1990 592 2032 stra.
624 1977 935 2046 Sequuntur
959 1975 1135 2029 adhuc
1163 1974 1469 2043 voluptuosi
1500 1983 1663 2043 atque
1703 1974 1946 2031 hairetici
1992 1984 2049 2030 et

462 2068 669 2123 addunt
696 2068 812 2121 haec
834 2064 1108 2135 prioribus
1131 2065 1290 2120 dictis
1328 2065 1457 2120 suis.

1079 2177 1306 2235 CAPUT
1347 2176 1407 2233 V.

460 2296 748 2353 Consilium
801 2297 1080 2367 impiorum
1119 2294 1433 2349 Judmorum
1462 2295 1710 2349 adversus
1743 2295 2043 2361 Christum,

528 2368 867 2422 tractantium
901 2368 965 2422 de
992 2376 1156 2421 morte
1182 2367 1319 2436 ejus,
1348 2377 1393 2420 et
1409 2367 1747 2437 Acausantium
1769 2384 1885 2421 eum
1904 2368 2044 2437 quod

528 2439 635 2507 ipse
658 2438 1029 2507 improperaret
1054 2438 1129 2491 eis
1157 2435 1371 2507 peccata
1398 2435 1543 2506 legis.

532 2549 900 2617 Opprimamus
921 2563 1201 2619 pauperem
1235 2544 1443 2614 justum
1466 2555 1514 2600 et
1544 2562 1647 2600 non
1668 2563 1948 2617 parcamus
1970 2549 2043 2602 vi-

459 2639 600 2702 rtute,
625 2654 715 2691 nec
750 2639 978 2692 veterani
1026 2654 1355 2693 revereamur
1398 2654 1558 2692 canos
1579 2638 1731 2692 multi
1774 2641 2038 2711 temporis.

455 2728 539 2784 Sit
574 2738 749 2782 autem
776 2728 1029 2797 fortitudo
1073 2740 1253 2784 nostra
1288 2728 1374 2783 lea:
1413 2730 1683 2800 justitite:
1725 2733 1862 2803 quod
1902 2734 2040 2788 enim

452 2819 720 2888 inﬁrmum
756 2830 830 2874 est
866 2819 1052 2875 inutile
1097 2820 1375 2875 invenitur.
1428 2820 1578 2876 Licet
1625 2822 1740 2877 hzec
1776 2823 2041 2894 generali-

454 2917 537 2964 ter
564 2910 833 2977 pertinere
860 2911 1071 2979 possint
1096 2911 1162 2966 ad
1196 2926 1290 2966 eos
1309 2926 1401 2980 qui
1437 2919 1846 2968 contemnentes
1868 2912 2038 2969 Deum

452 2997 584 3051 nulli
622 3007 849 3067 parcunt
895 2999 1046 3053 sexui
1086 3008 1181 3054 aut
1229 3001 1406 3065 aetati,
1453 3003 1546 3056 sed
1575 3016 1675 3070 per
1714 3001 2035 3070 injustitiam

2152 1790 2271 1859 ejus
2292 1792 2725 1849 interfectionem
2755 1796 3067 1862 tendebant,
3092 1799 3234 1868 quod
3269 1803 3557 1870 sequentia
3578 1803 3739 1860 verba

2151 1884 2541 1938 demonstrant.
2576 1892 2581 1895 '

2232 1973 2512 2031 Videamus
2558 1994 2681 2047 ergo
2710 1979 2757 2031 si
2788 1972 3049 2034 sermones
3080 1979 3221 2036 illius
3248 1985 3354 2036 veri
3388 1987 3518 2049 sint,
3547 1996 3597 2040 et
3625 1996 3736 2042 ten-

2149 2075 2335 2130 temus,
2364 2084 2483 2137 qua:
2512 2066 2690 2136 futura
2715 2069 2821 2122 sint
2846 2070 2957 2133 illi,
2992 2073 3217 2126 sciemus
3238 2090 3355 2144 qua:
3381 2085 3539 2130 erunt
3570 2080 3737 2132 navis-

2147 2157 2281 2211 sima
2310 2157 2472 2212 illius.
2510 2159 2571 2214 Si
2602 2159 2738 2213 enim
2788 2169 2865 2215 est
2918 2178 3067 2216 verus
3098 2161 3145 2215 F
3148 2163 3269 2218 ilius
3312 2164 3446 2231 Dei,
3492 2168 3739 2238 suscipiet

2146 2246 2319 2313 illum,
2344 2258 2392 2302 et
2418 2248 2656 2303 liberabit
2677 2268 2793 2306 eum
2817 2251 2880 2306 de
2906 2270 3067 2307 manu
3095 2257 3504 2311 contrariorum.
3535 2256 3735 2315 Conta-

2147 2338 2301 2393 melia
2330 2349 2377 2394 et
2402 2349 2656 2395 tormento
2688 2342 3066 2413 interrogemus
3088 2363 3226 2412 eum,
3256 2357 3313 2401 ut
3342 2350 3574 2405 sciamus
3598 2368 3733 2407 reve-

2146 2432 2367 2484 rentiam
2414 2431 2578 2496 illius,
2609 2442 2657 2486 et
2685 2434 2958 2503 probemus
2980 2438 3289 2505 patientiam
3319 2441 3507 2511 ipsius.
3562 2442 3733 2499 Morte

2143 2528 2447 2598 turpissima
2495 2529 2892 2585 condemnemus
2928 2531 3112 2597 illum;
3158 2535 3257 2588 erit
3284 2535 3425 2588 enim
3462 2534 3515 2589 ei
3557 2553 3730 2607 respe-

2144 2628 2256 2673 ctus
2304 2634 2369 2672 ea:
2406 2620 2732 2673 sermonibus
2775 2620 2937 2675 illius.
2996 2621 3092 2678 llis
3139 2626 3407 2681 concinna
3454 2627 3728 2701 descripta

2142 2718 2269 2766 sunt
2295 2711 2351 2765 in
2380 2710 2692 2783 Evangelia,
2724 2713 2813 2767 ubi
2870 2713 3149 2784 Pontiﬁces
3173 2727 3223 2771 et
3267 2717 3531 2774 Pharistei
3553 2722 3727 2775 consi-

2142 2800 2270 2856 lium
2300 2802 2553 2867 inierunt,
2574 2805 2833 2874 quomoda
2863 2805 3047 2860 Jesmn
3090 2809 3248 2862 morti
3276 2811 3566 2877 traderent,
3592 2824 3641 2867 et
3671 2812 3726 2866 in

2140 2907 2293 2945 cruce
2319 2894 2542 2963 positum
2581 2894 2837 2964 principes
2865 2898 3192 2954 sacerdotum
3219 2918 3338 2956 cum
3365 2903 3552 2959 scribis
3577 2914 3626 2958 et
3646 2921 3727 2959 sc-

2139 2979 2372 3034 nioribus
2424 2981 2699 3037 illutlentes
2745 2983 3026 3041 dicebant:
3060 2988 3203 3044 Alias
3249 2992 3421 3046 salvos
3452 2993 3615 3063 fecit,
3642 3012 3723 3049 se-

450 3055 933 3158 a‘que'avariliam
973 3102 1161 3144 omnes
1185 3090 1489 3160 opprimere
1513 3055 1722 3157 mium,
1752 3055 1929 3149 (amen
1954 3096 2032 3148 ³1,
2061 3055 2105 3116 C
2136 3071 2306 3139 ipsum
2349 3087 2451 3125 non
2497 3082 2663 3141 potest
2688 3073 2888 3129 salvum
2920 3075 3111 3143 facere.
3146 3078 3209 3135 Si
3248 3097 3340 3135 rex
3390 3080 3563 3137 Israel
3610 3094 3719 3152 est,

451 3181 587 3236 tiore
612 3180 715 3235 line
745 3181 812 3234 ad
838 3181 1073 3250 perﬁdos
1102 3190 1478 3249 persecutores
1501 3183 1956 3252 Christianorum,
1977 3194 2034 3242 et

451 3270 735 3326 haereticos
764 3269 933 3340 redigi
953 3277 1196 3338 possunt,
1225 3271 1317 3339 qui
1342 3286 1633 3343 pauperem
1658 3274 1915 3331 Ecclesiae
1942 3291 2035 3346 po—

455 3360 638 3429 pulum
671 3360 784 3415 suis
815 3360 1068 3428 nequitiis
1096 3368 1259 3432 atque
1288 3363 1757 3432 persccutionibus
1778 3377 2029 3436 gravant,

451 3460 507 3506 et
534 3452 749 3506 viduam
776 3451 922 3505 illam
951 3452 1017 3508 de
1053 3469 1159 3523 qua
1195 3454 1454 3525 scriptum
1478 3465 1602 3511 est:
1642 3455 1869 3513 Viduam
1916 3476 2033 3530 ejus

450 3542 753 3596 benedicens
767 3543 1086 3608 benedicam,
1101 3561 1353 3615 pauperes
1376 3545 1488 3614 ejus
1502 3548 1750 3602 saturabo
1771 3550 1993 3621 panibus
2009 3568 2028 3605 :

444 3632 679 3701 pessima
706 3632 980 3689 voluntate
1020 3643 1302 3692 conterere
1347 3637 1602 3707 cogitant,
1633 3641 2032 3712 prophetasque

442 3730 500 3777 et
525 3724 796 3792 apostolos
822 3740 959 3794 quos
1000 3734 1288 3782 veteranos
1315 3727 1404 3782 hic
1430 3728 1694 3792 nominat,
1720 3729 1776 3784 in
1813 3731 1926 3787 suis
1948 3732 2029 3788 di-

443 3813 547 3868 ctis
582 3814 976 3883 reprehendere
1004 3816 1267 3880 nitentes;
1305 3831 1648 3888 nequaquam
1672 3818 1807 3892 legis
1836 3821 2029 3895 diyinae

441 3903 649 3959 sancita
674 3904 968 3970 custodire,
997 3906 1093 3961 sed
1123 3907 1326 3962 erroris
1348 3908 1431 3963 sui
1468 3909 1623 3965 devia
1661 3926 1886 3981 pergere
1907 3928 2024 3968 mo-

442 3994 669 4061 liuntur,
694 4011 794 4051 nec
820 3995 923 4066 ipsi
956 3997 1119 4066 capiti
1148 4006 1334 4053 nostro
1360 4009 1611 4068 parentes
1637 4042 1652 4066 ,
1696 4003 1789 4058 sed
1821 4003 1873 4058 in
1901 4019 2025 4059 cum

441 4083 811 4154 hujuscemodi
871 4087 1162 4159 impietatis
1210 4090 1375 4146 verba
1433 4094 1756 4161 portendere
1820 4112 2027 4166 praesu-

441 4184 612 4233 munt.

512 4263 991 4322 Circumveniamus
1026 4284 1149 4339 ergo
1192 4270 1419 4339 justum,
1445 4273 1695 4343 quoniam
1723 4274 1923 4329 inutilis
1948 4284 2023 4329 est

440 4357 609 4422 nobis,
632 4366 680 4412 et
706 4358 1002 4412 contrarius
1033 4368 1107 4413 est
1141 4359 1381 4429 operibus
1417 4363 1640 4427 nostris,
1670 4373 1718 4417 et
1769 4367 2023 4435 imprope-

437 4456 522 4503 rat
550 4448 697 4502 nobis
723 4458 933 4518 peccata
982 4448 1129 4519 legis,
1156 4461 1203 4504 et
1232 4451 1476 4520 di/famat
1498 4453 1551 4505 in
1578 4470 1671 4508 nos
1699 4466 1910 4524 peccata
1939 4457 2020 4509 di-

436 4537 672 4609 sciplima
698 4546 911 4592 nostrw.
941 4537 1205 4591 Pramittit
1236 4556 1290 4593 se
1317 4532 1590 4596 sbientiam
1617 4542 1713 4596 Dei
1735 4544 1944 4610 habere,
1970 4558 2019 4602 et

437 4628 606 4699 ﬁlium
631 4628 725 4680 Dei
751 4643 805 4680 se
827 4628 1079 4682 nominat.
1121 4626 1318 4683 Factus
1360 4640 1435 4685 est
1470 4633 1615 4686 nobis
1644 4635 1698 4688 in
1731 4635 2020 4691 traductio-

441 4737 557 4774 nem
575 4718 946 4789 cogitationum
977 4728 1297 4774 uostrarum.
1336 4720 1522 4778 Gravis
1554 4735 1628 4778 est
1666 4726 1810 4781 nobis
1862 4730 2017 4784 etiam

439 4808 507 4861 ad
534 4808 829 4873 videndum,
857 4809 1102 4881 quoniam
1124 4809 1394 4865 dissimilis
1417 4822 1489 4866 est
1521 4812 1640 4868 aliis
1662 4816 1765 4868 vita
1783 4816 1944 4883 illius,
1969 4830 2017 4874 et

439 4899 726 4951 immutata:
754 4909 873 4952 sunt
902 4899 995 4953 via’
1024 4899 1159 4968 ejus.
1194 4899 1464 4971 Tanquam
1504 4919 1727 4974 nugaces
1777 4907 2022 4962 a'stimati

438 5004 617 5041 sumus
645 4988 708 5041 ab
735 4988 849 5053 illa,
878 5000 924 5043 et
962 4989 1179 5045 abstinet
1201 5008 1255 5045 se
1276 5009 1307 5044 a
1331 4992 1425 5047 viis
1456 4996 1645 5047 nostris
1674 5004 1923 5067 tanquam
1954 5001 2018 5053 ab

438 5077 805 5144 immunditiis,
833 5090 879 5133 et
900 5081 1110 5150 prtefert
1133 5084 1414 5138 novissima
1428 5086 1716 5154 justorum,
1745 5098 1792 5143 et
1820 5087 2018 5159 gloria-

436 5175 525 5220 tur
570 5181 773 5236 patrem
818 5186 872 5224 se
914 5171 1103 5225 habere
1152 5173 1341 5228 Deum.
1375 5175 1776 5234 Circumvenire
1808 5179 2012 5249 justum

436 5256 624 5325 perﬁdi
660 5254 828 5313 Judtei
857 5267 964 5313 tum
995 5260 1381 5332 disponebant,
1429 5267 1645 5335 quando
1689 5270 2012 5340 evangelicis

433 5345 859 5403 dictisconventi
896 5349 1151 5418 pristinas
1190 5353 1377 5408 sordes
1400 5355 1652 5410 vitiorum
1683 5358 1932 5414 deserere
1957 5369 2011 5415 et

430 5448 823 5511 praeceptorum
852 5440 945 5497 Dei
973 5444 1259 5499 veritatem
1292 5445 1443 5515 sequi
1481 5461 1577 5517 per
1611 5447 1884 5503 Christum
1916 5452 2010 5505 ad-

430 5532 807 5598 monebantur,
835 5533 928 5589 sed
971 5534 1024 5589 in
1055 5550 1120 5592 eo
1148 5536 1290 5590 unde
1333 5551 1553 5592 causam
1581 5537 1768 5593 salutis
1791 5554 2009 5608 sperare

429 5625 745 5695 debuerant,
777 5646 941 5699 grave
974 5631 1284 5687 scandalum
1343 5640 1646 5697 sumentes,
1684 5631 1839 5700 quasi
1886 5632 2005 5687 bla-

2048 4402 2099 4463 D

2131 3161 2410 3216 descendat
2437 3162 2501 3218 de
2526 3181 2698 3229 cruce,
2726 3176 2773 3219 et
2820 3167 3077 3224 credimus
3104 3170 3170 3225 ei.
3199 3168 3428 3241 Conﬁdit
3450 3174 3504 3229 in
3536 3174 3725 3230 Domi-

2131 3270 2196 3309 no
2212 3272 2233 3321 ;
2263 3255 2440 3311 liberet
2466 3274 2584 3311 eum
2610 3275 2747 3314 nunc
2792 3261 2837 3314 si
2886 3259 3029 3314 vult:
3054 3261 3198 3316 Dixit
3227 3266 3363 3319 enim
3393 3268 3520 3337 quia
3554 3266 3724 3324 Filius

2131 3344 2230 3401 Dei
2255 3365 2372 3403 sum
2415 3349 2567 3423 (Luc.
2620 3351 2798 3423 χχιιι).
2833 3352 3061 3410 Mortem
3108 3356 3477 3426 turpissimam
3504 3375 3721 3416 crucem

2130 3438 2394 3501 nominat,
2426 3440 2552 3510 quia
2579 3441 2693 3510 ipsa
2723 3457 2895 3513 usque
2917 3444 2984 3499 ad
3014 3433 3321 3514 passionem
3338 3447 3543 3504 Christi
3562 3465 3719 3519 prona

2132 3530 2231 3583 fuit
2260 3545 2496 3598 reorum,
2532 3548 2652 3603 qua:
2676 3549 2819 3588 nime
2850 3543 2934 3590 cst
2959 3543 3217 3605 tropmum
3242 3539 3485 3596 victoria:
3522 3552 3579 3595 et
3602 3542 3718 3614 glo-

2132 3618 2209 3675 ria
2238 3622 2590 3678 credentium.
2620 3624 2770 3692 Quod
2802 3625 2945 3680 cnim
2982 3627 3133 3688 dicit,
3161 3630 3257 3682 erit
3284 3632 3332 3684 ei
3366 3643 3627 3700 respectus
3653 3650 3717 3688 ex

2128 3713 2451 3767 sermonibus
2494 3713 2676 3782 illius,
2724 3716 2826 3772 hoc
2876 3719 3097 3789 respicit
3142 3721 3211 3773 ad
3260 3725 3716 3779 resurrectionem

2127 3802 2271 3873 ejus;
2302 3807 2552 3876 quoniam
2592 3808 2695 3863 hoc
2735 3806 3037 3865 diffidentes
3078 3809 3245 3866 Judaii
3274 3813 3508 3882 probare
3534 3814 3715 3870 volue-

2129 3904 2256 3950 runt
2282 3909 2463 3951 utrum
2496 3908 2618 3967 post
2660 3909 2886 3955 mortem
2928 3916 3149 3957 carnem
3198 3919 3349 3959 suam
3395 3909 3718 3964 resuscitare

2129 3986 2365 4054 valeret,
2417 3990 2541 4058 quia
2578 3990 2845 4046 recordati
2885 4001 3012 4047 sunt
3057 4008 3178 4048 eum
3224 3995 3467 4051 dixisse:
3524 3997 3717 4055 Solvite

2126 4078 2373 4150 templum
2398 4082 2513 4145 hoc,
2537 4090 2585 4135 et
2610 4082 2665 4135 in
2706 4084 2872 4137 tribus
2902 4084 3081 4138 diebus
3110 4087 3347 4141 excitabo
3375 4088 3513 4143 illud
3532 4088 3712 4161 (Joan.

2126 4165 2206 4237 ιι).
2234 4166 2299 4220 Ει
2322 4167 2448 4221 alibi
2474 4187 2485 4221 :
2519 4168 2674 4233 Ecce,
2709 4170 2904 4240 inquit,
2930 4173 3258 4229 ascendimus
3295 4174 3713 4249 Hierosolymam

2123 4271 2172 4315 et
2200 4263 2698 4317 consununabuntur
2723 4266 2899 4319 omnia
2932 4283 3048 4336 qua:
3093 4269 3288 4338 scripta
3327 4281 3450 4323 sunt
3481 4289 3573 4336 per
3595 4290 3716 4343 pra-

2124 4352 2304 4422 pltetas
2329 4351 2393 4405 de
2417 4350 2529 4421 [ilio
2549 4354 2793 4409 hominis.
2830 4354 3090 4411 Tradetur
3128 4360 3264 4412 enim
3304 4362 3547 4429 gentibus
3574 4375 3620 4417 et
3645 4363 3712 4416 il-

2126 4440 2351 4507 ludetur,
2383 4451 2430 4495 et
2466 4443 2821 4514 ﬂagellabitur
2864 4454 2911 4499 et
2952 4459 3299 4519 causpuetur;
3337 4458 3386 4504 et
3433 4464 3711 4525 postquam

2126 4530 2503 4601 ﬂagellaverint
2556 4534 2791 4589 occident
2830 4553 2986 4598 eum,
3037 4548 3085 4591 et
3149 4538 3235 4592 die
3268 4541 3422 4594 tertia
3480 4557 3709 4614 resurget

2127 4619 2340 4692 (Matth.
2373 4622 2482 4694 xx).
2521 4623 2672 4680 Unde
2698 4634 2753 4681 et
2783 4626 2834 4680 in
2863 4628 3115 4696 passione
3142 4646 3238 4684 sua
3265 4630 3328 4684 ad
3366 4632 3599 4688 Pilatum
3626 4635 3706 4689 di-

2125 4713 2356 4768 cebant:
2397 4715 2635 4781 Domine,
2661 4719 2917 4774 recordati
2968 4739 3147 4776 sumus
3186 4725 3309 4795 quia
3348 4726 3431 4778 hic
3469 4728 3709 4782 seductor

2124 4808 2256 4863 dixit
2281 4811 2452 4864 adhuc
2496 4812 2707 4866 vivens:
2741 4810 2865 4869 Post
2910 4824 3013 4867 tres
3067 4815 3177 4869 dies
3225 4833 3517 4887 resurgam.
3576 4819 3706 4873 lube

2122 4916 2243 4969 ergo
2288 4901 2541 4954 custodiri
2574 4901 2864 4971 sepulcrum
2904 4920 3063 4973 usque
3093 4906 3146 4959 in
3191 4907 3401 4959 tertium
3430 4910 3601 4973 diem,
3643 4924 3704 4961 ne

2121 4993 2256 5063 forte
2285 4995 2489 5049 veniant
2517 4996 2760 5065 discipuli
2800 4998 2934 5066 ejus,
2958 5008 3005 5051 et
3032 4998 3273 5068 furentur
3294 5015 3432 5064 eam,
3459 5010 3509 5055 et
3528 5001 3702 5055 dicant

2120 5083 2255 5154 plebi
2278 5098 2296 5136 :
2327 5083 2565 5139 Surrexit
2597 5104 2628 5139 a
2653 5089 2902 5152 mortuis;
2926 5098 2972 5141 et
2994 5088 3091 5142 erit
3116 5089 3428 5144 novissimus
3450 5108 3703 5161 errorpe—

2108 5175 2203 5244 jar
2229 5176 2394 5246 priori
2418 5177 2631 5247 (Matth.
2666 5178 2856 5248 xxvii).

2190 5275 2318 5331 Η(Γο
2346 5279 2720 5348 cogitaverunt,
2746 5278 2813 5333 ’et
2851 5290 3186 5346 erraverunt;
3235 5293 3519 5338 exerceant:
3563 5287 3695 5339 enim

2115 5384 2201 5421 eos
2234 5369 2434 5422 malitia
2462 5368 2692 5436 illarum,
2721 5382 2767 5424 et
2796 5373 3089 5426 nescierunt
3114 5384 3447 5429 sacramenta
3472 5374 3589 5439 Dei,
3612 5390 3698 5428 nco

2112 5473 2211 5527 que
2240 5459 2528 5512 mercedem
2567 5472 2899 5529 speraverant
2936 5462 3163 5532 justitiar
3205 5481 3297 5518 nec
3327 5462 3691 5534 judicaverunt

2113 5546 2356 5602 honorem
2399 5550 2695 5606 animarum
2741 5563 3062 5608 sanctarum.
3096 5553 3515 5611 Sacramentum
3567 5570 3692 5625 ergo

2113 5637 2318 5691 consilii
2352 5638 2442 5692 Dei
2478 5640 2642 5696 invidi
2690 5652 2743 5697 et
2780 5643 2945 5698 dolosi
2977 5646 3255 5715 percipere
3285 5663 3391 5704 non
3422 5648 3689 5710 valebant,
