3928 6176
200 386 293 444 631

1058 382 1419 440 COMMENT.
1457 385 1525 440 IN
1565 383 1837 442 LIBRUM
1877 384 2284 444 SAPIENTUE.
2327 418 2395 427 —
2433 386 2562 443 LIB.
2601 386 2642 442 Ι.

3385 395 3488 450 682

195 499 447 558 quoniam
482 497 538 551 in
564 494 876 551 malevolam
924 495 1158 569 animum
1184 513 1289 551 non
1316 497 1553 551 introibit
1587 500 1794 568 sapien-
1821 505 1870 563 Α
1898 500 2025 571 quia
2048 499 2189 556 sicut
2215 516 2407 556 aurum
2438 517 2543 557 non
2576 503 2697 572 igne
2730 501 2927 567 uritur,
2965 504 3058 559 scd
3105 507 3381 576 probatur,
3416 513 3491 568 ita

198 594 273 647 tia
298 588 456 662 (Sap.
489 590 563 659 l);
615 603 716 643 nec
763 585 1066 658 intelligere
1115 595 1409 657 potuerunt
1457 589 1601 658 quod
1655 603 1805 644 mors

195 683 403 741 Christi
429 682 607 737 honor
633 688 718 735 est
735 686 791 733 et
811 678 958 734 salus
982 679 1288 735 animarum
1316 688 1654 745 sanctarum,
1671 696 1807 751 quo-

198 776 346 831 niam
378 789 481 843 per
513 772 688 841 ipsam
720 770 1026 826 mercedem
1056 778 1281 841 sperant
1312 771 1539 842 iustitia:
1559 813 1573 837 ,
1620 780 1675 827 ct
1721 772 1803 827 iu-

201 866 426 920 troitum
462 861 767 933 percipiunt
791 862 945 933 regni
980 861 1241 918 cmlestis.
1744 877 1760 903 ι

274 959 545 1026 Quoniam
587 957 725 1013 Deus
754 959 947 1012 creavit
981 958 1244 1012 hominem
1276 958 1804 1027 inexterminabilem,

203 1061 249 1104 et
271 1051 342 1103 ad
370 1047 656 1119 imaginem
683 1044 1044 1101 similitudinis
1074 1062 1186 1100 sure
1234 1046 1354 1116 fecit
1390 1047 1562 1101 illum.
1595 1046 1806 1105 Invidia

204 1151 381 1195 autem
411 1140 616 1195 diaboli
637 1156 778 1193 mors
800 1139 1034 1194 introivit
1061 1140 1115 1193 in
1148 1139 1322 1192 orbem
1350 1149 1611 1193 terrarum
1638 1154 1657 1191 :
1687 1141 1809 1194 inti-

204 1240 378 1284 tantur
412 1240 590 1285 autem
619 1229 769 1283 illum
809 1230 898 1300 qui
923 1239 1046 1284 sunt
1070 1246 1135 1284 eo:
1178 1241 1325 1297 parte
1348 1230 1515 1285 illius.
1544 1230 1655 1286 llac
1679 1247 1806 1286 seu-

207 1322 376 1376 tentia
412 1322 713 1376 destruitur
742 1334 901 1375 error
945 1319 1387 1385 Mauichmnrum,
1421 1321 1513 1391 qui
1541 1322 1676 1376 duas
1706 1335 1806 1376 na-

205 1420 360 1468 turas
382 1420 437 1467 et
468 1412 802 1468 substantias
843 1412 1277 1477 introduxerunt,
1307 1411 1363 1467 id
1391 1421 1476 1467 est
1504 1412 1701 1467 bonum
1752 1420 1808 1468 et

206 1506 407 1559 malam
440 1524 454 1560 :
485 1506 610 1576 quia
640 1514 856 1561 creator
895 1513 1079 1560 noster
1106 1520 1212 1560 non
1262 1514 1347 1561 est
1399 1517 1589 1561 auctor
1636 1507 1808 1560 ruinae

206 1604 431 1658 nostra,
469 1604 523 1648 et
545 1604 805 1665 quantum
853 1594 920 1649 ad
972 1604 1178 1650 naturae
1206 1597 1444 1665 pertinet
1484 1597 1800 1661 veritatem,

207 1685 549 1740 immortales
577 1685 646 1739 ab
673 1688 789 1756 ipso
811 1686 1017 1741 conditi
1044 1702 1249 1742 sumus.
1276 1687 1379 1743 Per
1401 1703 1683 1744 assensum
1711 1705 1808 1743 au-

206 1786 316 1831 tem
347 1777 676 1846 serpentium
698 1778 1058 1849 suggestionis
1100 1779 1290 1834 mortis
1336 1781 1619 1835 sententiae
1639 1780 1807 1848 subji-

1905 598 2206 663 inartyrum
2251 601 2437 647 sancta
2485 588 2784 648 substantia
2814 610 2920 649 non
2971 596 3037 649 ad
3079 596 3345 654 defectum
3375 617 3493 672 per-

1905 682 2150 743 ducitur,
2190 684 2285 737 sed
2316 684 2383 737 ad
2413 684 2876 739 immortalitatem
2907 695 2956 740 et
2985 686 3211 757 gloriam
3253 688 3492 747 futuram

1906 784 2273 845 praeparatur;
2313 784 2368 829 et
2405 776 2541 832 sicut
2574 777 2947 832 holocaustum
3001 780 3142 849 quod
3187 789 3361 839 totum
3395 799 3495 854 per

1906 864 2082 936 ignem
2108 865 2337 920 oll‘ertur
2360 867 2472 921 Deo
2517 876 2599 921 est
2643 868 2971 924 sacriﬁcium
3019 874 3488 942 acceptissimnm‘.

1906 956 1985 1010 ita
2013 964 2066 1011 et
2090 956 2272 1025 passio
2313 966 2614 1028 martyrum
2646 974 2744 1029 per
2774 961 3010 1017 calorem
3059 963 3180 1019 ﬁdei
3208 975 3278 1021 et
3321 966 3495 1024 fervo-

1906 1048 2332 1103 rem-charitatis
2376 1049 2430 1103 in
2481 1050 2701 1105 odorem
2740 1052 3022 1109 suavitatis
3052 1054 3281 1113 Domino
3312 1060 3496 1116 oblata

1905 1154 2103 1194 munus
2133 1139 2208 1193 illi
2255 1147 2432 1194 exstat
2457 1140 2823 1211 gratissimum
2876 1151 2931 1197 et
2968 1143 3166 1199 donum
3218 1149 3497 1217 pretiosis-

1905 1231 2121 1285 simum.
2145 1228 2299 1284 Unde
2326 1245 2424 1300 per
2448 1230 2790 1286 Psalmistam
2815 1232 3014 1289 dicitur
3038 1253 3049 1288 :
3076 1232 3317 1292 Pretiosa
3346 1249 3419 1294 est
3440 1242 3496 1295 in

1906 1330 2180 1391 conspectu
2211 1319 2424 1375 Domini
2447 1337 2588 1375 mors
2624 1333 2925 1377 sanctorum
2953 1324 3087 1394 ejus.
3119 1324 3273 1393 Quod
3315 1336 3496 1383 autem

1908 1411 2157 1467 subditur
2182 1429 2195 1465 :
2227 1411 2293 1465 In
2322 1422 2554 1483 tempore
2578 1414 2677 1466 erit
2724 1424 2984 1484 respectus
3015 1415 3261 1482 illorum,
3292 1419 3500 1489 signiﬁ-

1907 1512 1995 1558 cat
2019 1503 2164 1572 quod
2202 1519 2307 1557 non
2329 1501 2486 1572 juxta
2526 1506 2939 1561 testimationem
2985 1508 3335 1577 reproborum
3371 1525 3496 1579 per-

1907 1602 2067 1663 petua
2092 1601 2175 1648 est
2204 1608 2349 1648 mors
2378 1602 2720 1660 sanctorum;
2749 1596 2842 1651 sed
2885 1598 3058 1669 magis
3088 1599 3143 1654 in
3171 1599 3259 1656 die
3304 1599 3499 1670 judicii

1907 1684 2128 1741 Christo
2150 1683 2428 1756 iudicante
2461 1685 2834 1755 copiosissima
2860 1695 2945 1743 est
2984 1692 3350 1747 remuneratio
3380 1693 3501 1749 illo-

1910 1792 2049 1831 rum.

203 1867 525 1932 ciebamur;
559 1875 798 1923 attamen
828 1868 1060 1938 primam
1107 1869 1327 1925 stolanL
1356 1868 1802 1937 immortalitatis,
1832 1854 1880 1916 B
1981 1867 2279 1940 Fulgebunt
2300 1868 2436 1939 justi
2479 1877 2526 1923 et
2556 1879 2807 1940 tanquam
2830 1870 3074 1926 scintilla:
3102 1873 3157 1927 in
3185 1874 3500 1929 arandineto

203 1973 367 2028 quam
391 1959 688 2014 humanum
702 1975 873 2031 genus
895 1962 961 2016 ad
984 1962 1269 2034 imaginem
1287 1964 1380 2019 Dei
1396 1965 1464 2019 ab
1484 1964 1639 2021 initio
1652 1978 1806 2020 erea-

206 2059 345 2115 tum,
375 2051 475 2105 sed
516 2065 615 2120 per
659 2050 914 2106 invidiam
968 2052 1167 2108 diaboli
1196 2055 1479 2110 seductum
1532 2056 1588 2110 in
1630 2055 1803 2111 Adam

204 2143 574 2213 perdidit,per
598 2140 798 2200 Christi
824 2154 1051 2202 mortem
1067 2147 1262 2203 iterum
1289 2150 1520 2220 recepit:
1547 2150 1804 2220 quoniam

206 2247 353 2286 mors
381 2242 573 2288 nostra
601 2234 655 2288 in
674 2234 844 2304 ipsius
860 2242 1036 2292 morte
1056 2236 1329 2295 destructa
1348 2248 1453 2307 est,
1468 2249 1525 2297 et
1545 2241 1600 2296 in
1623 2254 1806 2297 resur-

207 2322 451 2377 rectione
479 2320 597 2391 ejus
626 2323 736 2378 vita
762 2337 946 2380 nostra
984 2335 1257 2397 reparata,
1289 2330 1535 2397 quamvis
1558 2330 1627 2384 ad
1655 2330 1805 2385 illam

206 2418 405 2465 sortem
436 2428 546 2466 non
569 2414 875 2483 perducant
902 2416 978 2470 illi
1000 2417 1091 2486 qui
1122 2418 1404 2475 diabolicae
1440 2420 1660 2477 invidia:
1689 2438 1805 2477 ma-

206 2501 287 2570 gis
308 2502 619 2560 imitatores
639 2520 761 2561 esse
779 2506 986 2578 eligunt
1010 2524 1172 2580 quam
1206 2511 1530 2569 humilitatis
1558 2529 1623 2570 ac
1648 2530 1803 2570 mau—

205 2593 510 2649 suetudinis
533 2594 759 2651 Christi.

828 2686 1059 2744 CAPUT
1105 2691 1185 2745 Vl.

204 2771 285 2828 De
297 2776 504 2831 sanctis
527 2777 864 2858 martyribus,
894 2780 1033 2849 quod
1059 2799 1239 2858 eorum
1261 2785 1431 2855 gloria
1475 2803 1567 2856 per
1589 2787 1807 2842 tributa-

552 2854 746 2903 tionem
780 2862 1090 2920 pra'sentent
1112 2854 1210 2907 erit
1240 2854 1457 2910 averna.

278 2954 431 3015 (Cir.
482 2960 592 3030 ιιι.)
622 2958 899 3016 Justorum
944 2971 1119 3018 autem
1161 2966 1356 3021 animus
1399 2966 1455 3021 in
1502 2956 1664 3022 manu
1706 2968 1805 3025 Dei

203 3060 350 3115 sunt,
381 3060 430 3104 et
459 3066 564 3104 non
588 3060 765 3122 tanget
791 3051 911 3106 illos
950 3063 1268 3110 tormentum
1298 3058 1503 3112 mortis.
1535 3058 1595 3113 lu
1624 3059 1808 3129 priore

203 3141 448 3210 capitulo
496 3141 806 3211 iniquorum
862 3145 1130 3200 sententia
1175 3160 1431 3217 expressa
1477 3158 1598 3217 est,
1642 3165 1803 3220 quam

1906 1961 2221 2016 discurrent.
2255 1959 2413 2014 Aliud
2442 1959 2749 2028 exemplum
2796 1977 3024 2032 ponens,
3052 1963 3285 2019 subitam
3318 1966 3370 2019 in
3399 1979 3498 2021 ex-

1906 2063 2082 2108 tremo
2122 2052 2327 2124 judicio
2357 2053 2850 2107 remunerationem
2900 2064 3232 2120 sanctorum,
3260 2063 3317 2109 et
3352 2055 3497 2111 cele-

1904 2161 2020 2203 rem
2049 2147 2384 2202 demonstrat
2408 2145 2701 2201 vindictam
2727 2158 2849 2200 esse
2873 2147 3245 2215 reproborum.
3269 2148 3498 2215 Quando

1905 2239 2048 2294 enim
2077 2237 2397 2303 electorum,
2425 2236 2493 2292 de
2514 2236 2859 2306 corruptione
2908 2236 2962 2291 in
3010 2236 3494 2307 incorruptionem,

1906 2327 1974 2384 de
2002 2326 2330 2382 mortalitate
2369 2326 2425 2380 in
2459 2324 2924 2380 immortalitatem
2950 2365 2965 2391 ,
3001 2325 3068 2381 de
3109 2325 3402 2396 ignominia
3429 2329 3501 2385 ad

1906 2419 2131 2492 gloriam
2160 2419 2266 2474 erit
2308 2416 2633 2483 immutatio,
2665 2423 2793 2472 tunc
2827 2414 2940 2485 jam
2984 2416 3324 2473 adversarios
3369 2433 3500 2475 suos

1901 2509 2199 2580 judicaturi
2250 2514 2610 2581 consurgent,
2649 2516 2705 2563 et
2752 2508 2892 2563 sicut
2929 2506 3162 2562 scintilla
3201 2508 3343 2578 ignis
3372 2510 3500 2564 sub-

1910 2600 2043 2656 itam
2076 2600 2346 2656 llammam
2389 2601 2443 2655 in
2496 2598 2819 2655 arundineto
2849 2598 3087 2664 excitat,
3117 2600 3191 2654 ita
3232 2602 3500 2657 sententia

1904 2689 2034 2761 justi
2060 2689 2262 2761 judicis
2295 2699 2608 2745 sanctorum
2647 2689 2879 2744 validam
2904 2690 2957 2744 in
3000 2691 3280 2759 rcprobos,
3311 2698 3367 2747 et
3409 2708 3504 2748 ve—
3586 2760 3589 2767 ‘

1905 2787 2079 2844 locem
2106 2801 2389 2858 poenarum
2417 2786 2660 2842 immittit
2701 2785 3015 2841 vindictam.
3050 2784 3205 2842 Unde
3244 2795 3302 2843 et
3326 2789 3502 2860 sequi-

1911 2888 1999 2933 tur

1978 2967 2301 3023 Judicabunt
2350 2969 2604 3043 nationes,
2632 2976 2683 3020 et
2727 2966 3139 3023 dominabuntur
3179 2969 3418 3041 populis,
3450 2976 3501 3022 et

1910 3057 2147 3129 regnabit
2178 3056 2436 3110 Dontinus
2462 3054 2677 3109 illorum
2705 3056 2759 3109 in
2801 3066 3127 3127 perpetuum.
3175 3057 3502 3113 Judicabunt

1907 3147 2078 3203 sancti
2108 3147 2369 3213 nationes,
2400 3146 2493 3201 sed
2524 3161 2621 3217 per
2648 3144 2766 3201 illos
2784 3146 2992 3218 judicat
3020 3148 3185 3215 Deus,
3212 3149 3303 3219 qui
3348 3162 3504 3203 men-

202 3242 397 3286 contra
433 3241 598 3303 caput
632 3242 877 3289 nostrum
919 3251 1091 3306 pravo
1132 3252 1295 3294 sensu
1342 3248 1399 3296 et
1427 3241 1654 3297 nefariis
1692 3257 1809 3298 ser-
1832 3244 1884 3304 ῐ)
1913 3238 2055 3293 tibus
2082 3252 2271 3293 eorum
2319 3234 2592 3306 prmsidet.
2621 3235 3050 3291 Dominabunlur
3082 3238 3322 3307 populis,
3375 3238 3503 3307 quia

202 3326 462 3382 monibus
490 3326 850 3396 protulerunt.
883 3327 1037 3385 Nunc
1076 3337 1258 3386 autem
1313 3332 1625 3389 earumdem
1653 3347 1811 3389 error

202 3419 622 3487 condemnatur,
641 3435 800 3490 quem
823 3421 878 3476 in
901 3422 1127 3477 interitu
1154 3424 1523 3479 membrorum
1549 3423 1666 3495 ejus
1691 3424 1809 3481 ﬁeri

200 3514 636 3581 mstimaveruut,
668 3517 885 3586 quando
936 3532 1031 3572 eos
1078 3517 1306 3574 diversis
1343 3520 1519 3590 poenis
1549 3536 1648 3591 pro
1673 3536 1805 3576 con-

203 3601 449 3659 (essiune
501 3605 737 3661 nominis
772 3607 958 3677 ipsius
1007 3608 1429 3665 trucidaverunt.
1492 3611 1807 3667 Sanctorum

202 3709 335 3764 ergo
364 3706 661 3767 martyrum
704 3699 898 3753 anima:
923 3699 978 3754 in
1014 3717 1175 3755 manu
1200 3700 1295 3755 Dei
1325 3711 1466 3768 sunt,
1493 3703 1597 3759 hoc
1622 3711 1728 3770 est,
1750 3704 1805 3759 in

200 3788 556 3855 protectioue
608 3788 781 3856 illius,
854 3805 954 3846 nec
1000 3804 1095 3846 eos
1152 3800 1478 3848 tormentum
1532 3803 1805 3864 perpetua:

200 3879 405 3933 mortis
434 3879 489 3933 in
519 3879 703 3949 aliquo
729 3881 926 3938 laedere
954 3892 1149 3954 potest.

288 3967 402 4025 ι’ίεὶ
431 3979 558 4025 sunt
582 3970 748 4026 oculis
774 3973 1131 4051 insipientium
1160 3976 1290 4029 mori
1315 3992 1334 4041 ;
1366 3986 1413 4030 et
1446 3976 1706 4031 wstimata
1731 3987 1809 4032 est

195 4063 423 4134 amictio
437 4063 613 4117 exitus
635 4079 835 4130 eorum,
854 4074 902 4119 et
914 4065 1054 4138 quod
1078 4084 1108 4121 a
1124 4066 1270 4121 nobis
1285 4075 1360 4121 est
1384 4066 1482 4120 iter
1491 4068 1804 4133 exterminii,

190 4153 285 4206 illi
314 4166 495 4209 autem
535 4165 656 4209 sunt
686 4155 741 4209 in
792 4173 940 4226 pace.
988 4155 1130 4212 Vere
1184 4157 1502 4227 insipientes
1554 4156 1805 4222 fuerunt,

189 4248 427 4316 quando
458 4248 694 4317 palmam
745 4259 1045 4320 martyrum
1085 4248 1430 4306 alllictionem
1466 4258 1522 4306 et
1548 4251 1808 4306 extermi-

188 4339 361 4392 nium
388 4353 513 4393 esse
545 4339 971 4403 aestimaverunt,
1003 4356 1127 4396 cum
1180 4342 1296 4397 haec
1342 4342 1447 4397 illis
1470 4342 1710 4399 victorize
1752 4353 1808 4398 et

185 4440 490 4502 perpetua:
512 4432 714 4502 quietis
739 4447 900 4487 causa
930 4433 1051 4499 fuit,
1082 4434 1225 4489 unde
1254 4443 1310 4490 et
1337 4437 1584 4506 sequitur
1611 4451 1625 4489 :

268 4520 404 4575 Etsi
450 4526 629 4575 coram
665 4522 963 4577 hominibus
997 4534 1254 4579 tormenta
1311 4527 1454 4596 passi
1483 4537 1606 4581 sunt
1630 4570 1645 4594 ,
1691 4545 1807 4600 spes

1915 3327 2060 3383 nulla
2088 3328 2168 3383 eis
2198 3338 2464 3399 repugnat
2492 3327 2793 3383 adversitas
2833 3329 3255 3386 contrarietatts.
3290 3328 3503 3400 Regna-

1915 3420 1988 3474 bit
2028 3419 2284 3475 Dominus
2310 3420 2525 3475 illorum
2565 3420 2620 3475 in
2649 3430 2986 3492 perpetuum,
3019 3423 3147 3491 quia
3176 3422 3377 3477 Christi
3424 3437 3507 3477 re-

1913 3527 2079 3582 gnum
2108 3512 2226 3567 Sine
2250 3511 2360 3567 ullo
2391 3511 2624 3567 termino
2662 3513 2767 3567 erit
2804 3504 3239 3584 permansurum.
3268 3513 3346 3568 De
3394 3529 3504 3584 quo

1913 3603 2137 3675 angelus
2161 3603 2230 3658 ad
2255 3601 2477 3659 Mariam
2506 3604 2621 3659 ait:
2660 3602 2822 3658 Dabit
2855 3602 2935 3659 illi
2963 3604 3219 3659 Dominus
3242 3603 3385 3658 Deus
3423 3622 3506 3659 se-

1911 3697 2028 3752 dem
2057 3695 2230 3752 David
2249 3697 2416 3768 palris
2445 3697 2583 3767 ejus,
2612 3706 2660 3751 et
2700 3697 2930 3767 regnabit
2965 3698 3021 3750 in
3067 3697 3222 3750 domo
3249 3694 3417 3750 Iacob
3449 3697 3503 3749 in

1912 3800 2164 3845 a'lernum
2186 3798 2234 3844 et
2258 3790 2403 3860 regni
2428 3788 2543 3858 ejus
2572 3805 2678 3843 non
2723 3789 2819 3842 erit
2844 3788 2968 3857 ﬁnis
2993 3785 3144 3860 (Luc.
3176 3785 3236 3856 t).
3264 3786 3418 3842 Unde
3448 3795 3504 3841 et

1910 3898 2008 3953 per
2031 3881 2226 3936 Isaiam
2269 3879 2470 3934 dicitur
2501 3897 2514 3932 :
2559 3878 3001 3949 Multiplicabitur
3038 3881 3153 3949 ejus
3202 3877 3498 3948 imperium,

1910 3984 1957 4028 et
1996 3974 2143 4044 pacis
2175 3988 2279 4026 non
2304 3971 2403 4025 erit
2431 3969 2553 4040 ﬁnis
2582 3969 2736 4040 (Isai.
2764 3967 2862 4041 ιχ).
2891 3967 3217 4039 Regnabunt
3236 3975 3292 4023 et
3324 3968 3502 4024 sancti

1909 4081 2032 4120 cum
2063 4077 2189 4134 rege
2215 4079 2333 4130 suo,
2364 4062 2418 4119 id
2440 4069 2547 4127 est,
2579 4060 2821 4117 membra
2860 4075 2983 4116 cum
3008 4061 3184 4132 capite
3213 4074 3330 4127 suo,
3355 4059 3502 4130 quod

1910 4158 1976 4213 ad
2008 4156 2280 4210 Danielem
2313 4155 2368 4209 in
2394 4154 2603 4209 visione
2631 4152 2947 4223 prophetica
2986 4151 3156 4223 angeli
3184 4152 3347 4208 verba
3375 4167 3501 4223 pro-

1911 4256 2200 4313 testantur,
2232 4247 2307 4301 ita
2334 4244 2565 4301 dicentis
2589 4261 2601 4297 :
2635 4242 2876 4314 Regnum
2901 4251 3078 4298 autem
3107 4252 3155 4298 et
3193 4252 3422 4314 potestas
3449 4252 3499 4298 et

1910 4338 2219 4411 magnitudo
2247 4336 2415 4409 regni,
2438 4352 2556 4408 quin
2579 4345 2654 4390 est
2681 4350 2840 4407 super
2874 4348 3024 4389 omne
3053 4332 3261 4401 caelum,
3285 4334 3502 4388 dabitur

1908 4436 2099 4503 populo
2146 4440 2448 4485 sanctorum
2475 4427 2755 4495 Altissimi,
2784 4427 2937 4498 cujus
2966 4436 3179 4499 regnum
3233 4428 3504 4498 sempiter-

1911 4540 2033 4578 num
2077 4532 2173 4587 est,
2202 4532 2249 4576 et
2297 4536 2476 4575 omnes
2526 4534 2669 4591 reges
2707 4519 2930 4573 servient
2963 4516 3038 4585 ei,
3070 4526 3118 4572 et
3159 4516 3399 4571 obedient
3450 4518 3502 4571 ei

180 4613 427 4668 illorum
451 4613 848 4668 immortalitate
874 4613 1027 4685 plena
1064 4624 1160 4670 est.
1188 4615 1254 4669 In
1294 4618 1477 4687 paucis
1504 4620 1702 4685 vexati,
1748 4621 1805 4673 in
1831 4611 1883 4671 D
1910 4612 2140 4687 (Daniel.
2179 4611 2300 4686 vn).

176 4704 393 4759 multis
418 4704 547 4758 bene
586 4704 969 4775 disponentur:
998 4707 1250 4777 quoniam
1281 4706 1419 4762 Deus
1460 4710 1675 4764 tentavit
1698 4726 1806 4776 eos,

182 4806 239 4849 et
266 4797 487 4851 invenit
515 4794 632 4850 illos
661 4796 846 4866 dignos
876 4813 951 4850 se.
983 4795 1259 4869 Tanquam
1290 4814 1480 4853 aurum
1514 4801 1569 4853 in
1595 4799 1809 4869 fornace

171 4886 448 4959 probavit
488 4884 647 4951 illos,
705 4897 754 4941 et
799 4887 951 4958 quasi
996 4885 1288 4942 holocauin
1334 4889 1562 4944 hostium
1614 4892 1809 4962 accepit

172 4979 349 5041 illos,
377 4986 427 5029 et
454 4977 509 5029 in
548 4986 774 5047 tempore
801 4978 899 5030 erit
933 4987 1193 5048 respectus
1221 4978 1456 5033 illorum.
1504 4979 1646 5034 Mors
1676 4989 1810 5035 tem-

1985 4705 2089 4771 Qui
2112 4705 2382 4775 conﬁdunt
2408 4703 2464 4758 in
2490 4702 2581 4757 illo
2611 4700 2897 4772 intelligent
2928 4700 3198 4755 veritatem
3227 4709 3274 4755 et
3319 4698 3503 4769 ﬁdeles

1910 4800 1966 4853 in
1989 4796 2265 4851 dilectione
2287 4793 2614 4865 acquiescent
2645 4791 2725 4846 illi
2751 4832 2766 4857 ,
2810 4791 3057 4861 quoniam
3088 4805 3285 4843 aonum
3312 4799 3363 4844 et
3398 4807 3508 4862 pax

1912 4897 1988 4942 est
2013 4886 2190 4942 electis
2217 4884 2382 4938 illius.
2411 4882 2753 4938 Manifestum
2803 4889 2887 4936 est
2935 4880 3078 4950 quod
3124 4881 3215 4950 qui
3264 4879 3507 4950 perfecte

1914 4981 2139 5037 conﬁdit
2170 4981 2223 5035 in
2257 4977 2486 5033 Domino
2512 4976 2566 5031 in
2613 4974 2865 5047 praesenti
2900 4975 3011 5029 vita
3056 4973 3212 5046 juxta
3242 4974 3509 5030 distribu-

1914 5074 2118 5130 tionem
2143 5070 2381 5141 Spiritus
2404 5069 2576 5124 sancti
2600 5108 2614 5130 ,
2664 5065 2959 5123 secundum
2993 5067 3215 5123 modum
3245 5065 3347 5122 sibi
3376 5082 3508 5122 con-

1917 5167 2223 5222 venientem
2281 5163 2370 5218 hic
2418 5160 2748 5217 intellectum
2778 5160 3010 5230 percipit
3047 5158 3325 5225 veritatis;
3380 5160 3507 5228 quia

1919 5273 2064 5313 nunc
2090 5256 2339 5311 videmus
2364 5270 2461 5322 per
2488 5251 2768 5324 speculum
2808 5257 2862 5306 et
2903 5251 2954 5305 in
3002 5251 3325 5321 aenigmate,
3379 5257 3509 5302 tunc

1921 5355 2100 5402 autem
2128 5345 2266 5400 facie
2295 5345 2363 5399 ad
2393 5336 2621 5407 iaciem;
2648 5356 2792 5396 nunc
2825 5342 3202 5412 cognoscimus
3231 5355 3296 5394 ex
3325 5345 3500 5409 parte,

1920 5450 2048 5494 tunc
2095 5444 2276 5490 autem
2329 5448 2720 5505 cognoscemus
2770 5434 2913 5487 sicut
2948 5438 3003 5488 ‘et
3048 5431 3247 5503 cogniti
3292 5442 3498 5485 sumus.

1922 5529 1975 5583 Ν
1981 5544 2078 5582 anc
2108 5536 2284 5581 autem
2314 5534 2526 5578 manent
2576 5523 2706 5592 ﬁdes
2725 5561 2738 5587 ,
2782 5539 2914 5591 spes,
2948 5523 3199 5584 charitas,
3223 5520 3327 5572 tria
3347 5517 3457 5570 lucc
3481 5529 3500 5567 :

1916 5615 2092 5685 major
2118 5623 2296 5667 autem
2343 5611 2530 5664 horum
2581 5617 2657 5662 est
2693 5607 2945 5661 Charitas.
2983 5606 3118 5672 Quia
3167 5601 3380 5657 castoris
3408 5602 3502 5657 dc-

168 5070 417 5144 poralis
446 5077 505 5124 et
531 5067 750 5124 amictio
781 5070 1067 5139 praesentis
1097 5070 1219 5124 vita:
1244 5072 1658 5141 prosperitatem
1685 5086 1812 5126 san-

167 5164 295 5219 ctis
332 5161 439 5215 Dei
470 5160 923 5216 remunerationis
952 5162 1161 5232 peperit
1197 5170 1492 5251 perpetuae,
1516 5164 1641 5233 quia
1686 5178 1812 5234 spes

164 5253 432 5309 illorum
475 5248 796 5305 indefectiva
830 5260 885 5305 et
927 5252 1062 5307 lides
1111 5252 1280 5306 solida
1325 5248 1496 5323 usque
1547 5253 1615 5307 ad
1648 5252 1810 5309 linem

164 5341 539 5416 permansit.
566 5339 709 5396 Deus
736 5341 880 5395 enim
912 5342 1078 5397 variis
1108 5341 1499 5398 tcutatiouibus
1523 5343 1814 5415 castigavit

163 5441 341 5502 illos,
384 5442 443 5489 et
486 5447 585 5504 per
624 5431 965 5488 tolerantiam
1005 5432 1278 5502 patientiae
1309 5432 1557 5503 probavit
1598 5450 1694 5490 eos
1727 5436 1812 5491 di-

157 5545 329 5601 gnos
371 5539 509 5581 esse
547 5533 751 5580 atterna
794 5538 1015 5580 corona.
1061 5525 1179 5581 Duo
1206 5533 1387 5579 autem
1413 5524 1660 5596 exempla
1688 5540 1812 5596 quae

155 5622 420 5699 posuit,
443 5618 549 5673 hoc
570 5626 654 5674 est
675 5616 794 5672 auri
824 5618 879 5671 in
908 5615 1110 5673 fornaci
1131 5616 1364 5685 probati,
1391 5626 1447 5671 et
1468 5616 1811 5673 holocausta-

166 5736 317 5775 mm
342 5713 565 5783 inigne
582 5707 1805 5778 crematorumexaruinationem-illorumpro-
1911 5708 2229 5762 cedentibus
2265 5705 2354 5758 illa
2391 5706 2566 5758 solum
2599 5712 2939 5769 permanent.
2974 5701 3116 5753 unde
3151 5699 3287 5755 dicit
3318 5716 3335 5755 :

161 5809 572 5871 batissimam
594 5812 648 5859 et
674 5804 967 5874 puritatem
988 5802 1443 5872 perfectissimam
1478 5803 1794 5866 ostendunt,
1908 5798 2117 5855 Fideles
2143 5800 2195 5852 in
2223 5798 2499 5853 dilatione
2536 5796 2865 5864 acquiescant
2896 5793 3001 5857 illi,
3027 5793 3289 5861 quoniam
3333 5792 3487 5849 electi

555 5901 824 5959 l‘sroos.
863 5898 1021 5959 ClX.
3096 5884 3177 5943 2'2
