3928 6176
482 386 585 441 (383

1136 376 1196 430 Β.
1240 372 1491 429 [ὶᾹΒΑΝΙ
1531 372 1751 429 MAURI
1791 373 2111 431 ARClllEP.
2159 372 2468 432 MOGUNT.
2516 371 2804 430 OPERUM
2843 370 3022 426 PARS
3058 369 3103 426 l.
3644 376 3726 432 ﬁt}!

478 500 572 555 Dei
622 502 743 565 post
776 491 933 546 ﬁnem
982 488 1162 542 mundi
1211 487 1351 541 bono
1396 488 1538 556 quod
1570 493 1695 541 ante
1753 486 1853 541 ﬁde
1888 495 1942 541 et
1972 500 2065 557 spe
2093 490 2143 550 Α
2170 487 2397 559 gloriam
2445 487 2571 553 Dei,
2618 498 2746 541 tunc
2776 495 2830 540 et
2875 486 2989 555 ipsa
3033 486 3233 541 laboris
3275 486 3358 541 sui
3389 486 3657 556 praemium
3682 492 3724 548 in

477 590 786 645 ambiebant
818 582 1231 653 prmsentialiter
1258 580 1588 635 delectantes
1620 580 1763 635 nullo
1790 580 1949 634 modo
1996 581 2065 633 ab

471 684 590 753 ejus
614 681 870 737 societate
900 686 1125 749 possunt
1159 674 1360 739 divelli,
1390 689 1517 729 cum
1541 673 1686 729 dono
1722 681 1939 728 aeternae
1985 689 2065 727 sa-

471 774 677 832 tietatis
706 769 1037 826 remunerati
1063 782 1193 839 pace
1224 765 1472 821 fruentur
1508 773 1786 836 perpetua.

1079 924 1307 982 CAPUT
1346 924 1452 978 νυ.

474 1044 627 1111 Quod
660 1042 808 1112 impii
848 1038 1580 1112 secundum_qure_g‘esserunt
1615 1033 1861 1104 recipient
1884 1031 2063 1086 condi-

697 1106 827 1183 gnas
849 1126 1047 1181 pceuas,
1069 1106 1193 1175 quia
1215 1125 1246 1160 a
1265 1106 1488 1160 Domino
1508 1113 1847 1159 recesserunt.

544 1224 705 1293 Intpii
729 1230 903 1275 autem
927 1219 1214 1274 secundum
1235 1233 1352 1287 qum
1380 1217 1754 1286 cogitaverunt,
1780 1216 2064 1283 correptio-

428 1356 435 1369 .
475 1329 593 1367 nem
619 1311 896 1371 habebunt,
925 1312 1049 1380 quia
1071 1308 1405 1379 neglexerunt
1417 1307 1685 1376 justitiam
1706 1316 1753 1359 et
1780 1322 1812 1358 a
1840 1304 2064 1359 Domino

475 1410 817 1456 recesserunt.
859 1400 1136 1455 Sententia
1181 1397 1503 1457 universalis
1541 1395 1729 1464 judicii
1772 1396 2063 1467 completa,

475 1492 690 1560 quando
712 1490 884 1545 sancti
905 1487 1175 1557 conjuncti
1194 1488 1303 1558 regi
1326 1502 1425 1542 suo
1450 1486 1690 1542 ccelestis
1718 1485 1906 1555 patria:
1930 1501 2063 1555 gau-

475 1584 667 1638 dentes
692 1582 973 1635 intrabunt
1014 1594 1260 1650 regnum,
1287 1587 1414 1632 tunc
1468 1576 1619 1645 impii
1653 1584 1708 1629 et
1754 1584 2067 1646 peccatores

476 1675 568 1744 qui
598 1672 667 1728 de
697 1672 869 1727 salute
892 1686 991 1726 sua
1011 1669 1343 1741 negligentes
1368 1667 1607 1729 fuerunt,
1626 1665 1920 1720 secundum
1947 1679 2067 1719 cor-

476 1766 560 1821 dis
581 1765 665 1818 sui
693 1771 746 1818 et
777 1771 996 1818 actuum
1023 1760 1362 1829 iniquitatem
1392 1773 1512 1812 cum
1542 1757 1754 1812 diabolo
1786 1756 1841 1810 in
1870 1753 2065 1810 inferni

2164 576 2371 634 cmlesti
2400 577 2734 632 beatitudine
2762 577 2964 647 percipi
2987 584 3040 631 -t.

2236 668 2303 723 Et
2333 668 2497 738 spado
2515 668 2605 738 qui
2637 683 2743 721 non
2770 675 3009 737 operatus
3034 675 3108 720 est
3143 683 3235 737 per
3262 685 3451 723 manus
3499 685 3623 725 snas
3647 671 3729 725 ini-

2162 760 2554 829 quitatem,nec
2598 759 2845 828 cogitavit
2890 758 3139 811 adrersus
3186 758 3355 812 Deum
3406 761 3730 831 nequissima;

2165 851 2380 905 dabitur
2410 851 2548 906 enim
2573 849 2652 904 illi
2677 850 2805 920 ﬁdei
2834 850 3030 903 donum
3064 849 3309 916 electum,
3340 860 3389 904 et
3410 868 3525 905 sors
3554 854 3611 905 in
3630 863 3732 906 tem-

2164 942 2250 1013 plo
2311 942 2524 997 Domini
2575 941 2958 1011 acceptissima.
3004 940 3191 995 Potest
3232 941 3389 1010 juxta
3450 942 3734 1013 tropologizr.

2164 1034 2405 1105 regulam
2431 1035 2484 1088 in
2511 1035 2731 1089 nomine
2773 1033 2929 1087 istius
2972 1033 3386 1099 beattesterilis,
3435 1049 3531 1088 seu
3564 1036 3733 1104 spado-

2166 1129 2250 1183 nis
2279 1128 2547 1198 virginum
2575 1126 2826 1198 intelligi,
2854 1111 3053 1197 dequo
3102 1128 3156 1182 in
3196 1127 3331 1183 Isaia
3378 1128 3452 1182 ita
3498 1129 3733 1199 scriptum

2165 1228 2248 1273 est
2281 1237 2293 1271 :
2334 1217 2458 1272 Non
2485 1217 2624 1272 dicat
2647 1220 2956 1272 eunuchus:
2986 1217 3123 1273 Ecce
3164 1235 3260 1289 ego
3284 1218 3485 1290 lignum
3520 1220 3730 1284 aridum,

2164 1311 2290 1383 quia
2323 1311 2434 1364 lucc
2460 1309 2587 1364 dicit
2628 1309 2885 1365 Dominus
2930 1310 3182 1365 eunuchis
3207 1324 3225 1361 :
3252 1310 3358 1375 Qui
3399 1311 3732 1365 custodierunt

2165 1402 2385 1457 sabbata
2408 1419 2544 1468 mea,
2561 1411 2609 1457 et
2626 1401 2890 1473 elegerunt
2912 1419 3027 1474 quae
3049 1401 3210 1466 volui,
3226 1412 3273 1455 et
3291 1411 3570 1456 tenuerunt
3596 1402 3737 1471 [trdus

2166 1511 2358 1559 meum,
2384 1494 2520 1547 dabo
2546 1494 2620 1547 eis
2647 1493 2702 1548 in
2724 1493 2878 1547 domo
2919 1510 3032 1547 mea
3061 1503 3106 1547 et
3132 1494 3185 1546 in
3219 1494 3384 1546 muris
3410 1493 3541 1563 meis
3568 1491 3733 1556 locum,

2167 1594 2215 1638 et
2239 1600 2425 1639 nomen
2451 1582 2639 1638 melius
2666 1602 2698 1637 a
2733 1583 2861 1652 ﬁliis
2912 1592 2960 1637 et
2988 1583 3202 1652 ﬁliabus
3227 1623 3243 1648 ,
3287 1599 3474 1637 nomen
3501 1584 3739 1651 sempiter-

2169 1692 2295 1730 num
2317 1674 2453 1729 dabo
2481 1675 2555 1751 eis
2574 1675 2713 1747 quod
2744 1692 2847 1729 non
2864 1674 3049 1746 peribit
3073 1674 3208 1747 (lsa.
3243 1674 3377 1745 ωτι).
3409 1672 3541 1728 Ηίεο
3568 1674 3735 1728 sterilis

2167 1770 2478 1840 virginitate
2504 1769 2730 1825 fecunda
2757 1776 2858 1824 est.
2877 1768 2973 1823 [lic
3002 1769 3282 1823 eunuchus
3305 1783 3471 1838 regno
3500 1767 3739 1822 caelorum

477 1859 860 1927 demergentur
910 1853 1184 1925 abyssum,
1215 1850 1306 1906 ubi
1348 1849 1464 1904 sine
1506 1850 1612 1902 ﬁne
1645 1847 2063 1912 crueiabuntur,

2182 1864 2280 1918 vim
2311 1862 2481 1930 facit,
2533 1870 2589 1918 et
2618 1860 2883 1918 violenter
2909 1862 3093 1930 diripit
3124 1859 3275 1915 illud.
3308 1859 3413 1914 Iste
3459 1869 3643 1915 custos
3674 1866 3741 1912 est

476 1948 604 2018 quia
629 1948 830 2002 vermis
861 1960 1051 2001 eorum
1097 1958 1202 1998 non
1256 1941 1518 2005 moritur,
1550 1947 1604 1993 et
1631 1938 1771 2009 ignis
1818 1953 1925 1992 non
1972 1952 2067 1992 ex-

477 2038 802 2109 stinguetur.

550 2129 877 2201 Sapientiam
905 2129 1042 2183 enim
1086 2136 1133 2181 et
1165 2125 1497 2197 disciplinam
1531 2125 1623 2195 qui
1669 2123 1854 2194 abjecit
1883 2122 2069 2193 infelix

475 2233 574 2286 est;
596 2233 642 2277 et
667 2238 833 2277 vacua
862 2230 937 2276 est
962 2236 1076 2291 spes
1108 2219 1340 2284 illorum,
1362 2227 1409 2271 et
1440 2216 1641 2270 labores
1666 2217 1778 2269 sine
1799 2215 1995 2285 fructu,
2020 2223 2068 2268 et

474 2313 841 2368 iultubitabilia
888 2329 1045 2382 opera
1080 2310 1293 2364 illorum
1317 2318 1460 2363 sunt.
1493 2306 1646 2362 Nunc
1674 2306 1908 2375 ostendit
1939 2304 2069 2375 quid

475 2409 548 2463 sit
574 2408 675 2463 hoc
697 2447 711 2472 ,
751 2407 894 2476 quod
922 2405 1170 2473 superius
1197 2402 1409 2457 dixerat
1430 2416 1460 2454 a
1483 2399 1711 2455 Domino
1750 2397 2068 2460 recessisse,

478 2499 583 2555 hoc
617 2507 724 2564 est,
762 2497 1086 2567 sapientiam
1116 2503 1171 2549 et
1192 2492 1530 2564 disciplinam
1558 2489 1812 2561 abjicere,
1839 2503 2068 2559 quorum

478 2603 651 2644 vacua
681 2596 767 2643 est
798 2602 947 2658 Spes,
977 2595 1033 2642 et
1067 2586 1281 2641 labores
1310 2585 1430 2639 sine
1479 2582 1680 2645 fructu,
1733 2580 1857 2651 quia
1888 2580 1940 2635 in
1983 2594 2069 2633 va-

479 2696 610 2736 num
640 2688 938 2749 sperantse
959 2677 1345 2748 temporalibus
1374 2674 1756 2746 perpetualiter
1782 2673 1861 2727 uti
1889 2686 2069 2741 posse,

483 2774 569 2829 vel
598 2780 817 2845 peccata
841 2771 1088 2827 faciendo
1117 2768 1408 2841 impunitos
1423 2781 1591 2843 posse
1612 2766 1860 2830 evadere,
1876 2764 2071 2819 horum

479 2876 537 2923 et
563 2867 776 2922 labores
807 2875 934 2921 sunt
962 2864 1081 2919 sine
1110 2863 1290 2917 fructu
1317 2860 1508 2915 futurae
1535 2857 2071 2927 mercedis,etopera

478 2959 696 3015 illorum
727 2954 1098 3011 inhabitabilia
1130 2972 1141 3007 :
1176 2952 1434 3023 quoniam
1478 2949 1786 3018 operarium
1832 2948 2071 3017 ipsorum

481 3048 718 3104 caelestis
743 3045 1091 3102 habitationis
1121 3058 1228 3099 non
1258 3051 1487 3111 possunt
1520 3039 1702 3095 facere
1730 3037 2069 3108 participem.

482 3137 582 3192 Cui
622 3152 744 3192 cum
791 3136 1100 3203 iniquorum
1150 3131 1392 3187 omnium
1436 3129 1613 3199 capite
1659 3127 2074 3198 improperaudo

484 3228 689 3282 scelera
748 3241 843 3280 sua
884 3223 1172 3279 Psalmista
1220 3220 1470 3292 pratdixit
1507 3219 1735 3274 dicens:
1787 3215 2072 3287 Propterea

483 3318 714 3371 destruet
739 3326 787 3370 te
815 3315 979 3379 Deus,
1008 3316 1062 3368 in
1106 3312 1211 3382 ﬁne
1238 3311 1417 3366 evellet
1444 3321 1512 3376 te,
1550 3320 1597 3364 et
1635 3309 1910 3380 emigrabit
1931 3318 1980 3363 te
2010 3309 2073 3363 de

485 3408 822 3464 tabernaculo
865 3419 955 3462 tuo
978 3416 1026 3461 et
1051 3406 1279 3460 radicem
1314 3414 1458 3457 tuam
1501 3404 1565 3456 de
1612 3413 1752 3456 terra
1797 3401 2073 3455 viventium

486 3499 660 3573 (Psal.
689 3499 785 3573 ιι).
816 3499 1047 3554 Possunt
1087 3507 1143 3553 et
1174 3496 1413 3552 hmretici
1450 3495 1501 3549 in
1528 3495 1631 3549 hac
1655 3493 1920 3548 sententia
1967 3506 2073 3545 non

483 3591 929 3648 inconvenienter
951 3589 1143 3659 accipi,
1173 3588 1264 3658 qui
1293 3584 1615 3656 sapientiam
1642 3584 1883 3639 divinam
1913 3590 1967 3636 et
1998 3595 2077 3634 re-

479 3684 661 3757 gulam
690 3692 855 3739 reetae
898 3682 1019 3736 ﬁdei
1055 3679 1392 3748 abjicientes,
1428 3677 1642 3730 labores
1672 3672 1936 3728 doctrina:
1964 3686 2074 3725 sua:

487 3787 653 3847 atque
681 3790 929 3831 errorum
959 3781 1138 3829 sectas
1166 3772 1218 3826 in
1245 3786 1474 3825 vacuum
1509 3777 1564 3822 et
1602 3766 1717 3821 sine
1746 3764 1925 3818 fructu
1954 3763 2077 3816 vitae
2128 3800 2131 3805 ς

485 3880 701 3926 aeterna:
720 3866 1052 3939 expendunt,
1084 3878 1312 3933 quarunt
1342 3860 1570 3915 intentio
1599 3857 1760 3912 stulta
1784 3864 1838 3910 et
1860 3854 2077 3924 nequis-

494 3964 633 4016 sima
666 3968 792 4016 sunt
811 3974 995 4029 opera.
1027 3956 1179 4013 Unde
1206 3952 1582 4023 subiungitur:

566 4048 810 4103 Mulieres
836 4062 1017 4103 eorum
1045 4047 1325 4099 insensata:
1353 4051 1505 4106 sunt,
1550 4049 1598 4093 et
1644 4037 1946 4108 nequissimi
1981 4035 2078 4104 ﬁlii

488 4156 688 4196 eorum.
717 4138 966 4193 Mulieres
995 4135 1080 4191 vel
1125 4134 1375 4189 libidines
1410 4128 1674 4192 carnales,
1704 4128 1789 4182 vel
1816 4128 2080 4195 interpre-

492 4231 724 4285 tationes
753 4243 943 4284 sensus
971 4226 1189 4282 nefandi
1226 4222 1461 4294 appellat
1486 4242 1499 4276 :
1528 4236 1591 4275 ex
1622 4220 1819 4291 quibus
1858 4217 2076 4287 nequis-

490 4314 612 4377 simi
650 4320 775 4384 ﬁlii,
825 4321 928 4375 hoc
962 4327 1075 4384 est,
1126 4325 1281 4372 actus
1308 4313 1503 4370 nefarii
1550 4328 1645 4367 seu
1676 4313 1926 4383 dogmata
1958 4324 2079 4378 per-

489 4430 646 4469 versa
668 4412 989 4484 procedunt,
1017 4410 1108 4481 qui
1147 4426 1253 4464 non
1279 4407 1428 4479 regni
1455 4404 1690 4460 caelestis
1718 4403 1960 4472 prazmio,
1987 4401 2078 4455 sed

491 4513 760 4561 tormento
789 4502 987 4559 inferni
1023 4510 1150 4557 sunt
1184 4499 1422 4555 obnoxii.
1456 4499 1530 4552 De
1580 4512 1689 4567 quo
1739 4495 1914 4549 adhuc
1958 4494 2082 4548 sub-

491 4600 639 4654 ditur
666 4618 677 4651 :

563 4692 849 4748 Maledicta
899 4698 1143 4745 creatura
1191 4687 1427 4751 illorum,
1455 4686 1558 4741 hoc
1586 4692 1689 4750 est,
1726 4684 1932 4739 factura
1984 4698 2077 4738 eo-

492 4801 634 4841 rum.
665 4783 780 4838 Non
808 4781 952 4838 enim
983 4780 1244 4850 sapientia
1290 4778 1469 4833 divina
1509 4774 1779 4830 creaturis
1808 4775 1923 4838 Dei,
1947 4788 2082 4843 quos

494 4875 741 4929 conditor
768 4874 1006 4943 ipsorqu
1044 4869 1412 4927 benedicendo
1435 4869 1485 4923 in
1516 4867 1670 4922 initio
1705 4867 1929 4932 creavit,
1964 4882 2079 4919 ma—

494 4966 799 5021 ledictionis
824 4975 1005 5019 notam
1048 4963 1263 5033 ingerit,
1295 4961 1388 5016 sed
1419 4960 1789 5029 operationem
1824 4959 2080 5028 reprobo-

497 5071 617 5111 rum
645 5055 1022 5112 maledictiouc
1050 5062 1252 5108 interna
1281 5053 1441 5122 digna
1469 5067 1590 5107 esse
1613 5051 1869 5106 ostendit.

572 5154 832 5220 Quoniam
861 5154 989 5224 felix
1010 5163 1085 5208 est
1107 5153 1322 5216 sterilis;
1352 5163 1397 5207 et
1421 5153 1838 5223 incoinquinata,
1857 5168 1973 5222 qua’
2004 5168 2083 5203 nev

497 5249 644 5304 scit-it
678 5246 885 5301 tltorum
929 5248 984 5300 in
1028 5246 1250 5308 delicto,
1300 5245 1502 5298 habebit
1548 5244 1776 5312 fructum
1828 5245 1880 5298 in
1920 5260 2065 5314 respe

496 5342 668 5397 ctione
705 5339 1004 5393 animarum
1034 5349 1357 5392 sanctarum.
1418 5336 1621 5392 Laudat
1668 5338 1942 5403 sterilem,
1985 5340 2086 5392 hoc

496 5445 601 5500 est,
632 5442 837 5489 castam
862 5441 916 5487 et
942 5432 1306 5487 continentem
1337 5433 1597 5494 animam,
1627 5448 1746 5500 qua:
1776 5448 1880 5487 non
1912 5432 2084 5502 potius

497 5536 552 5585 ta
595 5537 682 5583 est
730 5525 982 5581 sordibus
1030 5524 1473 5587 lmrceticorum,
1506 5536 1681 5591 neque
1727 5524 2084 5578 immunditiis

497 5621 814 5680 idololatriae
848 5618 1248 5683 contaminata;
1290 5618 1403 5672 hzec
1425 5616 1568 5671 enim
1593 5614 1812 5670 habebit
1853 5615 2084 5671 fructum

497 5720 557 5772 in
590 5714 920 5782 respectione
945 5711 1250 5765 animarum
1280 5716 1590 5764 sanctarum
1618 5747 1631 5769 ,
1680 5708 1865 5776 utique
1914 5708 1965 5763 in
1999 5709 2085 5763 die

496 5804 717 5870 iudicii,
745 5807 960 5874 quando
986 5804 1156 5859 sancti
1188 5801 1470 5871 rapientur
1503 5800 1567 5853 ad
1618 5800 2083 5869 contemplandum

2108 4557 2158 4617 Ι)

2171 1955 2550 2018 sabbatorum,
2601 1960 2658 2007 et
2706 1966 2983 2022 nunquam
3026 1950 3189 2006 faciet
3234 1965 3397 2021 opera
3428 1950 3738 2020 nuptiarum.

2169 2045 2275 2102 Iste
2302 2045 2464 2116 elegit
2505 2059 2626 2114 quae
2646 2043 2909 2098 Dominus
2942 2041 3110 2097 voluit
3137 2049 3196 2096 ut
3220 2040 3342 2111 plus
3367 2034 3569 2095 offerat
3604 2052 3741 2108 quam

2167 2144 2498 2207 prteceptum
2550 2142 2667 2201 est,
2714 2142 2775 2189 ut
2804 2150 2910 2188 non
2942 2133 3329 2204 indulgentiam
3375 2131 3610 2203 apostoli
3636 2128 3741 2197 ejus

2171 2228 2266 2283 sed
2296 2226 2629 2282 voluntatem
2665 2225 2990 2281 consideret.
3020 2224 3124 2278 Iste
3164 2231 3311 2279 tenet
3350 2223 3532 2277 fmdus
3559 2216 3745 2275 Domini

2171 2318 2560 2387 sempiternum
2602 2323 2663 2371 ut
2709 2330 2816 2370 non
2852 2314 2920 2369 ad
2972 2322 3182 2383 tempus
3220 2321 3377 2369 vacet
3422 2310 3747 2375 orationi,et

2173 2414 2367 2468 iterum
2392 2410 2461 2464 ad
2486 2410 2662 2480 ipsum
2691 2416 3012 2470 revertatur,
3047 2406 3142 2461 sed
3186 2413 3543 2476 accepturum
3583 2419 3638 2459 se
3662 2419 3744 2457 no-

2171 2506 2314 2560 verit
2332 2519 2451 2560 esse
2481 2504 2535 2558 in
2565 2502 2726 2557 domo
2756 2501 3124 2570 Domini,quzc
3152 2508 3238 2555 est
3258 2498 3500 2554 Ecclesia
3533 2498 3661 2569 ejus,
3683 2495 3749 2548 lo-

2171 2613 2294 2653 cum
2349 2593 2863 2667 Optimumzmultaa
2917 2593 3059 2647 enim
3117 2591 3424 2645 mansiones
3468 2597 3596 2644 sunt
3623 2586 3747 2659 apud

2171 2690 2411 2744 Patrem.
2448 2687 2515 2740 Et
2547 2685 2637 2755 qui
2675 2683 2957 2739 eunuchus
2996 2681 3161 2737 fuerit
3188 2688 3243 2735 et
3284 2680 3477 2736 fecerit
3512 2679 3748 2733 universa

2172 2795 2293 2851 quae
2324 2778 2527 2848 scripta
2558 2785 2700 2841 sunt,
2731 2775 2951 2831 habebit
2977 2773 3030 2827 in
3059 2772 3229 2827 muris
3256 2769 3373 2839 ejus
3401 2769 3584 2825 locum
3622 2766 3754 2838 opti-

2170 2886 2320 2925 mum
2344 2876 2403 2923 ut
2431 2868 2637 2925 scilicet
2665 2867 2829 2922 turris
2863 2865 3070 2919 Domini
3120 2861 3408 2926 eﬁiciatur,
3422 2869 3478 2916 et
3509 2861 3565 2915 in
3590 2870 3754 2916 sacer-

2174 2960 2341 3017 dotali
2376 2959 2641 3015 consistat
2671 2957 2858 3028 gradu,
2882 2964 2940 3010 ut
2964 2970 3064 3024 pro
3092 2954 3276 3009 carnis
3303 2952 3431 3007 ﬁliis
3455 2951 3654 3006 multos
3668 2948 3755 3003 ba-

2175 3053 2299 3119 beat
2325 3049 2464 3105 ﬁlios
2490 3047 2780 3119 spiritales.
2815 3046 3000 3101 Talem
3032 3044 3197 3100 fuisse
3237 3044 3571 3109 eunuchum,
3610 3055 3755 3113 quem

2175 3116 2334 3196 Jesits
2350 3141 2549 3195 amavit
2564 3139 2875 3209 plurimum,
2894 3138 3284 3207 evangelistam
3301 3135 3588 3199 Joannem,
3602 3132 3762 3190 eccle-

2178 3232 2409 3287 siasticae
2441 3229 2662 3285 tradunt
2688 3230 2957 3294 historiae;
2993 3228 3086 3298 qui
3125 3227 3375 3284 recubuit
3393 3242 3562 3297 super
3587 3234 3759 3295 pectus

2175 3323 2339 3387 Jesu;
2370 3323 2463 3393 qui
2500 3322 2661 3377 Petro
2695 3321 2902 3375 tardius
2930 3320 3241 3374 ambulante
3266 3319 3517 3373 elevatus
3547 3314 3760 3386 virgini-

2180 3415 2304 3469 tatis
2329 3412 2697 3472 aliscucurrit
2744 3412 2809 3466 ad
2855 3411 3164 3465 Dominum.
3199 3409 3457 3464 Facessat
3499 3424 3631 3480 ergo
3657 3418 3761 3461 om—

2180 3505 2265 3559 nis
2302 3502 2573 3559 cavillatio
2618 3501 2948 3565 Judacornm,
2982 3510 3037 3555 et
3086 3501 3217 3554 risui
3276 3499 3529 3569 praebere
3571 3512 3632 3553 se
3658 3509 3763 3550 ces—

2179 3605 2264 3651 set
2292 3595 2543 3664 opericns
2568 3592 2839 3653 semiviris
2866 3606 3029 3661 regna
3055 3590 3315 3645 caelorum
3341 3606 3465 3644 cum
3495 3586 3761 3659 pudicitia,

2181 3702 2286 3741 non
2337 3687 2391 3740 in
2444 3685 2721 3740 debilitate
2759 3683 3003 3752 corporis
3033 3683 3137 3737 sibi
3175 3682 3271 3737 sed
3306 3682 3357 3735 in
3390 3682 3563 3736 animi
3596 3679 3764 3733 νοιίιίι-

2184 3784 2317 3842 tate,
2349 3791 2447 3831 nec
2473 3775 2679 3832 desidia
2710 3775 2835 3829 boni
2891 3774 3098 3843 prmmii
3130 3774 3345 3827 habebit
3393 3769 3768 3836 meritnm,sed

2180 3869 2269 3938 pia
2301 3867 2552 3923 certatio.
2580 3865 2732 3921 Unde
2755 3874 2809 3919 et
2830 3866 3074 3935 sequitur
3098 3882 3111 3917 :

2252 3959 2521 4013 Bonorum
2562 3958 2699 4011 enim
2736 3956 2972 4011 laborum
3010 3956 3272 4025 gloriosus
3325 3969 3403 4009 est
3454 3955 3697 4024 fructus,
3730 3965 3773 4006 et

2180 4067 2297 4122 qua:
2323 4068 2425 4105 non
2449 4049 2688 4105 concidat
2712 4049 2864 4103 radix
2888 4048 3176 4118 sapientiae.
3203 4046 3489 4102 Gloriosus
3516 4048 3771 4102 nimirum

2182 4144 2446 4197 bonorum
2492 4140 2735 4195 laborum
2766 4147 2849 4194 est
2904 4138 3140 4202 fructus;
3174 4138 3300 4207 quia
3349 4145 3627 4192 :eternum
3655 4151 3777 4208 gaw

2182 4234 2331 4289 dium
2360 4242 2415 4286 et
2442 4231 2658 4303 requies
2683 4239 2833 4287 certa
2868 4230 2987 4285 illos
3015 4229 3284 4299 sequitur,
3317 4245 3421 4284 nec
3442 4244 3511 4285 ea
3540 4228 3777 4301 germina

2183 4324 2555 4379 doctrinarum
2587 4337 2683 4377 seu
2711 4322 2984 4376 actionum
3017 4335 3136 4391 qua:
3183 4336 3249 4374 ex
3281 4320 3467 4375 radice
3494 4336 3649 4376 verte
3674 4334 3784 4390 pro-

2185 4422 2469 4468 cesserunt
2517 4412 2826 4480 sapientiat,
2859 4427 3131 4481 tamquam
3181 4410 3387 4465 habent
3437 4427 3662 4476 casum,
3697 4407 3782 4463 sed

2184 4515 2459 4574 perpetuae
2511 4503 2699 4557 salutis
2737 4502 2966 4556 afferent
3009 4500 3265 4555 fructum.
3318 4500 3391 4555 At
3443 4510 3650 4556 contra
3701 4500 3788 4554 do.

2187 4604 2366 4666 gmata
2400 4595 2775 4649 haereticorum
2798 4600 2853 4647 et
2880 4590 3129 4661 discipuli
3159 4607 3225 4645 ac
3254 4601 3560 4660 sequentes
3594 4589 3782 4659 nequi-

2190 4686 2279 4740 tia:
2306 4685 2519 4740 illorum
2552 4684 3087 4748 exterminabuntur;
3139 4698 3239 4737 nec
3286 4682 3579 4738 habebunt
3648 4695 3789 4753 spem

2189 4777 2405 4839 salutis,
2458 4775 2552 4831 sed
2604 4776 2797 4829 acerba
2835 4783 3009 4829 morte
3056 4773 3297 4828 damnati
3352 4773 3407 4827 in
3455 4774 3787 4829 oblivionem

2192 4865 2473 4919 tradentur
2502 4873 2838 4934 perpetuam.
2874 4864 2950 4918 De
2978 4879 3083 4932 quo
3113 4872 3167 4917 et
3201 4862 3459 4941 subditur
3480 4881 3498 4916 :

2780 4994 3007 5051 CAPUT
3058 4995 3185 5049 \‘lll.

2198 5092 2345 5159 Quod
2378 5093 2475 5162 filii
2497 5091 2895 5175 adulterorum,
2934 5090 2987 5143 id
3028 5100 3100 5145 est
3132 5090 3530 5170 hereticorum,
3591 5093 3648 5144 in
3689 5106 3805 5141 rex:-

2260 5170 2607 5217 summatione
2631 5171 2803 5225 erunt,
2837 5172 2884 5215 et
2914 5172 3178 5216 castorum
3218 5171 3489 5229 generatto
3522 5170 3801 5230 permutat

2261 5236 2314 5287 in
2343 5245 2588 5304 perpetua
2615 5232 2871 5287 claritate.

2267 5346 2392 5400 Filii
2420 5357 2591 5400 autem
2612 5345 2974 5400 adulterorum
2999 5349 3053 5399 in
3075 5346 3594 5400 consummationem
3630 5358 3802 5407 erunt,

2191 5451 2239 5495 et
2272 5443 2336 5493 ab
2358 5441 2538 5510 iniquo
2560 5440 2710 5492 thoro
2745 5455 2919 5493 semen
2945 5437 3397 5491 exterminabitur.
3436 5436 3512 5491 Et
3540 5438 3808 5511 siquidem

2192 5533 2342 5602 longe
2364 5532 2606 5595 vixerint,
2645 5533 2699 5585 in
2731 5532 2949 5585 nihilum
2975 5531 3436 5600 (amputabuntur,
3484 5541 3541 5584 et
3570 5534 3695 5585 sine
3721 5532 3811 5582 ho-

2193 5641 2319 5678 nore
2366 5625 2461 5678 erit
2502 5626 2780 5677 novissima
2809 5633 3045 5677 senectus
3089 5621 3327 5675 illorum.
3374 5622 3528 5676 Etsi
3578 5623 3807 5678 celerius

2193 5715 2425 5784 defuncti
2456 5715 2646 5782 fuerint
2694 5731 2795 5769 non
2833 5714 3092 5767 habebunt
3128 5729 3294 5782 spem,
3324 5730 3415 5766 nec
3438 5714 3495 5765 in
3536 5716 3636 5767 die
3659 5716 3815 5783 agni-

2194 5808 2350 5860 tion’is
2380 5806 2767 5860 allocutionem.
2824 5804 3077 5860 Nationes
3101 5802 3235 5857 enim
3273 5802 3462 5873 iuiqua'
3493 5803 3649 5857 dim,
3696 5815 3813 5857 sant
