3928 6176
249 389 351 449 (fit;

1090 389 1444 451 COMMENT.
1489 394 1555 448 1N
1598 390 1856 447 LIBRUM
1896 386 2301 444 SAPIENTLE.
2344 419 2412 426 —
2450 385 2578 441 LIB.
2622 384 2660 439 Ι.

3413 384 3519 438 086

247 507 733 567 consummationis.
780 507 1019 562 Adulteri
1046 509 1260 578 quidem
1290 508 1525 562 limrctici
1551 517 1697 568 sunt,
1740 506 1830 575 qui
1860 513 1908 569 Α
1935 504 2171 557 ctionum
2222 518 2408 557 eorum
2445 512 2569 557 sunt
2606 502 2755 572 pravi
2811 509 2971 570 atque
3001 502 3279 569 venenosi,
3319 511 3373 557 et
3394 502 3521 557 ideo

246 599 616 652 adulterantes
649 597 869 652 verbum
908 598 1001 652 Dei
1051 598 1105 651 in
1150 598 1380 653 aliorum
1425 612 1646 651 sensum
1697 594 1829 650 illud

247 686 546 741 transferre
575 696 857 741 conantur.
885 686 1084 741 llorum
1113 686 1348 752 lilii,lioc
1378 694 1459 741 est
1480 685 1745 754 discipuli,
1777 686 1830 738 in
1896 700 1904 712 ι

246 778 715 832 consummatione
758 786 934 840 erunt,
988 778 1112 845 quia
1153 779 1220 830 ad
1264 785 1526 831 aeternam
1573 776 1831 846 perditio-

246 883 372 922 nem
401 869 649 923 tendunt.
696 866 759 920 lli
798 867 865 919 ab
897 867 1080 936 iniquo
1113 868 1269 921 thoro
1312 866 1513 935 polluto
1557 866 1833 921 conscien-

249 959 337 1012 tia:
396 957 666 1011 virulenta
710 964 1024 1025 erumpente
1070 957 1365 1010 nutrimine
1410 956 1644 1020 educati,
1704 955 1831 1010 licet

250 1050 371 1118 long
386 1049 472 1101 cvi
504 1049 610 1101 sint
641 1062 801 1116 super
840 1054 1058 1111 terram,
1089 1055 1268 1102 tamen
1298 1046 1434 1100 nihil
1463 1047 1542 1101 eis
1584 1047 1685 1100 hoc
1710 1059 1832 1114 pro-

250 1141 414 1203 derit,
468 1138 684 1207 quando
726 1136 790 1190 ad
818 1137 1250 1205 combustionem
1305 1135 1473 1190 futuri
1522 1144 1648 1189 sunt
1693 1134 1831 1202 ignis

248 1230 457 1282 aeterni.
504 1230 738 1293 Quorum
779 1226 1058 1281 novissima
1083 1236 1319 1280 senectus
1344 1228 1456 1279 sine
1481 1226 1676 1278 honore
1709 1225 1828 1289 erit,

248 1322 374 1391 quia
400 1319 660 1374 memoria
692 1318 901 1373 illorum
946 1319 1000 1372 in
1032 1328 1293 1372 :eternum
1333 1317 1711 1372 benedictione
1740 1332 1831 1371 ca-

250 1415 411 1477 rebit,
462 1427 561 1467 nec
589 1410 642 1465 in
670 1411 757 1465 die
798 1409 1107 1480 agnitionis,
1148 1409 1277 1462 liora
1323 1408 1574 1463 videlicet
1617 1408 1832 1461 univer-

247 1505 377 1559 salis
405 1502 619 1574 judicii,
645 1501 861 1571 quando
909 1499 1121 1555 electia
1162 1497 1349 1567 judice
1397 1515 1494 1554 suo
1534 1499 1707 1570 agniti
1761 1499 1830 1553 ad

246 1595 643 1664 possessionem
689 1592 840 1662 regni
864 1592 1100 1646 caelestis
1120 1601 1281 1646 erunt
1312 1592 1547 1657 invitati,
1579 1592 1679 1662 ipsi
1714 1592 1825 1646 nul.

248 1686 298 1740 la
327 1702 426 1756 spe
470 1683 882 1739 restaurationis
931 1697 1043 1737 suae
1095 1681 1544 1748 consolabuntur,
1600 1683 1698 1737 sed
1773 1684 1831 1737 in

243 1786 512 1828 aiternum
546 1772 820 1827 cruciandi
867 1786 898 1825 a
945 1779 1236 1842 conspectu
1283 1771 1505 1825 humani
1546 1772 1700 1842 regis
1738 1786 1833 1826 ex-

248 1867 536 1937 pellenlur.

319 1974 472 2046 (Car.
523 1973 623 2044 tv.)
675 1973 720 2029 0
763 1989 919 2046 quam
957 1971 1178 2044 pulchra
1242 1981 1319 2026 est
1369 1980 1515 2025 casta
1565 1971 1830 2042 generatio

245 2086 366 2123 cum
398 2067 679 2121 claritate!
710 2065 1031 2119 Immortalis
1058 2074 1133 2119 est
1173 2065 1309 2119 enim
1346 2064 1597 2117 me‘moria
1641 2062 1784 2116 illius
1811 2080 1830 2127 ,-

243 2159 497 2229 quoniam
547 2167 592 2210 et
620 2156 762 2226 apud
814 2157 982 2210 Deum
1028 2166 1151 2209 nota
1196 2164 1272 2209 est
1319 2164 1366 2209 et
1392 2155 1532 2225 apud
1576 2154 1827 2208 homines.

243 2246 378 2302 Cum
404 2263 634 2318 priesens
661 2256 755 2311 est,
808 2246 1080 2299 imitantur
1104 2245 1288 2310 illam;
1315 2254 1361 2298 et
1389 2244 1687 2297 desiderant
1716 2256 1834 2297 eam

243 2355 361 2393 cum
392 2354 448 2392 se
461 2338 728 2401 eduxerit,
769 2346 816 2389 et
858 2336 913 2389 in
938 2344 1239 2406 perpetuam
1267 2344 1517 2389 coronata
1545 2333 1832 2403 triumphat

242 2423 762 2498 incoinquiuatorum
787 2427 1128 2480 certaminum
1156 2426 1429 2496 prwmium
1456 2424 1685 2478 vincens.
1711 2422 1833 2477 Sic-

243 2529 302 2572 ut
353 2519 609 2587 superius
677 2516 1000 2586 vituperavit
1062 2515 1490 2581 haaresiarcbas,
1540 2529 1836 2584 eorumque

243 2624 510 2679 sequaces
549 2609 945 2673 schismancos,
1000 2607 1075 2661 ita
1111 2622 1254 2662 nunc
1301 2607 1484 2662 laudat
1541 2607 1837 2662 catholicos

244 2701 572 2769 illorumque
625 2698 934 2768 discipulos,
988 2712 1220 2767 quorum
1268 2697 1402 2751 ﬁdes
1443 2706 1527 2752 est
1572 2711 1729 2775 pura,
1781 2703 1838 2749 et

242 2792 477 2862 simplex
529 2790 771 2845 doctrina
818 2799 980 2859 atque
1018 2799 1255 2855 aeterna;
1287 2806 1384 2859 per
1431 2790 1534 2844 hoc
1576 2789 1837 2843 memoria

243 2885 431 2955 digna,
484 2882 741 2953 quoniam
781 2882 1020 2954 ipsorum
1049 2882 1326 2952 generatio
1374 2884 1516 2951 apud
1547 2881 1836 2936 Dominum

241 2975 473 3044 probata
504 2980 610 3038 est,
658 2980 714 3027 et
743 2974 883 3042 apud
914 2973 1158 3028 homines
1187 2972 1567 3027 venerabiliter
1591 2981 1833 3042 accepta.

245 3061 374 3117 llaec
423 3061 480 3115 in
516 3064 771 3130 praesenti
795 3064 903 3116 vita
956 3078 1055 3133 per
1077 3077 1234 3118 sacra
1272 3063 1520 3134 exempla
1571 3064 1836 3120 bonorum

239 3167 474 3223 operum
498 3152 731 3208 fructum
757 3154 945 3226 gignit,
984 3164 1039 3209 et
1068 3157 1135 3210 ad
1161 3171 1381 3227 regnum
1404 3156 1627 3211 cmleste
1664 3164 1838 3211 trans-

244 3243 355 3298 lata
393 3242 616 3315 dignam
654 3245 737 3298 sui
786 3247 1216 3301 recordationem
1268 3247 1500 3318 posteris
1555 3248 1834 3317 relinquit,

247 3352 348 3390 nec
386 3336 530 3390 ullus
575 3336 680 3390 erit
722 3335 875 3390 dolor
914 3336 980 3390 de
1006 3346 1225 3404 peracto
1267 3338 1584 3403 certamine,
1623 3338 1838 3406 quando

248 3427 693 3496 persecutionum
743 3427 1165 3498 magnitudinem
1202 3427 1486 3498 praemium
1530 3428 1729 3483 vincet.

323 3560 621 3632 Multigena
643 3562 780 3615 enim
800 3560 1077 3632 impiorum
1104 3560 1383 3615 multitudo
1419 3577 1522 3615 non
1544 3559 1640 3615 erit
1670 3560 1836 3627 utilis,

252 3662 300 3707 et
345 3650 531 3721 spuria
577 3649 881 3705 vitulamina
921 3668 1023 3704 non
1059 3650 1257 3704 dabunt
1306 3651 1507 3704 radices
1536 3649 1698 3718 altas,
1747 3668 1839 3705 nec

252 3740 437 3796 stabile
472 3740 863 3809 ﬁrmamentum
912 3739 1257 3793 collocabant.
1318 3738 1652 3795 Alternando
1694 3742 1839 3795 enim

252 3832 495 3901 loquitur
542 3830 608 3885 de
633 3830 912 3885 catholicis
949 3840 1004 3884 et
1038 3830 1308 3886 haereticis
1346 3838 1405 3884 ut
1449 3831 1677 3885 istorum
1725 3831 1841 3885 lau-

254 3925 489 3979 dabilem
534 3923 783 3978 ostendat
834 3923 1171 3993 sapientiam,
1227 3932 1281 3979 et
1305 3924 1519 3979 illorum
1570 3923 1840 3995 vituperao

254 4023 420 4077 bilem
453 4022 787 4075 demonstret
828 4020 1139 4074 versutiam.
1199 4018 1489 4089 Mnltigcna
1537 4019 1734 4090 quippe
1786 4029 1841 4075 et

257 4110 541 4180 multiplex
582 4110 959 4186 haereticorum
993 4109 1236 4164 doctrina
1267 4126 1375 4165 non
1403 4110 1508 4165 erit
1543 4108 1709 4175 utilis,
1747 4109 1842 4164 sed

258 4203 486 4268 nociva;
521 4217 618 4257 nec
643 4202 914 4272 superﬂua
966 4202 1178 4256 illorum
1211 4211 1546 4273 argmnenta,
1602 4217 1724 4271 quae
1769 4201 1841 4255 si-

257 4302 425 4365 gnant
457 4292 641 4362 spuria
686 4292 1022 4359 vitulamina,
1053 4292 1255 4347 habent
1284 4292 1518 4365 radicem
1564 4292 1838 4356 veritatis,

260 4387 379 4442 ideo
420 4385 844 4441 stabilimentum
894 4400 1001 4439 non
1046 4385 1249 4440 habent
1293 4384 1646 4451 fortitudinis,
1682 4385 1777 4439 sed
1808 4399 1838 4437 a

260 4486 422 4532 vento
463 4476 896 4546 persecutionum
945 4476 1058 4530 sive
1084 4475 1331 4530 examine
1383 4475 1613 4529 districti
1648 4474 1838 4545 judicii

260 4568 470 4632 attaeti,
516 4568 623 4622 cito
654 4583 684 4621 a
719 4583 814 4621 sua
846 4566 1101 4622 ﬁrmitate
1151 4567 1440 4632 decidunt;
1475 4565 1613 4620 unde
1657 4575 1717 4620 et
1751 4582 1832 4620 se-

260 4662 448 4731 quitur
472 4679 484 4713 :

332 4775 400 4828 Et
426 4776 472 4827 si
506 4775 560 4827 in
588 4775 747 4828 ramis
780 4774 836 4827 in
861 4783 1089 4845 tempore
1109 4774 1530 4844 germinaverint,
1566 4774 1845 4844 inﬁrmitcr

258 4866 450 4935 posita,
502 4882 537 4918 a
567 4874 711 4919 vento
746 4864 1219 4927 commovebuntur,
1268 4872 1368 4918 eta
1410 4864 1675 4918 nimietate
1727 4881 1846 4927 ven,-

260 4965 435 5006 torum
491 4954 922 5006 eradicabuntur.
966 4950 1374 5022 Confringentur
1407 4953 1543 5006 enim
1589 4954 1721 5006 rami
1764 4954 1847 5006 in-

261 5046 630 5107 consummati,
660 5054 706 5097 et
734 5045 937 5113 fructus
977 5044 1185 5100 illorum
1229 5047 1457 5113 inutiles,
1481 5059 1527 5103 et
1563 5051 1736 5104 acerbi
1778 5051 1847 5104 ad

262 5134 712 5199 manducandum,
747 5146 793 5189 et
821 5136 889 5189 ad
917 5137 1137 5190 nihilum
1172 5139 1299 5208 apti.
1358 5140 1555 5196 [lamus
1602 5142 1847 5197 nominat

263 5224 567 5279 sententias
619 5226 1006 5296 scripturarum
1063 5242 1460 5296 perversurum,
1503 5240 1558 5286 et
1617 5232 1846 5299 fructus,

262 5330 461 5371 sensus
511 5318 749 5387 ipsarum
796 5320 1217 5387 sententiarum;
1250 5338 1345 5391 per
1373 5332 1559 5379 ventos
1608 5340 1845 5396 quoque,

261 5417 362 5462 aut
411 5410 849 5480 persecutionum
896 5411 1172 5467 molestias
1225 5422 1316 5467 aut
1361 5414 1720 5471 discussiones
1763 5417 1851 5487 ju-

262 5499 393 5554 dicii
432 5499 676 5571 designat
703 5519 715 5555 :
746 5502 873 5571 quia
898 5502 1038 5557 sicut
1071 5504 1206 5556 rami
1236 5502 1452 5575 fragiles
1489 5522 1517 5558 a
1545 5516 1724 5570 vento,
1777 5510 1849 5562 ita

262 5604 456 5643 eorum
483 5590 766 5645 sentcntiae
795 5591 1119 5660 imperfecta:
1141 5593 1208 5647 ab
1231 5594 1557 5649 adversitate
1587 5598 1848 5665 qualibet,

266 5695 363 5734 seu
395 5681 733 5736 discussione.
765 5684 991 5752 pulsata:
1036 5684 1194 5741 facile
1236 5698 1575 5756 rumpuntur,
1622 5688 1853 5745 fructus-

266 5785 375 5839 que
412 5786 602 5825 eorum
659 5784 785 5827 sunt
821 5774 1035 5831 inutiles
1076 5786 1130 5831 et
1161 5776 1359 5841 acerbi,
1393 5779 1515 5846 quia
1545 5795 1734 5834 sensus
1769 5781 1851 5836 di—

1938 592 2005 645 ad
2041 592 2242 644 nullam
2271 592 2561 646 utilitatem
2592 592 2723 660 apti.

2003 683 2088 737 Ea;
2116 684 2307 755 iniquis
2335 684 2472 736 enim
2517 699 2694 736 omnes
2746 682 2846 750 filii
2878 684 3316 753 quinascunlur,
3366 691 3523 739 testes
3594 665 3602 673 ’

1933 784 2053 828 sunt
2102 777 2343 847 nequitia:
2388 776 2632 828 adversus
2662 785 2900 845 parentes
2938 775 3345 844 interrogatione
3392 790 3516 831 sua.

1933 866 2097 920 Filios
2129 868 2431 936 iniquorum
2450 874 2627 919 autem
2651 865 2941 934 discipulos
2964 864 3197 935 appellat
3216 873 3308 918 aut
3328 880 3517 935 opera,

1932 958 2059 1025 quia
2105 958 2244 1012 sicut
2294 958 2495 1011 alumni
2539 957 2913 1012 limreticorum
2964 959 3016 1011 in
3054 957 3141 1011 die
3178 956 3368 1027 judicii
3421 973 3519 1012 au-

1932 1056 2150 1116 gmenta
2189 1055 2314 1100 sunt
2350 1047 2594 1101 dolorum
2638 1048 2722 1101 his
2749 1048 2840 1117 qui
2871 1063 2931 1102 se
2962 1049 3142 1116 pravis
3179 1048 3522 1118 dogmatibus

1934 1139 2282 1200 seduxerunt,
2339 1138 2412 1191 ita
2460 1152 2625 1206 prava
2659 1152 2822 1206 opera
2870 1139 2922 1191 in
2957 1147 3200 1208 tempore
3240 1138 3522 1194 novissimi

1932 1225 2199 1280 examinis
2227 1226 2637 1295 probamentum
2668 1234 2794 1280 sunt
2820 1226 3074 1295 nequitiae
3110 1227 3341 1293 illorum,
3377 1228 3522 1283 unde

1934 1316 2128 1369 merito
2155 1316 2495 1370 damnentur.

2552 1426 2779 1483 CAPUT
2818 1428 2912 1482 1X.

1938 1521 2091 1587 Quod
2130 1525 2397 1592 justorum
2442 1521 2632 1575 anima:
2674 1532 2788 1591 post
2820 1531 3035 1575 mortem
3084 1532 3236 1576 erunt
3278 1523 3331 1576 in
3365 1522 3524 1592 refri-

2097 1595 2259 1661 gerio,
2312 1608 2403 1646 nec
2451 1593 2518 1645 sit
2561 1592 2815 1645 transitus
2855 1608 3035 1645 eorum
3082 1592 3356 1662 lugendus.

2005 1686 2190 1739 Justus
2228 1695 2402 1739 autem
2427 1687 2473 1739 si
2519 1697 2680 1739 morte
2712 1696 3106 1756 prwoccupatus
3131 1686 3315 1756 fuerit,
3357 1689 3414 1741 in
3442 1704 3525 1742 re-

1934 1777 2150 1848 frigerio
2175 1778 2291 1831 erit.
2325 1775 2459 1831 Cum
2489 1782 2646 1831 antea
2673 1777 2899 1832 dixisset
2940 1778 3006 1832 de
3033 1777 3297 1833 malorum
3344 1780 3518 1834 inter-

1856 1860 1905 1919 B
1935 1872 2028 1933 itu,
2071 1885 2213 1925 nunc
2237 1870 2304 1924 de
2349 1871 2613 1925 bonorum
2638 1870 2825 1939 requie
2854 1871 3248 1941 subsequenter
3268 1880 3518 1936 enarrat,

1932 1960 2058 2029 quia
2098 1968 2226 2030 post
2250 1959 2411 2013 ﬁnem
2445 1960 2724 2029 prmsentis
2755 1960 2881 2014 vita:
2928 1975 3049 2029 quae
3076 1961 3232 2015 bonis
3268 1971 3326 2015 et
3354 1961 3511 2015 malis

1929 2048 2234 2103 communis
2275 2056 2377 2113 est,
2425 2047 2560 2116 justi
2609 2057 2736 2103 tunc
2776 2049 3035 2119 incipient
3074 2049 3265 2105 melius
3309 2051 3512 2116 Vivere,

1931 2139 2147 2209 quando
2160 2139 2229 2193 ab
2250 2138 2449 2207 iniquis
2469 2139 2719 2194 videntur
2740 2137 2980 2203 funditus
3003 2139 3243 2206 interire,
3266 2140 3524 2209 quoniam

1953 2239 2159 2286 aeterna
2215 2231 2432 2299 requies
2493 2239 2623 2285 tunc
2671 2230 2779 2284 illis
2830 2231 3066 2297 dabitur,
3126 2233 3346 2301 quando
3402 2232 3522 2288 istis

1932 2334 2091 2391 paena
2138 2321 2381 2376 succedit
2429 2329 2690 2391 perpetua

2003 2410 2252 2466 Senectus
2286 2412 2424 2466 enim
2450 2412 2754 2467 venerabilis
2784 2421 2858 2467 est
2891 2429 2995 2467 non
3029 2413 3300 2481 diuturna,
3359 2432 3521 2487 neque

1935 2525 2149 2562 numero
2177 2523 2437 2563 annorum
2464 2516 2783 2578 computata.
2832 2507 2965 2562 Cani
2990 2518 3112 2562 sunt
3143 2519 3317 2563 autem
3341 2526 3523 2564 sensus

1934 2606 2225 2669 hominum,
2252 2613 2301 2658 et
2333 2613 2461 2659 (etas
2486 2605 2762 2657 senectutis
2787 2604 2893 2657 vita
2920 2603 3285 2658 immaculata.
3337 2604 3527 2659 Osten-

1936 2696 2013 2751 dit
2040 2695 2168 2763 quid
2199 2695 2255 2748 in
2286 2701 2573 2749 senectute
2587 2694 2934 2763 quaerendum
2960 2694 3054 2758 sit,
3105 2694 3230 2763 quia
3258 2709 3364 2748 non
3390 2703 3522 2748 tetas

1936 2786 2200 2855 corporis,
2250 2784 2344 2840 sed
2374 2785 2659 2839 maturitas
2702 2785 2902 2839 mentis
2933 2793 2989 2838 et
3019 2800 3231 2838 morum
3274 2784 3519 2854 probitas

1938 2876 1993 2930 in
2033 2892 2097 2930 ea
2133 2876 2385 2930 laudatur
2428 2894 2441 2928 :
2482 2877 2624 2931 unde
2678 2876 2732 2930 in
2771 2875 3131 2931 Numerorum
3177 2875 3316 2930 libro
3354 2875 3527 2947 Moysi

1937 2964 2196 3020 Dominus
2211 2963 2375 3033 jussit
2400 2965 2739 3036 septuaginta
2767 2965 2967 3036 eligere
2991 2967 3358 3035 presbyteros,
3388 2981 3526 3034 quos

1938 3056 2055 3126 ipse
2084 3062 2267 3109 nosset
2291 3068 2412 3110 esse
2435 3055 2781 3126 presbyteros
2823 3063 2882 3109 ut
2904 3056 3263 3110 constitueret
3290 3070 3384 3110 eos
3412 3070 3526 3109 ma-

1941 3146 2144 3216 gistros
2180 3144 2362 3215 populi
2384 3160 2449 3200 ac
2477 3145 2708 3215 iudices.
2772 3146 2841 3199 Et
2868 3144 3068 3200 Paulus
3090 3146 3158 3200 ad
3181 3146 3524 3200 Timotheum

1864 3208 1909 3271 Ο
1940 3236 2188 3291 scribens
2206 3236 2283 3290 ait
2310 3250 2326 3289 :
2360 3233 2529 3290 Nemo
2572 3235 2977 3290 adolescentiam
3014 3246 3159 3290 tuam
3189 3246 3523 3299 contemnat;

1936 3329 2030 3383 sed
2053 3327 2344 3399 exemplum
2372 3336 2481 3381 esto
2501 3326 2736 3396 ﬁdelium
2764 3329 2821 3381 in
2850 3328 3019 3393 verba,
3040 3329 3094 3383 in
3116 3327 3528 3391 conversatione,

1939 3422 1996 3476 in
2021 3422 2293 3484 charitate,
2323 3422 2378 3474 in
2418 3420 2544 3489 ﬁde,
2591 3421 2648 3475 in
2692 3423 2954 3476 castitate.

2015 3510 2236 3565 Placeas
2262 3510 2367 3565 Deo
2398 3510 2569 3579 factus
2598 3520 2673 3565 est
2702 3511 2941 3575 dilectus,
2982 3521 3030 3564 et
3051 3512 3222 3564 vivens
3250 3511 3385 3564 inter
3410 3528 3528 3581 pec-

1942 3609 2145 3655 catores
2178 3599 2468 3654 translatus
2503 3610 2599 3655 est.
2643 3600 2840 3671 Raptus
2864 3609 2937 3654 est
2963 3617 3025 3655 ne
3052 3600 3253 3653 malitia
3285 3611 3513 3654 mutaret

1941 3688 2258 3744 intellectum
2282 3689 2418 3759 ejus,
2443 3700 2533 3743 aut
2557 3706 2620 3744 ne
2642 3691 2785 3759 ﬁctfo
2812 3690 3066 3759 deciperet
3096 3690 3327 3743 animam
3354 3689 3521 3743 illius.

1941 3778 2060 3834 Non
2100 3779 2220 3833 ideo
2253 3779 2394 3833 tollit
2421 3781 2565 3835 Deus
2597 3781 2868 3835 hominem
2899 3797 3060 3850 quem
3093 3781 3265 3852 diligit
3313 3783 3380 3836 de
3408 3785 3512 3837 hoc

1941 3869 2162 3933 mundo,
2215 3868 2356 3936 quod
2389 3884 2499 3923 non
2539 3869 2709 3937 possit
2755 3883 2879 3923 cum
2915 3869 3058 3924 inter
3082 3878 3396 3939 peccatores
3447 3872 3529 3925 vi-

1940 3971 2156 4021 ventem
2196 3961 2491 4041 immpnem
2520 3976 2738 4016 servare
2766 3977 2794 4015 a
2820 3970 3065 4031 peccato,
3107 3963 3198 4032 qui
3229 3964 3529 4034 discipulos

1942 4066 2066 4107 suos
2088 4052 2243 4120 quasi
2269 4066 2435 4121 agnos
2467 4052 2608 4106 inter
2644 4051 2798 4122 lupos
2829 4052 3051 4108 mittens
3086 4056 3227 4123 patri
3251 4070 3529 4112 commen-

1940 4142 2090 4198 davit
2115 4142 2299 4197 dicens
2328 4161 2342 4195 :
2391 4140 2513 4198 Non
2553 4159 2677 4213 rogo
2716 4152 2771 4196 ut
2800 4142 2955 4197 tollas
2977 4160 3063 4199 eos
3104 4144 3167 4199 de
3187 4146 3403 4210 mundo,
3435 4146 3528 4199 sed

1942 4245 1998 4290 ut
2039 4251 2206 4289 serves
2251 4252 2284 4289 a
2322 4234 2462 4289 malo
2521 4233 2703 4306 (Joan.
2776 4234 2949 4308 xvii);
3004 4237 3097 4292 sed
3144 4247 3203 4291 ut
3265 4238 3527 4292 rationem

1934 4325 2125 4397 judicii
2154 4327 2237 4381 sui
2265 4312 2536 4390 observet,
2580 4334 2639 4380 ut
2681 4340 2819 4394 quos
2840 4328 3115 4395 praescivit
3164 4337 3220 4382 et
3245 4329 3527 4398 prmdesti-

1942 4421 2092 4475 navit
2115 4420 2418 4475 conformes
2452 4419 2571 4475 ﬁeri
2608 4418 2858 4489 imaginis
2888 4419 2981 4474 ﬁlii
3032 4421 3135 4486 sui,
3191 4421 3289 4474 hos
3325 4435 3529 4479 convo-

1943 4520 2049 4577 cet,
2088 4511 2369 4580 justilicet,
2401 4509 2732 4578 magniﬁeet,
2760 4524 2824 4565 ae
2849 4510 3147 4581 gloriﬁeet;
3173 4519 3401 4565 caeteros
3426 4525 3523 4564 au—

1949 4612 2054 4657 tem
2078 4617 2177 4672 pro
2214 4601 2500 4670 iniquitate
2547 4615 2644 4656 sua
2668 4600 3033 4670 justojudicio
3056 4600 3293 4655 damnet.
3324 4602 3401 4657 De
3420 4617 3549 4671 quo.

1951 4692 2141 4747 Petrus
2188 4691 2463 4760 apostolus
2505 4692 2620 4746 ait:
2655 4690 2815 4746 Novit
2856 4692 2998 4745 Deus
3022 4707 3134 4761 pios
3160 4691 3224 4745 de
3249 4694 3532 4746 tentatioue

1947 4784 2165 4852 eripere,
2214 4782 2420 4851 iniquos
2448 4798 2564 4835 vero
2592 4783 2645 4835 in
2679 4782 2763 4835 die
2784 4781 2981 4850 judic.i
3016 4781 3331 4836 cruciandos
3366 4798 3528 4837 reser-

1949 4890 2068 4928 vare
2113 4872 2196 4945 (II
2250 4872 2397 4926 l’etr.
2438 4873 2520 4944 ιι).

2024 4962 2332 5016 Fascinatio
2375 4963 2512 5015 enim
2545 4962 2860 5032 nugacitatis
2901 4962 3145 5017 obscurat
3178 4964 3335 5030 bona,
3376 4975 3425 5021 et
3451 4966 3534 5020 in-

1948 5056 2242 5107 constantia
2262 5052 2692 5121 concnpiscentia:
2716 5055 3013 5109 transvertit
3045 5071 3255 5111 sensum
3285 5058 3398 5111 sine
3418 5074 3534 5111 ma-

1950 5142 2084 5197 litia.
2132 5144 2243 5198 llac
2272 5144 2541 5199 sententia
2572 5143 2698 5199 licet
2727 5145 3054 5216 generaliter
3099 5148 3318 5204 lascivia
3361 5150 3529 5206 deno—

1954 5242 2097 5287 tetur
2142 5235 2517 5303 reproborum,
2571 5234 2912 5292 manifestius
2949 5246 3128 5294 tamen
3157 5239 3210 5294 in
3235 5255 3297 5294 ea
3346 5241 3534 5295 redar-

1952 5326 2135 5396 guitur
2162 5326 2360 5380 astutia
2390 5325 2789 5392 luereticorum,
2835 5344 2955 5397 qua:
2977 5329 3158 5398 pravis
3188 5329 3448 5383 doctrinis
3474 5336 3532 5383 et

1952 5416 2245 5485 cupiditate
2280 5417 2473 5471 nociva
2520 5434 2739 5473 sensum
2764 5420 2994 5474 hominis
3022 5425 3214 5474 avertit
3241 5435 3272 5473 a
3316 5419 3534 5474 tramite

1954 5507 2230 5572 veritatis;
2266 5508 2493 5562 fascinat
2534 5509 2698 5574 enim,
2750 5511 2851 5566 hoc
2894 5520 2977 5564 est
3026 5518 3236 5581 gravat,
3279 5508 3373 5577 qui
3403 5509 3531 5564 adu-

1953 5597 2111 5652 l.mdo
2156 5598 2397 5666 impedit,
2460 5599 2543 5652 vel
2589 5599 2853 5654 laudando
2900 5600 3115 5668 decipit.
3176 5599 3425 5668 Legimus
3472 5596 3535 5652 in

1953 5691 2210 5760 Apostolo
2231 5709 2243 5743 :
2268 5690 2565 5745 Currebatis
2589 5693 2731 5756 bene,
2748 5694 2862 5761 quis
2881 5709 2967 5746 vos
2992 5691 3307 5760 fascinat-it?
3333 5690 3534 5763 (Galat.

1956 5783 2062 5853 ιιι.)
2100 5783 2163 5836 Et
2202 5782 2254 5836 in
2278 5782 2583 5837 Proverbiis
2614 5801 2625 5835 :
2660 5782 2866 5837 Donum
2906 5782 3068 5837 invidi
3091 5783 3291 5839 cruciat
3333 5784 3532 5843 oculos.
