3928 6176
442 377 547 435 €87

1082 374 1140 428 ll.
1180 373 1431 428 RABANI
1473 372 1692 431 MAUlll
1732 373 2051 431 ARCHIEP.
2097 370 2410 430 MOGUNT.
2454 370 2743 428 OPERUM
2779 344 2967 427 PARS.
3000 370 3040 426 ῐ.

3618 380 3709 436 683

442 494 556 563 ριιὶ
594 494 732 564 apud
762 506 860 555 nos
910 488 1138 551 invidus.
1186 489 1326 559 apud
1364 490 1583 545 Graecos
1633 489 2025 559 signiﬁcantius
2054 490 2099 550 A
2131 486 2306 553 Deus;
2335 486 2736 551 videbuntenim
2785 497 2833 541 et
2864 498 3190 541 contemne»!
3217 505 3234 542 :
3258 489 3380 544 illos
3405 502 3584 547 autem
3609 494 3711 549 Do-

444 588 664 661 ponitur
700 583 1037 639 fascinator-
1085 584 1136 637 in
1185 584 1380 652 quibus
1429 583 1691 653 exemplis
1741 584 2018 647 docemur,

442 679 587 750 quod
632 674 717 735 vel
753 674 967 731 invidus
995 673 1170 728 aliena
1220 673 1476 738 felicitate
1524 674 1816 739 crucietur,
1863 672 1948 728 vel
1974 674 2023 728 is

444 774 497 833 in
533 786 641 840 quo
666 769 808 826 bona
853 775 981 826 sunt
1010 767 1210 837 aliqua,
1260 766 1365 827 alio
1412 766 1711 827 fascinante
1756 766 1839 820 vel
1879 766 2022 831 invi-

444 867 601 929 dente
668 869 948 921 noceatur.
1003 859 1203 918 Invidia
1259 858 1405 915 enim
1462 859 1843 917 lizcrcticorum
1901 873 2023 927 quae

444 971 611 1025 nugas
641 969 836 1017 meras,
896 969 1003 1011 non
1040 952 1439 1011 ﬁrmamentum
1474 952 1726 1009 veritatis
1761 949 2025 1022 praeferre

435 1046 592 1106 80kb,
611 1046 866 1105 obscurat
891 1058 1031 1115 sa‘pe
1054 1044 1106 1099 in
1131 1043 1464 1114 simplicibus
1488 1043 1625 1099 bona
1651 1042 2021 1109 mortalitatis,

441 1155 601 1208 quate
636 1148 720 1195 est
767 1137 934 1197 illud:
965 1136 1315 1206 Corrumpunt
1352 1152 1520 1191 mores
1564 1136 1723 1190 bonos
1763 1134 2025 1215 colloquia

441 1230 582 1285 mala
607 1229 661 1296 (Ι
702 1228 824 1283 Cor.
874 1228 983 1295 xv).
1034 1227 1187 1283 Unde
1208 1227 1485 1296 Sapientia
1506 1234 1655 1281 vetat
1684 1241 1807 1285 cum
1838 1224 2024 1293 unjus-

442 1322 587 1376 modi
635 1320 835 1375 habere
865 1318 1220 1380 consortium,
1250 1319 1436 1373 dicens
1481 1318 1534 1373 in
1561 1318 1870 1373 Proverbiis
1900 1335 1913 1370 :
1946 1317 2029 1371 Ne

443 1410 686 1465 comedas
746 1425 863 1463 cum
901 1410 1109 1463 ltomine
1153 1408 1350 1476 invido,
1415 1425 1507 1462 nec
1567 1408 1831 1463 desideres
1879 1407 2022 1462 cibos

444 1505 576 1575 ejus,
645 1503 892 1575 quoniam
948 1501 1345 1556 similitudinem
1395 1499 1552 1555 arioli
1627 1510 1674 1555 et
1717 1500 2029 1571 conjectoris

445 1598 670 1651 a'stimat
705 1598 844 1667 quod
886 1595 1112 1666 ignorat.
1158 1592 1381 1649 Camede
1400 1603 1447 1648 et
1475 1593 1608 1659 bibe,
1662 1594 1797 1647 dicet
1822 1593 1938 1659 tibi,
1979 1600 2028 1646 et

445 1704 590 1745 mens
617 1687 729 1757 ejus
762 1702 866 1741 non
890 1695 965 1741 est
1007 1695 1197 1743 tecum.
1232 1684 1387 1743 Cibus
1417 1702 1546 1758 quos
1583 1686 1882 1742 comederas
1913 1702 2030 1741 evo-

444 1795 581 1842 mes,
617 1788 664 1835 et
694 1777 875 1847 perdes
898 1776 1144 1848 pale/tros
1166 1793 1429 1833 sermones
1457 1787 1574 1833 tuos
1632 1777 1810 1851 (Prov.
1842 1778 2023 1850 mn).

2127 579 2300 641 minus
2350 577 2583 634 irridebit
2614 618 2629 644 ,
2664 587 2711 643 et
2745 588 2897 633 erunt
2945 588 3059 651 post
3098 579 3209 633 lucc
3261 581 3568 638 decedentes
3610 602 3714 641 stne

2126 671 2342 737 honore,
2400 680 2447 724 et
2477 670 2529 725 in
2551 670 2867 726 contumelia
2900 672 3037 726 inter
3062 682 3297 728 mortuos
3318 674 3374 728 in
3393 687 3709 746 perpetuum.

2126 760 2488 817 Estimabant
2509 760 2655 815 enim
2696 771 3071 831 persecutores
3105 762 3359 818 Ecclesia:
3384 763 3614 834 Christi,
3664 777 3716 825 ut

2128 853 2383 920 diximus,
2427 863 2728 927 martyrum
2754 855 2915 911 linem
2947 872 3068 917 esse
3089 857 3389 924 interitum,
3431 861 3553 925 ideo
3592 878 3714 923 cun-

2128 951 2469 1014 tempscrunt
2528 959 2719 1002 eorum
2757 945 2881 1005 ﬁdei
2930 948 3381 1005 stabilimeutum.
3449 950 3557 1013 Sed
3618 954 3713 1011 Do-

2128 1035 2309 1095 minus
2336 1052 2429 1093 eos
2450 1038 2716 1105 irridebit,
2769 1041 2987 1110 quando
3007 1042 3109 1101 hoc
3139 1043 3283 1113 quod
3322 1043 3396 1098 illi
3427 1046 3715 1115 sperabant

2127 1127 2231 1183 sibi
2272 1130 2545 1197 prodesse,
2602 1132 2855 1193 ostendet
2892 1133 2974 1188 eis
3001 1134 3225 1194 omnino
3255 1138 3551 1205 nocuisse;
3597 1143 3715 1209 quia

2129 1233 2253 1272 cum
2280 1218 2416 1277 falsa
2440 1224 2662 1281 numina
2690 1222 2914 1283 deorum
2941 1240 3162 1283 suorum
3188 1237 3377 1284 contra
3419 1228 3714 1287 Christico-

2129 1310 2210 1373 las
2235 1310 2526 1371 defendere
2555 1313 2831 1381 volebant,
2876 1317 3201 1388 semetipsos
3237 1318 3290 1374 iu
3321 1320 3711 1378 damnationem

2130 1411 2447 1472 perpetuam
2478 1405 2783 1466 tradebant.

2204 1492 2468 1558 Quoniam
2483 1496 2771 1567 disrumpet
2783 1496 2903 1555 illos
2914 1499 3129 1569 inﬂatos
3139 1502 3252 1556 sine
3264 1519 3406 1567 race,
3428 1515 3479 1558 et
3495 1521 3717 1585 commo-

2131 1585 2260 1647 nebit
2284 1584 2401 1639 illos
2416 1603 2448 1643 a
2470 1586 2851 1653 fundamentis,
2863 1599 2911 1647 et
2936 1606 3100 1661 usque
3118 1591 3188 1646 ad
3201 1609 3505 1663 supremum
3521 1584 3717 1650 desola-

2133 1676 2359 1740 buntur;
2408 1686 2457 1737 et
2480 1687 2633 1733 erunt
2653 1689 2911 1747 gementes
2935 1690 2986 1735 et
3009 1682 3262 1740 memoria
3283 1682 3500 1739 illorum
3517 1686 3712 1755 peribit.

2135 1766 2606 1839 Disrumpctenim
2624 1770 2744 1827 illos
2757 1771 3017 1839 Dominus
3046 1774 3301 1844 superbia
3330 1775 3577 1842 inﬂatos,
3612 1779 3718 1835 sine

517 1866 924 1929 Consummatus
974 1867 1028 1927 in
1074 1866 1235 1939 brevi,
1295 1866 1514 1937 explerit
1556 1849 1786 1938 tempora
1841 1849 2027 1923 multa.
2058 1849 2105 1909 Β
2135 1863 2763 1927 voceexcusationis,ita
2786 1872 2847 1918 ut
2870 1865 2979 1920 sint
3002 1869 3427 1938 tuncperomnia
3445 1869 3718 1925 inexcusa-

449 1956 657 2018 Plocita
681 1957 817 2018 enim
863 1966 973 2015 erat
1002 1956 1109 2011 Deo
1138 1957 1316 2015 animo
1340 1957 1484 2017 illius
1508 1974 1525 2011 :
1553 1968 1763 2028 propter
1784 1960 1881 2017 ltoc
1912 1975 2033 2029 pro-

444 2050 642 2118 peravit
686 2049 903 2107 educere
949 2047 1098 2107 illum
1145 2048 1210 2107 de
1260 2049 1428 2103 medio
1475 2050 1836 2121 iuiquitatum.
1882 2048 2033 2105 Sicut

445 2139 499 2197 in
556 2139 735 2209 priore
783 2150 1051 2196 commate
1094 2139 1470 2197 haereticorum
1527 2139 1813 2197 denudavit
1865 2140 2028 2212 perii-

444 2230 610 2293 diam,
649 2229 729 2290 sic
776 2237 832 2285 et
870 2245 1015 2291 nunc
1060 2231 1114 2289 in
1145 2231 1390 2301 sequenti
1430 2240 1731 2302 martyrum
1776 2234 2032 2304 exprimit

444 2318 693 2389 gloriam,
741 2321 831 2391 qui
859 2321 984 2376 licet
1008 2322 1059 2376 in
1091 2321 1241 2376 brevi
1281 2337 1382 2393 per
1406 2332 1677 2379 tormenta
1718 2336 2032 2395 persecuto-

441 2428 563 2475 rum
590 2413 914 2481 laudabilem
934 2413 1304 2483 expenderent
1332 2413 1521 2479 vitam,
1544 2422 1721 2470 tamen
1746 2415 1860 2487 ipsa
1883 2432 2030 2476 mors

442 2520 546 2577 pro
585 2520 790 2566 annosa
821 2514 982 2565 aetate
1020 2505 1103 2565 eis
1128 2505 1439 2576 deputatur,
1469 2507 1597 2577 quia
1636 2504 1897 2565 aeternam
1924 2510 2031 2568 illis

446 2597 657 2669 peperit
699 2597 886 2653 vitam.
937 2595 1166 2659 Creator
1189 2597 1385 2668 quippe
1422 2613 1611 2657 eorum
1668 2599 1898 2671 diligens
1928 2617 2030 2673 ,eos

443 2704 478 2747 a
535 2686 797 2749 malorum
848 2686 1108 2749 societate
1162 2688 1545 2758 sequestravit,
1592 2697 1648 2744 et
1688 2692 2029 2761 aprmsentis

442 2778 569 2839 vita:
613 2778 882 2843 calumnia
924 2780 1135 2847 eduxit,
1193 2787 1463 2850 quatenus
1510 2779 1564 2841 in
1609 2795 1777 2852 regno
1820 2781 2027 2843 coalesti

444 2870 803 2935 absconderet
848 2885 942 2931 eos
982 2871 1037 2933 in
1073 2870 1257 2927 abdito
1288 2871 1466 2933 vultus
1504 2871 1611 2938 sui.
1660 2886 1690 2933 a
1734 2873 2025 2934 conturba—

442 2964 589 3025 tione
639 2963 939 3029 hominum,
980 2972 1036 3022 ct
1080 2971 1386 3039 protegeret
1421 2964 1473 3020 in
1528 2965 1878 3023 tabernaculo
1928 2981 2027 3023 suo

442 3070 475 3111 a
505 3055 935 3113 contradictione
964 3054 1288 3124 linguarum.

515 3146 706 3216 Populi
746 3157 918 3203 autem
945 3145 1175 3201 ridentes
1218 3157 1264 3201 et
1289 3164 1391 3202 non
1414 3146 1778 3218 iutelligentes,
1817 3168 1910 3205 nec
1933 3168 2027 3223 po-

444 3247 619 3293 nentes
669 3238 728 3293 in
758 3236 1070 3308 .pra'cordiis
1117 3236 1268 3302 talia,
1315 3240 1562 3309 quoniam
1609 3242 1784 3311 gratia
1822 3242 1919 3297 Dei
1978 3254 2026 3299 et

443 3328 803 3384 misericordia
830 3338 905 3383 est
943 3329 998 3384 in
1032 3338 1243 3384 sanctos
1279 3329 1444 3384 illius.
1498 3330 1850 3403 Nequaquam
1899 3350 2028 3406 ergo

442 3428 822 3489 persecutores
861 3428 1159 3492 martyrum
1206 3426 1500 3492 potuerunt
1539 3439 1837 3494 agnoscere
1886 3426 2028 3482 lutu-

444 3524 561 3577 ratu
611 3509 859 3580 gloriam,
916 3528 1038 3583 qua:
1080 3512 1186 3568 illis
1214 3515 1499 3580 successit,
1558 3517 1652 3572 sed
1698 3526 2027 3587 putaverunt

440 3615 537 3660 eos
561 3617 682 3659 cum
710 3604 886 3674 penis
904 3618 1193 3673 corporum
1222 3605 1383 3659 simul
1411 3605 1666 3675 deiicere,
1691 3625 1792 3664 nec
1810 3620 2028 3666 aeterna:

440 3694 568 3750 vitae
602 3695 989 3751 beatitudinem
1043 3706 1165 3766 post
1214 3707 1440 3754 mortem
1498 3714 1658 3770 posse
1707 3703 2022 3772 suscipere:

441 3787 538 3844 sed
565 3786 778 3851 diverse
799 3789 1080 3858 utriusque
1103 3790 1350 3858 partibus
1377 3791 1558 3846 omnia
1582 3792 1857 3861 eveniunt,
1902 3794 2025 3864 quia

441 3879 581 3934 sicut
611 3878 782 3935 bonos
819 3887 939 3949 post
968 3888 1199 3935 mortem
1247 3888 1506 3952 sequetur
1532 3882 1643 3937 vita
1689 3898 1754 3941 ac
1775 3884 2023 3951 victoria,

439 3970 520 4025 sic
536 3978 595 4025 et
621 3970 793 4026 malos
834 3979 958 4042 post
982 3971 1150 4027 vitam
1187 3974 1540 4044 temporalem
1592 3987 1849 4046 sequetur
1881 3994 2027 4035 mors

438 4070 496 4116 et
538 4061 815 4118 damnatio
856 4071 1134 4134 perpetua.

510 4150 836 4207 Condemnat
871 4164 1048 4209 autem
1064 4154 1248 4225 justus
1282 4169 1523 4215 mortuus
1560 4161 1696 4215 vivos
1722 4162 1927 4233 impios,
1978 4175 2025 4218 et

438 4245 681 4312 inperitus
722 4244 944 4300 celerius
983 4257 1347 4304 consummata
1393 4247 1605 4321 longam
1635 4252 2022 4325 vitaminjusti.

438 4335 632 4405 Liquet
672 4335 915 4407 profecto
941 4338 1085 4409 quod
1112 4346 1380 4412 martyres
1404 4340 1610 4398 Christi
1640 4353 1763 4416 post
1792 4356 2025 4403 mortem

436 4434 849 4499 persecutorem
889 4443 1111 4484 suorum
1142 4428 1352 4499 iudices
1373 4430 1540 4489 futuri
1567 4444 1749 4501 erunt,
1800 4438 1941 4493 sicut
1970 4439 2023 4495 in

2135 1951 2296 2017 biles,
2311 1968 2380 2022 qu
2391 1953 2435 2005 'a
2449 1969 2567 2006 cum
2583 1954 2939 2024 cognovissent
2954 1954 3145 2023 Deum,
3161 1972 3266 2012 non
3277 1958 3412 2013 sicut
3429 1958 3598 2021 Deum
3621 1960 3722 2031 glo-

2136 2042 2491 2112 riﬁcauerunf,
2508 2055 2597 2099 aut
2621 2046 2821 2117 gratias
2844 2057 3094 2121 egerunt;
3120 2049 3216 2105 sed
3243 2062 3568 2106 evanuerunt
3581 2053 3632 2107 in
3645 2069 3720 2110 co-

2132 2136 2473 2207 gitationibus
2500 2138 2633 2207 suis,
2670 2147 2717 2192 et
2749 2138 3088 2201 obscuratum
3126 2150 3204 2194 est
3255 2141 3509 2209 insipiens
3531 2160 3623 2197 cor
3643 2160 3721 2199 eo-

2135 2242 2273 2292 rum;
2305 2226 2532 2287 dicentes
2557 2227 2691 2287 enim
2714 2245 2769 2283 se
2795 2246 2905 2291 esse
2934 2233 3217 2301 sapientes,
3240 2232 3386 2291 stulti
3408 2232 3544 2303 [acti
3567 2244 3681 2288 sunt
3702 2251 3720 2297 ;

2131 2329 2179 2372 et
2208 2328 2536 2383 mutaverunt
2566 2319 2790 2391 gloriam
2812 2322 3224 2393 incorruptibilis
3245 2322 3342 2385 Dei
3367 2325 3422 2378 in
3477 2324 3722 2389 similitu-

2131 2409 2307 2475 dinem
2333 2410 2577 2480 imaginis
2603 2412 2959 2482 corruptibilis
2992 2413 3240 2478 hominis,
3273 2426 3323 2473 et
3380 2416 3653 2473 volucrum
3673 2428 3718 2472 et

2130 2503 2450 2573 serpentium
2496 2514 2543 2558 et
2575 2504 2997 2575 quadrupedum,
3031 2504 3318 2578 Propterea
3353 2509 3581 2573 tradidit
3609 2509 3721 2567 illos

2134 2593 2276 2659 Deus
2296 2594 2351 2649 in
2379 2595 2649 2664 passiones
2679 2595 3003 2665 ignominia’,
3029 2606 3078 2652 et
3108 2597 3163 2653 in
3188 2598 3465 2669 reprobatis
3490 2616 3719 2666 sensum,

2132 2694 2186 2738 ut
2242 2684 2481 2754 facerent
2532 2702 2594 2740 ea
2634 2703 2749 2757 qua;
2800 2702 2904 2743 non
2961 2688 3286 2754 conveniunt,
3350 2689 3578 2760 repletos
3620 2708 3724 2747 ont-

2132 2776 2186 2837 ni
2221 2776 2515 2847 iniquitate,
2539 2776 2766 2844 malitia,
2791 2777 3161 2847 fornicatione,
3187 2781 3439 2847 avaritia,
3469 2783 3726 2853 nequitia,

2129 2866 2308 2939 plenos
2330 2867 2548 2934 invidia,
2591 2868 2889 2933 homicidio,
2935 2871 3284 2936 contentione,
3313 2872 3460 2941 dolo,
3484 2872 3726 2945 maligni-

2130 2968 2258 3027 tate,
2284 2975 2613 3023 susurrones,
2653 2958 2997 3026 detractores,
3025 2960 3137 3021 Deo
3164 2961 3409 3027 odibiles,
3450 2972 3725 3019 contume-

2128 3048 2311 3115 liosos,
2341 3049 2615 3119 superbos,
2642 3048 2830 3118 elatos,
2872 3052 3172 3107 inventores
3211 3052 3500 3119 malorum,
3539 3071 3730 3125 paren-

2131 3143 2269 3213 tibus
2306 3160 2411 3198 non
2450 3142 2765 3208 obedientes,
2817 3144 3140 3214 insipientes,
3189 3146 3591 3215 incompositos,
3620 3148 3735 3208 sine

2132 3237 2434 3307 affectione,
2456 3235 2649 3307 absque
2675 3236 2889 3307 findere,
2918 3237 3038 3291 sine
3058 3238 3459 3303 misericordia;
3488 3240 3586 3310 qui
3614 3256 3733 3298 cum

2134 3327 2491 3397 cognovissent
2509 3327 2777 3397 justitiam
2790 3326 2912 3393 Dei,
2935 3344 3039 3385 non
3065 3327 3454 3394 intellexerunt,
3478 3331 3738 3400 quoniam

2129 3420 2220 3491 qui
2241 3419 2372 3483 talia
2386 3429 2548 3491 agunt
2567 3420 2713 3491 digni
2725 3410 2845 3481 sunt
2862 3419 3219 3492 mortemorti.
3241 3419 3303 3492 t);
3320 3431 3367 3482 et
3390 3422 3739 3493 contmocebit

2129 3525 2217 3563 eos
2231 3527 2263 3563 a
2278 3509 2657 3580 fundamentis,
2671 3510 2795 3581 quia
2812 3509 3052 3579 funditus
3076 3519 3260 3573 evertet
3281 3521 3479 3583 statum
3506 3513 3633 3567 vita:
3649 3528 3739 3565 co-

2130 3617 2268 3666 rum,
2297 3610 2344 3655 et
2380 3618 2543 3673 usque
2575 3602 2645 3657 ad
2673 3618 2973 3673 supremum
2994 3602 3406 3668 desolabuntur;
3434 3605 3570 3674 quia
3603 3620 3742 3660 nuu-

2128 3708 2290 3764 quam
2314 3704 2439 3766 post
2463 3697 2579 3753 haec
2599 3695 2777 3767 aliqua
2803 3696 3173 3752 consolatione
3201 3696 3623 3763 relcvabuntur,
3645 3696 3744 3752 sed

2130 3795 2281 3840 erant
2303 3797 2560 3858 gementes
2591 3787 2644 3841 in
2666 3788 2865 3859 poenis,
2887 3796 2935 3842 et
2959 3787 3208 3841 memoria
3225 3786 3438 3841 illorum
3460 3788 3664 3860 peribit
3694 3787 3746 3842 in

2127 3887 2410 3933 teternum.

2209 3968 2425 4024 Veniant
2456 3972 2510 4025 in
2534 3972 2846 4043 cogitatione
2868 3981 3195 4042 peccatorum
3225 3986 3444 4025 suorum
3458 3971 3674 4039 timidi,
3698 3979 3751 4026 et

2128 4061 2400 4115 traducem
2426 4061 2544 4116 illos
2565 4078 2630 4116 ex
2653 4062 2870 4116 adverso
2902 4062 3203 4134 iniquitates
3228 4059 3465 4116 illorum.
3491 4061 3556 4117 In
3592 4060 3751 4134 judi-

2128 4151 2269 4205 cium
2296 4166 2427 4222 ergo
2450 4152 2666 4207 venient
2701 4153 2849 4224 impii
2882 4153 3212 4208 conscientia
3238 4161 3602 4223 peccatorum
3626 4169 3758 4209 suo-

2132 4257 2254 4295 rum
2290 4242 2484 4307 timidi,
2540 4244 2666 4312 quia
2700 4244 2969 4316 cogitatus
2995 4258 3182 4301 eorum
3209 4251 3471 4301 accusant
3504 4261 3613 4301 eos
3650 4259 3756 4317 pro

2127 4332 2289 4388 malis
2336 4348 2457 4403 qua:
2495 4342 2621 4391 ante
2666 4344 2968 4407 gesserunt,
3009 4350 3110 4391 nec
3152 4336 3316 4391 datur
3359 4335 3506 4390 ullus
3556 4337 3761 4393 delen-

2132 4424 2269 4481 sionl
2321 4424 2494 4493 locus,
2544 4428 2634 4484 ubi
2673 4426 2851 4484 nullus
2897 4436 2984 4487 est
3018 4428 3070 4483 in
3100 4428 3435 4485 conscientia
3461 4428 3756 4487 bonorum

438 4518 759 4591 Apocalypsi
816 4520 872 4574 in
918 4521 1264 4577 damnatione
1334 4523 1630 4596 Babylonis
1687 4543 1791 4583 vox
1842 4531 2022 4587 divina

2139 4533 2356 4587 operum
2390 4516 2618 4604 fructus.
2696 4547 2711 4556 -

440 4613 673 4669 ostendit
712 4614 898 4669 dicens
924 4631 937 4667 :
969 4613 1127 4671 Exite
1154 4615 1220 4669 de
1251 4615 1343 4671 illa
1384 4618 1607 4688 populus
1632 4637 1797 4688 meus,
1849 4633 1905 4678 ut
1936 4642 2029 4682 nec

435 4705 713 4777 participes
738 4704 854 4758 sitis
878 4702 1186 4759 delictorum
1211 4705 1347 4776 ejus,
1398 4717 1447 4760 et
1470 4708 1723 4779 deplagis
1765 4713 1881 4782 ejus
1924 4731 2026 4769 non

435 4795 729 4867 accipiatis,
763 4796 1013 4864 quoniam
1055 4806 1399 4866 peremerunt
1450 4808 1664 4869 peccata
1703 4801 1818 4872 ejus
1863 4820 2025 4877 usque

428 4886 504 4942 ad
534 4887 739 4953 ctelum,
788 4898 837 4942 et
878 4888 1182 4944 recordatus
1233 4900 1307 4944 est
1354 4888 1613 4946 Dominus
1678 4893 2020 4966 iniquitatum

434 4978 571 5044 ejus.
619 4977 841 5032 Reddite
886 4979 965 5032 illi
1018 4979 1153 5033 sicut
1199 4981 1314 5050 ipsa
1360 4981 1607 5049 reddidit,
1658 4994 1705 5038 et
1756 4985 2020 5058 duplicate

436 5066 667 5137 duplicia
712 5069 997 5123 secundum
1047 5086 1202 5141 opera
1247 5071 1381 5141 ejus.
1426 5073 1495 5126 In
1540 5076 1730 5145 poculo
1773 5094 1876 5147 quo
1919 5079 2019 5132 nti-

436 5162 592 5227 scuit,
642 5163 849 5216 miscete
887 5162 967 5215 illi
992 5162 1210 5232 duplum
1234 5181 1252 5227 ;
1294 5175 1550 5234 quantum
1597 5166 1912 5239 glori/learnt
1938 5186 2017 5236 se,

432 5266 481 5310 et
528 5256 584 5310 in
629 5254 831 5309 deliciis
874 5254 993 5325 fuit,
1033 5266 1232 5310 tantum
1275 5256 1352 5310 illi
1395 5258 1517 5313 date
1554 5269 1927 5317 tormentorum
1972 5273 2020 5318 et

435 5351 694 5416 luctuum,
745 5349 869 5420 quia
916 5350 971 5403 in
992 5349 1145 5403 corde
1170 5366 1264 5405 suo
1307 5351 1434 5405 dicit
1463 5369 1482 5408 :
1507 5352 1675 5410 Sedeo
1710 5354 1921 5426 regina,
1973 5368 2022 5411 et

424 5445 592 5500 oidua
637 5460 741 5498 non
767 5458 907 5506 sunt,
951 5450 998 5495 et
1041 5440 1236 5496 luctum
1269 5460 1371 5499 non
1404 5445 1605 5501 videbo.
1649 5446 1779 5501 Ideo
1814 5450 1869 5503 in
1915 5466 2020 5503 una

430 5536 516 5590 die
539 5536 742 5590 uenient
769 5532 940 5605 plaga!
958 5532 1091 5602 ejus,
1110 5551 1250 5601 mors
1281 5546 1327 5589 et
1349 5534 1519 5591 luctus
1540 5548 1588 5591 et
1614 5538 1803 5607 fames,
1823 5549 1872 5592 et
1904 5540 2021 5609 igne

433 5629 763 5683 comitaretur
802 5626 986 5700 (Apoc.
1031 5629 1203 5699 svnt).

515 5718 767 5773 Videbunt
798 5719 935 5773 enim
983 5716 1140 5787 ﬁnem
1180 5721 1447 5787 sapientis,
1500 5730 1547 5774 et
1595 5736 1699 5774 non
1731 5720 2019 5791 intelligent

436 5810 562 5877 quid
579 5811 879 5875 cogitauerit
909 5811 972 5865 de
994 5810 1083 5865 illo
1116 5812 1277 5879 Deus,
1328 5823 1375 5865 et
1403 5824 1560 5873 onore
1594 5812 1839 5869 munierit
1869 5812 2018 5867 illum

2754 4628 2983 4687 CAPUT
3026 4630 3093 4685 Χ.

2133 4738 2286 4804 Quod
2308 4739 2361 4811 in
2391 4738 2613 4811 adventu
2637 4737 2850 4793 Domini
2892 4740 3102 4797 stabunt
3120 4738 3255 4808 justi
3303 4739 3357 4792 in
3380 4755 3600 4811 magna
3632 4758 3767 4796 con-

2201 4809 2395 4861 stantia
2450 4807 2698 4861 adversus
2737 4820 3092 4878 persecutores
3124 4807 3274 4881 suos,
3325 4819 3395 4881 ret
3438 4807 3606 4878 quod
3654 4812 3763 4881 ipsi

2200 4888 2554 4950 persecutores
2602 4880 2812 4932 tandem
2854 4895 3026 4933 serant
3066 4880 3427 4948 paenitentiam
3460 4893 3671 4950 gerent
3712 4882 3769 4934 in

2205 4950 2414 5018 inferno
2460 4949 2526 5005 de
2560 4965 2736 5005 errore
2765 4965 2860 5007 suo
2900 4959 3056 5020 atque
3084 4950 3333 5020 peccatis.

2195 5082 2344 5153 (tiae.
2376 5082 2452 5155 v.)
2508 5081 2651 5136 Tunc
2691 5082 2901 5137 stabunt
2918 5083 3057 5154 justi
3100 5083 3153 5137 in
3198 5100 3393 5155 magna
3427 5088 3772 5143 constantia

2121 5174 2370 5227 adversus
2391 5189 2478 5227 eos
2518 5173 2607 5243 qui
2633 5189 2688 5227 se
2717 5174 3168 5245 angustiaverunt,
3202 5184 3252 5227 et
3273 5174 3364 5239 qui
3392 5176 3771 5233 abstulerunt

2122 5264 2324 5318 labores
2366 5281 2565 5318 eorum.
2628 5262 2868 5319 l’identes
2917 5264 3271 5319 turbabuntur
3313 5265 3516 5319 timore
3571 5268 3777 5323 horri-

2125 5355 2237 5421 bili,
2296 5366 2346 5409 et
2385 5355 2721 5409 mirabuntur
2770 5354 2826 5407 in
2871 5354 3184 5409 subitatione
3226 5354 3527 5424 insperata.-
3559 5357 3778 5412 salutis

2124 5448 2348 5501 dicentes
2376 5449 2516 5501 intra
2536 5462 2613 5511 se,
2639 5445 2993 5517 paenitentiam
3018 5455 3246 5517 agentes,
3270 5454 3319 5499 et
3343 5461 3457 5515 pra:
3486 5451 3779 5520 angustia

2124 5538 2342 5607 spiritus
2369 5546 2625 5606 gementes
2652 5550 2671 5587 :
2704 5534 2776 5590 Ili
2799 5547 2918 5590 sunt
2956 5553 3088 5608 quos
3120 5536 3401 5590 habuimus
3431 5536 3783 5609 aliquando

2121 5628 2178 5679 in
2207 5627 2463 5691 derisum,
2510 5635 2559 5680 et
2584 5626 2637 5679 in
2662 5624 3062 5680 similitudinem
3091 5627 3412 5697 improperii.
3472 5626 3620 5686 Nos
3668 5632 3769 5686 irt-

2124 5721 2320 5773 scnsati
2388 5720 2547 5774 vitam
2594 5716 2812 5772 illorum
2865 5718 3258 5774 trstimabamns
3320 5720 3650 5781 insaniam.
3729 5736 3784 5776 et

2124 5810 2279 5879 ﬁnem
2306 5811 2515 5866 illorum
2540 5811 2653 5864 sine
2694 5810 2909 5864 honore.
2965 5809 3240 5875 Quomodo
3266 5826 3385 5882 ergo
3424 5824 3784 5885 corripiunt;
3816 5882 3823 5897 1
