3928 6176
146 370 155 377 .
235 321 340 380 68‘.)

1074 316 1429 379 COMMENT.
1472 320 1540 377 IN
1577 318 1842 378 LIBRUM
1882 320 2288 381 SAPIENTIJ‘Z.
2331 358 2401 368 —-
2439 324 2567 383 LIB.
2606 325 2645 382 1.

3413 337 3520 394 (ἰθὺ
3546 344 3551 355 ‘

236 445 355 490 sunt
380 435 519 486 inter
541 430 683 501 ﬁlios
706 429 822 495 Dei,
847 440 894 483 et
925 430 1059 484 inter
1092 440 1302 486 sanctos
1331 430 1426 486 Dei
1467 447 1581 486 sors
1606 429 1820 485 illorum
1851 436 1902 494 Α
1928 429 2093 487 ﬂuere
2151 435 2522 504 conqueritur,
2572 436 2783 508 fugacis
2813 439 2939 493 vitae
2968 454 3032 495 ac
3065 450 3403 496 terrenarum
3435 460 3517 501 re-

235 538 309 584 est
339 528 365 581 ?
400 527 552 581 'l‘unc
581 528 766 596 utique
808 524 1027 579 stabunt
1046 525 1176 595 justi
1224 526 1277 579 in
1300 541 1493 595 magna
1524 523 1827 580 constantia

236 619 500 674 adversus
522 623 906 686 persecutores
947 618 1093 682 suos,
1144 616 1234 686 qui
1259 630 1355 671 eos
1375 615 1552 686 pmuis
1576 614 1830 670 indebitis

236 709 326 764 hic
365 706 685 770 affecerunt,
718 714 773 761 et
801 706 1014 761 labores
1036 706 1250 760 illorum
1280 706 1437 776 quasi
1459 704 1657 761 stultos
1690 704 1828 758 vitu-

235 805 608 870 peraveruut;
653 797 907 866 quoniam
939 795 1186 852 claritate
1209 804 1441 867 superna
1475 795 1697 850 relevati
1734 793 1830 863 ju-

235 891 386 944 dtees
416 893 579 941 erunt
604 886 898 941 Secundum
923 886 1232 953 veritatem,
1271 886 1363 957 qui
1390 894 1516 940 ante
1545 893 1604 940 se
1633 885 1833 955 injuste

235 980 649 1034 innataverunt.
704 975 856 1032 Unde
883 976 959 1031 illi
1006 982 1131 1032 cum
1166 993 1227 1032 se
1254 977 1537 1032 subitarios
1583 984 1830 1031 commu-

236 1073 446 1126 tatione
470 1069 707 1126 viderint
727 1069 795 1124 de
823 1069 998 1141 gloria
1024 1071 1091 1126 ad
1113 1069 1504 1142 ignobilitatem
1542 1068 1833 1139 perductos

234 1171 291 1216 et
312 1178 346 1219 e
372 1162 647 1218 contrario
672 1162 1010 1217 adversarios
1035 1177 1162 1218 suos
1200 1161 1267 1216 de
1293 1160 1582 1217 allictione
1625 1167 1832 1228 tempo-

237 1253 336 1307 rali
386 1253 453 1307 ad
480 1253 739 1309 honorem
768 1269 1061 1325 supernum
1110 1253 1418 1319 translatos,
1484 1267 1607 1308 sera
1652 1249 1830 1320 pteni-

237 1343 405 1397 teutia
452 1350 615 1413 atque
648 1342 980 1399 infructuosa
1009 1344 1139 1400 tunc
1159 1346 1508 1416 conquirunt,
1551 1351 1693 1419 quod
1729 1365 1830 1408 an-

236 1445 346 1501 lea,
396 1436 524 1490 dum
558 1435 711 1491 licuit
753 1437 800 1491 si
835 1436 1034 1491 vellent
1058 1435 1332 1494 fructuose
1377 1454 1539 1510 agere
1579 1448 1826 1512 possent.

311 1526 457 1596 Ergo
495 1525 783 1580 erravimus
819 1543 851 1579 a
886 1528 968 1581 via
992 1529 1246 1593 veritatis,
1298 1540 1346 1583 et
1386 1530 1611 1600 justititv
1655 1531 1831 1588 lumen

236 1630 341 1668 non
384 1612 520 1667 luxit
568 1613 737 1679 nobis,
780 1624 829 1668 et
879 1614 958 1669 sol
1002 1615 1356 1688 intelligentia:
1384 1635 1503 1673 non
1553 1629 1631 1674 est
1686 1630 1832 1676 ortus

236 1704 406 1759 nobis.
465 1703 564 1758 Via
591 1704 845 1761 veritatis
871 1706 1222 1777 Evangelium
1252 1707 1455 1765 Christi
1489 1720 1594 1777 est,
1637 1721 1695 1768 et
1744 1714 1830 1768 lex

1933 538 2053 578 rum
2110 522 2353 580 defectus
2424 526 2579 581 nobis
2649 528 3075 585 demonstratur.
3158 529 3312 587 Sicut
3370 535 3516 590 enim

1933 614 2141 668 umbra‘
2178 615 2493 671 ﬁrmitatem
2537 618 2620 672 sui
2679 626 2855 674 status
2915 619 3123 674 nullam
3164 620 3349 687 habet,
3418 638 3522 678 nec

1931 704 2153 760 nuntius
2176 704 2488 761 discurrms
2523 717 2706 762 moras
2733 709 3003 766 sustinere
3034 700 3257 780 p'atltur,
3304 720 3360 766 et
3382 712 3524 769 sicut

1931 794 2046 849 avis
2079 794 2134 849 in
2169 795 2327 860 ctelo,
2387 795 2469 851 vel
2498 797 2651 852 navis
2673 798 2725 852 iu
2752 799 2910 865 mari,
2960 800 3044 855 vel
3069 802 3267 874 sagitta
3311 803 3367 857 in
3391 819 3520 858 aere

1932 886 2140 942 incerto
2168 888 2383 943 tramite
2408 898 2656 960 pergunt,
2715 891 2795 947 sic
2825 893 3154 949 transitoria:
3183 894 3305 949 vita:
3348 895 3520 950 iusta-

1931 975 2056 1030 hilis
2094 984 2151 1030 et
2173 977 2409 1032 incertus
2458 993 2671 1049 semper
2694 988 2776 1034 est
2801 997 3013 1048 cursus,
3076 997 3178 1038 nec
3201 982 3403 1054 aliquid
3453 1001 3520 1039 ex

1933 1081 1999 1122 eo
2021 1067 2187 1122 lixum
2213 1069 2471 1134 manebit,
2513 1070 2614 1124 nisi
2637 1069 2779 1140 quod
2804 1082 2902 1142 pro
2932 1072 3127 1143 adeptu
3154 1073 3276 1129 vitae
3300 1083 3521 1130 EBlel‘lltl!

1930 1152 2022 1227 pio
2047 1155 2232 1212 labore
2260 1158 2600 1228 expenditur,
2640 1157 2798 1227 juxta
2823 1160 3139 1232 abegeriam
3168 1172 3351 1219 autem
3400 1178 3522 1219 um-

1932 1247 2031 1302 bra
2083 1247 2404 1304 oblivionem
2443 1250 2638 1305 mentis
2688 1258 2783 1305 aut
2818 1253 3049 1308 mortem
3073 1256 3285 1322 carnis,
3324 1256 3521 1327 quibus

1933 1339 2170 1394 humana
2228 1340 2343 1395 vita
2392 1340 2625 1396 obnoxia
2672 1350 2776 1409 est,
2805 1358 3092 1413 possumus
3142 1346 3410 1417 accipere.
3463 1349 3521 1403 ln

1934 1432 2125 1487 nuntio
2158 1438 2510 1501 percurrente
2552 1436 2936 1505 propassiones
2964 1437 3159 1493 animae
3207 1438 3323 1493 sive
3365 1440 3521 1509 aegri—

1938 1522 2150 1579 tudines
2197 1523 2466 1594 corporis,
2532 1539 2652 1594 qua:
2716 1525 2957 1582 indicant
3023 1542 3088 1583 ac
3142 1538 3525 1598 praeconantur

1934 1622 2191 1669 oceaSum
2221 1615 2589 1686 corruptibilis
2621 1616 2763 1673 vitae.
2811 1616 2917 1674 Per
2953 1634 3107 1674 avem
3146 1628 3326 1675 autem
3352 1622 3526 1677 extol-

1938 1705 2161 1762 lentiam
2198 1706 2478 1777 iactantiae
2511 1710 2818 1775 mandante,
2873 1710 2988 1766 sive
3010 1712 3256 1769 lueresis.
3294 1713 3398 1769 Per
3425 1730 3523 1770 na-

236 1794 446 1859 divina,
502 1794 569 1849 de
598 1810 705 1865 qua
731 1805 1053 1851 erraverunt
1088 1798 1260 1868 impii,
1298 1801 1552 1870 quoniam
1595 1802 1670 1858 illi
1704 1819 1829 1860 cre-

1937 1810 2058 1851 vem
2080 1804 2212 1852 vero
2237 1797 2512 1853 levitatem
2540 1799 2792 1855 humanae
2818 1802 3035 1868 mentis,
3090 1819 3211 1873 qua:
3248 1820 3345 1874 per
3378 1821 3529 1863 ama-

233 1886 369 1945 dere
404 1895 461 1942 et
507 1887 728 1942 obedire
772 1888 1076 1943 noluerunt.
1142 1890 1349 1958 Quibus
1393 1903 1450 1949 et
1487 1894 1712 1965 juStitiat
1750 1896 1833 1951 lu-

234 1992 361 2032 men
401 1992 510 2030 non
560 1977 715 2043 luxit,
762 1986 817 2033 et
853 1978 934 2033 sol
989 1978 1355 2052 intelligentia:
1404 1997 1509 2038 non
1537 1991 1620 2039 est
1654 1993 1829 2052 ortus,

234 2067 362 2137 quia
414 2082 537 2122 cum
569 2069 649 2122 eis
687 2069 939 2125 Christus
988 2086 1095 2126 non
1142 2081 1226 2127 est
1255 2071 1346 2127 lux
1375 2088 1524 2137 vera,
1553 2092 1671 2145 qua:
1707 2076 1832 2131 illu-

232 2161 405 2214 minat
454 2176 659 2214 omnem
692 2160 955 2215 hominem
986 2163 1270 2217 venientem
1313 2165 1369 2217 in
1394 2164 1535 2219 hunc
1574 2167 1829 2221 mundum

213 2249 419 2319 ‘(Joon.
452 2252 516 2321 ι),
555 2260 610 2306 et
629 2250 710 2305 sol
734 2250 958 2321 iustitiae
992 2252 1083 2322 qui
1107 2253 1285 2309 oritur
1330 2255 1646 2311 timentibus
1682 2271 1828 2312 eum.

233 2339 290 2394 lu
334 2340 494 2409 cujus
538 2343 701 2396 etiam
731 2342 908 2411 p‘tenis
945 2350 1070 2398 vera
1112 2353 1197 2400 est
1233 2345 1460 2410 sanitas,
1488 2348 1747 2416 quoniam
1779 2350 1832 2403 in

232 2430 572 2500 protectione
614 2431 731 2501 ejus
761 2432 886 2485 vitae
905 2443 1181 2503 perpetua:
1211 2439 1424 2489 constat
1450 2436 1690 2507 largitas,
1722 2438 1835 2508 ipse

232 2521 458 2592 perfidis
484 2521 764 2593 gentilium
795 2522 1152 2594 philosophis,
1206 2534 1308 2581 nec
1336 2540 1442 2581 non
1482 2538 1538 2583 et
1563 2528 1833 2584 haereticis

233 2625 341 2664 non
378 2609 538 2674 luxit,
598 2610 854 2679 quoniam
902 2613 1176 2668 tramitem
1214 2615 1465 2671 veritatis
1519 2618 1826 2688 spernendo

234 2718 405 2763 vanas
451 2702 772 2759 traditiones
818 2710 873 2758 et
898 2712 1078 2760 sectas
1122 2704 1388 2763 nel‘au'das
1436 2709 1587 2779 sequi
1630 2709 1835 2765 malue-

234 2806 382 2863 rnnt,
443 2795 734 2867 propterea
782 2797 1175 2867 subsequentes
1216 2799 1447 2855 dicunt:

299 2892 514 2945 Lassati
548 2898 665 2945 sum
688 2906 730 2944 es
757 2891 810 2943 in
848 2891 930 2945 via
967 2892 1267 2969 iniquitatis
1314 2903 1366 2947 et
1391 2894 1735 2964 perditionis,
1781 2905 1830 2949 et

233 2984 621 3040 ambulavimus
650 2985 759 3039 vias
780 2982 1036 3054 di/ﬁciles,
1076 2985 1210 3038 viam
1238 2988 1413 3039 autem
1442 2985 1656 3041 Domini
1679 2987 1835 3057 igno-

234 3079 487 3133 ravimus.
536 3076 745 3131 Lassati
769 3083 893 3131 sunt
920 3076 1224 3146 philosophi
1254 3076 1307 3130 in
1333 3077 1420 3131 via
1448 3077 1749 3148 iniquitatis
1778 3086 1835 3133 et

1937 1896 2028 1940 ras
2071 1885 2255 1942 smculi
2278 1886 2439 1955 huius
2466 1888 2641 1944 undas
2670 1889 3071 1945 immundorum
3101 1892 3393 1962 Spirituum
3433 1894 3529 1949 ila-

1937 1975 2080 2030 tibus
2124 1975 2376 2047 agitatur.
2432 1975 2822 2049 Pet-sagittam
2872 1979 3024 2037 dolos
3080 1989 3246 2053 atque
3300 1984 3528 2041 insidias

1937 2069 2264 2140 iniquorum.
2326 2068 2451 2125 llatc
2504 2069 2650 2124 enim
2709 2072 2891 2127 omnia
2964 2074 3016 2127 in
3061 2076 3345 2144 pnesentis
3400 2077 3525 2132 vitm

1933 2166 2173 2215 aerumna
2201 2167 2509 2225 versantur,
2556 2161 2650 2216 sed
2687 2170 2809 2230 post
2833 2171 3112 2231 peractum
3145 2165 3306 2221 tinent
3350 2167 3526 2222 infru-

1933 2258 2177 2306 ctuOsam
2208 2251 2587 2320 paenitentiam
2630 2252 3034 2320 possessoribus
3063 2255 3176 2309 suis
3211 2257 3353 2326 apud
3394 2256 3530 2311 inle-

1936 2354 2026 2399 rOs
2054 2342 2384 2413 relinquunt,
2428 2348 2529 2414 pro
2554 2344 2751 2413 quibus
2781 2351 2999 2414 semper
3036 2357 3252 2417 gemant
3291 2358 3346 2403 et
3378 2349 3527 2403 nulla

1934 2435 2303 2490 consolatione
2346 2434 2794 2501 sublevabuntur,
2841 2444 3128 2506 propterea
3178 2438 3526 2509 subsequitur

1936 2524 2214 2595 Scriptura
2238 2525 2423 2581 dieens
2453 2543 2466 2579 :

2008 2614 2160 2669 Talia
2191 2615 2439 2670 dixerunt
2469 2616 2525 2670 in
2552 2616 2760 2686 inferno
2779 2620 2834 2685 In
2854 2620 2943 2687 qui
2984 2627 3320 2688 peccaverunt
3344 2632 3362 2670 .'
3392 2634 3523 2691 quo-

1935 2707 2081 2760 niam
2117 2708 2234 2777 spes
2272 2706 2421 2777 impii
2454 2715 2707 2778 languent
2736 2706 2929 2779 lanugo
2963 2720 3038 2763 est
3061 2725 3178 2780 qua:
3200 2726 3233 2763 a
3255 2718 3402 2765 vento
3423 2711 3525 2765 tol-
3604 2780 3627 2791 Ι

1933 2799 2085 2864 titur,
2105 2808 2155 2853 et
2175 2804 2427 2870 tanquam
2450 2808 2641 2869 spuma
2676 2798 2893 2871 gracilis
2932 2810 3050 2870 quin
3090 2817 3123 2853 α
3148 2800 3381 2871 procella
3407 2801 3522 2857 dis-

1932 2892 2189 2963 pergitur,
2212 2902 2259 2946 et
2302 2901 2553 2962 tanquam
2578 2891 2759 2961 fumus
2797 2892 2888 2963 qui
2920 2910 2952 2946 α
2978 2901 3127 2947 vento
3152 2893 3382 2963 dimisus
3422 2903 3523 2959 est,

1933 2992 1983 3037 et
2010 2992 2265 3054 tanquam
2301 2984 2552 3038 memoria
2580 2984 2802 3054 hospitis
2825 2984 2982 3039 unius
3016 2985 3123 3039 diei
3145 2986 3526 3054 pnetereuntis.

1933 3072 2124 3128 Adhuc
2179 3082 2413 3143 quatuor
2459 3072 2667 3143 species
2695 3073 2830 3128 alias
2864 3072 3166 3129 introduxit
3211 3075 3281 3128 ad
3305 3074 3532 3131 demou-

231 3164 573 3239 perditionis,
617 3166 744 3237 quia
782 3180 906 3221 cum
959 3165 1331 3222 ratiocinando
1381 3168 1568 3222 mundi
1626 3168 1832 3222 machi-
1859 3148 1905 3210 Ο
1935 3162 2214 3218 stratn'dam
2242 3162 2616 3219 inﬁrmitatem
2650 3164 2768 3233 spei
2791 3164 3125 3235 iniquorum,
3151 3175 3257 3235 qua
3284 3165 3364 3221 vel
3389 3181 3529 3235 prte-

233 3275 359 3313 nam
423 3257 610 3313 divino
638 3257 842 3312 honore
880 3257 1175 3312 sublimare
1202 3257 1515 3323 voluerunt,
1562 3266 1618 3314 et
1666 3262 1823 3315 erea-

234 3358 366 3405 turae
391 3349 575 3419 potius
598 3348 804 3404 servire
824 3347 987 3419 quam
1013 3348 1246 3404 creatori
1276 3349 1555 3419 elegerunt
1584 3366 1600 3404 :
1626 3350 1681 3404 in
1714 3350 1831 3420 ipsa

231 3440 598 3511 exquisitione
620 3454 718 3494 sua
748 3438 1081 3504 defecerunt,
1109 3440 1166 3494 et
1195 3440 1301 3494 non
1325 3440 1554 3495 salutem
1578 3441 1671 3494 sed
1702 3442 1830 3509 per-

233 3531 496 3587 ditionem
551 3529 890 3584 iuvenerunt.
941 3528 1205 3584 Similiter
1254 3537 1308 3584 et
1349 3530 1587 3585 haeretici
1640 3544 1833 3600 super-

234 3621 430 3675 hiendo
458 3620 576 3675 vias
598 3618 841 3675 difﬁciles
876 3620 1214 3674 ambulantes
1248 3629 1428 3675 sectas
1474 3628 1829 3691 compesuere

233 3709 520 3776 nefandas,
542 3707 651 3766 'nec
682 3711 823 3765 viam
853 3710 1089 3776 D0mini,
1128 3725 1248 3781 quae
1276 3718 1360 3765 est
1379 3711 1587 3767 veritas
1605 3720 1660 3766 et
1686 3712 1816 3775 vita,

232 3811 612 3874 agnoverunt;
644 3802 767 3857 ideo
794 3802 1113 3871 semetipsos
1146 3803 1201 3856 in
1234 3800 1606 3873 perditionem
1636 3817 1832 3874 perpe-

236 3902 382 3947 tuam
437 3892 801 3957 tradiderunt,
850 3907 950 3947 nec
977 3892 1058 3947 eis
1105 3892 1337 3947 studium
1380 3893 1668 3962 praesentis
1705 3894 1831 3949 vita:

233 3986 533 4056 quidquam
584 3983 832 4039 utilitatis
885 3985 1138 4051 contulit,
1187 3985 1381 4055 quibus
1427 3993 1550 4056 post
1592 3995 1829 4042 mortem

233 4091 343 4130 non
391 4074 671 4146 praemium
713 4075 808 4130 sed
841 4088 1001 4145 pmna
1030 4076 1338 4142 successit;
1389 4074 1533 4131 unde
1585 4074 1831 4131 dolentes

233 4168 426 4223 dicunt
460 4186 475 4220 :

308 4258 453 4324 Quid
495 4257 642 4312 nobis
669 4257 870 4328 profuit
927 4258 1169 4329 superbia
1195 4258 1221 4311 Ρ
1266 4267 1359 4313 aut
1405 4258 1708 4314 divitiarum
1729 4260 1824 4332 ja-

232 4348 435 4402 ctantia
470 4348 598 4419 quid
619 4347 840 4402 contulit
890 4348 1037 4403 nobis
1061 4349 1088 4402 2’
1121 4347 1465 4404 Transierunt
1506 4352 1684 4406 omnia
1732 4351 1829 4407 illa

231 4449 491 4511 tanquam
520 4438 729 4504 umbra,
777 4448 827 4493 et
864 4447 1116 4510 tanquam
1143 4440 1355 4494 nuntius
1403 4454 1735 4511 percurrens,
1779 4451 1829 4497 et

230 4541 493 4602 tanquam
513 4530 785 4601 navisquae
803 4531 1103 4602 pertransiit
1122 4533 1466 4602 fluctuantem
1487 4551 1681 4605 aquam
1704 4549 1723 4588 :
1745 4552 1833 4589 cu-

223 4620 348 4690 jus,
399 4636 521 4673 cum
543 4621 874 4690 praterierit,
915 4637 1021 4675 non
1050 4629 1123 4675 est
1152 4621 1419 4691 vestigium
1465 4623 1715 4691 invenire,
1745 4640 1835 4680 ne-

226 4726 336 4780 que
355 4712 600 4765 semitam
614 4712 809 4765 carina:
824 4711 965 4765 illius
986 4713 1044 4766 in
1065 4710 1309 4783 ﬂuctibus
1323 4729 1341 4777 ;
1356 4722 1447 4767 aut
1461 4723 1709 4786 tanquam
1725 4717 1835 4772 avis

1858 4501 1917 4560 D

1932 3255 2109 3310 scotia
2132 3254 2348 3309 stabilia
2406 3262 2571 3325 atque
2601 3261 2859 3310 mansura
2885 3266 3006 3310 esse
3034 3261 3382 3324 putaverunt,
3444 3255 3532 3309 vel

1933 3360 1992 3400 se
2030 3345 2084 3399 iu
2114 3344 2357 3414 peccatis
2393 3344 2640 3400 viventes
2690 3344 2912 3414 impune
2938 3342 3175 3400 evadere
3202 3357 3360 3413 posse
3381 3344 3529 3398 msti-

1935 3444 2241 3492 maverunt.
2290 3435 2513 3507 Lanugo
2568 3435 2713 3491 enim
2765 3450 2887 3505 quae
2935 3450 3002 3490 ex
3060 3434 3353 3490 herbarum
3401 3434 3535 3490 ﬂore

1933 3535 2301 3583 marcescente
2328 3527 2521 3592 oritur,
2548 3526 2892 3599 fragilitatem
2914 3528 3095 3584 carnis
3112 3529 3383 3599 exprimit,
3412 3546 3531 3599 qua:

1933 3637 1964 3675 a
1994 3631 2154 3677 vento
2195 3622 2574 3693 aegritudinum
2609 3620 2694 3676 vel
2723 3621 2971 3678 molestia
3018 3624 3261 3693 corporis
3305 3623 3525 3688 tollitur,

1933 3724 2034 3767 nec
2076 3713 2334 3768 diuturna
2368 3727 2589 3768 manere
2637 3713 2990 3782 permittitur,
3034 3714 3163 3783 quia
3195 3714 3367 3768 omnis
3399 3698 3528 3769 caro

1934 3803 2134 3872 fenum,
2158 3812 2209 3857 et
2229 3804 2401 3857 munis
2421 3803 2587 3873 gloria
2608 3803 2723 3873 ejus
2745 3812 2995 3874 tanquam
3021 3804 3120 3872 [los
3141 3801 3270 3872 feni.
3300 3802 3528 3858 Exaruit

1937 3893 2116 3963 fenum
2143 3903 2191 3946 et
2211 3893 2310 3962 ﬂos
2335 3893 2448 3961 ejus
2470 3893 2666 3946 decidit
2690 3910 2708 3958 ;
2745 3893 2952 3947 verbum
2984 3903 3158 3946 autem
3180 3891 3389 3948 Domini
3416 3912 3530 3949 ma-

1937 3991 2021 4036 net
2073 3982 2126 4036 in
2175 3992 2428 4037 wternum
2478 3981 2614 4053 (Isa.
2665 3982 2776 4051 η).
2827 3982 3029 4051 Spuma
3079 3990 3260 4037 autem
3310 3996 3434 4054 qua:
3458 4000 3526 4039 ex

1934 4073 2090 4144 aquis
2111 4072 2257 4128 edita
2287 4072 2445 4141 aquis
2481 4080 2817 4143 supernatat,
2871 4073 3144 4142 appetitus
3189 4073 3411 4128 humani
3447 4075 3528 4129 fa-

1933 4167 2084 4222 voris
2119 4174 2174 4221 et
2211 4164 2479 4235 iactantia
2528 4163 2769 4235 vulgaris
2799 4164 3031 4236 intelligi
3079 4174 3304 4235 potest:
3337 4182 3457 4237 quae
3492 4185 3526 4223 ει

1939 4258 2177 4329 procella
2226 4257 2585 4314 tentatiouum
2604 4257 2689 4313 vel
2734 4258 3081 4314 discussione
3126 4257 3290 4313 futuri
3333 4259 3524 4329 judicii

1933 4348 2280 4419 dispergitur,
2319 4348 2445 4418 quia
2478 4360 2644 4418 quam
2682 4362 2820 4402 vana
2849 4346 3050 4402 fuerint
3092 4361 3279 4403 eorum
3314 4356 3522 4406 attactu

1934 4439 2215 4509 probatur,
2270 4438 2352 4493 sic
2377 4448 2433 4493 et
2460 4437 2641 4495 iunius
2678 4437 2975 4493 vanitatem
3018 4440 3236 4495 caducae
3260 4440 3383 4495 vitae
3427 4441 3522 4497 dc-

1937 4516 2251 4598 monstratj
2281 4532 2545 4602 quoniam
2579 4531 2720 4586 sicut
2757 4528 2938 4587 fumus
2984 4540 3147 4586 vento
3181 4530 3518 4599 diffunditur,

1937 4623 2018 4678 sic
2051 4623 2287 4678 humana
2337 4622 2446 4676 vita
2494 4630 2798 4692 temporum
2845 4622 3142 4677 mutatione
3191 4622 3518 4679 dissolvitur.

1942 4715 2093 4773 Unde
2146 4725 2203 4774 et
2228 4731 2327 4787 per
2356 4714 2759 4771 similitudinem
2796 4715 3093 4770 transeunti
3128 4694 3520 4785 hospiti'com-

224 4802 724 4872 quietransvolatin
744 4805 1053 4875 aere,cujus
1071 4806 1839 4878 nulluminveniturargumen-
1939 4816 2201 4879 paratur;
2229 4806 2357 4877 quia
2397 4821 2586 4861 omnes
2627 4806 2714 4861 hic
2754 4806 2995 4875 hospites
3034 4813 3091 4860 et
3117 4807 3390 4875 peregrini
3426 4822 3521 4862 su-

225 4904 348 4949 tum
363 4896 589 4961 itineris,
618 4896 708 4950 sed
728 4905 928 4951 tantum
952 4897 1152 4951 sonitus
1170 4897 1377 4951 alarum
1393 4898 1666 4953 verberans
1681 4901 1838 4955 levem

225 4999 469 5054 rentum,
517 4999 567 5041 et
582 4987 820 5041 scindens
837 5004 928 5057 per
950 4988 1051 5041 vim
1064 4988 1267 5042 itineris
1309 5004 1483 5043 aerem
1513 5003 1531 5040 :
1554 4991 1824 5043 commotis

222 5079 692 5134 alistransvolavit
731 5089 779 5133 et
816 5088 931 5149 post
952 5079 1049 5134 hoc
1077 5070 1280 5134 nullum
1327 5082 1534 5152 signum
1571 5082 1829 5135 invenitur

220 5177 446 5230 itineris
468 5176 648 5240 illius;
668 5185 756 5229 aut
779 5187 1029 5244 tanquam
1053 5179 1242 5249 sagitta
1273 5180 1465 5234 emissa
1485 5181 1539 5234 in
1553 5179 1828 5234 locumde-

219 5267 497 5320 stinatum
510 5281 530 5320 :
545 5265 742 5320 divisus
753 5282 845 5320 aer
857 5266 1103 5322 continuo
1122 5269 1179 5321 in
1190 5278 1245 5323 se
1262 5269 1491 5323 reclusus
1504 5278 1600 5333 est,
1619 5280 1674 5323 ut
1687 5270 1830 5340 igno-

220 5365 387 5412 retur
402 5356 663 5411 transitus
679 5355 854 5411 illius:
869 5357 944 5411 sic
967 5367 1014 5412 et
1036 5373 1127 5412 nos
1154 5360 1265 5413 nati
1288 5360 1531 5414 continuo
1546 5360 1826 5414 desivimus

215 5462 373 5509 esse,
403 5456 453 5499 et
482 5446 687 5501 virtutis
698 5447 908 5518 quidem
936 5447 1140 5503 nullum
1156 5450 1362 5521 signum
1374 5449 1634 5505 valuimus
1650 5463 1824 5505 osten-

213 5538 396 5591 dere:
429 5536 487 5588 in
508 5535 835 5607 malignitate
866 5546 1043 5592 autem
1079 5551 1259 5594 nostra
1288 5541 1581 5609 consumpti
1621 5556 1823 5596 smnus.

217 5627 348 5681 l’er
370 5626 614 5696 quinque
638 5628 847 5696 species
870 5628 1301 5693 similitudinum,
1333 5645 1469 5699 quas
1504 5630 1827 5700 proferendo

216 5718 555 5787 iniquorum
596 5718 924 5775 infructuosa
964 5722 1273 5790 pmnitentia
1314 5720 1524 5775 labores
1565 5735 1691 5776 suos
1738 5722 1831 5778 dc-

1945 4906 2085 4964 t'nus,
2136 4899 2201 4953 de
2242 4914 2348 4968 quo
2391 4898 2747 4953 Ecclesiastes
2781 4898 2857 4951 ait
2893 4916 2905 4951 :
2951 4894 3229 4952 Generatio
3267 4908 3521 4969 praeterit,

1929 5000 1976 5044 et
2022 4990 2287 5060 generatio
2339 4987 2568 5055 advenit,
2613 4999 2756 5043 terra
2794 4997 2968 5042 autem
3010 4989 3065 5043 in
3102 4988 3362 5047 saxulum.
3397 5002 3521 5056 stat,

1929 5080 2047 5135 ideo
2087 5078 2263 5153 omnia
2323 5080 2525 5135 vanitas
2586 5078 2782 5152 (Eccle.
2827 5079 2888 5152 I).
2944 5080 3087 5148 Quid
3138 5082 3285 5136 enim
3327 5084 3523 5138 vanius

1934 5172 2037 5229 hac
2074 5172 2334 5235 vanitate,
2387 5186 2549 5240 quam
2575 5180 2779 5227 terram
2818 5187 3042 5228 manere
3090 5188 3212 5243 quae
3237 5174 3518 5230 hominum

1934 5275 2097 5315 causa
2122 5259 2261 5315 facta
2292 5268 2376 5317 est
2415 5268 2471 5316 et
2516 5260 2689 5331 ipsum
2728 5261 3003 5317 hominem
3051 5272 3211 5318 terrm
3243 5264 3518 5319 dominum

1936 5351 1990 5405 in
2021 5352 2294 5422 pulverem
2328 5361 2546 5423 repente
2568 5354 2826 5409 dissolvi:
2857 5355 2998 5409 unde
3031 5356 3276 5424 sequitur
3298 5372 3312 5409 :
3334 5352 3516 5409 Oritur

1936 5443 2016 5497 sol
2064 5453 2111 5498 et
2151 5445 2362 5511 occidit,
2408 5454 2456 5499 et
2483 5445 2551 5499 ad
2594 5444 2766 5499 locum
2795 5461 2948 5499 suum
2987 5444 3255 5498 revertitur
3300 5440 3512 5512 (Mitti.

1937 5534 2071 5587 Nam
2114 5534 2225 5604 ipse
2253 5532 2353 5599 sol,
2393 5537 2484 5606 qui
2517 5536 2570 5589 in
2593 5536 2766 5591 lucem
2798 5535 3115 5591 mortalibus
3148 5533 3304 5587 datus
3324 5542 3406 5586 est
3433 5533 3516 5584 iu-

1938 5627 2155 5682 teritum
2192 5628 2373 5681 mundi
2405 5636 2526 5683 ortu
2552 5644 2651 5682 suo
2674 5626 2912 5697 quotidie
2939 5625 3160 5687 indicat,
3198 5630 3255 5678 ct
3280 5637 3473 5677 occasu
3497 5638 3510 5676 ;

1939 5726 2122 5780 ethoc
2162 5731 2331 5779 totum
2378 5723 2578 5778 idcirco
2628 5730 2686 5777 ut
2714 5720 2906 5776 doceat
2951 5714 3332 5772 mutationibus
3377 5722 3531 5785 tam:
