3960 6178
393 317 493 374 691

1039 305 1101 362 Β.
1145 306 1398 361 RABANI
1439 305 1660 361 MAURI
1695 303 2016 365 ARCIIIEP.
2060 301 2369 359 MOGUNT.
2411 303 2695 360 OPERUM
2736 304 2917 359 PARS
2949 304 2996 367 Ι,

3581 308 3678 365 692

391 445 586 506 porum
637 438 695 485 et
735 436 862 483 ortu
889 439 1198 495 occasuque
1234 423 1474 479 siderum
1513 401 1806 477 humanam
1862 430 1993 477 :eta-
2018 424 2068 483 Α
2095 438 2210 475 eam
2242 421 2457 492 (Matth.
2480 421 2626 491 xvr);
2658 421 2751 476 sed
2791 421 2897 476 ﬁxa
2939 429 2995 476 et
3038 418 3358 478 inconcussa
3383 439 3485 494 per
3504 428 3677 483 omnia

394 536 503 578 tem
531 521 638 576 labi
661 527 716 576 et
742 518 964 573 interire
992 516 1120 571 dum
1148 515 1340 571 nescit.
1398 513 1738 584 Quapropter
1788 512 1984 567 merito

395 617 546 687 impii
576 617 631 670 in
659 612 870 668 inferno
894 610 1055 682 positi
1082 608 1264 664 dolent
1287 608 1429 677 quod
1454 622 1605 676 spem
1634 621 1788 661 suam
1813 605 1869 658 in
1900 603 1989 657 illo

390 711 693 778 posuerunt
734 702 827 757 ubi
865 699 1134 755 stabilitas
1159 698 1306 753 nulla
1328 704 1436 762 est,
1485 705 1541 752 et
1570 696 1638 751 ab
1669 711 1735 751 eo
1769 710 1986 750 sensum

393 802 728 861 averterunt,
777 794 868 864 qui
899 800 1028 847 ante
1064 792 1248 847 omnia
1293 798 1350 846 et
1374 799 1497 860 post
1523 789 1708 845 omnia
1740 803 1885 843 nunc
1933 793 1989 841 et

391 904 608 961 semper
651 889 795 944 idem
827 894 1032 941 manet.

597 986 599 990 ⁴
1009 1017 1238 1075 CAPUT
1275 1019 1366 1072 x1.

391 1138 472 1195 De
499 1140 696 1195 sanctis
717 1134 1038 1206 martyribus
1057 1175 1073 1199 ,
1104 1133 1243 1204 quod
1272 1133 1676 1206 inperpetuum
1688 1130 1866 1206 uiuant
1887 1169 1900 1193 ,
1936 1137 1986 1182 et

494 1209 635 1282 quod
666 1198 924 1264 Dominus
953 1198 1175 1259 vindicet
1205 1220 1291 1258 eos
1322 1205 1386 1256 de
1409 1198 1725 1255 adversariis
1748 1198 1877 1254 suis.

461 1340 605 1395 Iusti
632 1349 805 1394 autem
836 1339 1217 1409 inperpetuum
1244 1336 1438 1395 vivent,
1462 1342 1511 1388 et
1533 1333 1675 1404 apud
1700 1332 1984 1387 Dominum

392 1441 467 1485 est
488 1447 683 1485 merces
702 1445 904 1495 eorum,
920 1436 967 1482 et
985 1428 1228 1498 cogitatio
1248 1425 1461 1479 illorum
1483 1424 1623 1496 apud
1637 1423 1982 1478 Altissimum.

392 1522 523 1577 Ideo
553 1523 806 1593 accipient
836 1537 1055 1591 regnum
1086 1520 1323 1585 decoris,
1354 1528 1403 1573 et
1437 1518 1682 1573 diadema
1710 1518 1898 1589 speciei
1924 1518 1988 1571 de

390 1631 553 1668 manu
576 1613 789 1667 Domini
812 1626 829 1663 :
864 1612 1115 1683 quoniam
1144 1611 1359 1664 dextera
1383 1625 1481 1663 sua
1508 1618 1635 1679 teget
1657 1624 1764 1673 eos,
1787 1617 1835 1661 et
1864 1607 1987 1661 bra—

391 1708 510 1762 chio
539 1715 721 1760 sancto
748 1720 844 1758 suo
866 1702 1106 1771 defendet
1128 1700 1269 1756 illos.
1287 1700 1421 1755 Cum
1440 1708 1617 1755 autem
1641 1707 1985 1769 peccatorum

2091 520 2276 565 manet
2298 511 2513 566 saecula.

2163 602 2323 657 Ibunt
2366 604 2559 657 directe
2600 605 2902 658 emissiones
2939 603 3245 675 fulgurum,
3277 615 3325 660 et
3360 615 3614 678 tanquam
3649 628 3678 663 a

2092 695 2215 749 bene
2239 705 2453 749 curvato
2475 712 2603 749 arcu
2631 696 2848 749 nubium
2871 697 3380 763 exterminabuntur,
3402 708 3451 753 et
3476 707 3547 753 ad
3577 717 3683 754 cer—

2090 799 2199 843 tum
2223 789 2394 843 locum
2426 790 2677 845 insilient.
2709 791 3046 857 Emissiones
3082 792 3353 864 fulgurum
3382 805 3507 850 sunt
3542 798 3679 851 toni-

2090 891 2211 936 trua
2229 880 2699 951 prmdicationum,
2715 883 2830 937 sive
2850 884 3258 939 coruscationes
3277 886 3674 952 miraculorum,

2090 987 2211 1042 qua:
2233 972 2438 1026 directe
2462 972 2650 1026 ibunt:
2678 973 2802 1041 quia
2828 973 2985 1043 juxta
3011 973 3474 1043 dispensationem
3501 984 3679 1031 aucto-

2088 1062 2167 1115 ris
2191 1061 2275 1115 sui
2304 1061 2371 1116 ad
2395 1061 2687 1116 utilitatem
2709 1062 3032 1129 electorum,
3057 1063 3173 1117 sive
3191 1062 3259 1117 ad
3282 1063 3676 1119 damnationem

2089 1155 2445 1222 reproborum
2491 1155 2644 1208 liun't.
2691 1154 2972 1224 Tanquam
3023 1171 3055 1209 a
3100 1155 3237 1210 bene
3282 1166 3509 1210 curvato
3553 1172 3679 1211 arcu

2088 1244 2313 1298 nubium
2341 1244 2882 1311 exterminabuntur,
2927 1246 3145 1315 quando
3188 1247 3513 1302 auctoritate
3545 1248 3677 1301 divi-

2089 1349 2284 1389 narum
2313 1333 2717 1405 Scripturarum
2755 1351 2851 1405 per
2891 1336 3036 1405 piam
3080 1336 3432 1390 intentionem
3461 1345 3676 1391 sancto-

2089 1444 2209 1482 rum
2245 1428 2529 1483 doctorum
2566 1428 2634 1482 ad
2668 1426 2980 1484 terrendum
3020 1427 3363 1482 adversarios
3397 1426 3677 1497 proferun-

2090 1527 2219 1584 tur;
2253 1527 2308 1573 ct
2332 1519 2398 1572 ad
2432 1526 2640 1574 certum
2686 1518 2863 1573 locum
2906 1517 3166 1583 insilient,
3206 1518 3330 1587 quia
3363 1526 3551 1571 contra
3591 1533 3678 1571 eos

2089 1625 2226 1679 quos
2254 1624 2479 1664 necesse
2518 1618 2604 1664 est
2643 1616 2793 1664 recto
2830 1608 3048 1662 tramite
3074 1606 3386 1676 procedent,
3416 1622 3517 1662 nec
3540 1606 3679 1661 valet

2090 1715 2210 1754 esse
2252 1700 2569 1764 confusum,
2618 1700 2761 1768 quod
2804 1698 2986 1753 divina
3017 1698 3281 1769 sapientia
3322 1706 3538 1754 constat
3564 1714 3679 1753 esse

390 1811 584 1868 prunas
613 1804 668 1850 et
689 1810 867 1851 seram
893 1793 1268 1864 paenitentiam
1292 1791 1629 1847 describeret
1652 1791 1704 1844 in
1745 1789 1987 1855 inferno,
2019 1781 2067 1839 Β
2094 1793 2404 1846 ordinatum

393 1893 790 1956 consequenter
831 1883 1102 1953 justorum
1149 1882 1378 1954 gloriam
1425 1890 1481 1936 et
1524 1881 1807 1951 prtemium
1849 1882 1987 1957 apud

392 1977 683 2033 Dominum
703 1974 979 2029 enarravit
998 1973 1053 2028 in
1075 1973 1232 2039 caelo,
1253 1973 1344 2043 qui
1371 1973 1423 2026 in
1448 1986 1741 2042 supernum
1763 1985 1986 2041 regnum

393 2068 599 2137 recepti
624 2067 734 2121 vita
758 2066 918 2121 beata
947 2064 999 2118 in
1024 2063 1480 2132 contemplatione
1507 2061 1602 2116 Dei
1626 2061 1911 2124 fruuntur;
1933 2067 1991 2113 et

390 2162 500 2218 hoc
524 2161 646 2216 ideo
665 2158 923 2230 quoniam
951 2165 1119 2215 totam
1147 2169 1297 2224 spem
1327 2169 1480 2209 suam
1503 2163 1559 2208 et
1581 2152 1779 2206 mentis
1808 2152 1985 2205 inten-

392 2255 595 2308 tionem
623 2252 678 2305 in
705 2249 998 2305 bonitatem
1035 2254 1334 2318 posuerunt
1358 2245 1667 2301 Conditoris
1692 2245 1796 2307 sui,
1834 2243 1988 2313 cujus

394 2344 560 2398 etiam
605 2356 768 2396 manu
815 2337 1098 2401 coronati,
1143 2346 1200 2392 ct
1242 2337 1463 2392 dextera
1495 2333 1826 2390 fortitudinis
1863 2340 1989 2387 sunt

393 2433 645 2506 protecti.
682 2431 874 2486 Manus
893 2429 1041 2485 enim
1062 2427 1159 2482 Dei
1182 2436 1238 2482 et
1262 2428 1451 2481 dextra
1474 2441 1539 2481 ac
1558 2424 1839 2479 brachium
1862 2438 1989 2492 pro-

391 2533 514 2596 pter
538 2521 841 2578 el'fectivam
867 2518 1167 2590 potentiam
1198 2515 1508 2586 unigenitus
1546 2514 1716 2569 Filius
1751 2512 1846 2567 Dei
1885 2527 1988 2566 no-

391 2616 672 2671 minatur:
715 2628 812 2684 per
839 2627 1001 2683 quem
1030 2610 1214 2669 omnia
1247 2608 1390 2665 facta
1425 2616 1571 2673 sunt,
1600 2607 1653 2661 in
1679 2620 1787 2675 quo
1822 2604 1989 2659 habe-

393 2721 519 2762 mus
544 2705 968 2774 redemptionem
990 2716 1087 2772 per
1110 2701 1426 2771 sanguinem
1450 2697 1586 2766 ejus,
1611 2694 1988 2751 remissionem

389 2805 760 2870 peccatorum,
788 2811 949 2867 quem
973 2794 1135 2849 Pater
1155 2792 1436 2848 suscitavit
1462 2805 1493 2844 a
1517 2788 1766 2851 mortuis,
1783 2796 1840 2841 et
1860 2801 1988 2840 con-

394 2886 571 2943 stituit
596 2887 662 2943 ad
693 2886 971 2942 dexteram
995 2899 1147 2940 suam
1171 2884 1224 2938 in
1247 2882 1561 2938 coelestibus
1589 2894 1750 2947 super
1770 2892 1986 2933 omnem

393 2978 753 3050 principatum
781 2986 837 3034 et
861 2984 1206 3047 potestatem.
1237 2984 1291 3030 et
1317 2973 1608 3034 virtutem,
1645 2979 1702 3025 et
1737 2969 1986 3024 domina-

396 3071 620 3134 tionem,
651 3077 706 3124 et
729 3083 890 3124 omne
915 3082 1112 3122 nomen
1141 3066 1285 3135 quod
1313 3064 1648 3128 nominatur,
1676 3077 1784 3117 non
1812 3061 1985 3116 solum

2163 1880 2232 1935 Et
2260 1899 2291 1934 a
2317 1890 2522 1951 petrosa
2560 1872 2641 1934 ira
2674 1880 2841 1951 plena:
2885 1882 3158 1935 mittentur
3193 1882 3474 1950 grandines
3498 1898 3518 1935 :
3557 1883 3675 1950 quia

2091 1987 2190 2041 pro
2224 1971 2545 2026 meritorum
2577 1970 2884 2042 aequalitate
2912 1972 3059 2025 durzn
3084 1972 3407 2026 emittuntur
3438 1971 3680 2040 increpa-

2092 2062 2285 2117 tiones.

2164 2149 2229 2204 Et
2258 2151 2528 2204 candescet
2557 2151 2612 2204 in
2631 2149 2750 2204 illos
2773 2167 2911 2222 aqua
2939 2153 3123 2216 maris,
3146 2162 3193 2204 et
3215 2152 3436 2221 [lumina
3462 2167 3678 2204 concur-

2091 2254 2204 2297 rent
2248 2242 2469 2296 duriter.
2514 2242 2701 2313 Aquas
2747 2243 2915 2297 maris
2964 2244 3399 2312 perturbationes
3448 2242 3679 2313 appellat

2091 2333 2310 2398 saeculi,
2352 2333 2575 2388 ﬂumina
2603 2334 3040 2404 persecutionum
3083 2334 3514 2399 commotiones;
3556 2335 3675 2403 quia

2089 2424 2407 2494 plerumque
2436 2425 2599 2479 corda
2626 2440 2914 2494 pravorum
2937 2440 3057 2494 qua:
3077 2426 3397 2479 documenta
3424 2424 3676 2491 praedica-

2092 2515 2299 2569 tionum
2325 2529 2430 2569 non
2460 2514 2760 2578 emolliunt,
2795 2514 3001 2585 flagella
3028 2515 3366 2569 diversarum
3387 2514 3674 2584 correptio-

2091 2623 2221 2662 num
2244 2622 2342 2677 per
2371 2608 2618 2662 timorem
2652 2605 2928 2677 frangunt.

2160 2696 2231 2751 Et
2254 2707 2445 2752 contra
2473 2697 2592 2753 illos
2621 2697 2777 2752 stabit
2809 2698 3024 2769 spiritus
3050 2698 3258 2751 virtutis
3279 2738 3293 2762 ,
3333 2707 3382 2751 et
3429 2706 3673 2767 tanquam

2090 2790 2242 2844 turbo
2264 2791 2400 2844 venti
2430 2790 2622 2845 dividet
2649 2790 2802 2855 illos;
2841 2800 2887 2844 et
2916 2791 2984 2844 ad
3010 2800 3298 2844 extremum
3323 2790 3543 2843 deducet
3568 2806 3674 2843 om-

2062 2897 2207 2935 .nem
2248 2889 2442 2935 terram
2483 2881 2733 2952 iniquitas
2773 2880 3018 2944 illorum,
3061 2889 3109 2933 et
3150 2881 3455 2950 malignitas
3494 2888 3670 2933 erertet

2090 2972 2236 3027 sedes
2260 2974 2568 3043 potentium.
2611 2971 2846 3042 Spiritus
2872 2973 3090 3026 virtutis
3127 2971 3361 3026 vindicta
3392 2982 3475 3027 est
3505 2972 3669 3026 ultimi

2091 3064 2374 3129 examinis,
2407 3080 2528 3134 qua:
2553 3063 2756 3119 dividet
2785 3064 3010 3134 impios,
3040 3072 3096 3118 et
3124 3064 3189 3118 ad
3231 3074 3537 3119 extremum
3561 3080 3672 3132 pcr-

397 3161 454 3216 in
483 3162 587 3216 hoc
615 3160 832 3226 sacculo,
863 3159 955 3214 sed
980 3159 1145 3213 etiam
1176 3158 1229 3211 in
1253 3155 1458 3221 futuro,
1482 3163 1537 3209 et
1554 3154 1736 3213 omnia
1759 3151 1988 3220 subjecit
2014 3133 2059 3196 Ο
2095 3156 2257 3210 ducet
2292 3170 2508 3210 omnem
2536 3164 2739 3211 terram
2766 3156 3069 3224 iniquitatis
3104 3170 3321 3218 eorum,
3355 3172 3479 3211 cum
3519 3156 3674 3210 simul

396 3252 499 3307 sub
530 3251 756 3320 pedibus
798 3250 918 3320 ejus
942 3257 997 3303 et
1022 3249 1198 3318 ipsum
1239 3247 1386 3302 dedit
1411 3254 1573 3315 caput
1599 3260 1762 3314 super
1802 3244 1985 3299 omnia

395 3343 673 3408 Ecclesiae,
691 3358 812 3412 quae
835 3351 917 3396 est
943 3354 1139 3411 corpus
1158 3347 1213 3395 et
1235 3339 1514 3410 plenitudo
1532 3335 1669 3406 ejus,
1691 3336 1782 3407 qui
1804 3335 1999 3392 omnia'

393 3437 450 3491 in
477 3431 728 3489 omnibus
757 3433 955 3504 implet.

468 3525 697 3594 Accipiet
724 3533 1049 3578 armaturam
1082 3521 1223 3576 zelus
1250 3520 1416 3583 illius,
1452 3530 1498 3573 et
1525 3519 1751 3573 armabit
1782 3526 1988 3571 creatu-

394 3632 511 3670 ram
537 3616 606 3670 ad
630 3614 881 3669 ultionem
908 3614 1260 3669 inimicorum.
1300 3612 1493 3666 Induet
1523 3627 1616 3680 pro
1652 3611 1861 3664 thorace
1890 3610 1984 3678 ju-

393 3707 613 3771 stitiam,
638 3717 686 3761 et
712 3707 927 3777 accipiet
957 3721 1051 3776 pro
1077 3704 1229 3776 galea
1246 3704 1512 3773 judicium
1549 3710 1769 3755 certum.
1802 3698 1984 3754 Sumet

392 3808 596 3855 scutum
625 3796 1027 3870 inexpugnabile
1050 3796 1344 3866 (equitatem
1370 3812 1388 3848 :
1427 3802 1576 3848 acuet
1604 3800 1780 3846 autem
1810 3791 1986 3845 diram

393 3892 532 3945 iram
560 3890 616 3943 in
639 3889 902 3954 lanceam,
933 3897 983 3942 et
1008 3888 1257 3958 pugnabit
1286 3902 1405 3940 cum
1434 3883 1529 3938 illo
1556 3884 1697 3939 orbis
1723 3894 1985 3938 terrarum

395 3991 581 4034 contra
605 3980 915 4034 inseusatos.
946 3976 1108 4033 Juxta
1148 3977 1602 4047 historiamvergo
1617 3972 1844 4031 Creator
1867 3988 1986 4027 ont-

394 4075 567 4140 nium,
595 4071 748 4142 cujus
773 4086 923 4126 arma
964 4079 1091 4126 sunt
1117 4070 1337 4134 veritas,
1373 4066 1587 4140 justitia
1614 4077 1668 4123 et
1700 4066 1986 4136 judicium,

392 4184 495 4238 per
518 4175 826 4221 creaturam
871 4165 971 4221 sibi
1023 4164 1319 4233 subjectam
1365 4162 1590 4230 corripit
1628 4175 1694 4215 ac
1739 4161 1989 4215 verberat

394 4258 791 4328 delinquentes.
826 4256 1134 4311 Secundum
1166 4255 1477 4323 allegoriam
1507 4261 1689 4308 autem
1716 4253 1857 4306 idem
1886 4251 1990 4305 Do-

395 4351 576 4405 minus
621 4358 800 4403 armat
847 4356 1151 4403 creaturam
1203 4347 1269 4400 ad
1306 4345 1573 4399 ultionem
1609 4342 1986 4404 inimicorum,

394 4440 613 4509 quando
637 4454 734 4509 per
758 4437 1032 4508 Evangelii
1066 4436 1449 4505 praedicatores
1472 4432 1753 4503 perfidiam
1775 4429 1989 4486 Iudaeo-

391 4551 540 4602 rum,
568 4534 851 4590 stultitiam
882 4531 1158 4604 gentilium
1187 4539 1349 4600 atque
1374 4529 1554 4584 dolum
1582 4527 1983 4590 haereticorum,

394 4627 463 4682 de
484 4632 711 4697 peccato
738 4633 795 4678 et
820 4625 886 4677 de
906 4622 1139 4693 justitia,
1171 4628 1226 4674 et
1258 4621 1325 4674 de
1357 4619 1563 4689 judicio
1595 4617 1890 4688 redarguit,
1921 4631 1986 4670 ac

395 4718 519 4774 telis
545 4719 832 4775 verborum
860 4723 1080 4785 pectora
1120 4728 1306 4767 eorum
1335 4711 1559 4781 pungit,
1604 4717 1872 4778 quatenus
1915 4709 1986 4761 ti-

396 4824 549 4864 more
588 4808 789 4863 salubri
836 4805 1082 4862 exterriti
1112 4804 1499 4874 omnipotentis
1540 4801 1633 4856 Dei
1679 4800 1861 4857 mauui
1892 4815 1985 4856 ce-

397 4902 547 4963 dant,
585 4909 643 4955 et
668 4901 878 4955 discant
906 4900 956 4953 ei
999 4895 1225 4966 subjecti
1266 4910 1417 4961 esse,
1450 4893 1605 4962 cujus
1632 4892 1985 4948 admonitioni

396 4991 547 5048 trulla
594 4992 807 5046 ratione
851 4992 1047 5046 Jebent
1092 4988 1385 5052 rebellare,
1418 4988 1542 5056 quia
1588 5001 1685 5039 nec
1728 4985 1985 5055 potentiae

399 5084 512 5140 ullo
538 5084 699 5139 modo
728 5082 907 5137 valent
934 5082 1205 5136 resistere.
1238 5080 1389 5147 Quod
1426 5087 1608 5132 autem
1640 5076 1771 5130 dicit
1797 5079 1985 5130 orbem

402 5185 669 5233 terrarum
698 5188 821 5229 cum
851 5173 946 5227 illo
971 5186 1212 5243 pugnare
1233 5179 1420 5226 contra
1452 5170 1776 5233 insensatos,
1807 5178 1988 5223 osten-

399 5272 481 5327 dit
528 5276 695 5325 totam
736 5267 1028 5323 Ecclesium
1076 5266 1276 5322 Christi
1327 5265 1486 5319 simul
1530 5282 1652 5319 cum
1686 5280 1811 5335 rege
1853 5281 1983 5329 suo,

398 5361 644 5418 membra
671 5357 920 5413 videlicet
948 5373 1070 5413 cum
1111 5356 1308 5426 capite,
1341 5366 1530 5410 contra
1562 5356 1868 5423 iniquorum
1902 5372 1989 5411 er-

399 5469 555 5509 rores
590 5458 754 5522 atque
781 5449 1042 5505 malitiam
1063 5490 1077 5514 ,
1119 5464 1214 5518 per
1242 5463 1392 5501 arma
1420 5447 1665 5501 veritatis
1690 5453 1744 5500 et
1763 5447 1987 5515 justitia:

400 5560 660 5615 pugnare.
692 5542 822 5609 Qua:
850 5550 905 5596 ct
931 5541 1209 5595 Dominica
1238 5541 1560 5595 auctoritate
1590 5554 1753 5608 super
1778 5546 1985 5608 petram

401 5632 782 5687 solidissimam
815 5631 1035 5687 fundata
1079 5642 1195 5695 est,
1245 5632 1391 5686 nullo
1435 5632 1595 5687 modo
1622 5642 1843 5686 veretur
1872 5630 1985 5684 rui-

402 5734 569 5782 nam:
607 5720 745 5795 Quia
791 5736 957 5803 porta:
1003 5725 1157 5800 inferi
1197 5742 1299 5780 non
1347 5726 1697 5801 pra’ralebunt
1737 5726 1986 5780 adversus

2092 3256 2146 3303 et
2173 3245 2535 3302 substantiam
2569 3255 2840 3303 terrenam
2878 3256 2933 3303 et
2960 3263 3126 3317 Opera
3163 3248 3405 3303 carnalia
3433 3264 3532 3317 per
3559 3265 3676 3304 sen-

2090 3339 2315 3394 tentiam
2345 3353 2494 3393 suam
2519 3336 2700 3407 justus
2713 3338 2881 3409 judex
2910 3353 3085 3409 paenae
3105 3341 3363 3411 gehennae
3384 3350 3439 3394 et
3463 3348 3677 3394 tutorum

2093 3428 2413 3484 desolationi
2440 3428 2739 3498 deputabit.
2773 3429 3077 3498 Malignitas
3103 3430 3249 3484 enim
3280 3439 3490 3485 evertet
3517 3431 3675 3485 sedes

2088 3522 2417 3592 potentium,
2445 3522 2573 3592 quia
2606 3522 2809 3577 malitia
2840 3522 3192 3593 reproborum
3229 3537 3391 3577 causa
3415 3530 3503 3577 est
3529 3522 3676 3576 dam-

2093 3616 2328 3670 nationis
2362 3631 2573 3671 eorum.

2163 3707 2313 3780 (Car.
2354 3708 2455 3781 γι.)
2492 3708 2682 3762 Melior
2711 3718 2784 3763 cst
2813 3710 3072 3780 sapientia
3108 3724 3266 3778 quam
3302 3709 3438 3761 vires
3460 3749 3475 3772 ,
3518 3717 3566 3762 et
3605 3708 3679 3762 vir

2089 3800 2318 3871 prudens
2359 3817 2516 3872 quam
2564 3800 2736 3871 fortis.
2788 3800 3064 3871 Sapientia
3106 3816 3237 3870 ergo
3279 3800 3368 3854 ubi
3416 3800 3680 3854 inhabitat

2090 3893 2229 3947 bene
2263 3908 2477 3963 semper
2500 3895 2765 3964 gubernat
2786 3893 3045 3947 animum.
3085 3891 3243 3946 Vires
3264 3891 3411 3945 enim
3437 3889 3677 3959 corporis

2090 3984 2409 4054 plerumque
2434 3985 2751 4055 insipientes
2783 3985 2834 4039 in
2874 3994 3222 4055 peccatorum
3251 3985 3474 4038 mittunt
3494 3983 3678 4052 pncci-

2090 4074 2285 4144 pitium
2309 4092 2321 4129 :
2356 4075 2499 4129 unde
2528 4083 2583 4129 et
2612 4075 2848 4145 prudens
2876 4076 3205 4146 praeponitur
3232 4075 3379 4139 forti,
3405 4076 3531 4145 quia
3551 4089 3675 4145 pru-

2089 4163 2271 4219 dentia
2310 4165 2491 4235 dirigit
2527 4181 2745 4236 gressus
2790 4168 3054 4230 hominis;
3104 4167 3186 4222 vis
3229 4177 3411 4222 autem
3447 4165 3675 4221 carnalis

2091 4254 2215 4310 licet
2237 4256 2546 4325 aliquando,
2579 4272 2703 4311 cum
2730 4256 2834 4328 per
2859 4259 3152 4327 potentiam
3188 4259 3423 4329 aliquem
3460 4272 3673 4328 supera-

2093 4349 2251 4412 verit,
2295 4348 2666 4403 fortitudinem
2706 4350 2956 4415 simulet,
3004 4359 3183 4406 tamen
3213 4351 3332 4407 sine
3379 4350 3670 4422 prudentia:

2093 4440 2353 4510 regimine
2400 4440 2613 4495 inﬁrma
2645 4456 2765 4496 esse
2793 4444 3105 4511 apparebit,
3147 4445 3367 4513 quando
3404 4443 3567 4511 stulto
3593 4441 3672 4494 la-

2089 4534 2223 4587 bore
2264 4541 2692 4587 consummatur.
2740 4534 2891 4589 Unde
2931 4536 2983 4589 in
3030 4536 3236 4605 psalmo
3264 4537 3525 4606 scriptum
3554 4543 3667 4589 est:

2093 4626 2217 4681 Non
2260 4628 2313 4681 in
2356 4628 2551 4682 viribus
2593 4630 2711 4699 equi
2758 4628 3075 4683 voluntatem
3122 4630 3375 4683 habebit:
3424 4645 3581 4700 neque
3620 4629 3673 4679 in

2090 4720 2228 4775 tibiis
2265 4722 2363 4774 viri
2401 4720 2779 4791 beneplacitum
2807 4733 2881 4774 est
2912 4721 2977 4774 ei.
3012 4720 3407 4790 Beneplacitum
3452 4731 3524 4774 est
3569 4718 3671 4771 Do-

2089 4813 2231 4865 mino
2256 4829 2414 4882 super
2432 4812 2668 4865 timentes
2697 4828 2836 4870 cum.
2874 4822 2920 4865 et
2958 4813 3011 4866 in
3033 4829 3119 4866 eos
3146 4812 3237 4882 qui
3264 4821 3476 4881 sperant
3504 4811 3554 4864 in
3582 4808 3676 4862 mi-

2090 4904 2375 4957 sericordia
2403 4903 2517 4972 ejus
2547 4900 2719 4973 (Psal.
2752 4902 2954 4974 CXLVI).

2698 5014 2923 5069 CAPUT
2960 5015 3073 5069 ΧΠ.

2093 5110 2365 5179 Sapientia
2396 5111 2627 5179 increpat
2647 5107 2855 5176 judiccs
2885 5119 3056 5167 terra’.
3088 5109 3176 5179 qui
3203 5120 3513 5177 acceperunt
3540 5117 3677 5179 pote-

2163 5177 2343 5233 statem
2372 5196 2403 5232 a
2438 5177 2680 5237 Domino.
2704 5180 2843 5247 quod
2873 5195 2977 5232 non
2998 5177 3315 5233 custodirent
3339 5179 3505 5249 legem
3521 5177 3674 5248 justi-

2162 5251 2270 5311 tite,
2301 5249 2585 5317 prwdicens
2610 5250 2685 5303 eis
2705 5265 2881 5319 ptenas
2905 5266 3035 5319 quas
3062 5251 3273 5320 passuri
3291 5260 3465 5303 erunt.

2166 5360 2355 5414 Audite
2376 5376 2520 5431 ergo,
2549 5376 2712 5430 reges,
2743 5371 2789 5413 et
2818 5359 3123 5431 inte/figite;
3154 5360 3360 5419 discite.
3376 5361 3587 5431 judices
3611 5357 3676 5427 β-

2094 5451 2238 5506 nium
2254 5460 2426 5505 terrae.
2447 5449 2683 5505 Prmbete
2708 5468 2883 5515 aures,
2913 5468 3001 5505 ros
3028 5444 3117 5522 qui
3144 5452 3419 5505 continetis
3441 5450 3673 5503 amttitu-

2094 5542 2263 5607 tiues,
2292 5553 2337 5596 et
2366 5542 2582 5612 placetis
2619 5543 2760 5596 vobis
2794 5543 2847 5596 in
2888 5543 3054 5596 turbis
3080 5544 3350 5595 nationum
3377 5555 3396 5593 .'
3432 5542 3676 5612 quoniam

2093 5640 2219 5687 data
2248 5646 2320 5688 est
2345 5652 2383 5689 αι
2406 5633 2629 5688 Domino
2660 5635 2803 5688 vobis
2840 5644 3065 5705 potestas
3084 5674 3098 5698 ,
3130 5643 3177 5687 et
3208 5635 3370 5686 virtus
3410 5634 3474 5707 ab
3513 5631 3676 5684 Altis-

2093 5726 2243 5794 Simo,
2268 5728 2357 5801 qui
2380 5727 2716 5800 interrogabit
2738 5744 2894 5797 opera
2917 5735 3084 5781 rustra
3106 5736 3155 5781 et
3176 5725 3517 5806 cogitationes
3537 5736 3686 5780 scm-
