3960 6178
275 289 386 346 693

1110 278 1461 336 COMEIENT.
1506 277 1569 332 IN
1612 273 1877 331 LIBRUM
1920 271 2330 328 SAPIENTIAS.
2373 301 2441 311 —
2481 268 2608 324 LIB.
2648 268 2691 324 I.

3447 265 3555 321 (394

276 411 481 467 rabitur
498 426 519 474 ,-
556 406 805 478 quoniam
853 420 969 457 cum
1012 402 1188 457 essetis
1234 399 1460 455 ministri
1503 399 1646 470 regni
1685 396 1859 459 illius,
1890 397 1940 458 Α
1967 393 2089 459 bus,
2115 394 2241 462 quia
2269 393 2511 447 omnium
2542 392 2654 460 ipse
2685 397 2898 444 creator
2921 398 3024 454 est,
3049 396 3101 443 et
3119 386 3301 458 operis
3322 386 3402 441 sui
3423 402 3554 444 ωιλ-

278 519 387 557 non
413 509 549 555 recte
562 496 848 568 judicastis
872 512 963 549 nec
992 494 1293 548 custodistis
1322 492 1482 562 legem
1503 490 1747 560 justitia’,
1778 504 1865 542 ne-

275 609 380 664 que
416 588 705 646 secundum
741 586 1059 641 voluntatem
1102 585 1195 639 Dei
1236 582 1578 648 ambulastis,
1609 579 1867 635 horrende

276 695 328 739 et
361 685 465 738 cito
495 680 762 752 apparebit
784 680 958 733 vobis:
977 677 1221 749 quoniam
1239 675 1504 746 judicium
1525 673 1865 727 durissimum

278 777 363 831 his
386 776 477 847 qui
501 781 764 845 pra'sunt,
795 771 906 841 ﬁet.
947 769 1216 824 Admonet
1245 775 1483 822 rectores
1516 764 1771 820 Ecclesiae
1808 770 1868 816 ut

275 865 545 936 justitiam
568 863 945 918 mandatorum
967 861 1061 915 Dei
1085 868 1321 924 servent,
1347 865 1403 912 et
1425 856 1710 912 veritatem
1732 853 1869 910 divi-

280 972 476 1011 norum
496 952 931 1010 testimoniorum
956 951 1163 1006 discere
1186 959 1240 1005 et
1262 948 1558 1019 intelligere
1578 946 1865 1001 festinent:

277 1047 536 1119 quoniam
568 1045 709 1101 sicut
736 1043 836 1113 ipsi
862 1043 988 1097 data
1022 1049 1288 1112 potestate
1329 1055 1360 1094 a
1396 1039 1627 1095 Domino
1667 1036 1871 1093 consti-

279 1140 382 1193 tuti
407 1147 536 1193 sunt
561 1135 805 1208 magistri
838 1150 901 1190 ac
922 1134 1132 1205 judices
1155 1131 1383 1187 fratrum
1405 1144 1626 1186 suorum
1649 1137 1707 1183 ut
1729 1128 1871 1199 judi-

279 1239 409 1286 cent
442 1229 564 1285 illos
590 1229 884 1283 secundum
915 1225 1181 1280 rationem
1216 1222 1518 1292 aequitatis,
1559 1228 1613 1275 et
1640 1218 1870 1274 doceant

276 1336 377 1377 eos
406 1319 648 1391 regulam
677 1316 797 1372 fidei
831 1331 954 1370 cum
976 1313 1133 1369 bonis
1158 1313 1413 1382 operibus
1451 1324 1691 1374 servare,
1721 1308 1791 1362 ita
1817 1315 1873 1361 et

283 1411 388 1481 ipsi
415 1409 679 1480 judicium
727 1407 969 1462 divinum
1015 1412 1367 1473 exspectant,
1407 1401 1551 1471 quod
1586 1415 1695 1454 non
1737 1397 1871 1452 fallit

280 1516 386 1555 nec
408 1499 519 1554 falli
551 1505 745 1570 potest,
786 1495 879 1566 qui
907 1510 1014 1549 non
1043 1493 1215 1548 solum
1248 1507 1410 1562 opera
1452 1490 1548 1566 sed
1588 1498 1642 1544 et
1667 1489 1871 1557 cogita-

281 1593 463 1646 tiones
491 1590 702 1644 illorum
731 1597 788 1642 ct
812 1586 1118 1641 voluntates
1140 1582 1416 1652 diiudicat,
1446 1589 1501 1635 et
1522 1595 1615 1635 eos
1641 1580 1732 1648 qui
1764 1594 1870 1633 non

278 1683 578 1737 secundum
605 1678 933 1734 voluntatem
964 1676 1060 1731 Dei
1084 1690 1146 1730 ac
1172 1674 1344 1744 legem
1371 1679 1763 1742 prmceptorum
1788 1670 1868 1723 vi-

1923 528 1944 549 .
1969 485 2184 555 dignam
2209 500 2395 539 curam
2432 483 2572 553 gerit
2605 488 2767 552 atque
2800 494 2959 550 opem
2999 495 3104 548 qua
3134 477 3432 549 subsistere
3460 493 3558 532 va-

1968 574 2075 630 leat
2105 574 2382 643 impendit.
2425 572 2717 641 Postquam
2759 585 2889 640 ergo
2919 569 3185 638 sapientia
3210 568 3277 624 ad
3306 574 3559 638 potentes

1969 682 2270 722 sermonem
2286 665 2490 729 habuit,
2515 673 2570 721 et
2595 679 2782 719 eorum
2809 663 3060 717 duritiam
3082 660 3265 716 cordis
3293 659 3562 715 sermoni—

1969 758 2070 812 bus
2109 756 2426 826 increpavit,
2456 755 2521 810 ad
2556 757 2700 826 ipsos
2752 763 2990 809 rectores
3032 753 3191 808 modo
3241 766 3549 807 sermonem

1970 847 2363 901 exhortationis
2390 846 2681 910 convertit,
2713 851 2768 900 et
2798 844 3120 899 mirabiliter
3150 843 3363 899 laudem
3390 844 3559 913 ipsius

1971 941 2251 1011 sapientia:
2285 939 2519 1009 explicat
2547 939 2733 994 dicens
2756 956 2769 992 :

2042 1056 2122 1110 Ad
2145 1073 2230 1110 vos
2250 1072 2394 1126 ergo,
2420 1070 2583 1123 reges,
2606 1040 2725 1106 sunt
2749 1053 2803 1105 hi
2827 1068 3088 1106 sermones
3117 1050 3239 1117 mei,
3266 1059 3320 1104 ut
3346 1049 3561 1103 discatis

1970 1144 2279 1215 sapientiam
2315 1152 2361 1197 et
2408 1158 2511 1196 non
2557 1140 2842 1195 excedatis.
2889 1138 2991 1204 Qui
3037 1140 3173 1193 enim
3219 1137 3561 1192 custodieriut

1962 1237 2230 1305 justitiam
2255 1232 3029 1304 ejus.justejustiﬁcabuntur;
3059 1241 3106 1285 et
3134 1232 3222 1302 qui
3265 1230 3550 1284 didicerint

1962 1325 2248 1394 justitiam,
2279 1323 2535 1378 invenient
2561 1321 2684 1393 quid
2710 1320 3072 1391 respondeant.
3098 1319 3365 1374 Admonet
3388 1316 3564 1372 eccle-

1971 1414 2222 1470 siasticos
2247 1422 2506 1477 rectores,
2536 1412 2643 1466 imo
2682 1426 2869 1466 omnes
2895 1409 3223 1481 generaliter
3248 1406 3442 1477 quibus
3471 1421 3559 1461 re-

1972 1509 2152 1579 gimen
2184 1505 2615 1561 commendatum
2641 1512 2725 1559 est
2756 1517 2978 1558 suarum
3014 1502 3317 1555 animarum
3339 1539 3353 1565 ,
3386 1508 3447 1553 ut
3482 1498 3564 1553 di-

1973 1608 2127 1654 scant
2153 1597 2388 1651 divinam
2417 1593 2760 1665 sapientiam,
2784 1602 3051 1662 quatenus
3080 1606 3189 1645 non
3216 1590 3482 1645 excedant
3508 1589 3563 1643 in

1974 1688 2469 1760 praevaricationem
2504 1692 2893 1757 praeceptorum
2932 1683 3047 1738 Dei.
3075 1677 3177 1750 Qui
3206 1681 3349 1736 euinr
3383 1692 3565 1735 custo-

279 1775 506 1837 vebant,
536 1788 635 1827 nec
661 1771 825 1825 etianr
858 1769 992 1823 alios
1022 1767 1288 1822 docebant
1325 1763 1410 1820 vel
1442 1762 1760 1834 judicabant
1785 1762 1869 1817 di-
1897 1760 1947 1819 B
1972 1779 2171 1834 dierim
2191 1776 2339 1846 ius“,
2359 1777 2508 1847 iuste
2530 1775 3004 1845 iustiﬁcabunlur’
3028 1773 3132 1827 hoc
3160 1782 3264 1838 ρει,
3289 1772 3379 1842 qui
3396 1771 3561 1840 justi-

280 1865 477 1920 stricto
498 1861 743 1916 examine
763 1861 1105 1931 judicaturus
1129 1865 1229 1912 est.

358 1953 567 2022 Exiguo
588 1951 725 2004 enim
749 1950 1052 2004 conceditur
1082 1944 1439 2000 misericordia
1464 1960 1481 2008 ;
1520 1950 1749 2012 potentes
1771 1958 1869 1993 au—

281 2056 388 2098 tent
414 2051 648 2113 potenter
667 2048 925 2094 tormenta
946 2040 1228 2109 patientur.
1259 2038 1369 2091 IIoc
1395 2037 1473 2091 eis
1494 2037 1586 2105 qui
1608 2050 1703 2104 per
1723 2036 1869 2105 igno-

285 2135 526 2190 rantiam
553 2133 639 2189 vel
678 2148 777 2203 per
812 2131 1162 2201 fragilitatem
1192 2130 1274 2183 vel
1301 2130 1464 2184 etiam
1494 2128 1871 2183 necessitatem

286 2228 476 2297 aliqua
504 2225 733 2283 crimina
762 2231 1231 2296 perpetraverunt,
1260 2232 1315 2276 et
1346 2230 1525 2275 tamen
1564 2234 1662 2288 per
1700 2216 1876 2271 lrumi—

285 2321 498 2373 litaterrr
524 2326 578 2373 et
604 2316 982 2388 paenitentiam
1013 2315 1128 2384 ipsa
1150 2321 1376 2383 peccata
1403 2312 1584 2367 delere
1618 2325 1727 2365 non
1761 2325 1878 2364 ces—

287 2416 549 2463 saverunt
574 2424 603 2462 a
629 2407 872 2478 piissimo
898 2404 1080 2476 judice
1116 2404 1287 2475 gratia
1333 2402 1662 2473 impenditur
1686 2402 1874 2455 remis-

288 2501 482 2556 sionis.
507 2499 604 2555 llis
624 2508 803 2554 autem
833 2499 949 2567 qui,
976 2512 1073 2568 per
1104 2496 1503 2554 contumaciam
1532 2504 1588 2550 et
1628 2511 1726 2566 per
1750 2510 1879 2550 cou-

290 2600 557 2661 tenrptunr
583 2590 959 2645 mandatorum
990 2589 1104 2655 Dei,
1133 2588 1302 2643 multa
1342 2602 1403 2642 ac
1441 2587 1623 2659 gravia
1653 2586 1873 2641 commi-

289 2692 486 2739 serunt
512 2681 775 2747 facinora,
803 2681 948 2737 etde
980 2680 1065 2735 bis
1093 2679 1466 2751 pmnitentiam
1503 2692 1659 2750 agere
1698 2676 1880 2746 negle-
1930 2726 1951 2744 κ

291 2782 516 2840 xerunt,
541 2774 789 2845 graviora
817 2774 868 2828 in
899 2771 1111 2827 inferno
1136 2773 1356 2842 deputat
1385 2778 1655 2826 tormenta
1686 2788 1697 2823 :
1740 2769 1880 2823 sicut

290 2867 439 2921 enim
464 2865 795 2935 potentiores
838 2864 1059 2919 fuerunt
1104 2864 1157 2918 in
1202 2862 1497 2932 impietatis
1532 2860 1764 2924 actione,
1807 2859 1877 2913 ita

293 2956 588 3013 validiores
612 2957 843 3013 tolerant
868 2971 1058 3026 paruas
1087 2956 1140 3010 in
1168 2957 1289 3028 igne
1315 2956 1592 3026 gehennae.

372 3046 497 3100 Non
517 3045 651 3099 enim
676 3045 940 3100 subtrahet
960 3061 1233 3116 personam
1262 3045 1571 3116 cujusquam
1601 3043 1877 3109 Dominus,

295 3152 390 3189 nec
431 3134 689 3188 verebitur
727 3136 1139 3205 magnitudinem
1179 3134 1491 3205 cujusquam
1533 3133 1710 3188 Deus:
1754 3149 1879 3203 quo-

298 3225 443 3277 niam
472 3222 720 3292 pusillum
747 3232 795 3276 et
821 3239 1066 3294 magnunt
1090 3225 1198 3293 ipse
1221 3221 1366 3292 fecit,
1396 3233 1443 3276 et
1464 3221 1737 3293 a'qualiter
1758 3237 1885 3274 cura

296 3324 373 3367 cst
422 3313 503 3367 illi
541 3314 606 3368 de
632 3314 911 3379 omnibus;
952 3314 1256 3383 fortioribus
1291 3323 1464 3368 autem
1501 3313 1690 3384 fortior
1725 3313 1885 3367 instat

298 3403 795 3460 unciatim—Non
818 3407 955 3460 enim
983 3416 1057 3460 est
1081 3422 1423 3477 personarum
1449 3414 1688 3474 acceptor
1721 3404 1883 3469 Deus,

300 3506 361 3549 ut
384 3494 577 3550 Petrus
598 3496 872 3567 apostolus
897 3503 1154 3562 testatur;
1176 3496 1265 3550 sed
1282 3500 1334 3550 in
1359 3498 1499 3549 omni
1521 3506 1690 3566 gente,
1717 3496 1807 3566 qui
1821 3496 1888 3549 ti-

305 3598 405 3641 met
423 3586 586 3641 Deum
609 3597 656 3641 et
676 3597 923 3658 operatur
933 3588 1197 3658 justitiam
1211 3598 1451 3658 acceptus
1465 3597 1538 3642 est
1554 3586 1632 3641 illi
1648 3587 1785 3658 (Act.
1806 3588 1883 3657 ι).

304 3680 412 3733 illis
438 3687 618 3734 autem
634 3680 725 3749 qui
752 3687 879 3735 sunt
900 3681 1137 3751 magistri
1159 3681 1451 3743 mendaces,
1469 3691 1516 3734 et
1540 3680 1889 3735 introducunt

304 3782 472 3825 sectus
494 3772 821 3841 perditionis,
837 3782 884 3826 et
898 3788 1015 3824 eum
1030 3772 1118 3840 qui
1134 3771 1253 3825 emit
1279 3788 1365 3825 eos
1383 3770 1660 3824 Dominum
1676 3781 1884 3840 negant,

305 3862 709 3933 superducentes
755 3862 855 3917 sibi
903 3862 1116 3917 celerem
1146 3862 1487 3932 perditionem
1512 3860 1596 3933 (ll
1631 3860 1887 3933 Petr.rr),

308 3956 481 4025 caligo
518 3957 862 4011 tenebrarum
902 3963 1227 4010 reservatur.
1255 3953 1392 4021 Quia
1434 3953 1480 4008 si
1510 3954 1655 4007 Deus
1683 3952 1887 4025 angelis

308 4050 666 4118 peccantibus
693 4063 800 4104 non
829 4049 1090 4119 pepercit,
1116 4046 1209 4102 sed
1235 4047 1554 4102 rudentibus
1575 4044 1772 4101 inferni
1801 4038 1899 4099 de?

311 4150 515 4197 tractos
543 4142 596 4196 in
627 4150 889 4197 tartarum
931 4143 1151 4197 tradidit
1182 4140 1236 4196 in
1268 4141 1533 4212 judicium
1570 4138 1892 4195 cruciandos

312 4234 604 4299 reservari,
629 4240 681 4287 et
702 4222 951 4304 originali
976 4233 1177 4287 mundo
1199 4247 1308 4287 non
1331 4231 1603 4303 pepercit,
1629 4230 1722 4286 sed
1745 4239 1894 4285 octa-

310 4340 439 4378 vum
490 4323 601 4380 Noe
641 4325 867 4397 justitiae
910 4341 1215 4395 praeconem
1263 4326 1587 4390 custodivit,
1633 4325 1893 4381 diluvium

314 4421 515 4476 mundo
543 4420 827 4490 iurpiorurn
854 4421 1145 4485 inducens;
1178 4428 1233 4473 et
1257 4419 1504 4474 civitates
1534 4417 1895 4473 Sodomorum

312 4518 369 4563 et
415 4508 888 4564 Gomorrlrteorum
939 4509 992 4563 in
1037 4509 1277 4563 cinerem
1323 4508 1572 4579 redigens
1615 4507 1897 4563 eversione

314 4599 609 4664 damnavit,
639 4597 944 4667 exemplum
989 4614 1173 4652 eorum
1212 4599 1303 4667 qui
1345 4598 1507 4667 impie
1555 4598 1728 4651 acturi
1772 4606 1899 4652 sunt

312 4706 557 4761 ponens;
598 4703 654 4748 et
675 4694 886 4762 justum
927 4692 1066 4747 Loth
1108 4707 1425 4762 oppressum
1464 4708 1495 4748 a
1540 4692 1896 4747 nefandorum

316 4785 517 4855 injusta
543 4786 956 4841 conversatione
997 4785 1232 4856 eripuit;
1274 4793 1490 4854 aspectu
1519 4785 1663 4839 enim
1706 4792 1762 4841 et
1806 4801 1901 4837 au-

316 4880 431 4934 ditu
448 4878 631 4948 justus
653 4887 787 4942 erat,
820 4877 1069 4933 lrabitans
1089 4879 1228 4948 apud
1248 4892 1343 4933 cos
1363 4879 1455 4947 qui
1480 4878 1546 4932 de
1573 4877 1659 4933 die
1680 4877 1733 4931 in
1759 4876 1898 4932 diem

314 4970 554 5024 animam
563 4969 766 5040 justam
784 4970 982 5039 iniquis
994 4969 1248 5039 operibus
1262 4968 1679 5022 cruciabant:ita
1695 4976 1749 5021 et
1763 4984 1905 5021 nunc

314 5075 411 5114 eos
430 5062 523 5132 qui
550 5070 672 5131 post
691 5076 908 5115 carnem
934 5059 1158 5114 alteram
1197 5060 1250 5113 in
1277 5058 1713 5129 concupiscentia
1736 5066 1790 5112 et
1812 5059 1907 5111 im-

316 5152 583 5207 munditia
604 5152 881 5206 ambulant
899 5151 1156 5215 audaces,
1178 5150 1280 5225 sibi
1304 5150 1598 5219 placentes,
1628 5156 1685 5203 et
1726 5157 1905 5203 sectas

318 5259 425 5297 non
463 5251 710 5298 metuunt
755 5241 933 5297 facere
981 5242 1441 5311 blaspbcnrautes,
1472 5240 1526 5293 in
1556 5239 1906 5310 corruptione

317 5349 415 5388 sua
444 5334 720 5404 peribunt,
748 5332 1109 5403 percipientes
1130 5330 1432 5387 mercedem
1464 5329 1738 5399 injustitim
1768 5345 1897 5385 suae.

317 5424 527 5478 Nullius
550 5423 693 5477 enim
720 5423 861 5479 Deus
888 5431 1106 5478 veretur
1132 5422 1587 5493 magnitudinem,
1627 5422 1753 5492 quia
1787 5422 1903 5490 ipse

317 5527 404 5573 est
428 5532 593 5588 super
617 5532 807 5572 omnes
834 5526 890 5571 et
916 5516 1301 5587 magnitudinis
1336 5515 1450 5585 ejus
1481 5530 1587 5567 non
1627 5523 1713 5568 est
1757 5514 1898 5566 linis.

320 5608 531 5663 Nullius
556 5622 843 5677 personam
874 5607 1097 5677 recipit,
1120 5607 1246 5676 quia
1277 5620 1716 5672 unumquemque
1747 5604 1900 5673 juxta

322 5704 439 5760 vias
470 5701 891 5773 suasjudicabit.
927 5700 1231 5770 [Equaliter
1261 5714 1389 5753 cura
1417 5705 1500 5751 est
1533 5695 1604 5748 illi
1631 5694 1696 5750 de
1732 5697 1903 5750 enmi-

1975 1870 2104 1924 tiam
2133 1861 2451 1939 sequuntur,
2476 1883 2505 1920 a
2527 1867 2674 1937 justo
2697 1866 2877 1937 judice
2899 1864 3122 1935 justitire
3145 1878 3255 1917 sua:
3282 1864 3565 1933 praemium

1973 1957 2277 2028 accipient;
2319 1964 2375 2010 et
2422 1956 2514 2026 qui
2563 1954 2849 2010 didicerint
2891 1954 3059 2027 justa,
3109 1952 3294 2021 utique
3334 1952 3386 2005 in
3421 1963 3566 2007 recte

1973 2048 2241 2103 credendo
2271 2054 2324 2101 et
2354 2047 2493 2101 bene
2522 2046 2818 2115 operando,
2862 2044 2967 2097 illis
3014 2043 3284 2097 tribuetur
3323 2042 3451 2111 quid
3482 2058 3567 2096 re-

1974 2138 2272 2208 spondeant
2317 2137 2533 2206 quando
2573 2136 2835 2191 diseussio
2887 2134 2993 2189 erit
3041 2133 3395 2202 singulorum,
3435 2133 3561 2201 quia

1974 2232 2173 2286 bonum
2206 2230 2487 2300 praesentis
2516 2230 2637 2283 vita:
2660 2228 2913 2282 meritum
2945 2226 3197 2297 perennis
3224 2224 3407 2295 gloria:
3440 2223 3567 2279 bea-

1979 2331 2093 2377 tum
2117 2321 2321 2391 expetit
2342 2321 2643 2390 prmmiuur.

2572 2451 2797 2508 CAPUT
2837 2451 2969 2505 XIII.

1982 2568 2265 2639 Sapientia
2299 2566 2542 2621 hortatur
2586 2572 2808 2617 rectores
2858 2561 3109 2639 Ecclesiw
3154 2571 3207 2639 ut
3255 2561 3473 2632 audiant
3519 2571 3570 2639 et

2052 2632 2419 2707 concupiscant
2449 2650 2711 2707 sermones
2735 2650 2880 2707 suos,
2904 2632 3154 2707 quoniam
3181 2633 3293 2702 ipsa
3327 2649 3381 2685 se
3405 2633 3572 2702 gratis

2052 2702 2259 2779 prabet
2281 2706 2413 2771 illis,
2456 2705 2725 2779 conferens
2756 2702 2912 2757 simul
2950 2702 3295 2772 iutegritatent
3338 2704 3572 2772 corporis

2052 2775 2099 2832 et
2130 2777 2417 2831 castitatem
2448 2775 2639 2828 anima:

2055 2908 2413 2979 Concupiscite
2435 2923 2557 2976 ergo
2575 2920 2837 2959 sermones
2864 2919 3026 2968 meos,
3058 2910 3104 2956 et
3130 2901 3330 2971 diligite
3353 2901 3490 2965 illos,
3522 2911 3571 2953 et

1983 3003 2237 3058 habebitis
2261 2999 2611 3071 disciplinam.
2642 2996 2842 3052 Verum
2868 3005 2953 3051 est
2982 2995 3126 3065 quod
3154 2995 3246 3064 qui
3285 2993 3456 3063 diligit
3486 3008 3574 3047 sa-

1909 3108 1954 3173 C
1985 3096 2244 3167 pientiarn
2278 3104 2333 3148 et
2365 3092 2614 3147 assiduus
2653 3099 2738 3144 est
2777 3080 2918 3143 illius
2947 3088 2999 3142 in
3032 3086 3414 3152 meditatione,
3444 3102 3576 3139 eorr-

1986 3199 2168 3245 scrvet
2192 3187 2529 3256 disciplinam
2562 3186 2616 3239 in
2645 3183 2905 3248 moribus,
2929 3199 3031 3238 nec
3059 3182 3214 3236 aliter
3233 3188 3411 3251 potest
3431 3195 3577 3233 ama-

1988 3291 2073 3336 tor
2096 3278 2314 3350 probari
2342 3267 2620 3347 sapientia:
2647 3274 2750 3328 nisi
2781 3282 3132 3328 conservator
3165 3273 3237 3327 sit
3258 3270 3572 3340 disciplinae.

1988 3373 2142 3428 Unde
2167 3371 2281 3442 ipsa
2304 3369 2519 3424 Veritas
2542 3367 2652 3421 ait:
2694 3364 2751 3420 Si
2780 3365 3000 3435 diligitis
3032 3382 3111 3419 me
3132 3405 3147 3429 ,
3178 3364 3429 3419 mandata
3459 3379 3577 3417 mea

1986 3472 2187 3519 servate
2216 3460 2400 3533 (Joan.
2427 3457 2538 3530 xv).
2571 3457 2634 3511 Et
2668 3456 2860 3511 iterum
2887 3474 2899 3509 :
2938 3455 3001 3510 Si
3027 3456 3144 3525 quis
3179 3453 3349 3524 diligit
3370 3470 3449 3508 me
3470 3470 3580 3507 ser-

1988 3569 2193 3607 monem
2222 3567 2394 3605 meum
2428 3547 2671 3605 servabit.
2692 3545 2874 3613 (Joan.
2911 3545 3046 3616 xrv).
3080 3543 3217 3599 Hinc
3252 3552 3305 3599 et
3345 3541 3580 3599 lacubus

1990 3645 2106 3699 ait:
2152 3643 2331 3697 Estore
2352 3657 2474 3712 ergo
2503 3640 2727 3710 [actores
2763 3636 2898 3691 verbi
2937 3646 2984 3690 et
3024 3653 3125 3690 non
3155 3635 3422 3689 auditores
3457 3644 3579 3690 tan-

1990 3748 2100 3793 tum
2145 3735 2385 3807 fallentes
2422 3731 2796 3801 vosmetipsos,
2838 3729 2962 3800 quia
3008 3744 3109 3782 non
3150 3727 3417 3781 auditores
3453 3726 3580 3796 legis

1982 3824 2417 3896 justiﬁeabuntur
2461 3821 2601 3892 apud
2666 3818 2968 3883 Dominum,
3028 3818 3118 3871 sed
3175 3816 3399 3885 {actores
3455 3815 3583 3884 legis

1993 3917 2147 3989 (Jac.
2230 3932 2243 3970 ι
2298 3916 2335 3986 ).

2066 4025 2226 4080 Clara
2254 4035 2349 4090 est,
2378 4033 2426 4079 et
2455 4040 2572 4095 qua:
2605 4039 2871 4094 nunquam
2902 4022 3175 4076 marcescit
3207 4021 3497 4091 sapientia;
3537 4031 3584 4074 et

1996 4115 2151 4186 facile
2176 4115 2377 4171 videtur
2396 4114 2461 4168 ab
2489 4114 2569 4167 Itis
2597 4114 2687 4181 qui
2713 4110 2942 4183 diligunt
2978 4126 3126 4177 eam,
3154 4120 3202 4164 et
3232 4111 3494 4165 invenitur
3517 4111 3581 4163 ab

1995 4211 2076 4263 Itis
2104 4209 2193 4280 qui
2227 4215 2472 4279 quaerunt
2497 4205 2667 4260 illam.
2700 4204 2874 4258 Decor
2910 4202 3190 4272 sapientia:
3219 4202 3576 4261 immarcesri-

1994 4301 2121 4356 bilis
2146 4309 2261 4365 est,
2299 4306 2356 4353 et
2391 4298 2476 4353 bis
2503 4296 2633 4352 solis
2666 4304 2815 4365 patet
2851 4295 2943 4365 qui
2974 4309 3094 4349 eam
3129 4294 3182 4349 in
3210 4293 3437 4349 veritate
3462 4292 3587 4347 dili-

2001 4402 2167 4465 gunt,
2211 4401 2267 4447 et
2306 4391 2547 4447 studiose
2588 4388 2889 4458 requirunt.
2936 4385 3040 4453 Qui
3079 4393 3261 4441 autem
3305 4400 3424 4441 eam
3465 4384 3588 4439 ﬁcte

1924 4467 1976 4526 Ῑ)
2002 4493 2251 4555 quaerunt
2282 4481 2428 4537 nullo
2473 4480 2633 4535 uredo
2673 4478 2739 4532 ad
2767 4492 2887 4531 eam
2913 4476 3245 4547 pertingent,
3267 4475 3413 4545 quia,
3447 4475 3590 4529 sicut

2002 4577 2248 4647 superius
2278 4574 2483 4630 dictum
2511 4581 2596 4627 est
2615 4611 2628 4636 ,
2655 4569 2883 4640 Spiritus
2910 4577 3122 4623 sanctus
3146 4565 3436 4637 disciplime
3456 4566 3590 4634 e/fu-

2002 4675 2103 4744 giet
2129 4672 2328 4740 ﬁctum,
2363 4677 2411 4723 et
2441 4669 2494 4721 in
2525 4662 2835 4719 malevolam
2861 4663 3094 4716 animum
3114 4675 3218 4714 non
3244 4656 3478 4713 introibit
3503 4674 3591 4712 sa-

2002 4764 2219 4835 pientia.
2241 4761 2395 4818 Unde
2418 4761 2473 4814 in
2494 4758 2803 4815 Proverbiis
2831 4754 3095 4826 sapientia
3138 4752 3303 4809 dicit:
3336 4752 3451 4822 Ego
3471 4750 3611 4805 ditia

2004 4868 2178 4928 gentes
2209 4872 2290 4909 nte
2324 4853 2507 4924 diligo,
2532 4862 2577 4906 et
2604 4852 2693 4922 qui
2716 4866 2867 4903 mane
2892 4848 3104 4918 vigilant
3131 4847 3201 4900 ad
3222 4862 3303 4902 me
3329 4847 3589 4900 invenient

2006 4968 2084 5004 me
2112 4949 2294 5020 (Prov.
2326 4946 2467 5018 vnt).
2499 4945 2567 4998 Et
2606 4945 2841 4998 iterum:
2882 4938 3077 4993 Beatus
3124 4939 3278 4991 homo
3317 4938 3404 5008 qui
3440 4937 3590 4990 audit

2004 5057 2106 5104 me,
2132 5038 2222 5109 qui
2244 5035 2421 5106 vigilat
2450 5034 2518 5088 ad
2547 5033 2683 5102 fores
2714 5048 2856 5085 meas
2881 5029 3116 5101 quotidie
3137 5069 3152 5094 ,
3181 5039 3228 5081 et
3258 5028 3490 5083 observat
3522 5025 3591 5078 ad

2004 5137 2172 5197 postes
2200 5126 2320 5179 ostii
2346 5125 2467 5178 mei.
2513 5121 2618 5188 Qui
2659 5138 2739 5176 me
2777 5120 3026 5174 invenerit
3069 5117 3289 5172 inveniet
3321 5118 3510 5179 vitam,
3543 5125 3619 5168 et.

2004 5219 2210 5274 hauriet
2246 5217 2469 5272 salutem
2494 5233 2527 5269 a
2556 5215 2801 5268 Domino.
2847 5211 2951 5278 Qui
2992 5221 3167 5265 autem
3207 5211 3260 5263 in
3298 5226 3378 5263 me
3411 5223 3590 5277 pecca‘

2006 5313 2131 5369 verit
2154 5310 2304 5365 laedet
2333 5310 2566 5363 animam
2592 5304 2765 5361 suam.
2800 5303 2991 5359 Omnes
3017 5304 3106 5375 qui
3131 5302 3347 5357 oderunt
3380 5316 3479 5362 me,
3505 5297 3589 5350 die

2006 5401 2169 5473 ligant
2199 5399 2463 5471 mortem(
2522 5399 2662 5456 Ibid.
2728 5396 2746 5469 )

2081 5510 2421 5578 Pratoccupat
2441 5507 2531 5577 qui
2555 5523 2608 5559 se
2637 5503 3029 5573 concupiscunt,
3054 5510 3107 5553 ut
3137 5499 3241 5551 illis
3263 5511 3353 5565 per
3372 5509 3426 5547 se
3447 5494 3594 5559 prior

2008 5607 2263 5658 ostendat.
2299 5599 2413 5665 Qui
2431 5598 2662 5651 diluculo
2699 5594 2987 5665 vigilaverit
3016 5592 3092 5644 ‘ad
3130 5589 3273 5642 illam
3313 5602 3413 5638 non
3446 5584 3590 5637 labo-

2009 5696 2138 5751 rabit
2166 5709 2182 5746 .·
2224 5692 2534 5747 assidentem
2583 5687 2715 5742 enim
2766 5685 2909 5740 illaut
2958 5682 3152 5751 foribus
3194 5679 3302 5732 suis
3345 5675 3596 5737 inrcniet,
