3928 6176
387 269 492 325 693

898 280 915 321 ι
983 261 1047 316 Β.
1080 255 1334 316 BABANI
1374 253 1592 312 MAURI
1632 251 1956 309 ARGHlEP.
2030 236 2343 296 MOGUNT.
2381 235 2674 297 OPERUM
2710 233 2893 293 PARS
2929 236 2974 292 1.

3540 241 3639 297 696

401 372 683 445 Sapienti.
713 371 830 428 ηε
856 368 1111 426 Christus
1139 379 1224 424 εει
1242 366 1415 422 ﬁnus
1447 363 1564 429 υθῖ,
1583 362 1650 419 de
1683 377 1794 432 quo
1817 366 1955 431 Αρο.
1980 351 2031 411 Α
2057 348 2261 445 sederit
2298 356 2515 445 aeternis
2554 346 2904 404 beatitudinis
2929 346 3253 418 participem
3283 362 3405 404 esse
3444 347 3638 404 faciet:

386 465 565 520 stolas
602 465 678 517 ait
702 480 717 517 :
752 460 1021 518 Christum
1038 459 1156 513 dico
1181 457 1274 513 Dei
1291 458 1541 512 uirtutem
1564 467 1609 510 et
1637 454 1731 509 Dei
1751 453 1962 522 sapien-

385 549 542 616 tiam,
561 550 615 602 in
633 562 736 617 quo
752 544 922 599 omnis
938 540 1208 608 plenitudo
1225 539 1523 595 diuinitatis
1545 538 1745 592 habitat
1770 551 1959 604 corpo-

2060 441 2203 497 unde
2230 447 2285 494 et
2312 439 2559 509 sequitur
2589 456 2603 469 ο
2834 513 2841 519 ,

2131 531 2353 589 Initium
2376 533 2515 588 enim
2546 530 2694 587 illius
2722 532 2996 587 verissima
3024 540 3097 585 est
3127 530 3422 603 disciplina:
3458 548 3644 587 concu-

384 642 574 698 raliter
600 638 652 706 (l
672 639 796 694 Cor.
820 636 1017 707 t;Col.
1042 637 1128 707 ιι).
1153 634 1251 690 llic
1278 649 1410 708 ergo
1433 650 1532 693 sua
1560 633 1734 703 gratia
1767 645 1962 689 omnes
2059 625 2333 695 piscentia.
2368 622 2509 679 Cura
2537 640 2659 696 ergo
2683 623 2996 696 disciplinae,
3025 624 3233 678 dilectio
3267 634 3381 689 est;
3424 634 3472 678 et
3516 626 3647 679 dite-

383 730 767 796 prmoccupat,
800 722 1117 791 quicunque
1141 721 1209 775 ad
1257 720 1381 788 ejus
1407 733 1649 774 amorem
1669 716 1953 780 anhelant,

382 815 508 879 quia
532 815 651 884 ipse
679 819 763 867 est
784 812 895 873 via,
914 810 1144 874 veritas,
1167 818 1221 863 et
1245 808 1379 875 vita,
1402 822 1500 876 per
1518 807 1700 876 ipsum
1722 804 1855 865 itur.
1887 803 1955 857 ad

382 909 559 975 ipsum
602 904 861 969 tenditur,
880 902 946 956 ad
981 903 1156 971 ipsum
1178 898 1519 970 pervenitur.
1544 896 1637 953 llle
1659 906 1839 951 autem
1865 892 1960 963 qui

386 992 457 1043 ab
474 990 684 1060 origine
702 986 1070 1042 illucescentis
1090 987 1141 1039 in
1161 1000 1219 1040 se
1241 983 1362 1038 fidei
1380 982 1546 1038 corde
1559 981 1755 1036 devote
1772 980 1963 1050 vigila—

382 1084 547 1147 verit,
573 1097 679 1136 non
727 1094 901 1135 vacuo
929 1079 1115 1134 labore
1141 1078 1507 1140 consumitur,
1551 1074 1646 1130 sed
1686 1087 1787 1143 pro
1834 1070 1960 1126 boni

382 1174 565 1242 operis
594 1172 778 1228 studio
808 1170 877 1224 ab
910 1171 1029 1239 ipso
1067 1175 1383 1223 coronatur.
1424 1164 1773 1221 Assidentein
1813 1163 1958 1217 enim

383 1263 530 1319 illam
550 1263 765 1317 foribus
780 1263 898 1317 suis
917 1259 1313 1330 inveniet,quia
1326 1258 1447 1327 ejus
1462 1255 1797 1326 adiutorium
1818 1269 1963 1309 sem-

383 1370 483 1423 per
500 1362 753 1426 paratum
782 1352 1023 1409 habebit.
1052 1349 1207 1406 Unde
1235 1350 1289 1404 in
1309 1346 1632 1420 Apocalypsi
1655 1346 1771 1415 ipse
1785 1343 1921 1399 dicit
1942 1360 1957 1398 :

383 1443 515 1497 lfcce
541 1459 633 1514 ego
662 1452 740 1496 sto
771 1442 843 1495 ad
871 1441 1061 1495 ostium
1092 1448 1143 1495 et
1184 1439 1371 1509 pulso;
1415 1440 1459 1493 si
1496 1439 1612 1510 quis
1639 1449 1811 1493 autem
1838 1440 1966 1492 mihi

384 1534 670 1605 aperuerit,
699 1533 921 1587 introibo
949 1532 1021 1585 ad
1042 1547 1181 1596 eum,
1211 1540 1259 1585 et
1287 1529 1496 1585 ccenabo
1533 1546 1649 1583 cum
1675 1546 1736 1584 eo
1770 1540 1818 1583 et
1860 1530 1967 1599 ipse

384 1642 583 1680 mecum
614 1624 796 1697 (Apoc.
829 1626 936 1687 ιιι).

2062 718 2183 783 ctio,
2216 716 2455 772 custodia
2482 714 2653 788 legunt
2674 715 2817 771 illius
2850 726 2959 782 est;
2986 716 3264 770 custoditio
3280 726 3457 770 autem
3477 717 3648 787 legunt

2062 808 2442 862 consummatio
2487 807 2895 878 incorruptionis
2939 818 3054 873 est;
3104 810 3423 881 incorruptio
3472 819 3648 864 autem

2062 898 2190 969 facit
2225 916 2335 955 esse
2371 900 2665 971 proximum
2707 899 2832 955 Deo.
2876 897 3312 972 Concupiscentia
3344 903 3521 974 itaque
3564 920 3650 958 sa-

2060 989 2270 1058 pientice
2289 989 2495 1043 deducit
2515 989 2585 1043 ad
2607 1006 2818 1059 regnum
2838 1001 3167 1062 perpetuum.
3190 991 3363 1060 liuius
3381 993 3648 1049 commodi

2064 1092 2243 1134 autem
2274 1080 2615 1150 profectuum
2653 1081 2854 1152 gradus
2894 1081 3091 1139 Petrus
3134 1085 3408 1154 apostolus
3452 1086 3509 1140 in
3554 1102 3647 1140 sua

2064 1170 2305 1241 EpiStola
2330 1170 2569 1225 ostendit
2595 1171 2781 1227 dicens
2805 1190 2818 1226 2
2867 1170 2970 1228 Vos
2994 1184 3190 1240 autem,
3223 1175 3434 1243 fratres.
3468 1193 3648 1230 caram

2065 1279 2269 1316 onmem
2296 1261 2671 1332 subinferentes
2710 1264 3001 1319 ministrate
3044 1266 3101 1318 in
3143 1265 3249 1333 ﬁde
3293 1276 3459 1320 vestra
3494 1267 3649 1320 virtu-

2066 1363 2191 1418 tem,
2218 1354 2272 1408 in
2295 1355 2480 1407 virtute
2504 1366 2680 1408 autem
2702 1354 2991 1419 scientiam,
3020 1356 3074 1410 in
3099 1357 3317 1410 scicntia
3338 1368 3513 1411 autem
3534 1357 3646 1411 abs-

2067 1444 2364 1509 tinentiam,
2377 1445 2435 1498 in
2453 1444 2768 1500 abstinentia
2791 1456 2966 1500 autem
2984 1447 3313 1517 patientiam,
3327 1448 3381 1502 in
3402 1448 3648 1517 patientia

2068 1541 2243 1587 autem
2268 1534 2536 1603 pietatem,
2567 1534 2622 1587 in
2650 1535 2842 1604 pietate
2880 1545 3053 1589 autem
3088 1552 3319 1591 antorem
3350 1536 3650 1606 fraternita-

2068 1623 2167 1687 tis,
2216 1622 2273 1675 in
2319 1638 2498 1677 amore
2541 1636 2715 1677 autem
2764 1624 3112 1694 fraternitatis
3154 1627 3481 1681 charitatent.
3530 1626 3649 1681 llum

449 1714 695 1785 Cogitare
727 1733 849 1786 ergo
874 1716 937 1770 de
974 1715 1066 1769 illa
1089 1758 1103 1781 ,
1132 1733 1314 1770 sensus
1344 1725 1732 1770 consummatus
1762 1725 1877 1779 est;
1916 1724 1963 1769 et
1993 1720 2041 1779 Β
2067 1722 2241 1765 autem
2264 1714 2443 1766 omnia
2469 1714 2517 1767 si
2546 1714 2805 1769 vobiscum
2834 1716 3010 1770 adsint
3049 1727 3099 1771 et
3129 1730 3402 1787 superent,
3437 1736 3540 1793 non
3571 1738 3651 1774 ra-

380 1808 467 1875 qni
499 1805 783 1876 vigilarcrit
815 1818 1025 1877 propter
1046 1807 1190 1862 illam
1223 1809 1323 1863 cito
1350 1810 1449 1863 erit
1479 1825 1694 1863 securus
1715 1809 1962 1879 quoniam

380 1898 566 1966 dignos
596 1914 650 1952 se
672 1899 783 1968 ipsa
814 1900 999 1952 circuit
1025 1916 1261 1970 qua’rens
1280 1941 1293 1958 .
1318 1909 1367 1954 et
1400 1901 1454 1954 in
1483 1902 1579 1955 viis
1608 1901 1717 1955 suis
1743 1899 1964 1955 ostendit

379 2005 435 2041 se
459 1988 563 2042 illis
591 1989 849 2055 hilariter,
877 2000 921 2045 et
954 1992 1007 2044 in
1030 1992 1171 2046 omni
1203 1992 1533 2065 providentia
1569 2002 1801 2046 occurret
1822 1990 1962 2063 [illim

381 2076 649 2151 Cogitatio
669 2096 816 2151 pura:
838 2082 1037 2137 mentis
1060 2081 1389 2137 desiderium
1413 2090 1499 2138 est
1517 2078 1712 2137 divina:
1733 2091 1970 2138 contem-

379 2171 670 2243 plationis;
712 2173 981 2244 quomodo
1000 2188 1129 2245 ergo
1154 2173 1241 2229 ille
1269 2188 1430 2230 sensu
1456 2189 1563 2231 non
1584 2175 1691 2231 erit
1716 2190 1971 2231 consum-

380 2273 581 2331 matus,
616 2266 707 2336 qui
731 2265 797 2321 ad
819 2280 1058 2320 amorem
1089 2266 1284 2321 summi
1308 2266 1434 2321 boni
1456 2280 1670 2337 semper
1692 2275 1776 2321 est
1797 2266 1970 2321 inten-

382 2364 490 2421 tus,
519 2363 575 2409 et
598 2354 789 2411 beatus
814 2355 903 2411 ille
929 2355 1058 2421 erit,
1086 2356 1175 2425 qui
1203 2355 1446 2427 pervigili
1486 2356 1784 2411 intentione
1826 2370 1971 2410 sum-

381 2462 528 2501 mam
576 2446 911 2518 Sapientiam
955 2449 1180 2518 quaerit,
1212 2448 1366 2518 cujus
1408 2463 1537 2503 vera
1584 2447 1800 2518 adoptio
1832 2463 1972 2503 verm

382 2538 714 2594 sinceritatis
741 2548 827 2594 est
851 2539 1156 2608 perceptio?
1179 2537 1283 2593 Sed
1309 2553 1468 2594 nemo
1498 2545 1721 2607 repente
1746 2536 1973 2592 ﬁt'snut~

384 2642 507 2681 inus
531 2644 546 2694 ;
585 2627 716 2697 quin
739 2628 919 2697 potius
943 2643 1041 2698 per
1060 2628 1321 2683 virtutum
1343 2628 1650 2699 profectum
1669 2627 1734 2683 ad
1757 2628 1975 2682 summi-

383 2724 553 2771 tatem
583 2717 741 2772 debet
766 2732 887 2772 esse
917 2732 1194 2773 ascensus.
1217 2716 1276 2771 ln
1302 2719 1551 2788 praesenti
1581 2731 1710 2787 ergo
1730 2717 1839 2771 vita
1861 2724 1975 2771 stu-

384 2806 531 2863 dium
583 2806 997 2877 impendendum
1043 2817 1127 2862 est
1169 2807 1437 2863 discenda:
1483 2807 1796 2876 sapientiae,
1835 2814 1891 2860 et
1920 2805 1974 2859 in

385 2898 662 2964 moribus,
692 2897 989 2954 secundum
1016 2898 1134 2967 ejus
1168 2898 1466 2969 disciplina
1494 2913 1743 2953 normam
1784 2897 1976 2952 viven-

386 2990 534 3044 dum.
561 2987 697 3044 Cum
726 2997 905 3044 autem
932 2988 1021 3044 illa
1055 3004 1177 3045 cum
1212 2989 1470 3044 imbuerit
1502 2998 1557 3043 et
1592 2987 1829 3058 perfecte
1854 3003 1977 3058 pos-

2069 1815 2194 1855 cuos
2222 1817 2313 1854 nec
2337 1801 2449 1855 sine
2473 1801 2649 1871 fructu
2676 1820 2765 1858 vos
2787 1806 3135 1870 constituent,
3163 1807 3216 1859 in
3248 1806 3461 1860 Domini
3495 1820 3651 1861 nostri

2080 1890 2209 1945 Jesu
2232 1890 2427 1946 Christi
2452 1894 2743 1962 cognitione
2758 1893 2847 1967 (II
2877 1893 3022 1950 l’etr.
3055 1895 3114 1967 t).
3145 1896 3244 1964 Qui
3274 1898 3418 1953 enim
3443 1909 3645 1969 propth

2070 1982 2349 2052 sapientia:
2376 1998 2618 2039 amorem
2644 1984 3114 2054 disciplinabiliter
3145 1987 3196 2041 in
3225 1987 3325 2044 hoc
3357 1988 3560 2043 mundo
3582 1989 3653 2042 \i-

2068 2074 2148 2129 vit
2175 2074 2486 2131 custodiens
2516 2076 2769 2131 mandata
2798 2076 2917 2144 Dei,
2949 2077 3038 2133 hic
3063 2094 3159 2149 per
3185 2093 3466 2135 sacrarum
3495 2081 3653 2134 virtu-

2072 2174 2186 2222 tum
2210 2166 2531 2238 profectum,
2572 2168 2639 2225 ad
2670 2168 3129 2242 incorruptionem
3156 2171 3581 2228 immortalitatis
3605 2182 3656 2229 ct

2070 2268 2386 2331 perpetuam
2420 2260 2585 2315 vitam
2614 2262 2914 2331 perveniet,
2943 2278 3064 2332 qua:
3093 2272 3175 2318 est
3198 2264 3381 2334 utique
3403 2264 3456 2319 in
3480 2264 3657 2335 cogni-

2076 2351 2218 2405 tione
2253 2350 2550 2407 divinitatis
2599 2351 2811 2407 Domini
2855 2354 3032 2409 nostri
3077 2352 3202 2409 Jesu
3248 2353 3472 2410 Christi.
3513 2355 3658 2411 [nde

2074 2440 2188 2510 ipse
2216 2439 2268 2493 in
2301 2439 2592 2513 Evangelia
2619 2442 2688 2496 ad
2720 2441 2934 2499 Patrem
2956 2444 3032 2498 ait
3055 2462 3069 2497 ;
3105 2443 3232 2499 lia'c
3256 2455 3332 2501 est
3358 2456 3533 2501 autem
3559 2446 3657 2500 vita

2075 2540 2271 2584 (eterna
2299 2540 2354 2585 ut
2387 2542 2700 2602 cognoscant
2732 2544 2781 2588 te
2810 2551 2970 2588 unum
3002 2552 3174 2589 rerum
3203 2535 3393 2598 Deum,
3415 2547 3487 2601 et,
3510 2553 3657 2608 quem

2077 2614 2287 2687 misisti,
2323 2620 2507 2676 Jesum
2538 2621 2805 2678 Christum
2851 2624 3043 2697 (Joan.
3088 2628 3251 2697 ιιι-ιι).
3303 2628 3439 2682 Cum
3482 2639 3657 2684 autem

2076 2712 2389 2781 cognoverit
2415 2714 2683 2770 veraciter
2722 2715 2921 2782 Deum,
2960 2726 3085 2773 tunc
3120 2719 3171 2772 in
3213 2719 3658 2789 contemplatione

2078 2802 2276 2873 ipsius,
2323 2805 2657 2862 beatitudine
2698 2807 3007 2877 perfruetur
3054 2822 3413 2882 sempiterna,
3453 2823 3502 2866 et
3540 2827 3656 2866 cum

2078 2909 2206 2966 rege
2236 2910 2333 2949 suo
2359 2896 2516 2950 simul
2549 2898 2665 2969 ipse
2695 2914 2955 2970 regnans,
2990 2902 3040 2956 in
3081 2901 3196 2958 luce
3224 2912 3508 2973 permanet
3546 2917 3656 2973 per-

2080 2995 2257 3057 petua.

1562 3254 1660 3328 L1
1680 3250 1858 3328 BER
1937 3252 2498 3332 SECUNDUS.

1898 3418 2139 3433 ’.Ψ

844 3531 852 3538 .
906 3473 1130 3533 CAPUT
1172 3474 1458 3529 PRIMUM.

384 3573 593 3630 Laudat
636 3574 715 3627 vir
752 3571 959 3641 sapiens
1003 3569 1234 3641 divinam
1276 3567 1628 3641 sapientiam,
1678 3569 1974 3638 praedicans

971 3639 1207 3693 virtutem
1236 3638 1371 3709 ejus.

459 3758 523 3815 Si
547 3772 669 3827 ergo
699 3752 1029 3810 delectamini
1066 3750 1276 3806 sedibus
1321 3763 1366 3806 et
1406 3754 1786 3820 stemmatibus,
1832 3770 1974 3824 reges

384 3848 585 3922 populi,
613 3845 813 3916 diligite
854 3843 1200 3914 sapientiam,
1235 3852 1289 3896 ut
1316 3844 1371 3897 in
1398 3853 1703 3914 perpetuum
1731 3836 1971 3915 regtietis.

384 3939 705 3998 Necessario
730 3938 983 3993 admonet
1010 3949 1163 4005 reges
1194 3943 1352 3990 terra:
1375 3935 1599 4006 diligere
1628 3937 1972 4007 sapientiam,

376 4033 518 4107 quia
556 4032 674 4086 sine
719 4027 983 4107 sapientia
1015 4026 1349 4096 impossibile
1376 4035 1461 4080 est
1502 4027 1607 4080 rite
1646 4042 1973 4097 quemquam

384 4138 613 4196 regnare
634 4115 809 4192 posse.
838 4117 991 4174 Unde
1012 4125 1096 4173 est
1119 4116 1267 4172 istud
1278 4115 1642 4172 Platonicum:
1667 4116 1818 4172 Tune
1839 4116 1977 4173 bene

385 4217 598 4287 regitur
626 4211 932 4283 respublica
951 4210 1167 4281 quando
1186 4218 1413 4279 regnant
1435 4208 1761 4279 philosophi,
1785 4217 1840 4263 et
1858 4209 1979 4279 phi-

383 4308 741 4379 losophantur
761 4306 1132 4374 imperatores.
1149 4302 1281 4357 Sine
1300 4302 1565 4372 sapientia
1583 4301 1728 4357 enim
1751 4315 1974 4375 regnum

383 4407 572 4453 tenere
593 4394 759 4461 velle,
795 4393 969 4464 magis
990 4401 1075 4447 est
1109 4393 1403 4463 tyrannica:
1430 4389 1772 4448 truculentiae
1813 4407 1974 4463 quam

386 4488 587 4561 regalis
608 4486 997 4558 temperantiae.
1016 4484 1357 4554 Quapropter
1378 4492 1620 4539 rectores
1631 4484 1978 4539 considerent

387 4580 666 4645 Ecclesiae,
698 4593 860 4648 quam
883 4578 1022 4631 bene
1048 4576 1368 4638 conveniat,
1407 4582 1467 4627 ut
1511 4574 1610 4644 ipsi
1658 4574 1720 4628 in
1752 4574 1976 4629 medita-

386 4673 541 4727 tione
576 4669 779 4726 assidui
824 4668 933 4722 sint
978 4666 1109 4736 legis
1136 4665 1351 4719 divinae.
1383 4664 1484 4731 Qui
1520 4665 1665 4718 enim
1697 4679 1975 4719 sacrarum

388 4761 799 4834 Scripturarum.
818 4760 870 4815 in
902 4758 1190 4823 discendo,
1222 4756 1467 4812 docendo
1507 4764 1671 4827 atqne
1701 4757 1976 4827 operando

1998 3484 2043 3546 C
2074 3479 2395 3549 sapientiam
2423 3478 2513 3534 Dei
2556 3479 2625 3535 de
2658 3480 2851 3536 mortis
2895 3480 3091 3552 laqueo
3116 3492 3360 3554 ereptum
3387 3496 3471 3543 est
3496 3504 3661 3561 genus

2079 3571 2402 3636 lutmanum;
2441 3570 2585 3627 unde
2613 3580 2672 3627 et
2700 3571 2945 3642 sequitur
2970 3590 2983 3626 :

2150 3660 2437 3716 Multitudo
2465 3671 2641 3716 autem
2661 3663 2979 3734 sapientium
3001 3665 3200 3720 sanitas
3222 3678 3297 3723 est
3325 3669 3467 3725 orbis
3500 3684 3663 3729 terra-

2078 3768 2193 3805 rum
2216 3768 2234 3817 ;
2267 3760 2315 3805 et
2343 3769 2436 3806 rea:
2462 3752 2671 3822 sapiens
2698 3752 2878 3823 populi
2905 3755 3315 3812 stabilimentunt
3342 3770 3437 3814 est.
3480 3761 3660 3819 Multi-

2077 3841 2206 3897 tudo
2232 3849 2419 3896 autem
2452 3842 2775 3913 sapientium
2809 3852 2982 3900 cretus
3008 3856 3093 3901 est
3124 3860 3434 3905 sanctorum
3463 3854 3657 3922 praedi-

2077 3942 2351 4000 catorum,
2387 3949 2623 4003 quorum
2659 3935 2903 3991 doctrina
2942 3937 3148 3991 sanitas
3181 3948 3267 3995 est
3297 3941 3447 3997 orbis
3486 3953 3662 3999 terra.

2077 4039 2219 4088 rum,
2265 4025 2397 4093 quia
2430 4039 2530 4094 per
2558 4025 2730 4095 ipsam
2761 4025 2831 4079 ad
2861 4024 3023 4081 (idem
3057 4028 3258 4084 Christi
3291 4046 3553 4089 conversa
3581 4043 3665 4090 est

2078 4116 2237 4171 turba
2298 4116 2717 4172 innumerabilis.
2758 4116 3093 4174 diversarum
3148 4121 3454 4184 nationum.
3500 4127 3663 4197 Cujus

2076 4205 2286 4262 scilicet
2304 4207 2479 4262 turbas
2504 4222 2596 4263 rex
2627 4208 2849 4279 sapiens
2863 4219 2965 4277 est,
2998 4210 3113 4265 itan
3133 4212 3247 4283 ipsa
3280 4215 3372 4269 Dei
3399 4219 3660 4288 sapientia

2076 4306 2135 4352 et
2174 4298 2347 4353 virtus
2382 4295 2541 4354 Jesus
2581 4298 2833 4355 Christus
2869 4301 3012 4356 Deus
3055 4310 3111 4356 et
3160 4302 3423 4361 Dominus
3457 4318 3659 4376 noster,

2075 4390 2173 4459 qui
2206 4389 2503 4446 electorum
2536 4405 2758 4447 suorum
2808 4392 3235 4449 stabilimentum
3263 4395 3352 4461 ﬁt,
3384 4399 3659 4467 quoniam,

2074 4480 2361 4537 Psalmista
2394 4489 2629 4537 testante
2645 4522 2670 4547 ,,
2696 4482 2950 4539 Dominus
2980 4485 3235 4556 fortitudo
3256 4490 3422 4560 plebis
3454 4510 3587 4559 sure,
3614 4505 3660 4549 et

2074 4583 2335 4645 protector
2358 4572 2671 4629 salutarium
2704 4573 2903 4630 Christi
2925 4577 3011 4631 sui
3035 4588 3109 4634 est
3139 4576 3311 4650 (Psal.
3348 4584 3519 4656 xxv")
3550 4602 3565 4650 ;
3600 4587 3666 4641 de

2076 4679 2184 4733 quo
2249 4661 2392 4718 idem
2443 4662 2713 4734 Propheta
2756 4666 2836 4721 ait
2882 4680 2897 4720 :
2944 4667 3199 4723 Dominus
3245 4682 3395 4741 petra
3453 4690 3566 4727 mea
3614 4684 3661 4729 et

2076 4754 2237 4809 robur
2261 4771 2455 4821 meum,
2484 4763 2533 4810 et
2563 4754 2798 4811 salvator
2818 4774 2985 4824 meus,
3016 4758 3165 4814 Deus
3190 4777 3336 4817 meus
3358 4762 3531 4833 fortis,
3558 4781 3667 4835 spc-

390 4854 643 4924 sequitus
666 4865 933 4917 normam,
960 4850 1079 4906 sine
1095 4848 1258 4906 dubio
1277 4847 1516 4904 cmlestis
1540 4849 1688 4920 regni
1711 4848 1976 4920 percipiet
1998 4844 2052 4904 D
2079 4844 2207 4900 rabo
2224 4847 2284 4901 in
2299 4862 2417 4903 eum
2458 4845 2543 4919 (ll
2576 4847 2699 4919 Reg.
2728 4848 2883 4919 xm).

383 4943 714 5101 @222de
759 5043 935 5087 autent
962 5032 1247 5103 sapientia,
1288 5042 1339 5085 et
1362 5031 1800 5101 quemadmodum
1832 5031 1979 5100 facta

386 5130 461 5183 sit
481 5125 727 5195 referam,
755 5134 805 5177 et
827 5124 1269 5178 non’abscondam
1289 5141 1325 5178 an
1345 5124 1490 5179 vobis
1503 5135 1833 5179 sacmnentn
1854 5125 1973 5191 Dei,

388 5217 480 5273 sed
507 5217 573 5271 ab
596 5215 746 5270 initio
777 5216 1073 5269 nativitatis
1090 5216 1408 5286 investigabo
1433 5228 1493 5269 εε-
1509 5233 1701 5286 ponam
1726 5218 1781 5270 in
1806 5216 1975 5271 lucent

387 5307 658 5363 scientiam
685 5302 851 5371 illius,
882 5313 1052 5359 etnon
1080 5304 1355 5375 prasteribo
1380 5306 1644 5359 veritatem
1675 5322 1835 5376 neque
1851 5322 1971 5359 cum

386 5378 585 5457 invidia
609 5397 897 5452 tabescente
924 5397 1020 5450 iter
1047 5397 1283 5462 habebo,
1312 5398 1567 5467 quoniam
1597 5400 1696 5452 ista
1734 5415 1839 5452 non
1876 5400 1971 5453 erit

388 5495 644 5565 particeps
670 5492 959 5562 sapientius.
987 5487 1335 5557 Perspicuum
1363 5498 1451 5545 est-
1468 5489 1617 5559 quod
1640 5489 1855 5543 invidiae
1879 5505 1972 5560 pe-

390 5585 493 5641 stis
516 5597 745 5645 eonsors
762 5597 879 5638 noni
889 5590 972 5637 est
996 5580 1292 5651 sapientiai,
1315 5579 1441 5651 quia
1461 5593 1560 5651 per
1583 5579 1839 5637 invidiam
1861 5580 1973 5635 dia-

394 5676 500 5732 boli
527 5692 672 5734 mors
702 5676 947 5734 introivit
976 5675 1029 5731 in
1063 5682 1234 5730 totum
1256 5671 1443 5730 orbem
1474 5680 1771 5742 terrarum,
1797 5680 1851 5728 et
1876 5686 1973 5744 per
2024 5756 2031 5760 g

2711 4939 2939 4997 CAPUT
2971 4941 3045 4996 ll.

2222 5028 2372 5084 Idem
2403 5032 2480 5085 vir
2508 5032 2725 5101 exponit
2742 5033 2995 5103 origﬁnem
3020 5035 3268 5091 humanm
3290 5049 3521 5095 natum.

2155 5124 2294 5195 Erga
2320 5126 2539 5196 accipite
2558 5126 2889 5196 disciplinam
2912 5145 3004 5199 per
3027 5146 3291 5187 sermones
3317 5149 3460 5189 meos
3482 5146 3529 5190 et
3551 5153 3669 5204 pro-

2079 5217 2213 5272 derit
2241 5217 2403 5272 vobis.
2439 5217 2601 5289 (Cui.
2623 5218 2746 5291 vn.)
2792 5217 2922 5274 Sunt
2958 5222 3167 5291 quidem
3210 5234 3258 5277 et
3295 5240 3390 5295 ego
3429 5227 3668 5284 mortalis

2082 5305 2257 5370 homo,
2286 5306 2481 5362 similis.
2505 5308 2765 5374 onmib‘us,
2796 5319 2846 5363 et
2874 5327 2939 5364 ea:
2960 5328 3144 5381 genere
3170 5315 3365 5369 terreni
3382 5314 3546 5380 illius,
3577 5318 3667 5389 qui

2084 5397 2230 5468 prior
2252 5397 2424 5467 factus
2448 5406 2543 5462 est.
2570 5407 2616 5453 et
2639 5399 2693 5453 in
2714 5410 2885 5453 veratro
2906 5400 3088 5454 matris
3111 5401 3369 5472 ﬁguratus
3387 5423 3505 5459 sunt
3521 5423 3666 5475 caro,

2086 5490 2261 5545 decem
2290 5490 2544 5544 mensium
2576 5499 2805 5562 tentpore
2831 5490 3142 5562 coagulum
3168 5511 3286 5549 sum
3304 5496 3369 5549 in-
3387 5501 3671 5569 sanguine,

2085 5600 2150 5639 ea:
2170 5583 2362 5638 semine
2375 5583 2619 5649 hominis,
2646 5594 2693 5637 et
2713 5583 3086 5640 delectamento
3118 5589 3293 5642 somni
3313 5592 3660 5646 conveniente.

2085 5672 2154 5727 Et
2183 5689 2276 5743 ego
2303 5682 2459 5728 natus
2482 5674 2664 5742 accepi
2682 5689 3005 5728 communem
3030 5690 3202 5730 aerem
3223 5715 3239 5737 ,
3266 5687 3313 5728 ct
3344 5681 3396 5713 ευ
3429 5677 3666 5727 ςὲιιοὲιεοιτ
