3960 6178
207 326 311 384 697

1047 318 1402 377 COMMENT.
1442 320 1509 376 IN
1548 320 1809 379 LIBRUM
1850 321 2258 382 SAPlENTl/E.
2301 359 2370 368 —
2409 327 2536 384 LIB.
2578 328 2643 384 ll.

3398 337 3502 393 698

205 437 415 507 factam
445 438 616 494 decidi
646 446 865 502 terram,
893 442 941 490 et
974 436 1200 506 primam
1235 453 1404 491 vocem
1441 435 1664 492 similem
1689 453 1803 491 om-
1833 441 1885 500 A
1910 441 2036 510 quia
2059 450 2117 497 ut
2136 442 2410 513 apostolus
2431 440 2664 499 Iacobus
2687 444 2764 498 ait
2788 462 2802 498 :
2829 444 2936 510 Qui
2962 444 3064 502 hac
3082 445 3307 519 indiget,
3323 461 3506 515 postu-

200 534 366 589 nibus
403 529 553 585 emisi
580 526 816 598 plorans.
850 525 913 581 In
946 525 1311 582 inrolumentis
1339 527 1566 581 nutritus
1595 543 1732 591 sum,
1759 536 1809 580 et

203 624 353 678 curis
386 619 614 690 magnis.
642 617 811 671 Nemo
839 617 976 671 enim
1005 633 1069 671 ea:
1093 618 1296 689 regibus
1326 617 1476 671 aliud
1498 618 1681 671 habuit
1714 633 1809 670 na-

203 710 431 765 tivitatis
462 708 688 761 initium.
733 703 882 759 Unus
915 722 1035 775 ergo
1076 706 1321 760 introitus
1355 716 1429 760 est
1467 707 1705 759 omnibus
1738 705 1807 758 ad

200 803 408 864 ritum,
461 807 509 852 et
559 796 748 851 similis
788 797 980 850 exitus.
1016 795 1313 852 Ostensura
1362 810 1490 868 ergo
1542 798 1804 867 sapientia

200 892 470 947 virtutem
499 904 654 945 suam
676 904 775 958 per
796 904 892 942 vas
912 881 1013 943 sibi
1036 898 1239 958 aptum,
1265 889 1441 959 primo
1467 889 1641 958 ipsum
1668 902 1805 958 pra:-

202 982 514 1037 dicatorem
546 995 705 1035 suum
732 978 1014 1033 humiliter
1038 979 1367 1034 conditionis
1390 978 1639 1032 humanae
1676 977 1804 1032 facit

200 1070 769 1141 enarrareoriginem,
792 1076 852 1121 ut
877 1069 1248 1139 unusquisque
1270 1069 1408 1124 sciat
1430 1069 1558 1139 quid
1585 1082 1651 1122 ex
1677 1082 1801 1122 ear-

198 1165 286 1220 nis
329 1163 585 1231 origine,
622 1169 675 1216 et
717 1159 845 1231 quid
883 1176 949 1215 ex
981 1161 1123 1215 dono
1167 1160 1364 1216 habeat
1401 1160 1604 1215 divino.
1645 1158 1800 1226 Quod

197 1256 348 1310 enim
377 1252 511 1309 dicit
550 1253 739 1307 decem
773 1252 1041 1307 mensium
1078 1259 1322 1321 tempore
1358 1265 1417 1305 se
1457 1250 1797 1323 coagulatum

198 1345 502 1416 sanguine,
538 1352 591 1398 et
619 1343 823 1398 semine
855 1342 1110 1406 hominis,
1150 1350 1206 1396 et
1231 1341 1624 1397 delectamento
1652 1356 1797 1396 som-
1848 1344 1855 1347 ’

195 1434 270 1488 ιιἰί
312 1433 704 1498 conveniente,
746 1434 1085 1487 demonstrat
1126 1432 1409 1502 utriusque
1447 1447 1611 1488 sexus
1649 1431 1799 1487 diffe-

194 1527 458 1581 rentiam.
486 1524 642 1591 Nam,
674 1533 731 1579 ut
769 1525 976 1596 physici
1004 1524 1176 1590 aiunt,
1216 1540 1400 1580 semen
1441 1524 1677 1579 hominis
1710 1532 1794 1580 est

193 1617 513 1681 candidum,
556 1626 611 1671 et
648 1631 830 1671 semen
872 1617 1119 1672 mulieris
1162 1616 1653 1687 sanguinolentum.
1687 1616 1792 1671 Eo-

192 1724 314 1763 rum
358 1708 665 1765 commistio
697 1708 859 1763 certis
896 1710 1088 1779 spatiis
1118 1718 1419 1779 temporum
1462 1723 1659 1781 corpus
1702 1710 1789 1765 in-

1910 531 2027 586 leta
2042 531 2174 599 Deo,
2188 535 2277 604 qui
2293 533 2384 588 dat
2411 534 2653 589 omnibus
2675 526 2964 606 afﬂuenter,
2990 548 3038 592 at
3060 552 3166 593 non
3185 539 3503 611 inproperat

1910 623 2053 691 (Jac.
2092 624 2164 695 l);
2213 641 2333 694 quae
2371 636 2564 680 mento
2602 626 2937 696 praeponitur
2967 629 3151 699 regnis
3187 639 3242 683 et
3284 632 3503 687 sedibus

1907 724 1964 770 et
1986 716 2189 771 divitiis
2215 717 2485 771 universis
2505 758 2518 779 ,
2558 719 2815 787 quoniam
2842 720 3024 774 omnia
3050 722 3285 790 pretiosa
3315 726 3500 779 tnundi

1907 808 1962 861 in
1991 809 2397 878 comparatione
2429 808 2571 866 illius
2603 809 2884 864 vilescunt.
2926 808 3080 866 Unde
3120 811 3233 881 ipsa
3274 813 3327 866 in
3368 812 3501 867 Pro-

1906 898 2109 953 verbiis
2161 900 2238 953 ait
2279 916 2291 952 :
2334 899 2544 954 Mecum
2599 910 2722 955 sunt
2774 902 2969 955 divitia:
3009 919 3072 956 ac
3123 901 3319 973 gloria,
3378 921 3499 974 opes

1902 1006 2142 1059 superna:
2174 1000 2224 1043 et
2252 990 2464 1059 justitia
2492 1004 2512 1042 .'
2538 991 2729 1045 melior
2762 1002 2839 1046 est
2877 993 3081 1063 [ructus
3111 1010 3255 1047 meus
3286 1010 3418 1048 auro
3446 1005 3497 1048 et

1901 1082 2128 1151 pretioso
2158 1080 2365 1151 lapide,
2402 1091 2451 1135 et
2486 1098 2688 1152 gemma
2718 1098 2833 1137 mea
2861 1094 3077 1155 argento
3112 1084 3272 1139 electo
3309 1084 3493 1158 (Pror.

1900 1170 2043 1241 vnt).
2079 1170 2215 1225 Hinc
2242 1181 2297 1225 et
2328 1172 2445 1242 ipsa
2478 1172 2688 1227 Veritas
2713 1173 2767 1227 in
2795 1173 3086 1245 Evangelio
3120 1190 3345 1247 regnum
3376 1192 3496 1232 ete-

1899 1258 2074 1314 lorum
2113 1260 2380 1316 assimilat
2416 1261 2741 1333 negotiatori
2779 1265 3042 1332 quaerenti
3074 1265 3242 1320 bonas
3269 1280 3486 1337 marga-

1898 1352 2060 1415 ritas;
2079 1352 2169 1421 qui
2196 1351 2405 1405 inventa
2426 1367 2533 1406 una
2556 1354 2783 1422 pretiosa
2811 1355 3101 1425 margarita
3125 1356 3256 1410 abiit
3289 1364 3338 1410 et
3368 1374 3492 1411 ren—

1897 1442 2030 1495 didit
2046 1444 2223 1515 ontnia
2236 1457 2353 1514 qua!
2372 1444 2575 1508 habuit,
2593 1452 2640 1498 et
2664 1445 2788 1498 emit
2808 1462 2925 1499 eam
2947 1444 3161 1517 (Matth.
3184 1450 3339 1517 xm);
3362 1450 3490 1518 quia

1895 1534 1988 1604 qui
2018 1533 2295 1589 caelestem
2326 1534 2649 1605 sapientiam
2677 1537 2947 1591 veraciter
2967 1538 3172 1593 invenit
3193 1580 3208 1604 ,
3240 1538 3344 1595 hoc
3374 1546 3485 1609 est,

1892 1624 2120 1679 verbum
2142 1623 2238 1678 Dei
2267 1625 2320 1679 in
2346 1624 2596 1690 excelsis,
2624 1625 2804 1680 omnia
2826 1626 3189 1683 emolumenta
3209 1630 3491 1699 praesentis

1901 1710 2063 1777 vitaz,
2104 1728 2320 1767 omnem
2362 1714 2761 1783 philosophiam
2803 1716 3117 1782 humanam,
3158 1733 3488 1789 omnemque

191 1800 363 1857 tantis
412 1800 542 1855 facit
588 1799 832 1864 formari,
886 1801 1060 1857 donec
1107 1801 1404 1855 animatum
1462 1802 1530 1855 ad
1579 1810 1791 1873 tempus
1820 1815 1866 1875 Β
1893 1814 2170 1860 oratorum
2204 1806 2567 1877 eloquentiam
2595 1807 2852 1877 despicit,
2885 1818 2940 1863 et
2976 1809 3074 1864 soli
3118 1808 3343 1865 theorize
3397 1812 3482 1865 di.

187 1900 387 1962 partus
409 1891 618 1945 decimo
648 1906 833 1946 mense
866 1892 1167 1961 perveniat,
1196 1892 1443 1962 quamvis
1467 1907 1575 1946 non
1601 1906 1790 1947 omnes

188 1983 256 2039 ad
283 1983 563 2038 decimum
597 1999 839 2037 mensem
878 1985 1220 2054 pertingant,
1253 2000 1374 2041 eum
1415 1985 1504 2039 alii
1536 1985 1787 2054 septimo,

186 2075 277 2131 alii
311 2085 531 2140 octavo,
580 2076 669 2130 alii
708 2092 851 2131 nono
884 2086 1208 2142 nascantur;
1248 2078 1343 2133 sed
1384 2077 1526 2132 hunc
1572 2088 1786 2148 partum

184 2169 276 2239 qui
307 2169 368 2223 in
393 2168 605 2223 decimo
632 2182 815 2222 mense
840 2168 1078 2241 gignitur
1099 2167 1480 2239 perlectiorem
1509 2171 1786 2241 magisque

183 2259 416 2314 vitalem
451 2273 573 2314 esse
613 2267 667 2313 et
704 2258 981 2315 salubrem
1009 2268 1291 2327 asserunt,
1319 2277 1480 2332 quam
1508 2261 1656 2317 illum
1692 2264 1785 2333 qui

184 2349 240 2407 in
269 2359 473 2406 octavo
499 2351 585 2405 vel
610 2366 752 2406 nono
776 2366 961 2407 mense
987 2355 1318 2423 provenerit.
1361 2353 1494 2409 Nam
1527 2355 1631 2410 hoc
1654 2356 1785 2410 dicit

186 2442 407 2497 initium
461 2443 761 2497 nativitatis
823 2444 1077 2500 omnibus
1130 2445 1442 2503 hominibus
1498 2461 1784 2504 commune

184 2549 327 2598 esse,
364 2542 474 2589 tam
516 2535 788 2591 nobilibus
818 2552 979 2606 quam
1015 2537 1366 2609 ignobilibus,
1405 2552 1677 2610 unumque
1706 2541 1787 2595 in-

181 2628 413 2681 troitum
436 2628 676 2682 omnium
692 2630 759 2683 ad
780 2629 967 2695 vitam,
988 2638 1045 2685 et
1065 2633 1295 2688 similem
1318 2634 1526 2689 exitum
1541 2635 1780 2690 omnium

180 2716 299 2773 fore
329 2719 574 2773 ostendit
605 2737 618 2772 :
645 2719 771 2789 quia
803 2720 980 2775 omnis
1017 2722 1180 2778 homo
1219 2731 1472 2779 terrenus
1500 2739 1565 2779 ex
1596 2724 1697 2779 viri
1726 2735 1779 2780 et

179 2810 433 2864 mulieris
487 2811 690 2866 semine
757 2820 908 2867 ortus
975 2815 1288 2883 temporalis
1347 2815 1473 2869 vita:
1552 2816 1780 2870 sortitur

182 2901 472 2955 exordium
505 2943 519 2966 ,
564 2911 617 2956 et
674 2918 769 2971 per
817 2905 1019 2959 mortis
1051 2905 1257 2960 obitum
1312 2907 1506 2962 transit
1556 2906 1623 2961 de
1677 2908 1779 2963 hoc

181 2992 410 3046 mundo.
442 2989 708 3047 Caeterum
737 3002 917 3048 autem
950 2994 1186 3050 caelestis
1209 2996 1399 3063 Adam,
1432 2998 1526 3067 qui
1551 2998 1666 3053 sine
1693 2997 1775 3052 viv—

178 3080 267 3134 rili
294 3081 510 3136 semine
543 3094 607 3136 ex
649 3091 825 3137 matre
876 3084 1084 3155 virgine
1129 3086 1307 3141 editus
1354 3094 1459 3150 est,
1498 3087 1777 3156 proprium

1896 1897 2038 1951 vina:
2074 1911 2270 1953 vacare
2301 1897 2576 1968 gaudebit.
2611 1895 2762 1955 Unde
2796 1908 2851 1954 et
2880 1898 3127 1970 sequitur
3159 1921 3172 1955 :

1965 1987 2135 2058 Super
2163 1988 2386 2043 salutem
2414 1999 2465 2044 et
2498 1992 2718 2061 speciem
2754 1992 2918 2046 dilexi
2951 1992 3097 2047 illam
3116 2035 3130 2059 ,
3163 2003 3211 2048 et
3241 1995 3488 2065 proposui

1887 2095 1983 2149 pro
2017 2085 2130 2133 luce
2158 2078 2347 2134 habere
2370 2078 2552 2135 illam:
2575 2085 2824 2153 quoniam
2853 2078 3279 2156 inexsﬁingnibile
3302 2097 3378 2141 est
3398 2086 3483 2141 lu-

1887 2183 2004 2223 men
2029 2168 2191 2223 illias.
2243 2166 2500 2224 Venerunt
2539 2182 2709 2225 autem
2742 2173 2866 2226 mihi
2901 2177 3075 2229 omnia
3110 2176 3244 2230 bona
3282 2177 3485 2245 pariter

1886 2273 2005 2313 cum
2033 2258 2159 2325 illa,
2190 2270 2240 2314 et
2275 2260 2674 2316 innumerabilis
2698 2262 2943 2318 honestas
2970 2281 3067 2334 per
3099 2280 3285 2321 manus
3312 2266 3480 2322 illius.

1888 2352 2047 2407 Salus
2085 2353 2298 2418 animai,
2324 2366 2449 2422 quas
2470 2362 2554 2408 est
2582 2353 2637 2407 in
2662 2352 3007 2425 possessione
3041 2354 3237 2411 divina:
3261 2358 3481 2427 sapien-

1885 2448 2008 2512 tiae,
2041 2459 2164 2503 cum
2191 2446 2447 2517 operibus
2467 2446 2714 2519 justiti-.13,
2751 2450 2973 2509 omnino
3007 2452 3370 2521 praeponenda
3395 2460 3480 2508 est

1882 2538 2027 2592 omni
2059 2534 2281 2592 sanitati
2301 2538 2566 2607 corporis,
2590 2538 2849 2610 omnique
2880 2540 3081 2611 speciei
3107 2540 3472 2611 corporalium

1884 2642 2087 2693 rerum,
2116 2629 2391 2700 quoniam,
2416 2631 2557 2685 sicut
2586 2628 2640 2685 in
2666 2632 3059 2701 posterioribus
3089 2629 3477 2698 deciarahitur,

1883 2718 2179 2791 speciosior
2209 2730 2295 2777 est
2327 2722 2441 2792 ipsa
2486 2722 2755 2792 sapientia
2796 2720 2928 2789 sole,
2979 2733 3035 2779 et
3063 2734 3228 2795 super
3255 2739 3478 2779 omnem

1882 2808 2299 2881 dispositionem
2338 2811 2618 2868 stellarum
2644 2855 2657 2877 ,
2706 2810 2818 2869 luci
2856 2825 3169 2884 comparata
3204 2815 3480 2872 invenitur

1881 2902 2088 2973 purior,
2133 2914 2258 2958 eum
2295 2902 2399 2959 illis
2440 2905 2698 2960 succedat
2737 2920 2843 2961 nox
2892 2920 2957 2962 ac
3008 2903 3267 2972 tenebrae,
3316 2907 3474 2977 hujus

1884 3000 2067 3047 autent
2094 2992 2275 3050 lumen
2305 2993 2751 3065 inexstinguihile
2775 3006 2879 3051 est.
2907 2997 3065 3061 Quod
3084 3006 3264 3052 autem
3296 2999 3476 3068 sequi-

1891 3092 1983 3138 tur
2004 3086 2222 3141 venisse
2246 3084 2351 3141 sihi
2379 3086 2562 3140 omnia
2594 3082 2734 3140 bona
2766 3087 2971 3158 pariter
2990 3101 3117 3142 cum
3139 3086 3247 3151 illa,
3276 3100 3473 3157 exper-

178 3186 292 3226 suze
316 3172 622 3228 nativitatis
650 3174 813 3229 habet
842 3174 1084 3240 modum,
1112 3176 1205 3247 qui
1232 3186 1288 3233 et
1317 3179 1508 3233 mortis
1537 3194 1646 3234 suze
1676 3195 1774 3250 po-
1804 3172 1848 3233 C
1881 3182 1966 3230 tus
1994 3182 2078 3230 est
2100 3176 2219 3245 ipse
2234 3175 2518 3264 Salomon,
2546 3178 2641 3247 qui
2662 3176 2837 3232 solam
2855 3186 3043 3248 petens
3069 3192 3104 3231 a
3123 3179 3233 3232 Deo
3256 3178 3472 3247 sapien-

176 3263 454 3319 testativaa
485 3264 852 3321 dominatione
879 3265 1151 3323 ordinavit
1185 3269 1516 3324 accubitum.
1550 3271 1781 3325 Verum-

177 3361 367 3409 tamen
394 3352 606 3409 decimo
642 3370 828 3410 mense
860 3363 983 3426 post
1006 3356 1377 3427 conceptionis
1403 3356 1523 3427 ejus
1564 3366 1775 3429 tempus

176 3448 493 3503 nativitatis
542 3449 711 3520 ipsius
750 3466 781 3505 a
821 3450 1147 3508 Christianis
1181 3453 1491 3509 celebratur
1521 3454 1775 3510 solemni-

175 3546 284 3603 tas,
338 3539 557 3608 quando
605 3539 675 3594 ab
715 3549 907 3597 octavo
948 3540 1313 3597 Kalendarum
1362 3543 1627 3613 Aprilium
1667 3560 1774 3615 quo

175 3639 480 3701 conceptus
517 3631 761 3687 creditur
798 3648 968 3702 usque
998 3633 1073 3687 ad
1111 3642 1363 3689 octavum
1405 3634 1771 3692 Kalendarum

173 3719 427 3777 Januarii
482 3722 574 3778 ubi
627 3731 787 3777 natus
839 3722 1088 3787 traditur,
1158 3725 1375 3780 ducenti
1431 3727 1772 3797 septuaginta

172 3831 275 3870 sex
306 3816 423 3871 dies
454 3823 915 3881 annumerantur,
949 3816 1039 3886 qui
1076 3833 1336 3873 numerus
1364 3819 1571 3874 dierum
1606 3836 1765 3890 Copu-

175 3905 255 3960 let
294 3921 491 3961 novem
529 3922 743 3961 menses
770 3915 826 3961 et
869 3922 966 3962 sex
1002 3907 1138 3974 dies,
1174 3917 1229 3962 et
1270 3910 1344 3964 ita
1386 3910 1473 3963 illa
1504 3911 1769 3965 sententia

171 3995 506 4067 Evangeliea
536 4012 642 4067 qua
664 3997 804 4053 idem
837 3995 1084 4053 Salvator
1109 4000 1466 4072 quadraginta
1490 4013 1583 4055 sex
1615 4002 1773 4056 annis

171 4089 436 4160 templum
462 4090 709 4161 corporis
745 4090 828 4146 sui
861 4090 1187 4146 aediﬁcatum
1219 4109 1249 4147 a
1287 4091 1487 4149 Iudaeis
1523 4094 1772 4166 praedixit

168 4180 614 4248 dissolvendum,
658 4197 755 4251 per
783 4182 980 4237 senarii
1015 4185 1225 4239 numeri
1267 4185 1770 4255 multiplicationem

167 4271 569 4344 perfectionem
604 4273 997 4328 incarnationis
1040 4272 1157 4342 ejus
1198 4277 1432 4331 ostendit
1472 4296 1483 4331 :
1517 4277 1643 4347 quia
1670 4280 1769 4334 du-

164 4365 320 4420 centi
355 4373 411 4419 et
452 4365 795 4436 scptuaginla
826 4374 881 4420 et
918 4381 1012 4420 sex
1044 4367 1370 4440 quadragies
1394 4370 1572 4425 sexies
1612 4386 1771 4425 sena-

167 4459 324 4512 rium
355 4458 576 4513 habent.
607 4458 757 4513 Unde
786 4459 1069 4514 evidenter
1094 4461 1264 4516 claret
1292 4464 1435 4533 quod
1466 4465 1605 4519 sicut
1643 4480 1766 4535 per-

1878 3266 2033 3332 tiam,
2064 3268 2219 3339 regni
2244 3267 2652 3333 sublimitatem,
2686 3269 2920 3333 divitias,
2956 3285 3021 3325 ac
3048 3268 3275 3340 gloriam
3307 3268 3470 3324 simul

1876 3373 1998 3414 cum
2030 3357 2118 3413 illa
2154 3360 2474 3429 promeruit.
2509 3356 2735 3429 Mystiee
2760 3368 2945 3414 autem
2971 3360 3281 3430 quicunque
3306 3375 3461 3414 vera-

1875 3450 2011 3504 citer
2038 3447 2239 3504 Christi
2283 3451 2589 3519 perceperit
2620 3450 2893 3515 notitiam,
2916 3452 3161 3505 omnium
3199 3451 3465 3505 virtutum

1875 3559 1933 3598 se
1968 3542 2181 3597 laetatur
2208 3543 2416 3612 pariter
2442 3543 2646 3598 habere
2673 3543 2928 3614 gratiam,
2955 3552 3011 3598 et
3038 3544 3093 3598 in
3124 3542 3311 3599 futuro
3342 3558 3465 3599 cum

1875 3635 1993 3705 ipso
2018 3636 2186 3689 vitam
2213 3634 2513 3705 possidebit
2534 3642 2815 3689 aeternam.

1944 3744 2013 3800 Et
2050 3745 2259 3801 (artatus
2285 3763 2400 3800 sum
2431 3746 2487 3800 in
2524 3745 2763 3800 omnibus
2789 3786 2804 3809 ,
2846 3747 3092 3817 quoniam
3131 3747 3465 3801 antecedebat

1872 3852 1953 3890 me
1980 3838 2079 3889 ista
2112 3836 2389 3906 sapientia,
2434 3844 2483 3888 et
2526 3834 2837 3905 ignorabam
2860 3836 3105 3906 quoniam
3147 3835 3331 3888 horum
3355 3850 3466 3888 om-

1872 3928 2016 3981 nium
2062 3936 2232 3981 mater
2275 3935 2370 3980 est.
2411 3924 2554 3980 Bene
2581 3922 2794 3980 lasta‘tur
2829 3927 2881 3979 in
2914 3927 3187 3989 omnibus,
3218 3940 3379 3996 quem
3409 3928 3463 3982 in

1871 4017 2083 4073 cunctis
2109 4015 2352 4071 consiliis
2388 4016 2502 4071 suis
2530 4024 2585 4069 et
2621 4016 2832 4071 actibus
2860 4016 3174 4085 praecedens
3204 4018 3347 4088 regit
3377 4034 3465 4074 sa-

1870 4108 2073 4177 pientia
2098 4124 2112 4171 ;
2146 4107 2239 4161 sed
2268 4108 2373 4162 hoc
2403 4108 2601 4160 mirum
2631 4114 2737 4170 est,
2766 4107 3037 4176 quomodo
3063 4124 3121 4162 se
3155 4108 3287 4163 dicit
3313 4109 3466 4178 igno-

1870 4217 2019 4256 rasse
2045 4202 2240 4257 horum
2266 4202 2506 4256 omnium
2541 4217 2661 4257 eam
2692 4218 2811 4257 esse
2840 4207 3089 4268 matrem,
3129 4220 3251 4258 cum
3288 4215 3449 4260 antea

1869 4294 2007 4348 dixit
2033 4311 2439 4366 prmoccupasse
2468 4294 2613 4349 illam
2634 4310 2735 4350 'eos
2772 4298 2861 4366 qui
2886 4312 2944 4351 se
2970 4291 3382 4366 concupiscunt,
3405 4310 3461 4355 et

1871 4383 1977 4438 illis
2014 4399 2071 4439 se
2098 4384 2335 4455 priorem
2372 4384 2681 4449 ostendere,
2710 4387 2813 4440 nisi
2847 4384 2983 4439 forte
3006 4387 3058 4439 iu
3084 4403 3341 4456 processu
3376 4390 3459 4458 ip-

1872 4476 1986 4529 sius
2026 4474 2394 4529 meditationis
2434 4474 2739 4546 intelligens
2783 4491 2843 4530 se
2880 4485 3087 4530 tantum
3137 4476 3458 4547 proiecisse,

164 4549 353 4605 fectus
382 4550 539 4615 Deus,
577 4551 652 4604 ita
682 4559 736 4605 et
762 4550 1032 4621 perfectus
1056 4562 1140 4609 est
1165 4554 1328 4609 homo
1346 4554 1503 4611 Jesus
1524 4556 1770 4613 Chrlsrus
1798 4534 1847 4593 D
1873 4575 1933 4620 ut
1977 4566 2216 4637 priorem
2268 4566 2550 4622 scientiam
2601 4568 2887 4638 posteriori
2939 4570 3293 4638 comquanllo,
3334 4585 3457 4625 cum

166 4641 442 4698 Dominus
470 4650 677 4696 noster.
864 4696 868 4701 .

798 4731 1138 4790 CAPUTIH.
1516 4807 1521 4813 .

158 4821 251 4878 De
275 4840 343 4902 _eo
366 4824 507 4902 quod
521 4825 809 4902 conﬁtetur
838 4843 893 4879 se
915 4826 1156 4902 spiritum
1186 4828 1457 4902 sapientia:
1487 4831 1761 4902 accepisse,

267 4896 325 4949 in
351 4896 461 4966 qud
476 4894 632 4966 plura
658 4895 916 4975 dgnorum
941 4894 1061 4965 ejus
1088 4894 1411 4953 charismata
1433 4894 1665 4954 enarrtit.

243 5006 473 5081 PrOpter
497 5010 594 5064 ltoc
616 5010 789 5079 optavi
807 5052 821 5075 ,
853 5020 904 5065 et
925 5011 1081 5067 datus
1112 5023 1185 5067 est
1213 5013 1340 5067 mihi
1362 5031 1577 5081 sensus;
1607 5025 1655 5070 et
1681 5018 1764 5071 in-

152 5102 375 5166 rocari,
410 5111 457 5155 et
490 5102 625 5155 venit
659 5102 712 5155 in
747 5119 826 5156 me
853 5103 1067 5173 spiritus
1098 5105 1400 5175 sapientiw;
1431 5116 1479 5160 et
1502 5110 1764 5179 proposui

148 5194 323 5250 illam
352 5193 522 5263 regnis
555 5201 602 5247 et
633 5192 840 5247 sedibus
862 5234 877 5259 ,
920 5204 971 5248 et
995 5194 1204 5249 divitias
1242 5194 1375 5249 nihil
1412 5213 1523 5251 esse
1552 5196 1684 5251 duxi
1708 5199 1762 5253 in

142 5284 565 5355 comparatione
601 5283 777 5351 illius,
819 5303 910 5340 nec
940 5289 1238 5357 comparavi
1279 5287 1359 5341 illi
1392 5287 1618 5359 lapidem
1646 5307 1764 5361 pre-

143 5378 365 5433 tiosum
398 5390 416 5429 :
441 5378 691 5447 quoniam
720 5395 869 5432 omne
897 5396 1086 5433 aurum
1115 5381 1173 5434 in
1192 5381 1583 5451 comparatione
1618 5381 1762 5436 illius

143 5485 337 5524 arena
373 5478 448 5521 est
481 5469 691 5538 exigua,
722 5479 770 5522 et
797 5479 1048 5539 tanquam
1093 5469 1261 5524 lutum
1295 5470 1641 5525 mstintabitur
1675 5488 1764 5525 ar-

144 5571 388 5633 gentum
428 5562 483 5615 in
518 5572 793 5632 compecto
835 5561 999 5616 illius.
1046 5561 1271 5619 Amator
1316 5563 1595 5635 sapientiae
1626 5563 1764 5618 dixit

143 5668 222 5709 se
242 5661 471 5723 optasse
496 5660 551 5707 et
578 5652 856 5709 invocasse
883 5662 1044 5723 atque
1065 5655 1389 5726 expetivisse
1411 5656 1757 5726 sapientiam,

141 5751 215 5799 et
242 5743 326 5798 ob
351 5744 452 5800 hoc
474 5760 572 5816 per
590 5754 817 5817 gratiam
832 5745 1067 5818 Spiritus
1081 5747 1253 5803 sancti
1270 5762 1328 5803 se
1344 5746 1487 5803 illam
1510 5746 1758 5818 adipisci,

1873 4657 2014 4712 hanc
2055 4657 2323 4712 excellere
2356 4658 2551 4713 viderit
2585 4657 2762 4724 illam,
2795 4659 2846 4713 in
2878 4661 3283 4731 comparatione
3304 4662 3458 4716 istius

1869 4750 2023 4819 quasi
2059 4750 2419 4822 ignorantiam
2458 4764 2580 4805 esse
2604 4751 2945 4839 deputaveq't
2970 4770 2983 4806 :
3012 4752 3179 4822 quale
3208 4762 3292 4808 est
3324 4752 3453 4808 illud

1868 4843 1921 4898 in
1958 4843 2250 4915 Evangelio
2283 4863 2295 4897 :
2328 4843 2455 4913 quia
2495 4842 2729 4898 Joannes
2760 4843 2998 4914 Baptista
3041 4844 3326 4899 Dominum
3372 4844 3454 4899 l‘u-

1866 4942 1923 4988 tu
1932 4950 2046 4988 rum
2060 4934 2418 5004 prmeonando
2428 4942 2482 4987 et
2493 4934 2661 5004 digito
2674 4944 2992 5004 praesentem
3009 4936 3452 5003 demonstrando,

1866 5031 2152 5091 postquam
2166 5037 2290 5076 eum
2306 5021 2613 5088 baptizavit,
2631 5022 2764 5077 dixit
2782 5038 2840 5078 se
2853 5039 2978 5079 eum
2996 5033 3157 5079 antea
3170 5027 3451 5094 neseiisse,

1870 5102 1965 5157 sed
1982 5100 2191 5172 Spiritu
2222 5113 2414 5157 sancto
2444 5114 2609 5172 super
2627 5119 2751 5158 eum
2790 5108 3038 5175 veniente
3072 5109 3175 5163 sibi
3214 5112 3449 5165 demon-

1868 5203 2101 5259 stratum
2136 5211 2281 5257 esse,
2304 5195 2376 5248 ita
2415 5195 2673 5265 inquiens
2706 5216 2720 5251 :
2748 5196 2815 5252 Et
2842 5215 2935 5270 ego
2964 5201 3258 5255 nesciebant
3299 5220 3444 5271 eum,

1865 5289 1958 5341 sed
1976 5288 2066 5357 qui
2088 5288 2231 5341 misit
2256 5304 2336 5342 me
2355 5288 2625 5358 baptizare
2641 5292 2694 5343 in
2712 5308 2871 5361 aqua,
2894 5293 2979 5345 ille
2997 5295 3124 5347 nti/ti
3141 5299 3279 5348 dixit
3296 5313 3313 5348 ε
3336 5294 3448 5349 Su-

1865 5395 1956 5449 per
1981 5395 2133 5449 quem
2160 5381 2353 5435 videris
2371 5379 2634 5450 Spiritum
2654 5381 3052 5437 descendentem
3069 5398 3117 5439 et
3142 5398 3436 5439 manentem

1865 5489 2022 5542 super
2043 5489 2160 5526 eum
2189 5473 2323 5526 sicut
2352 5472 2621 5537 columba,
2659 5473 2744 5527 hic
2775 5486 2849 5528 est
2873 5478 2963 5546 qui
2992 5476 3220 5547 baptisat
3248 5478 3303 5530 in
3324 5475 3447 5545 Spi-

1865 5563 1971 5616 ritu
1994 5572 2205 5615 sancto:
2227 5571 2274 5614 et
2302 5578 2395 5631 ego
2427 5562 2552 5626 ridi,
2585 5574 2631 5616 et
2659 5565 3009 5619 testimonium
3046 5566 3284 5636 perltibui
3323 5569 3448 5635 quia

1864 5654 1947 5708 hic
1978 5663 2052 5707 est
2094 5648 2265 5707 Filius
2302 5652 2394 5707 Dei
2438 5652 2619 5725 (J'oan.
2665 5654 2727 5726 ι).
2777 5654 2866 5711 Sic
2899 5667 2952 5713 et
2995 5658 3050 5712 in
3090 5657 3448 5713 luminaribus

1867 5745 2051 5801 mundi
2074 5752 2267 5801 caetera
2306 5744 2482 5802 sidera
2512 5744 2632 5801 licet
2671 5762 2767 5818 per
2794 5763 2853 5804 se
2876 5747 3020 5804 clara
3049 5747 3178 5815 sint,
3222 5746 3274 5803 in
3300 5763 3449 5805 cum.
