3960 6178
457 273 562 331 699

1098 264 1160 320 Β.
1202 263 1456 320 ΒΛΒΑΝΙ
1497 261 1718 318 MAURI
1757 257 2058 315 ARClllEP

2164 255 2426 313 'OGUNT.
2469 254 2754 312 OPERUM
2789 254 2972 312 PARS
3006 255 3046 310 Ι.
3629 262 3736 315 του

455 385 744 457 paratione
786 391 964 436 tamen
995 377 1124 434 solis
1158 377 1380 431 minime
1415 375 1562 430 clara
1593 388 1715 430 esse
1746 371 2048 443 deprehen-
2075 370 2123 431 A
2150 369 2393 423 dietatem
2423 379 2742 440 temporum,
2782 369 3201 423 vicissitudinum
3226 373 3658 442 permutationes,
3687 385 3742 432 et

460 477 681 532 duntur.
704 471 858 528 Unde
881 476 935 524 et
959 468 1072 538 ipse
1088 466 1188 533 sol,
1211 481 1277 521 eo
1299 465 1440 536 quod
1462 464 1606 519 solus
1631 463 1827 530 diurno
1847 460 2049 516 lumine

460 569 604 624 inter
630 571 826 621 caetera
853 569 997 616 astra
1029 559 1231 624 luceat,
1261 557 1592 612 nominatur.

533 655 706 720 Quam
741 652 853 706 sine
887 648 1098 718 ﬁctione
1135 647 1317 711 didici,
1357 655 1405 700 et
1440 645 1550 699 sine
1580 645 1778 699 invidia
1811 661 2048 698 commu-

460 747 598 811 nico,
653 753 700 798 et
753 743 1071 796 honestatem
1115 738 1259 793 illius
1309 755 1412 792 non
1459 737 1740 792 abscondo.
1788 735 2050 806 Superius

459 837 672 891 dixerat
698 833 842 904 quod
870 831 1104 901 Spiritus
1131 837 1353 886 sanctus
1381 831 1538 884 dator
1558 828 1752 882 divina:
1773 828 2050 896 sapientia:

458 925 718 996 ellugcrct
747 924 932 978 ﬁctum
955 921 1276 992 disciplina),
1300 929 1355 976 ct
1384 921 1438 975 in
1461 918 1780 974 malevolam
1806 919 2048 972 animam

459 1035 566 1074 non
618 1017 871 1072 introiret
899 1014 1196 1084 sapientia,
1236 1029 1380 1068 nunc
1419 1021 1598 1066 autem
1637 1025 1798 1066 verus
1831 1024 2048 1078 posses-

459 1123 554 1164 sor
599 1106 879 1176 sapientia:
919 1105 1060 1159 hanc
1100 1103 1234 1158 dicit
1259 1118 1318 1156 se
1358 1101 1476 1156 siue
1515 1100 1732 1156 ﬁctione
1772 1100 2049 1165 didicisse,

459 1199 690 1268 ideoque
720 1197 988 1251 veraciter
1015 1195 1192 1264 potuit
1219 1192 1285 1248 ad
1313 1191 1431 1261 ejus
1467 1192 1714 1248 notitiam
1745 1191 2048 1262 pervenire,
2097 1223 2101 1228 ι

461 1297 517 1344 et
547 1290 666 1345 sine
709 1288 909 1342 invidia
949 1301 1069 1342 eam
1101 1285 1554 1349 communicasse,
1595 1292 1758 1353 atque
1793 1282 2050 1336 honesta-

465 1389 572 1436 tem
599 1379 742 1434 itlius
766 1393 873 1432 non
900 1376 1268 1442 abscondisse,
1295 1375 1422 1446 quia
1446 1373 1648 1428 invidia
1675 1388 1796 1428 cum
1816 1387 1941 1427 vera
1967 1386 2054 1427 sa-

465 1469 670 1540 pientia
703 1467 850 1523 nullo
896 1467 1057 1522 modo
1091 1473 1272 1536 potest
1302 1464 1608 1528 convenire,
1643 1478 1803 1532 quam
1842 1471 2055 1518 constat

463 1559 736 1631 largitatis
789 1565 846 1614 et
900 1555 1288 1612 misericordiae
1343 1545 1660 1608 amatricem
1728 1567 1868 1608 esse.
1921 1551 2052 1618 Qntv

463 1651 602 1704 enim
643 1649 864 1703 societas
885 1657 960 1702 est
997 1647 1104 1699 luci
1136 1645 1204 1699 ad
1226 1645 1506 1698 tenebras?
1542 1655 1633 1700 aut
1669 1661 1786 1716 qna’
1815 1660 2052 1698 conmm-

468 1741 664 1794 nicatio
691 1737 884 1794 Christi
912 1737 982 1792 ad
1015 1735 1222 1790 Belial?
1245 1735 1325 1806 (Il
1356 1735 1478 1790 Cor.
1508 1736 1605 1805 Vl.)
1632 1734 1786 1790 Unde
1818 1733 2054 1790 Jacobus
2083 1721 2130 1779 Β

470 1830 750 1900 apostolus
785 1829 918 1884 dicit
951 1847 962 1882 :
1007 1827 1138 1894 Quis
1176 1827 1384 1894 sapiens
1422 1837 1472 1881 et
1511 1826 1878 1898 disciplinatus
1925 1825 2058 1880 inter

465 1923 594 1978 vos?
633 1921 872 1978 ostendat
897 1930 946 1976 et
982 1920 1117 1975 bona
1147 1919 1534 1974 conversatione
1570 1935 1779 1990 operam
1813 1935 1966 1973 suam
2003 1918 2059 1971 in

467 2013 869 2070 mansuetudine
902 2013 1194 2082 sapientia'.
1233 2011 1388 2077 Quod
1415 2012 1462 2066 si
1495 2011 1660 2064 selum
1703 2028 1944 2065 amarum
1971 2011 2065 2064 ha-

467 2107 618 2170 betis,
662 2116 712 2161 et
743 2105 1096 2159 contentiones
1133 2113 1253 2157 sunt
1287 2104 1342 2158 in
1383 2103 1630 2156 cordibus
1662 2101 1860 2166 vestris,
1903 2101 2062 2156 nolite

467 2197 720 2269 gloriari,
760 2206 807 2250 et
855 2195 1128 2249 mendaces
1168 2209 1278 2248 esse
1307 2192 1560 2248 adversus
1599 2193 1865 2248 veritatem
1902 2209 1920 2247 :
1959 2209 2062 2247 non

469 2299 544 2345 est
573 2289 712 2344 enim
743 2287 844 2342 ista
867 2285 1126 2358 sapientia
1153 2286 1428 2340 desursum
1452 2283 1768 2340 descendens
1793 2323 1810 2349 ,
1846 2284 1937 2338 sed
1959 2293 2062 2338 ter-

471 2397 620 2446 rena,
645 2377 912 2443 animalis,
939 2377 1222 2432 diabolica.
1246 2375 1348 2430 Ubi
1373 2377 1511 2431 enim
1541 2381 1684 2432 zelus
1704 2385 1752 2431 et
1779 2377 2059 2440 contentio,

473 2472 545 2527 ibi
567 2473 663 2526 erit
691 2469 1078 2535 inconstantia,
1117 2477 1164 2522 et
1193 2483 1343 2522 omne
1367 2481 1498 2535 opus
1530 2482 1769 2537 pravum.
1809 2465 1941 2532 Qua:
1967 2483 2066 2520 au-

469 2575 574 2618 tem
599 2564 876 2618 desursum
903 2571 1000 2627 est,
1029 2561 1259 2630 primum
1304 2558 1513 2629 quidem
1533 2559 1726 2628 pudica
1751 2567 1850 2625 est,
1876 2558 2066 2614 deinde

473 2656 721 2729 paciﬁca,
751 2654 1008 2721 modesta,
1030 2650 1335 2716 suadibilis,
1365 2652 1512 2708 bonis
1539 2651 1885 2716 consentiens,
1910 2650 2066 2722 plena

474 2745 928 2800 misericordia‘et
961 2743 1218 2815 fructibus
1257 2743 1426 2810 bonis,
1461 2741 1716 2813 judicans
1744 2741 1857 2798 sine
1895 2742 2065 2796 simu-

477 2836 676 2890 latione
710 2833 852 2905 (Jac.
887 2833 990 2908 m).
1026 2832 1179 2890 Unde
1207 2840 1331 2906 apte
1351 2830 1734 2903 subiungitur:

543 2927 795 2997 Iri/initus
835 2928 974 2982 enim
1005 2927 1282 2982 thesaurus
1317 2935 1396 2982 est
1433 2925 1732 2981 hominibus
1772 2941 1794 2981 :
1821 2941 1925 2997 quo
1975 2925 2066 2996 qui

475 3019 562 3074 usi
599 3029 742 3086 sunt,
781 3019 1062 3090 participes
1098 3017 1224 3087 facti
1255 3026 1377 3072 sunt
1415 3017 1666 3072 amicitia:
1698 3015 1817 3082 .Dei,
1855 3027 2066 3088 propter

473 3110 768 3182 disciplinae
778 3111 918 3165 dona
934 3108 1304 3164 commendati.
1323 3107 1597 3162 Inﬁnitum
1612 3107 1734 3162 ideo
1752 3108 2062 3162 thesaurum

474 3205 609 3260 dicit
634 3219 754 3260 esse
775 3203 1075 3274 sapientiae,
1099 3201 1228 3270 quia
1258 3209 1461 3270 quanto
1485 3201 1607 3270 quis
1624 3199 1918 3255 studiosius
1942 3214 2062 3254 eam

478 3295 660 3362 discit,
685 3302 840 3350 tanto
867 3291 1270 3364 profundiorem
1297 3303 1420 3346 esse
1443 3289 1756 3360 cognoscit;
1783 3297 1838 3344 et
1859 3299 2064 3358 quanto

474 3387 652 3458 magis
680 3385 731 3440 in
759 3401 824 3442 ea
848 3385 1155 3441 meditando
1182 3383 1496 3456 profecerit,
1529 3389 1680 3438 tanto
1710 3383 1880 3452 ipsam
1904 3382 2066 3438 altius

475 3487 664 3548 petere
693 3476 988 3546 intelliget;
1021 3477 1249 3548 ideoque
1280 3475 1448 3545 ipsius
1487 3475 1837 3530 meditatores
1870 3474 2063 3530 amici-

476 3569 564 3624 tiae
615 3567 706 3622 Dei
741 3569 1035 3638 participes
1066 3567 1192 3622 facti
1224 3575 1381 3632 sunt,
1417 3581 1544 3637 quia
1581 3576 1976 3638 prmceptorum
2011 3574 2066 3622 et

471 3653 768 3715 voluntatis
797 3659 891 3716 Dei
917 3659 1030 3714 veri
1075 3658 1212 3714 fiunt
1232 3659 1508 3728 agnitores
1543 3679 1556 3713 :
1585 3660 1652 3714 de
1690 3675 1797 3730 quo
1825 3661 1940 3731 ipsa
1971 3658 2068 3716 Ve-

472 3753 608 3808 ritas
635 3753 706 3808 ad
727 3752 1022 3824 discipulos
1050 3753 1105 3808 in
1136 3752 1426 3824 Evangelio
1453 3753 1530 3808 ait
1560 3769 1573 3806 :
1601 3751 1728 3808 1am
1755 3771 1860 3808 non
1886 3753 2063 3808 dicam

470 3862 560 3901 vos
595 3861 792 3912 servos,
829 3845 954 3917 quia
990 3861 1166 3900 servus
1209 3847 1371 3901 nescit
1409 3843 1538 3918 quid
1585 3846 1749 3918 faciat
1797 3846 2059 3902 Dominus

473 3937 610 4006 ejus.
657 3933 761 3991 Vos
794 3945 970 3992 autem
1010 3935 1124 3990 dixi
1171 3937 1366 3992 amicos
1396 3950 1415 3988 :
1441 3938 1567 4008 quia
1607 3937 1782 3992 omnia
1811 3954 2063 4008 quaman-

474 4045 576 4100 que
603 4028 782 4082 audivi
803 4045 836 4082 a
863 4027 1022 4082 Patre
1050 4043 1163 4081 meo
1193 4036 1314 4082 nota
1338 4026 1439 4097 feci
1464 4027 1604 4082 vobis
1634 4023 1814 4098 (Joan.
1843 4025 1953 4099 xv).

547 4117 681 4173 Mihi
709 4129 885 4173 autem
922 4118 1068 4172 dedit
1106 4117 1248 4172 Deus
1287 4117 1459 4172 dicere
1483 4134 1550 4172 ea:
1571 4118 1829 4172 sententia
1852 4126 1900 4172 et
1929 4133 2066 4188 pra:—

471 4229 678 4268 sumere
707 4211 867 4282 digna
892 4211 1078 4265 horum
1103 4227 1220 4282 qua:
1245 4210 1372 4264 mihi
1396 4209 1592 4264 dantur
1623 4223 1641 4261 :
1672 4211 1922 4281 quoniam
1958 4211 2066 4281 ipse

473 4305 748 4370 sapientia:
767 4303 878 4356 dua:
908 4311 1008 4367 est,
1039 4311 1086 4355 et
1112 4301 1429 4373 sapientium
1459 4301 1800 4366 emendator;
1828 4301 1881 4354 in
1906 4316 2066 4354 manu

2151 461 2578 515 commutationes
2607 470 2894 532 temporum
2913 503 2928 526 ,
2970 461 3098 516 anni
3121 478 3306 517 cursus
3331 504 3346 527 ,
3383 473 3431 518 et
3467 466 3740 522 stellarum

2150 553 2548 626 dispositiones,
2589 562 2807 607 naturas
2837 553 3171 620 animalium,
3209 565 3258 610 et
3287 557 3398 611 iras
3431 557 3742 628 bestiarum,

2152 643 2254 697 vim
2288 652 2557 696 ventorum
2589 683 2604 710 ,
2639 651 2686 696 et
2713 644 3052 714 cogitationes
3080 645 3372 712 hominum,
3415 648 3747 718 differentias

2152 731 2494 804 virgultorum
2511 775 2526 800 ,
2569 743 2619 787 et
2645 734 2864 788 virtutes
2889 733 3127 789 radicum
3147 777 3162 800 ,
3196 747 3246 790 et
3273 755 3602 812 quaecunque
3625 753 3746 797 sunt

2153 823 2406 878 absconsa
2443 834 2490 878 et
2531 823 2812 894 improvisa
2853 823 3016 893 didici
3047 839 3068 878 .'
3104 827 3336 880 omnium
3372 830 3514 883 enim
3550 831 3748 900 artifex

2152 918 2326 972 docuit
2357 935 2438 972 me
2477 919 2752 990 sapientia.
2785 918 3032 986 Qualiter
3052 930 3230 976 autem
3259 921 3517 978 Salomon
3561 926 3752 983 divino

2152 1021 2374 1062 munere
2417 1007 2703 1062 excelleret
2749 1008 2804 1062 in
2849 1007 3135 1078 sapientia,
3184 1012 3421 1067 ostendit
3463 1013 3755 1086 Scriptura

2154 1098 2340 1152 dicens
2375 1116 2388 1150 :
2424 1097 2578 1151 Dedit
2605 1113 2808 1169 quoque
2847 1097 2989 1153 Deus
3035 1101 3348 1169 sapientiam
3391 1100 3680 1157 Salomoni
3707 1115 3754 1158 ct

2151 1189 2486 1261 prudentiam
2505 1188 2728 1243 multam
2753 1188 2927 1254 nimis,
2949 1199 2996 1244 et
3018 1188 3353 1246 latitudinem
3378 1194 3573 1260 cordis,
3595 1198 3756 1262 quasi

2153 1296 2370 1334 arenam
2391 1295 2508 1350 qua:
2529 1289 2604 1334 est
2630 1279 2684 1333 in
2707 1279 2881 1335 littore
2907 1281 3092 1346 maris,
3116 1292 3163 1336 et
3188 1283 3512 1352 prtecedebat
3533 1289 3758 1357 sapien—

2153 1374 2228 1426 tia
2261 1371 2560 1428 Salomonis
2591 1373 2901 1443 sapientiam
2941 1375 3172 1427 omnium
3207 1373 3558 1432 Orientalium
3593 1390 3757 1452 atque

2155 1465 2558 1536 Egyptiorum,
2600 1475 2649 1518 et
2685 1475 2796 1520 erat
2836 1466 3122 1536 sapientior
3155 1469 3356 1522 cunctis
3397 1470 3712 1526 hominibus
3736 1486 3755 1522 :

2153 1557 2440 1626 sapientior
2452 1555 2524 1609 Αἵ
2531 1557 2676 1622 titan,
2708 1557 3000 1625 Ezraelita,
3023 1570 3072 1612 et
3099 1559 3292 1627 Eman,
3322 1571 3370 1615 et
3397 1562 3686 1630 Chalchol,
3709 1576 3756 1620 et

2155 1645 2367 1711 Dorda,
2414 1645 2540 1714 ﬁliis
2581 1645 2797 1713 Mahal;
2836 1657 2884 1702 et
2919 1658 3033 1702 erat
3071 1651 3372 1704 nominatus
3402 1652 3455 1705 in
3488 1654 3758 1709 universis

2157 1737 2394 1808 gentibus
2427 1755 2526 1808 per
2557 1740 2856 1794 circuitum.
2892 1739 3120 1795 Locutus
3155 1751 3228 1796 est
3261 1760 3460 1814 quoque
3491 1742 3758 1800 Salomon

2159 1832 2262 1885 tria
2293 1830 2459 1886 millia
2485 1831 2789 1902 parabolas,
2813 1842 2861 1887 et
2881 1833 3093 1904 fuerunt
3123 1836 3358 1890 carmina
3380 1838 3493 1907 ejus
3517 1839 3762 1911 quinque

2160 1933 2206 1977 et
2234 1921 2395 1988 mille,
2428 1933 2475 1977 et
2507 1923 2789 1994 disputavit
2817 1941 2974 1996 super
2996 1925 3152 1996 lignis
3179 1945 3212 1982 a
3249 1928 3402 1982 cedro
3427 1947 3542 2002 qute
3579 1942 3659 1985 est
3696 1935 3756 1988 in

2161 2013 2360 2068 Libano
2386 2031 2548 2086 usque
2573 2015 2642 2069 ad
2661 2016 2941 2088 hyssopum
2955 2018 3044 2088 qui
3066 2019 3330 2088 egreditur
3349 2021 3412 2074 de
3431 2023 3672 2090 pariete;
3709 2034 3761 2080 et

2161 2104 2406 2160 disseruit
2434 2105 2499 2160 de
2525 2105 2786 2177 jumentis
2807 2117 2854 2162 et
2881 2109 2947 2162 de
2970 2109 3285 2174 volucribus,
3317 2121 3366 2166 et
3397 2113 3674 2184 reptilibus
3699 2129 3754 2171 et

2161 2199 2410 2269 piscibus;
2432 2208 2479 2254 et
2502 2199 2769 2254 veniebant
2788 2201 2852 2254 de
2879 2202 3076 2255 cunctis
3099 2202 3304 2273 populis
3334 2203 3402 2257 ad
3427 2205 3758 2261 audiendam

2165 2291 2479 2360 sapientiam
2510 2289 2834 2358 Salomonis,
2865 2301 2913 2346 et
2948 2291 3012 2346 ab
3043 2293 3295 2348 universis
3321 2295 3522 2365 regibus
3564 2305 3760 2361 terms,

2164 2383 2254 2453 qui
2271 2381 2553 2437 audiebant
2579 2384 2889 2455 sapientiam
2920 2384 3034 2455 ejus
3054 2383 3173 2456 (ΙΙΙ
3198 2367 3327 2457 Reg.
3352 2385 3449 2458 tv).
3476 2387 3762 2444 Caeterum

2164 2471 2420 2542 paciﬁcus
2454 2481 2658 2540 noster,
2699 2473 2791 2543 qui
2819 2481 2901 2529 est
2930 2474 3024 2529 Dei
3046 2474 3220 2530 virtus
3253 2483 3308 2529 et
3335 2476 3429 2532 Dei
3459 2477 3759 2547 sapientia,

2165 2579 2348 2620 coram
2381 2564 2536 2634 cujus
2567 2565 2738 2623 oculis
2767 2567 2950 2622 omnia
2975 2567 3118 2622 nuda
3146 2574 3202 2622 et
3240 2575 3425 2638 aperta
3457 2577 3604 2633 sunt,
3646 2586 3766 2626 non

2166 2656 2338 2712 solum
2374 2657 2490 2728 ipse
2526 2658 2710 2716 omnia
2740 2659 2890 2714 novit
2917 2675 3037 2730 quae
3071 2667 3232 2728 sunt,
3271 2669 3326 2716 et
3352 2675 3473 2730 qua:
3509 2658 3762 2730 fuerunt,

2167 2755 2330 2818 atque
2371 2746 2551 2804 futura
2579 2757 2737 2814 sunt,
2769 2764 2958 2804 verum
2990 2751 3157 2806 etiam
3191 2751 3425 2822 propriis
3451 2751 3762 2823 discipulis,

2166 2837 2270 2894 hoc
2311 2843 2399 2894 ’est
2435 2838 2696 2894 membris
2737 2839 2992 2894 nimirum
3041 2839 3174 2904 suis,
3215 2841 3308 2896 dat
3341 2839 3762 2913 intelligentiam

2167 2929 2547 3001 mysteriorum
2584 2945 2804 2986 suorum
2826 2971 2842 2997 ,
2874 2930 2950 2985 ita
2981 2939 3042 2986 ut
3071 2945 3180 2986 non
3199 2929 3374 3004 solum
3411 2947 3592 2987 rerum
3617 2933 3760 2988 visi-

2167 3020 2356 3075 bilium
2408 3021 2520 3075 imo
2569 3029 2624 3075 et
2677 3020 3030 3076 invisibilium
3078 3021 3360 3078 scientiam
3403 3021 3656 3087 habeant,
3704 3033 3764 3079 et

2168 3111 2296 3182 quid
2343 3110 2565 3166 historia
2611 3112 2822 3177 doceat,
2867 3121 2961 3166 aut
3005 3112 3133 3182 quid
3182 3111 3436 3183 allegoria
3479 3112 3760 3176 ostendat,

2168 3203 2364 3273 quidve
2408 3202 2702 3273 tropologia
2748 3203 3112 3267 commendet,
3156 3211 3211 3259 et
3250 3203 3376 3274 quid
3409 3219 3650 3274 anagoge
3693 3205 3765 3260 de

2169 3291 2417 3362 supernis
2467 3291 2680 3347 intimct
2721 3292 2958 3362 perfecte
2987 3292 3311 3364 intelligant,
3356 3292 3494 3348 unde
3523 3293 3666 3348 bene
3704 3295 3759 3347 in

2167 3382 2458 3454 Evangelio
2495 3381 2691 3454 legitur
2719 3403 2732 3436 :
2765 3383 2887 3454 Ipse
2915 3393 2989 3438 est
3029 3383 3124 3439 tua:
3167 3385 3370 3448 mundi,
3399 3400 3514 3456 qua:
3545 3383 3759 3439 illumi-

2169 3481 2258 3527 nat
2311 3489 2514 3527 omnem
2553 3473 2814 3528 hominem
2861 3473 3147 3528 venientem
3194 3473 3248 3527 in
3312 3473 3449 3526 hunc
3500 3474 3760 3528 mundum

2168 3563 2354 3634 (Joan.
2399 3565 2472 3636 l),
2504 3579 2665 3633 quem
2693 3563 2787 3634 qui
2813 3563 3058 3634 sequitur
3087 3580 3192 3620 non
3239 3564 3480 3620 ambulat
3505 3565 3560 3619 in
3606 3574 3761 3620 tene-

2165 3657 2304 3724 bris,
2332 3657 2426 3712 sed
2454 3656 2674 3712 habebit
2697 3657 2878 3712 lumen
2907 3657 3051 3714 vitae.

2238 3748 2335 3804 Est
2386 3748 2523 3803 enim
2570 3748 2628 3803 in
2669 3746 2762 3802 illa
2809 3749 3027 3820 spiritus
3085 3747 3473 3820 intelligentiaz,
3515 3761 3755 3818 sanctus,

2167 3841 2377 3906 unicus,
2417 3837 2716 3911 multiplex,
2752 3839 2979 3907 subtilis,
3014 3839 3250 3906 mobilis,
3279 3841 3526 3910 disertus,
3557 3843 3762 3896 incoin-

2165 3933 2436 4004 quinatus,
2483 3941 2687 3998 certus,
2713 3933 2920 4000 suavis,
2962 3949 3150 3988 amans
3185 3933 3376 3989 bonum
3415 3944 3627 4000 actum,
3668 3937 3764 4005 qui

2169 4025 2373 4082 nullum
2401 4035 2538 4080 vetat
2567 4024 2887 4096 benefacere,
2913 4025 3200 4091 humanus,
3223 4025 3498 4096 benignus,
3529 4025 3760 4093 stabilis,

2167 4127 2362 4183 certus,
2383 4132 2617 4182 securus,
2644 4131 2847 4170 omnem
2869 4114 3063 4170 habens
3077 4117 3348 4180 virtutem,
3365 4117 3540 4170 omnia
3555 4117 3765 4186 prospi-

2167 4209 2330 4271 ciens,
2352 4216 2399 4260 et
2419 4207 2508 4278 qui
2533 4207 2706 4277 capiat
2729 4222 2906 4261 omnes
2927 4207 3142 4277 spiritus
3164 4205 3481 4278 intelligiles,
3510 4206 3759 4270 mundos,

2168 4297 2403 4353 subtiles.
2435 4297 2601 4352 Isaias
2635 4296 2904 4369 Propheta
2932 4297 3262 4353 charismata
3310 4297 3490 4351 divina
3533 4311 3768 4353 enume-

472 4395 612 4450 cnim
654 4392 797 4448 illius
837 4401 884 4447 et
933 4407 1048 4458 nos,
1089 4402 1136 4446 et
1169 4407 1434 4446 sermones
1465 4391 1646 4454 nostri,
1690 4400 1736 4445 et
1782 4392 1952 4445 omnis
1978 4409 2065 4446 sa-
2092 4423 2142 4480 Ι)
2171 4407 2317 4455 rans,
2355 4405 2476 4461 quae
2503 4390 2837 4462 septemplici
2881 4389 3074 4462 Spiritu
3117 4391 3172 4444 in
3207 4389 3338 4446 ﬂore
3374 4390 3569 4444 radicis
3603 4387 3763 4447 Jesse

375 4503 386 4518 κ
472 4485 692 4556 pientia,
727 4495 773 4538 et
817 4499 1030 4559 operum
1071 4483 1288 4536 scientia
1334 4497 1398 4535 ac
1436 4482 1730 4553 disciplina.
1766 4481 2062 4554 Sapientia:

474 4577 582 4631 dux
625 4576 766 4630 Deus
795 4583 912 4650 cst,
951 4575 1204 4642 illioniam
1239 4573 1582 4643 omnipotens
1610 4572 1772 4628 Pater
1813 4575 2062 4629 incarna-

476 4666 637 4721 tionis
679 4663 940 4735 unigeniti
984 4663 1104 4716 Filii
1148 4665 1229 4717 sui
1275 4671 1464 4717 auctor
1501 4672 1606 4727 cst,
1650 4679 1810 4732 quem
1839 4667 1980 4720 misit
2008 4667 2060 4722 in

476 4756 762 4821 mundum‘,
805 4766 865 4810 ut
895 4755 1338 4812 illuminationem
1365 4756 1607 4810 veritatis
1637 4758 1944 4827 perciperet
1973 4777 2062 4832 ge-

477 4863 578 4901 nus
601 4833 920 4911 humanum,
945 4847 1029 4900 cui
1054 4846 1194 4900 dedit
1226 4863 1428 4900 omnem
1457 4856 1760 4917 potestatem
1779 4849 1831 4904 in
1859 4850 1986 4906 caelo
2011 4861 2062 4906 et

477 4936 530 4988 in
569 4946 743 5002 terra,
782 4939 1032 5008 quoniam
1063 4953 1126 4990 ea:
1156 4938 1266 5006 ipso
1288 4979 1302 5002 ,
1343 4947 1390 4990 et
1431 4954 1524 5008 per
1545 4939 1750 5009 ipsum,
1784 4951 1831 4994 et
1864 4943 1916 4996 in
1948 4943 2061 5012 ipso

477 5033 596 5078 sunt
635 5028 843 5088 omnia,
878 5028 1088 5096 ipseque
1129 5025 1248 5095 fecit
1280 5043 1373 5080 nos
1407 5038 1455 5081 et
1502 5045 1602 5081 non
1645 5030 1746 5099 ipsi
1787 5046 1900 5084 nos.
1948 5031 2061 5084 Nos

477 5123 652 5167 autent
680 5114 902 5184 populus
929 5117 1064 5186 ejus,
1087 5126 1134 5168 et
1165 5133 1282 5169 ares
1305 5133 1514 5186 pascua!
1534 5117 1649 5186 ejus
1683 5117 1856 5189 (Psal.
1888 5107 2068 5192 XCIX):

481 5203 647 5276 Cujus
675 5205 870 5260 donum
922 5217 994 5260 est
1025 5207 1278 5278 quidquid
1318 5217 1452 5260 recte
1486 5209 1736 5262 sentimus
1759 5250 1772 5273 ,
1809 5211 2062 5281 quidquid

480 5307 614 5354 recte
639 5297 952 5368 proferimus
972 5339 986 5364 ,
1017 5309 1064 5352 et
1096 5298 1346 5369 quidquid
1389 5300 1443 5352 in
1472 5299 1616 5354 bonis
1659 5301 1861 5356 actibus
1891 5301 2066 5356 elabo-

479 5405 657 5444 ramus

554 5477 671 5548 Ipse
695 5479 832 5532 enim
865 5478 1005 5532 dedit
1032 5480 1160 5532 mihi
1183 5479 1372 5533 horum
1391 5496 1510 5551 qua?
1538 5492 1658 5534 sunt
1683 5481 1954 5536 scientiam
1986 5500 2067 5537 ve-

481 5584 616 5633 ram,
655 5577 708 5620 ut
728 5567 892 5621 sciant
925 5567 1319 5638 dispositionem
1349 5568 1488 5622 orbis
1517 5577 1800 5634 terrarum,
1827 5582 1873 5623 ct
1901 5572 2064 5624 virtu-

480 5672 554 5715 tes
604 5659 995 5726 elementorum,
1028 5657 1235 5713 initium
1279 5669 1326 5713 et
1356 5660 1852 5716 consmnmationcnt
1887 5673 1932 5714 ct
1962 5681 2066 5715 mr-

2168 4481 2510 4552 rcquiescere
2545 4482 2886 4552 praedixerat,
2932 4481 3168 4536 ostendit
3209 4481 3450 4539 omnium
3491 4481 3756 4536 donorum

2170 4571 2404 4641 Spiritus
2443 4571 2612 4626 sancti
2665 4571 3028 4643 integritatem
3071 4571 3490 4626 inhumanitate
3520 4572 3758 4627 existere

2170 4661 2496 4723 Salvatoris,
2528 4661 2584 4716 in
2615 4675 2722 4732 quo
2754 4671 2881 4716 sunt
2903 4676 3093 4716 omnes
3126 4660 3361 4717 thesauri
3395 4662 3672 4732 sapientia:
3703 4675 3758 4718 ct

2170 4753 2410 4808 scientiae
2451 4751 2774 4816 absconditi,
2816 4761 2870 4806 et
2911 4751 3188 4822 plenitudo
3222 4751 3520 4807 divinitatis
3550 4753 3758 4806 habitat

2171 4843 2556 4915 corporaliter;
2597 4859 2699 4898 nec
2731 4843 2780 4897 ei
2808 4843 2970 4898 Pater
2999 4843 3067 4898 ad
3103 4859 3408 4898 mensuram
3455 4843 3546 4898 dat
3587 4844 3760 4914 Spiri—

2174 4947 2306 5002 tum,
2337 4936 2479 4991 unde
2509 4934 2832 4990 ﬁducialiter
2857 4935 2988 4990 dicit
3015 4953 3028 4989 :
3058 4934 3250 4989 Omnia
3277 4952 3395 5006 qua.)
3415 4935 3570 4989 habet
3595 4935 3759 4989 Pater

2172 5045 2286 5082 mea
2314 5037 2466 5090 sunt;
2512 5035 2559 5081 et
2607 5043 2755 5080 nemo
2803 5026 2941 5081 novit
2992 5025 3191 5082 Filium
3225 5027 3327 5081 nisi
3365 5022 3562 5092 Pater;
3595 5045 3762 5097 neque

2174 5117 2391 5172 Patrem
2416 5116 2532 5189 quis
2569 5117 2738 5181 novit,
2774 5117 2875 5170 nisi
2913 5115 2962 5170 F
2964 5117 3106 5184 ilius,
3134 5128 3181 5172 et
3213 5119 3301 5172 cui
3327 5116 3546 5172 voluerit
3582 5117 3632 5170 Γ
3635 5120 3762 5174 ilius

2176 5205 2399 5261 revelare
2433 5205 2648 5278 (Matth.
2668 5204 2768 5270 x1).
2803 5206 2903 5261 llic
2931 5222 3062 5278 ergo
3091 5223 3213 5262 cum
3243 5209 3478 5278 scriptor
3512 5208 3764 5265 historim

2173 5302 2425 5354 virtutem
2465 5298 2632 5368 ipsius
2662 5299 2942 5368 sapientiae
2976 5314 3237 5354 enarrare
3273 5300 3454 5365 vellet,
3500 5303 3580 5356 ait
3615 5303 3767 5373 quod

2176 5392 2226 5444 in
2259 5390 2374 5458 ipsa
2407 5389 2477 5444 sit
2510 5388 2745 5460 Spiritus
2776 5387 3094 5454 intellectus,
3127 5402 3192 5443 eo
3211 5389 3356 5458 quod
3383 5391 3591 5461 agnitio
3621 5394 3742 5447 veri

2147 5481 2299 5550 tatis
2331 5495 2428 5549 per
2463 5479 2634 5548 ipsam
2661 5477 2958 5536 confertur.
2991 5477 3245 5545 Sanctus,
3276 5494 3342 5535 eo
3373 5481 3516 5552 quod
3546 5485 3773 5537 sancti~

2176 5574 2300 5628 fteat
2344 5573 2544 5628 omnia.
2597 5572 2818 5636 Unicus,
2855 5573 2979 5642 quia
3023 5574 3288 5627 unitatem
3323 5583 3380 5629 et
3410 5573 3776 5630 conetmliam

2175 5666 2227 5720 in
2270 5664 2456 5720 electis
2488 5663 2636 5719 facit.
2672 5663 2948 5733 lllultiplcx
2972 5705 2985 5730 ,
3017 5665 3138 5734 quia
3168 5665 3390 5719 scientia
3423 5676 3478 5716 et
3499 5677 3780 5718 Virtutum
