3960 6178
199 317 298 376 701

1043 317 1396 376 COMMENT.
1437 318 1504 373 1N
1544 318 1806 376 LIBRUM
1845 319 2254 376 SAPIENTLIE.
2281 350 2352 360 —-
2389 321 2516 376 LIB.
2557 322 2621 377 ll.

3380 325 3482 381 702

197 430 525 485 varietatem
559 429 766 485 tribuit.
801 429 1028 486 Subtilis
1063 445 1128 485 ac
1159 429 1392 496 mobilis,
1429 429 1687 498 quoniam
1708 429 1793 483 vi-
1822 432 1876 494 Α
1899 430 2104 484 virtutis
2127 445 2237 484 sate
2261 429 2446 501 (Hebr.
2468 430 2530 500 l).
2571 430 2733 487 Pater
2759 431 2905 488 enim
2951 432 3122 504 ipsam
3159 433 3481 503 sapientiam

196 534 302 574 vus
326 529 412 573 est
439 533 623 574 sermo
661 519 757 574 Dei
786 527 840 575 et
867 518 1090 584 efﬁcax,
1135 529 1192 574 et
1219 520 1603 591 penetrabilior
1644 518 1791 574 omni

199 610 383 681 gladio
420 609 674 678 ancipite,
721 622 778 664 et
808 609 1120 680 pertingens
1157 625 1327 680 usque
1357 609 1423 663 ad
1469 609 1789 664 divisionem

201 702 423 764 animm,
449 711 505 754 ει
524 701 747 770 spiritus
763 717 1084 772 compagum
1104 717 1318 772 quoque
1337 711 1390 758 et
1410 703 1788 769 medullarum,

199 801 258 846 et
297 793 565 846 discretor
597 793 1006 864 cogitationum.
1051 793 1318 859 Disertus,
1359 795 1485 864 quia
1525 796 1702 864 aperit
1729 811 1792 850 os

189 900 494 950 mutorum,
518 894 576 941 et
597 887 828 942 disertas
848 887 1062 957 linguas
1087 886 1216 942 facit
1242 888 1544 948 infantium.
1575 887 1788 942 lncoin-

201 977 485 1043 quinatus,
515 976 642 1045 quia
683 975 885 1030 nullius
907 976 1115 1045 peccati
1147 977 1358 1031 macula
1393 977 1493 1031 sibi
1529 979 1786 1033 cohaeret.

199 1063 421 1129 Certus,
455 1067 580 1136 quia
610 1067 880 1120 neminem
908 1064 1046 1121 fallit
1070 1081 1169 1121 nec
1199 1066 1308 1120 falli
1344 1075 1537 1136 potest.
1573 1067 1788 1133 Suavis,

199 1155 326 1224 quia
347 1156 500 1210 mitis
521 1165 577 1210 et
595 1156 906 1210 misericors
928 1165 1012 1210 est
1035 1157 1288 1211 omnibus
1307 1157 1684 1211 invocantibus
1707 1171 1787 1212 se.

196 1249 408 1302 Amans
436 1249 635 1303 bonum
665 1257 870 1312 actum,
894 1257 950 1302 et
975 1248 1247 1304 neminem
1274 1257 1419 1302 vetat
1446 1246 1787 1314 benefacere,

197 1341 330 1408 quia
358 1354 458 1394 nec
486 1340 681 1410 gaudet
709 1355 870 1408 super
895 1340 1255 1408 iniquitatem,
1281 1342 1582 1410 congaudet
1607 1349 1788 1396 autem

196 1431 440 1486 veritati.
479 1429 759 1494 Ilumanus
783 1439 838 1484 et
863 1431 1148 1500 benignus,
1182 1434 1310 1502 quia
1337 1432 1652 1488 misericors
1682 1441 1785 1500 est,

196 1524 388 1580 suavis
406 1533 461 1578 et
485 1525 626 1593 pius,
651 1524 884 1589 stabilis,
906 1533 1107 1589 certus,
1140 1540 1384 1590 securus,
1411 1527 1502 1595 qui
1533 1527 1586 1580 in
1611 1526 1791 1580 Evan-

196 1615 344 1685 gelio
374 1615 449 1668 ait
485 1633 498 1667 :
537 1613 647 1684 Ego
669 1631 786 1668 sum
820 1615 932 1675 via,
959 1617 1170 1680 veritas,
1199 1626 1247 1669 et
1287 1618 1388 1670 vita
1419 1616 1615 1687 (Joan.
1649 1617 1786 1688 xw).

195 1704 268 1759 Et
293 1704 506 1759 stabilis
527 1704 747 1769 dicitur,
773 1705 896 1773 quia
921 1721 1018 1774 per
1047 1714 1296 1760 naturam
1323 1707 1503 1774 omnia
1527 1707 1784 1761 continet.

1896 519 2028 575 dicit
2073 528 2134 574 ut
2187 519 2423 576 Verbum
2469 519 2585 590 ejus
2611 523 2700 588 sit,
2733 538 2841 578 non
2898 526 3169 593 quomodo
3207 523 3484 595 profertur

1894 625 1962 665 ex
2013 626 2110 666 ore
2136 613 2362 667 verbum
2409 627 2608 668 sonans
2633 655 2648 676 ,
2677 624 2772 668 aut
2817 623 2942 670 ante
2985 617 3482 686 pronuntiationem

1893 703 2162 773 cogitatur
2191 721 2204 756 :
2239 703 2430 773 spatiis
2463 704 2608 759 enim
2657 690 2959 775 temporum
3001 709 3106 764 hoc
3144 709 3450 779 completur
3463 744 3480 776 ,-

1894 791 2024 846 illud
2049 802 2231 847 autem
2259 803 2522 848 :eternum
2550 805 2654 860 est,
2683 805 2736 849 et
2776 795 3128 854 illuminando
3152 799 3286 855 dicit
3327 803 3484 857 nobis

1893 889 1949 936 et
1979 881 2045 936 de
2071 897 2132 937 se
2155 891 2212 936 et
2240 883 2306 938 de
2331 883 2512 950 Patre,
2527 885 2680 956 quod
2726 885 3012 942 dicendum
3043 899 3124 944 est
3151 891 3479 956 hominibus,

1892 972 2123 1042 ideoque
2144 973 2256 1026 ait:
2290 973 2459 1028 Nemo
2487 955 2628 1028 novit
2657 973 2858 1030 Filium
2900 979 3004 1032 nisi
3034 979 3215 1046 Pater,
3253 991 3301 1035 et
3332 955 3480 1038 nemo

1893 1063 2032 1116 novit
2047 1061 2261 1118 Patrem
2284 1065 2384 1117 nisi
2415 1063 2768 1128 Filius,etcui
2793 1065 3010 1139 volnerit
3038 1069 3214 1126 Filius
3244 1073 3476 1128 revelare

1893 1153 2110 1226 (Matth.
2139 1154 2237 1228 ιι).
2277 1156 2414 1224 Quia
2462 1173 2560 1226 per
2580 1157 2775 1212 Filium
2810 1161 3015 1215 revelat
3041 1161 3226 1228 Pater,
3271 1164 3325 1218 id
3367 1174 3471 1230 est,

1891 1262 1989 1318 per
2013 1249 2248 1304 Verbum
2288 1266 2464 1304 suum.
2496 1250 2552 1306 Si
2579 1251 2723 1306 enim
2754 1251 2857 1308 hoc
2905 1253 3132 1309 verbum
3173 1257 3316 1326 quod
3345 1274 3474 1328 pro-

1892 1336 2117 1392 ferimus
2156 1338 2452 1409 temporale
2479 1348 2534 1393 et
2579 1341 2953 1396 transitorium
2985 1353 3090 1410 est,
3135 1352 3191 1398 et
3239 1347 3477 1415 seipsum

1892 1431 2170 1496 ostendit,
2210 1439 2266 1486 et
2292 1431 2422 1486 illud
2472 1433 2538 1487 de
2580 1448 2686 1501 quo
2721 1433 3024 1503 loquimur;
3057 1445 3260 1505 quanto
3309 1439 3483 1506 magis

1893 1522 2130 1579 Verbum
2180 1525 2276 1579 Dei
2319 1541 2417 1595 per
2444 1527 2588 1594 quod
2619 1525 2762 1582 facta
2810 1535 2936 1581 sunt
2979 1528 3182 1592 omnia,
3229 1530 3372 1598 quod
3401 1530 3479 1584 ita

1893 1616 2128 1671 ostendit
2155 1615 2370 1670 Patrem
2402 1617 2562 1672 sicuti
2602 1627 2684 1673 εει
2712 1617 2898 1683 Pater,
2938 1618 3062 1687 quia
3103 1627 3158 1672 et
3193 1619 3370 1688 ipsum
3408 1621 3483 1674 ita

1895 1714 1997 1772 est,
2025 1715 2080 1762 et
2105 1706 2208 1762 hoc
2231 1715 2314 1761 est
2343 1708 2484 1776 quod
2510 1707 2688 1772 Pater,
2721 1709 3018 1764 secundum
3045 1709 3190 1779 quod
3219 1710 3483 1781 sapientia

195 1795 418 1850 Mobilis
447 1804 628 1850 autem
666 1795 899 1860 dicitur,
931 1796 1058 1865 quia
1087 1796 1285 1866 ubique
1315 1797 1480 1850 etiam
1502 1797 1792 1852 nescienti—
1821 1789 1865 1848 Β
1893 1806 1978 1853 εει
1998 1807 2052 1853 ει
2079 1799 2336 1854 essentia.
2375 1798 2510 1853 Nam
2542 1801 2836 1855 secundum
2857 1800 3092 1855 Verbum
3135 1817 3241 1857 non
3279 1802 3379 1857 hoc
3401 1812 3486 1858 est

194 1885 303 1941 bus
327 1885 585 1940 occurrit.
622 1884 834 1940 Tenens
860 1901 990 1956 ergo
1017 1887 1197 1940 omnia
1222 1886 1436 1942 stabilis
1464 1897 1791 1957 pursentem

195 1990 260 2032 se
289 1975 545 2030 omnibus
578 1975 842 2029 exhibens
877 1974 1089 2029 mobilis
1125 1975 1443 2045 appellatur.
1480 1975 1584 2029 Sed
1620 1978 1672 2030 in
1709 1977 1794 2032 his

199 2067 386 2124 verbis
415 2067 616 2121 nostris
651 2082 844 2135 magna
883 2068 1109 2137 qua-alio
1144 2069 1340 2134 oritur,
1371 2085 1468 2122 cur
1492 2069 1592 2123 iste
1621 2069 1792 2139 Spiri-

199 2171 308 2224 tus,
361 2159 452 2230 qui
487 2158 675 2228 implet
705 2161 885 2214 omnia
913 2161 1094 2226 simul,
1133 2161 1348 2216 mobilis
1376 2170 1432 2215 et
1467 2161 1678 2217 stabilis
1706 2162 1789 2215 di-

115 2269 125 2274 -
196 2259 390 2316 catur;
417 2253 511 2306 sel
533 2251 578 2306 si
605 2251 670 2306 ad
702 2268 857 2306 usum
884 2253 1142 2307 humanae
1171 2253 1576 2308 consuetudinis
1609 2269 1792 2308 recur-

197 2341 397 2404 rimus,
451 2357 670 2396 sensum
717 2343 881 2397 citius
922 2341 1192 2410 loquentis
1253 2344 1576 2412 invenimus.
1619 2344 1790 2400 Horno

200 2433 405 2502 quippe
431 2433 524 2502 qui
552 2433 604 2486 in
636 2449 698 2488 ea
728 2434 944 2502 regione
973 2435 1024 2488 in
1048 2449 1151 2502 qua
1175 2442 1257 2488 est
1287 2435 1486 2504 ubique
1513 2435 1788 2501 discurrit,

197 2525 394 2595 procul
437 2525 601 2580 dubio
647 2525 845 2594 ubique
891 2526 1105 2579 obviam
1137 2525 1304 2591 venit,
1352 2536 1407 2580 et
1449 2508 1670 2596 repente
1700 2528 1790 2581 ubi

199 2637 310 2676 non
367 2619 608 2677 creditur
652 2619 940 2675 invenitur.
989 2617 1340 2688 Omnipotens
1387 2635 1518 2688 ergo
1557 2619 1790 2688 Spiritus

198 2724 260 2767 ut
315 2713 520 2782 ubique
566 2725 802 2782 praesens
855 2711 1294 2781 significaretur,
1353 2711 1513 2767 simul
1571 2719 1623 2765 et
1678 2717 1792 2766 moi

198 2805 326 2864 bilis
369 2820 587 2861 omnem
630 2803 834 2858 habens
874 2804 1156 2882 virtutem,
1200 2804 1382 2858 omnia
1429 2805 1787 2874 prospiciens,

197 2898 328 2970 quia
381 2895 473 2949 dat
521 2895 774 2950 virtutem
813 2893 955 2948 lasso
995 2904 1048 2948 et
1088 2894 1269 2950 lumen
1315 2911 1478 2960 caeco,
1534 2896 1789 2964 quoniam

199 2990 314 3058 ipse
347 2987 497 3042 solus
525 2986 674 3040 dabit
697 2985 954 3040 virtutem
984 2993 1038 3039 et
1066 2983 1434 3041 fortitudinem
1458 2987 1628 3057 plebis
1659 3002 1785 3041 sme.

197 3079 318 3150 ipse
349 3077 495 3148 capit
542 3091 732 3130 omnes
773 3076 998 3144 spiritus
1050 3076 1434 3147 intelligihilcs,
1479 3079 1706 3133 mundos
1735 3088 1790 3134 et

1893 1891 2034 1958 quod
2063 1889 2248 1956 Pater,
2284 1891 2412 1960 quia
2446 1889 2680 1945 Verbum
2706 1907 2813 1946 non
2839 1900 2922 1946 est
2949 1891 3142 1958 Pater;
3167 1901 3224 1947 et
3246 1893 3484 1948 Verbum

1892 1982 2118 2037 relative
2145 1983 2362 2048 dicitur,
2390 1983 2530 2038 sicut
2553 1983 2741 2050 Filius,
2771 1984 2917 2053 quod
2944 1985 3131 2053 utique
3158 2001 3266 2039 non
3288 1985 3481 2052 Pater;

1891 2083 1946 2130 et
1995 2075 2116 2130 ideo
2153 2073 2402 2130 Christus
2440 2075 2614 2129 virtus
2656 2082 2710 2129 et
2765 2074 3030 2144 sapientia
3061 2075 3182 2140 Dei,
3232 2075 3359 2145 quia
3417 2077 3486 2132 de

1891 2165 2052 2222 Patre
2093 2167 2294 2221 virtute
2328 2175 2383 2221 et
2417 2167 2704 2236 sapientia,
2737 2167 2902 2221 ctiam
2950 2168 3065 2236 ipse
3109 2169 3282 2225 virtus
3313 2181 3369 2224 et
3393 2185 3480 2224 sa-

1890 2257 2088 2328 pientia
2115 2268 2220 2321 εει,
2259 2257 2400 2312 sicut
2430 2257 2612 2312 lumen
2650 2257 2746 2311 Dei
2774 2268 2830 2312 ει
2863 2258 2930 2312 de
2965 2258 3127 2312 Patre
3171 2259 3396 2324 lumine,
3426 2269 3482 2315 ct

1891 2349 2014 2404 fons
2043 2349 2165 2403 vita:
2193 2349 2332 2418 apud
2381 2348 2552 2403 Deum
2581 2347 2796 2403 Patrem
2847 2349 3034 2418 utique
3065 2349 3270 2405 fontem
3314 2350 3438 2405 vitm
3465 2369 3479 2405 :

1893 2439 2153 2505 Quoniam
2183 2439 2322 2508 apud
2350 2449 2421 2502 te,
2453 2438 2646 2508 inquit,
2691 2438 2808 2508 fons
2850 2440 2986 2494 vita'.
3025 2439 3092 2493 In
3147 2439 3345 2494 lumine
3389 2450 3480 2495 tuo

1891 2530 2174 2585 videbimus
2204 2529 2378 2584 lumen
2399 2528 2573 2599 (Psal.
2607 2528 2772 2599 xxxv)
2795 2547 2809 2595 ;
2843 2531 2967 2601 quia
2988 2531 3121 2584 sicut
3149 2530 3308 2585 Pater
3329 2533 3481 2586 habet

1891 2622 2049 2675 ritam
2089 2621 2146 2676 in
2189 2622 2500 2689 semetipso,
2555 2622 2632 2674 sic
2674 2621 2816 2675 dedit
2847 2619 2990 2674 Filio
3022 2623 3208 2676 habere
3245 2623 3404 2676 vitam
3431 2623 3485 2676 in

1890 2713 2162 2782 semetipso
2203 2710 2386 2782 (Joan.
2429 2711 2505 2781 v).
2535 2710 2602 2764 Et
2641 2721 2751 2764 erat
2775 2715 2951 2764 lumen
2999 2727 3173 2764 verum
3200 2711 3340 2782 quod
3363 2711 3486 2764 illu-

1891 2805 2058 2856 minat
2087 2819 2290 2857 omnem
2313 2803 2578 2855 hominem
2615 2802 2895 2855 venientem
2938 2800 2991 2854 in
3023 2800 3160 2854 hunc
3190 2800 3479 2866 mundum;

1891 2904 1939 2948 et
1989 2892 2163 2952 lumen
2199 2893 2297 2946 hoc
2340 2891 2560 2945 Verbum
2591 2901 2702 2944 erat
2733 2891 2873 2960 apud
2904 2889 3092 2955 Deum,
3131 2891 3220 2944 sed
3261 2903 3306 2943 et
3343 2891 3484 2944 Deus

1893 2996 2004 3040 erat
2061 2985 2306 3039 Verbum.
2333 2986 2474 3039 Deus
2507 2992 2687 3058 autem
2732 2983 2910 3037 lumen
2949 2991 3051 3048 est,
3080 2990 3135 3037 et
3169 2981 3403 3037 tenebrae
3429 2983 3483 3038 in

1895 3077 1984 3131 illo
2037 3091 2143 3130 non
2171 3083 2296 3130 sunt
2339 3074 2478 3129 ullae.
2513 3075 2718 3130 Lumen
2761 3089 2891 3130 vero
2936 3089 3042 3128 non
3074 3075 3358 3145 corporale
3387 3075 3498 3130 sed'

198 3169 450 3232 subtiles,
479 3170 601 3240 quia
632 3168 685 3220 in
708 3168 820 3238 ejus
850 3183 1009 3220 manu
1033 3179 1152 3220 sunt
1184 3185 1358 3223 omnes
1383 3167 1514 3238 ﬁnes
1536 3179 1710 3235 tet-rte,
1741 3181 1787 3224 et
1819 3153 1861 3212 (ἶ
1893 3165 2170 3238 Spirituale
2196 3184 2211 3231 ;
2264 3181 2441 3236 neque
2489 3166 2561 3219 ita
2601 3165 2845 3236 spiritale
2903 3173 2963 3219 ut
3006 3165 3360 3222 luminatione
3406 3167 3486 3220 l'a-

199 3259 508 3319 altitudines
550 3259 948 3329 montium-ipse
989 3261 1240 3329 conspicit
1285 3258 1470 3332 (Psal.
1509 3261 1690 3331 serv).
1725 3262 1791 3318 In

199 3352 356 3422 cujus
389 3351 594 3405 nomine
630 3367 780 3407 omne
820 3368 962 3422 genu
985 3353 1230 3421 ﬂectatur
1260 3353 1577 3420 caelestium,
1625 3366 1790 3408 terre-

199 3443 394 3496 strium
433 3450 482 3494 et
537 3441 894 3512 infernarum,
942 3453 989 3496 et
1039 3443 1207 3497 omnis
1257 3443 1436 3514 lingua
1479 3444 1794 3514 conﬁteatur

199 3533 326 3604 quia
362 3533 618 3586 Dominus
651 3543 826 3588 noster
854 3535 1009 3589 Jesus
1039 3533 1280 3588 Christus
1305 3535 1358 3589 in
1385 3533 1554 3606 gloria
1581 3547 1656 3591 est
1694 3535 1792 3590 Dei

201 3626 386 3682 Patris
415 3625 636 3699 (Philip.
669 3625 753 3698 ιι).
1169 3619 1172 3622 ’

818 3737 1046 3794 CAPUT
1079 3738 1169 3794 IV.

201 3831 362 3904 Quod
393 3832 670 3903 sapientia,
704 3849 836 3904 qntei
853 3843 929 3886 est
956 3831 1130 3894 Eilius
1171 3833 1293 3898 Dei,
1335 3834 1544 3904 attingit
1581 3835 1788 3904 ubique,

267 3903 400 3968 quia
427 3919 628 3984 semper
665 3919 783 3956 cum
813 3903 974 3958 Patre
1001 3913 1095 3970 est,
1128 3916 1180 3977 et
1210 3903 1520 3974 permanens
1547 3907 1602 3959 in
1630 3903 1688 3958 se
1710 3905 1794 3958 in-

267 3981 434 4033 novat
462 3981 656 4026 omnia.

271 4083 530 4141 Omnibus
566 4085 704 4140 enim
751 4084 1028 4140 mobilibus
1067 4086 1311 4141 mobilior
1355 4096 1430 4142 est
1482 4089 1740 4158 sapientia
1771 4102 1790 4140 :

196 4176 412 4246 attingit
441 4186 615 4230 autem
655 4177 843 4248 ubique
867 4186 1077 4246 propter
1108 4194 1260 4231 suam
1288 4178 1623 4234 munditiam.
1653 4179 1794 4248 Quid

191 4277 382 4338 potest
405 4269 656 4324 mobilius
677 4278 732 4324 et
757 4270 1008 4326 subtilius
1028 4287 1150 4326 esse
1170 4273 1450 4342 sapientia,
1468 4287 1589 4342 quae
1611 4273 1794 4326 omnia

193 4359 423 4421 creavit,
449 4362 628 4414 omnia
655 4363 810 4432 regit,
835 4363 1016 4418 omnia
1037 4363 1272 4428 ordinat,
1289 4365 1470 4418 omnia
1493 4363 1795 4434 gubernat?

196 4451 251 4507 in
286 4452 405 4522 ipsa
451 4453 596 4508 enim
645 4453 894 4519 vivimus,
926 4471 1204 4511 movemur
1230 4465 1286 4512 et
1307 4472 1514 4512 sumus.
1559 4456 1794 4526 Attingit

1895 3267 2042 3311 ctum
2077 3256 2171 3320 sit,
2202 3255 2659 3326 quemadmodum
2688 3255 2888 3310 dictum
2919 3264 3002 3311 est
3041 3257 3297 3326 apostolis
3327 3275 3340 3311 :
3385 3256 3485 3312 Vos

1893 3348 2016 3402 estis
2047 3345 2220 3407 lumen
2245 3346 2428 3400 mundi
2453 3364 2471 3400 :
2499 3345 2592 3400 sed
2623 3346 2960 3416 lumenquod
2979 3347 3243 3402 illuminat
3267 3363 3485 3402 omnem

1893 3438 2184 3500 hominem,
2227 3452 2291 3492 ea
2339 3437 2454 3507 ipsa
2484 3445 2539 3491 et
2569 3451 2778 3490 summa
2824 3438 3084 3508 sapientia
3132 3439 3292 3504 Deus,
3341 3439 3482 3492 unde

1893 3547 2040 3584 nime
2089 3531 2318 3601 agimus.
2375 3529 2652 3599 Sapientia
2703 3546 2830 3600 ergo
2871 3531 3060 3596 Filius,
3099 3532 3165 3587 de
3216 3532 3479 3602 sapientia

1894 3621 2054 3676 Patre
2080 3641 2092 3676 :
2121 3622 2258 3676 sicut
2309 3621 2490 3677 lumen
2520 3621 2588 3676 de
2631 3621 2852 3687 lumine,
2903 3631 2958 3677 et
2987 3623 3128 3678 Deus
3158 3624 3222 3678 de
3251 3625 3378 3687 Deo,
3422 3633 3481 3679 ut

1893 3723 1950 3768 et
1977 3713 2218 3784 singulus
2247 3713 2406 3768 Pater
2443 3712 2622 3767 lumen
2647 3752 2664 3775 ,
2696 3721 2749 3766 ει
2787 3713 3030 3783 singulas
3058 3713 3229 3776 Filius
3270 3713 3478 3778 lumen,

1893 3816 1949 3861 et
1986 3806 2228 3876 singnlus
2267 3805 2426 3860 Pater
2473 3805 2655 3870 Deus,
2705 3813 2764 3859 et
2803 3803 3044 3874 singulns
3101 3805 3269 3860 Filius
3321 3807 3480 3860 Deus.

1897 3897 2036 3966 Ergo
2073 3907 2128 3948 et
2156 3895 2398 3964 singulas
2437 3894 2598 3948 Pater
2623 3896 2889 3965 sapientia
2915 3936 2928 3960 ,
2960 3903 3015 3950 et
3042 3895 3284 3964 singulas
3313 3894 3480 3950 Filius

1895 3987 2180 4057 sapientia,
2221 3993 2276 4041 et
2309 3987 2392 4041 sic
2428 3995 2714 4057 utrumque
2762 3987 2920 4042 simul
2970 4003 3135 4041 unum
3172 3987 3351 4041 lumen
3374 4027 3388 4051 ,
3430 3995 3486 4041 et

1894 4093 2036 4134 unus
2071 4076 2234 4142 Deus,
2265 4078 2344 4134 sic
2386 4090 2675 4149 utrumque
2709 4095 2817 4135 una
2855 4081 3144 4150 sapientia,
3191 4081 3285 4135 sed
3313 4079 3484 4135 Filius

1897 4170 2072 4226 factus
2097 4179 2179 4226 est
2208 4171 2366 4225 nobis
2416 4171 2683 4239 sapientia
2715 4188 2746 4226 a
2779 4171 2916 4237 Deo,
2949 4180 3003 4226 ct
3033 4171 3244 4242 justitia
3280 4181 3334 4226 et
3363 4188 3484 4226 san-

1897 4261 2174 4325 ctificatio,
2189 4261 2314 4330 quia
2333 4262 2700 4330 temporaliter
2716 4277 2814 4316 nos
2838 4260 2902 4315 ad
2920 4263 3070 4315 illum
3091 4261 3426 4317 convcrtimu
3436 4278 3481 4326 r,

1900 4352 2061 4422 idque
2091 4367 2160 4407 ex
2205 4351 2385 4422 aliquo
2418 4363 2676 4423 tempore,
2709 4363 2769 4407 ut
2813 4369 2937 4408 cum
2968 4353 3056 4406 illo
3087 4368 3403 4407 maneamus
3429 4353 3483 4407 in

1897 4455 2180 4511 aeternum,
2210 4453 2265 4498 et
2290 4445 2405 4514 ipse
2429 4461 2496 4499 ex
2541 4445 2776 4516 quodam
2814 4454 3056 4514 tempore
3106 4441 3328 4498 Verbum
3359 4460 3484 4498 caro

197 4520 384 4598 autem
431 4544 629 4613 ubique
658 4557 880 4616 propter
929 4548 1249 4602 munditiam
1306 4565 1459 4604 suam
1480 4590 1495 4615 ,
1541 4550 1668 4619 quia
1697 4520 1786 4605 lux
1821 4520 1872 4581 Β
1899 4539 2098 4610 factum
2118 4552 2212 4605 εει,
2241 4551 2286 4595 ει
2313 4541 2564 4594 habitavit
2596 4541 2648 4593 in
2674 4541 2844 4594 ηοὸἱεο

197 4642 306 4699 εει,
327 4642 387 4688 ει
411 4635 647 4690 tenebrzn
680 4653 782 4690 non
812 4646 937 4692 sunt
967 4639 1020 4692 in
1057 4655 1121 4693 ca
1150 4637 1287 4693 ullm.

276 4725 462 4796 νίψον
483 4736 558 4781 est
588 4729 725 4782 enim
766 4731 969 4785 uirtutis
1000 4731 1118 4798 Dei,
1149 4742 1196 4787 et
1238 4735 1502 4788 emanatio
1546 4735 1790 4807 garrulam

191 4828 272 4872 est
297 4816 563 4871 claritatis
610 4821 971 4889 omnipotentis
1027 4823 1123 4876 Dei
1151 4825 1354 4878 sincera
1379 4866 1394 4890 ,
1429 4835 1475 4878 et
1504 4827 1620 4879 ideo
1659 4826 1792 4880 nihil

189 4909 535 4979 inquinatum
571 4910 622 4962 in
662 4909 807 4965 illaut
848 4912 1088 4967 incurrit.
1134 4914 1479 4970 Manifestum
1515 4926 1598 4972 est
1649 4918 1790 4987 quod

189 4997 516 5067 unigenitns
541 4998 836 5064 DeiFilins,
867 5017 933 5055 ex
961 5003 1049 5056 Dei
1078 5002 1256 5057 Patris
1283 5005 1585 5059 substantia
1611 5013 1790 5070 natus,

187 5088 508 5162 comqualis'
557 5105 619 5144 ac
673 5100 996 5157 comternus,
1055 5110 1119 5147 ac
1177 5095 1655 5150 consubstantialis
1711 5106 1794 5151 est

188 5176 376 5243 Patri,
406 5187 464 5232 et
491 5181 611 5234 ideo
637 5183 768 5236 nihil
795 5184 1133 5252 inquinatum
1165 5185 1216 5239 in
1249 5201 1315 5239 eo
1347 5186 1635 5252 invenitur,
1667 5188 1793 5258 quia

186 5287 419 5330 summo
455 5271 596 5328 bono
627 5275 758 5328 nihil
794 5277 1194 5347 appmpinquat
1239 5278 1384 5341 mali,
1439 5279 1532 5333 sed
1561 5279 1790 5350 simplex

185 5366 406 5427 bonum
434 5381 651 5436 semper
679 5368 818 5421 idem
840 5377 1044 5422 manet.

262 5457 491 5513 Candor
514 5468 591 5513 est
617 5461 752 5512 enim
779 5459 1155 5526 lucisa'ternte,
1183 5473 1231 5518 et
1256 5463 1524 5534 speculum
1547 5465 1662 5519 sine
1680 5483 1794 5519 ma-

183 5549 315 5604 cula
334 5550 432 5602 Dei
447 5551 760 5618 maiestatis,
787 5562 835 5606 et
857 5553 1028 5624 imago
1050 5555 1292 5610 bonitatis
1313 5557 1475 5611 illius.
1503 5557 1577 5612 De
1603 5559 1792 5613 eodem

184 5641 341 5698 Filio
367 5639 500 5696 dicit
527 5641 816 5712 Apostolus
851 5664 863 5699 :
902 5645 1005 5712 Qui
1035 5665 1150 5702 cum
1167 5649 1231 5702 sit
1249 5649 1491 5720 splendor
1503 5649 1706 5720 gloria',
1741 5663 1789 5706 et

189 5735 378 5810 figura
399 5723 649 5808 Expressa
670 5738 979 5796 substantia'
1009 5741 1154 5811 ejus,
1199 5759 1375 5813 regens
1415 5744 1593 5799 omnia
1632 5746 1780 5800 verba

389 5839 433 5851 '-

1965 4651 2034 4706 Et
2065 4669 2182 4706 cum
2211 4651 2276 4707 sit
2308 4668 2431 4712 una,
2465 4652 2643 4705 omnia
2689 4659 2874 4720 potest,
2924 4660 2972 4704 et
3013 4666 3321 4719 permanens
3347 4650 3402 4702 in
3429 4666 3486 4702 se

1894 4745 2072 4799 omnia
2099 4745 2332 4808 innovat;
2361 4753 2409 4798 et
2451 4760 2544 4814 per
2584 4745 2821 4798 nationes
2848 4743 2903 4798 in
2946 4743 3152 4797 animas
3183 4752 3392 4796 sanctas
3431 4759 3490 4798 se

1895 4837 2176 4908 transfert,
2229 4839 2425 4890 amicos
2469 4837 2564 4890 Dei
2605 4848 2652 4890 et
2707 4837 2984 4906 prophetas
3027 4837 3310 4890 constituit.
3353 4835 3488 4888 Pro-

1895 4935 2079 4997 pterea
2105 4943 2226 4982 cum
2261 4927 2640 4996 pronuntiatur
2670 4927 2724 4980 in
2766 4926 3064 4996 Scripturis
3099 4935 3194 4980 aut
3231 4936 3487 4980 narratur

1899 5019 2100 5088 aliquid
2127 5019 2194 5073 de
2222 5019 2508 5090 sapientia,
2539 5019 2652 5075 sive
2684 5019 2900 5074 dicente
2948 5019 3084 5088 ipsa,
3114 5018 3229 5073 sive
3270 5033 3393 5072 cum
3420 5019 3488 5074 de

1899 5109 1986 5162 illa
2015 5093 2237 5173 dicilur,
2269 5109 2439 5163 Filius
2466 5109 2622 5164 nobis
2657 5110 3000 5179 potissimum
3035 5111 3360 5173 insinuatur,
3393 5127 3490 5165 cu-

1891 5194 1982 5264 jus
2015 5197 2265 5268 imaginis
2285 5197 2531 5266 exemplo
2559 5208 2615 5253 et
2656 5215 2757 5253 nos
2784 5215 2890 5254 non
2923 5200 3265 5254 discedamus
3290 5216 3318 5253 a
3354 5201 3486 5264 Deo,

1897 5289 2024 5358 quia
2059 5297 2115 5343 ει
2145 5304 2244 5344 nos
2274 5289 2450 5359 imago
2483 5289 2576 5343 Dei
2607 5305 2814 5355 sumus,
2847 5307 2954 5346 non
2982 5293 3198 5362 quidem
3241 5291 3486 5360 aiqualis,

1903 5383 2045 5439 facta
2072 5363 2268 5454 quippe
2295 5401 2324 5438 a
2356 5384 2516 5438 Patre
2538 5401 2633 5454 per
2654 5384 2870 5449 Filium,
2902 5402 3009 5441 non
3051 5395 3178 5440 nata
3210 5387 3276 5440 de
3302 5385 3486 5448 Patre,

1901 5476 2044 5531 sicut
2065 5477 2177 5542 illa,
2203 5485 2260 5531 et
2297 5492 2394 5532 nos
2420 5479 2548 5548 quia
2583 5478 2949 5532 illuminamur
2983 5479 3206 5540 lumine,
3237 5475 3325 5529 illa
3356 5487 3486 5547 vero

1900 5568 2025 5638 quia
2060 5567 2240 5622 lumen
2267 5568 2598 5633 illuminans,
2625 5579 2680 5624 et
2705 5571 2827 5625 ideo
2851 5569 2938 5622 illa
2971 5570 3086 5623 sine
3115 5563 3359 5632 eventplo
3389 5579 3490 5620 ne-

1901 5658 1984 5712 bis
2005 5657 2310 5728 exemplum
2341 5667 2444 5713 est.
2479 5657 2666 5728 Neque
2693 5659 2840 5714 enim
2887 5659 3135 5712 imitatur
3159 5667 3489 5724 quemquam

1901 5747 2292 5818 praecedentem
2319 5749 2384 5804 ad
2423 5748 2659 5812 Patrem,
2708 5765 2738 5802 a
2784 5765 2888 5818 quo
2923 5761 3196 5816 nunquam
3218 5751 3300 5800 est
3329 5757 3486 5816 sepa-
