3960 6178
493 310 599 366 703

1132 303 1195 357 Β.
1234 296 1491 357 RABAM
1529 300 1751 357 MAURI
1789 298 2106 356 ARCHlEP.
2149 293 2465 355 MOGUNT.
2505 294 2791 353 OPERUM
2830 296 3010 353 PARS
3050 295 3092 352 1.

3663 298 3763 353 704

492 424 702 484 rabilis,
739 419 863 490 quia
893 417 1129 487 idipsum
1163 424 1248 470 est
1284 414 1425 483 quod
1452 414 1542 468 ille
1564 413 1631 469 de
1655 427 1763 483 quo
1788 421 1909 476 est;
1967 426 2074 467 nos
2101 417 2151 475 Α
2177 410 2245 465 ad
2290 411 2467 481 ipsum
2504 408 2793 465 Dominum
2823 409 2901 464 ait
2928 428 2941 465 :
2972 409 3164 472 Initio,
3195 409 3436 474 Domine,
3471 422 3529 464 tu
3573 420 3761 467 terram

491 526 674 577 autem
714 508 987 568 imitantes
1025 507 1301 563 imitamur
1330 514 1659 570 manentem,
1702 512 1759 560 et
1794 504 2073 573 sequimur

491 617 750 671 stantem,
772 604 905 660 etin
937 603 1054 672 ipso
1081 597 1420 655 ambulantes
1452 599 1722 653 tendimus
1758 596 1827 651 ad
1854 597 2065 666 ipsum;

491 701 615 773 quia
644 696 821 754 factus
862 705 946 750 est
994 694 1152 747 nobis
1198 692 1284 746 via
1316 690 1631 760 temporalis
1669 702 1766 759 per
1795 687 2069 742 humilitm

493 801 619 854 tem,
650 786 743 858 qui
770 784 982 840 mansio
1002 783 1157 837 nolis
1185 791 1388 838 aeterna
1416 792 1511 850 per
1532 780 1869 834 divinitatem
1896 793 1911 843 ;
1937 788 2073 847 quo-

488 880 633 935 niam
667 876 867 947 quippe
907 873 1187 943 spiritibus
1231 872 1446 926 mundis
1494 867 1951 925 intellectualibus
1979 867 2073 938 qui

487 969 740 1040 superbia
767 981 872 1021 non
897 964 1033 1054 lapsi
1056 970 1200 1027 sunt,
1232 962 1286 1054 in
1324 960 1497 1017 forma
1526 961 1708 1054 Dei‘et
1748 960 1861 1014 Deo
1891 966 2074 1054 aequa-

489 1061 579 1123 lis,
598 1071 653 1113 et
680 1058 825 1113 Deus
844 1050 1048 1126 praibet
1068 1052 1395 1123 exemplum,
1420 1061 1478 1106 ut
1499 1066 1557 1106 se
1588 1051 1729 1106 idem
1762 1050 2071 1118 exemplum

488 1149 745 1206 redeundi
773 1148 937 1203 etiam
980 1147 1128 1215 lapso
1167 1146 1434 1215 prteberet
1472 1143 1700 1209 homini,
1732 1142 1823 1212 qui
1852 1150 2074 1211 propter

486 1242 889 1299 immunditiam
949 1247 1297 1310 peccatorum
1345 1251 1672 1310 poenamque
1726 1236 2072 1292 mortalitatis

454 1334 656 1389 ’Deum
698 1333 884 1389 videre
924 1346 1031 1387 non
1075 1338 1305 1401 poterat,
1348 1330 1699 1400 semetipsum
1744 1328 2069 1391 exinanivit,

485 1441 594 1480 non
630 1426 889 1481 mutando
922 1426 1262 1481 divinitatem
1308 1440 1482 1487 suam,
1529 1424 1625 1479 sed
1672 1426 1917 1479 nostram
1955 1434 2073 1477 mtt-

490 1516 810 1572 tabilitatem
860 1512 1203 1582 assumenda,
1241 1523 1297 1571 et
1343 1515 1572 1570 formam
1615 1513 1758 1569 servi
1800 1513 2073 1583 accipiens

485 1608 634 1662 venit
660 1606 726 1662 ad
765 1622 865 1663 nos
906 1608 959 1661 in
1001 1608 1145 1662 hunc
1188 1607 1469 1671 mimdum,
1514 1605 1607 1675 qui
1649 1605 1704 1659 in
1738 1606 1842 1659 hoc
1870 1604 2072 1658 mundo

485 1706 627 1764 erat,
669 1697 795 1767 quia
843 1696 1077 1752 mundus
1105 1710 1204 1767 per
1244 1697 1415 1767 ipsum
1449 1694 1625 1751 factus
1652 1703 1754 1759 est,
1787 1698 1846 1749 ut
1887 1706 2071 1749 exem-

2176 502 2435 573 fundasti,
2484 510 2532 555 et
2568 516 2727 571 opera
2772 516 3024 554 manuum
3070 504 3282 554 tuarum
3313 509 3436 553 sunt
3453 499 3613 554 ‘eteli.
3657 501 3763 572 Ipsi

2172 593 2435 665 peribunt,
2458 602 2515 645 tu
2541 601 2716 645 autem
2741 601 3109 661 permanes,,et
3134 605 3311 645 omnes
3333 592 3469 645 sicut
3499 592 3763 648 aestimat-

2175 695 2286 740 tum
2307 694 2646 749 veterascent,
2675 693 2723 738 et
2749 683 2883 739 velut
2918 684 3169 738 amictum
3196 683 3421 737 mutabis
3447 700 3565 749 eos,
3587 693 3637 739 et
3658 700 3764 740 tn-

2176 778 2428 832 tabuntur
2451 792 2469 831 :
2497 786 2555 829 tu
2580 784 2758 829 autem
2783 774 2923 829 idem
2951 775 3061 845 ipse
3089 790 3145 828 es
3169 784 3215 828 et
3245 774 3371 827 anni
3398 774 3478 826 tui
3506 789 3613 827 non
3641 774 3769 843 deﬁ-

2174 872 2308 925 cient
2337 867 2509 940 (Psal.
2537 883 2595 925 Cl
2613 868 2653 940 ).
2683 866 2760 924 De
2784 883 2892 939 quo
2920 878 2976 923 et
3010 862 3187 923 adliuc
3207 868 3459 923 subditur
3492 887 3506 922 :

2248 961 2340 1015 Illi
2369 963 2505 1016 enim
2533 961 2765 1015 succedit
2805 975 2929 1022 nox,
2961 960 3273 1030 sapientiam
3310 970 3487 1014 autem
3525 977 3630 1016 non
3659 963 3765 1016 vis-

2177 1056 2247 1110 eit
2284 1054 2509 1109 ntalitta.
2546 1054 2813 1122 Quaniam
2859 1054 3040 1109 nullus
3069 1053 3365 1112 electorum
3415 1054 3469 1109 in
3520 1055 3625 1111 hac
3660 1058 3763 1111 vita

2178 1145 2435 1200 immunis
2472 1154 2557 1200 est
2585 1161 2614 1199 a
2643 1154 2900 1214 peccato;
2934 1143 3000 1199 ad
3029 1142 3307 1198 Christum
3333 1158 3467 1214 ergo
3496 1144 3647 1199 nulla
3677 1160 3765 1215 ap-

2176 1239 2501 1309 propinquat
2527 1237 2751 1292 malitia.
2775 1225 2859 1292 De
2885 1250 2994 1308 quo
3022 1238 3285 1307 scriptum
3307 1244 3392 1292 est
3424 1254 3438 1290 :
3460 1236 3663 1291 Beatus
3676 1239 3766 1307 ja-

2177 1340 2289 1385 slus
2314 1330 2368 1383 in
2404 1328 2627 1383 Domino
2650 1329 2742 1400 qui
2782 1329 3018 1383 inventus
3044 1336 3120 1382 est
3172 1328 3285 1382 sine
3326 1325 3541 1382 macula
3570 1325 3758 1399 (Eccli.

2176 1418 2352 1490 XXXI).
2383 1419 2452 1473 Et
2490 1401 2687 1473 iterum
2718 1436 2731 1473 :
2760 1420 2867 1485 Qui
2904 1428 3176 1489 peccatum
3220 1434 3325 1472 non
3356 1417 3506 1487 fecit,
3560 1435 3657 1473 nec
3683 1420 3760 1473 in-

2178 1519 2359 1565 ventus
2396 1517 2472 1563 est
2518 1508 2671 1563 dolus
2718 1509 2774 1562 in
2827 1520 2917 1562 ore
2953 1508 3067 1578 ejus
3092 1507 3247 1580 (1εαὶ.
3281 1508 3423 1579 un).
3474 1507 3565 1562 Ad
3610 1523 3761 1577 quem

2177 1601 2428 1671 princeps
2453 1600 2637 1655 mundi
2662 1599 2884 1655 veniens
2913 1600 2965 1654 in
2992 1614 3058 1654 eo
3084 1614 3189 1654 non
3213 1599 3422 1654 invenit
3448 1599 3760 1669 quidquam.

2178 1691 2567 1748 Verumtamen
2614 1692 2902 1763 lauguorcs
2952 1700 3168 1747 nostros
3222 1691 3339 1761 ipse
3379 1693 3662 1762 portavit,
3712 1701 3761 1745 et

482 1787 632 1862 plum
663 1798 878 1844 surSum
912 1786 1218 1845 videntibus
1241 1787 1433 1853 Deum,
1476 1788 1784 1858 exemplum
1813 1788 2067 1842 deorsum
2102 1796 2145 1854 ιι
2174 1784 2555 1854 mgrotationes
2577 1782 2817 1855 pertulit,
2842 1784 2967 1854 quia
2989 1791 3201 1851 peccata
3233 1794 3414 1837 nostra
3450 1785 3566 1849 ipse
3590 1794 3760 1852 pertu-

482 1879 810 1936 mirantibus
832 1882 1130 1947 hominem,
1152 1880 1455 1951 exemplum
1484 1881 1633 1935 sanis
1658 1880 1725 1934 ad
1750 1894 2068 1949 permanen-

362 2000 383 2009 ρ
484 1971 636 2036 dum,
660 1971 967 2041 exemplum
998 1970 1230 2025 inﬁrmis
1255 1971 1325 2025 ad
1349 1970 1853 2035 convalescentium,
1890 1984 2074 2025 exem-

481 2063 630 2134 plum
662 2065 942 2123 morituris
980 2066 1047 2120 ad
1101 2080 1207 2120 non
1241 2066 1560 2131 timendum,
1593 2064 1901 2135 exemplum
1934 2082 2074 2121 mor-

484 2157 591 2211 tuis
619 2154 687 2209 azl
709 2156 1118 2226 resurgendum.
1159 2155 1215 2210 In
1247 2156 1500 2211 omnibus
1527 2157 1639 2226 ipse
1670 2157 1963 2226 primatum
1990 2164 2070 2210 te-

480 2260 635 2309 nens,
668 2245 794 2314 quia
826 2246 972 2299 enim
1015 2245 1179 2301 homo
1232 2247 1299 2301 ad
1345 2246 1735 2323 beatitudinem
1775 2246 1929 2315 statui
1963 2255 2070 2300 non

482 2336 713 2390 debebat
740 2335 845 2390 nisi
869 2335 1060 2401 Deum,
1093 2346 1149 2391 et
1176 2337 1378 2391 sentire
1406 2352 1517 2392 non
1542 2342 1759 2408 poterat
1786 2337 1957 2392 Deum
1988 2349 2073 2392 se.

480 2426 715 2496 quendo,
749 2426 921 2481 Deum
962 2427 1236 2481 hominem
1276 2426 1479 2482 factum
1526 2435 1866 2497 sequeretur,
1911 2428 2072 2483 simul

479 2523 536 2570 et
556 2530 717 2584 quem
740 2516 943 2570 sentire
964 2524 1196 2585 poterat,
1225 2524 1281 2570 et
1303 2532 1465 2585 quem
1490 2518 1644 2588 sequi
1666 2517 1917 2573 debebat.
1940 2516 2074 2571 0m-

481 2609 733 2679 nipotens
755 2609 972 2679 quidem
997 2608 1162 2664 Pater
1195 2610 1622 2679 omnipotentem
1646 2610 1972 2680 sapientiam
2007 2612 2074 2666 de

483 2721 544 2761 se
574 2706 786 2776 genuit,
806 2719 925 2774 qum
948 2719 1272 2776 permanens
1296 2705 1477 2760 omnia
1510 2704 1655 2760 inse
1681 2705 1917 2767 innovat,
1946 2705 2073 2775 quia

482 2798 599 2867 ipsa
627 2796 976 2851 immutabilis
1000 2796 1181 2850 omnia
1219 2792 1499 2851 mutabilia
1536 2810 1634 2851 suo
1668 2803 1801 2849 nutu
1841 2795 1976 2865 regit
2010 2809 2076 2850 ac

480 2888 866 2959 ordinatﬁqnze
887 2890 940 2944 in
968 2888 1264 2944 electorum”
1296 2888 1505 2943 animas
1534 2903 1594 2943 se
1617 2886 1952 2943 transferens
1974 2903 2073 2943 sua

481 2980 657 3052 gratia
700 2979 865 3035 eilicit
908 2980 1110 3035 amicos
1153 2978 1271 3046 Dei,
1323 2990 1379 3034 et
1429 2980 1723 3050 prophetas
1766 2980 2068 3035 constituit.

483 3071 678 3127 Omnia
698 3074 835 3127 enim
864 3089 956 3144 per
979 3074 1145 3144 ipsum
1171 3073 1312 3143 facta
1337 3082 1475 3139 sunt,
1504 3083 1553 3128 et
1584 3076 1695 3129 sine
1728 3076 1839 3144 ipso
1872 3075 2070 3145 factum

479 3174 555 3219 est
585 3146 716 3219 nihil
739 3164 921 3235 (Joan.
954 3166 1013 3236 ι).
1048 3162 1200 3220 Unde
1240 3166 1441 3222 dicitur
1466 3184 1478 3220 :
1512 3165 1703 3221 Omnia
1731 3169 1786 3221 in
1815 3169 2071 3238 sapientia
2100 3151 2143 3211 C

482 3255 669 3324 fecisti,
708 3255 835 3325 quia
868 3272 965 3327 per
1008 3256 1203 3313 Filium
1235 3272 1414 3324 suum,
1458 3260 1559 3316 hoc
1585 3269 1691 3327 est,
1740 3262 1972 3317 Verbum
2007 3279 2071 3319 ac

484 3346 811 3416 sapientiam
838 3358 1014 3412 suam,
1040 3349 1221 3404 omnia
1249 3350 1391 3407 Deus
1413 3342 1559 3408 fecit.

562 3436 833 3492 Neminem
873 3440 1009 3493 enim
1041 3441 1210 3511 diligit
1238 3441 1403 3509 Deus,
1452 3446 1690 3525 nisieum
1722 3449 1812 3519 qui
1836 3466 1953 3502 cum
1981 3467 2070 3504 sa-

480 3528 678 3597 pientia
704 3529 982 3583 inhabitat.
1015 3528 1075 3584 Si
1105 3531 1248 3587 Deus
1291 3534 1563 3590 neminem
1607 3535 1783 3609 diligit
1814 3538 1920 3593 nisi
1946 3550 2071 3594 eum

482 3620 577 3690 qui
615 3634 735 3675 cum
762 3621 1026 3690 sapientia
1068 3623 1356 3691 inhabitat,
1387 3626 1633 3695 profecto
1665 3638 1855 3684 enmes
1891 3629 2071 3685 Stulti-

482 3713 571 3767 tize
597 3720 897 3797 sectatores
930 3714 1071 3797 odit.
1111 3714 1265 3771 Unde
1292 3724 1348 3772 et
1376 3718 1429 3771 in
1465 3714 1567 3773 hac
1592 3720 1858 3774 Sententia
1894 3714 2072 3775 decla—

482 3812 653 3870 ratur,
681 3806 825 3875 quod
866 3793 1185 3877 omnis'qui'
1216 3802 1333 3863 odit
1373 3806 1720 3879 disciplinam
1744 3811 1932 3882 gratiae
1977 3808 2072 3867 Dei

480 3896 752 3967 particeps
779 3911 899 3953 esse
922 3912 1027 3952 non
1054 3899 1244 3968 possit,
1275 3899 1399 3972 quia
1444 3900 1595 3972 longe
1620 3909 1695 3956 est
1721 3901 1985 3957 Dominus
2006 3902 2071 3957 ab

481 3988 676 4057 impiis,
701 3998 749 4042 et
776 3989 867 4060 qui
900 3988 1280 4060 increpation‘es
1306 3991 1438 4056 odit,
1471 3993 1729 4046 morietur
1748 3990 1932 4064 (Prov).
1956 3991 2071 4061 xv).

484 4079 590 4135 Cor
626 4099 748 4153 ergo
795 4085 1046 4155 sapientis
1082 4088 1277 4157 quteril
1313 4087 1631 4155 doctrinam,
1679 4096 1725 4143 et
1770 4096 1917 4146 mens
1936 4089 2076 4160 justi

484 4174 822 4228 meditabitur
850 4175 1220 4233 obedientiam.
1246 4178 1353 4245 Qui
1380 4188 1554 4233 autem
1585 4178 1802 4249 conﬁdit
1830 4181 1887 4235 in
1918 4181 2075 4237 corde

484 4282 601 4327 suo,
628 4265 819 4320 stultus
844 4276 950 4333 est;
973 4277 1021 4322 et
1044 4270 1134 4341 qui
1156 4270 1399 4341 graditur
1421 4272 1684 4343 sapienter
1720 4272 1818 4327 iste
1842 4272 2073 4329 safva‘bi-

485 4365 572 4408 tur
599 4353 782 4422 (Prov.
817 4357 1028 4424 xxvm).

557 4445 653 4500 Est
675 4451 812 4503 enim
841 4450 951 4504 lure
980 4453 1261 4521 speciosior
1279 4453 1388 4508 sole
1415 4465 1463 4509 et
1488 4471 1647 4526 super
1667 4462 1872 4511 omnem
1899 4456 2072 4512 stella-

488 4555 604 4593 rum
638 4539 1055 4611 dispositionem,
1098 4543 1207 4596 luci
1250 4555 1550 4614 comparata
1578 4544 1840 4601 invenitur
1867 4549 2072 4617 purior.

490 4628 1061 4700 Speciosi‘oremjuxta'
1094 4631 1376 4685 historiam
1420 4633 1553 4688 dicit
1582 4646 1704 4689 esse
1748 4635 2074 4705 sapientiam

488 4721 602 4776 sole
640 4728 695 4776 et
730 4721 970 4778 omnium
1016 4721 1254 4776 siderum
1299 4722 1584 4779 claritate:
1614 4724 1739 4794 quia
1778 4728 2078 4797 corporalis

487 4812 602 4879 lux,
627 4822 748 4882 quae
768 4813 887 4868 vice
904 4813 1140 4869 noctium
1173 4813 1541 4870 intercedente
1554 4816 1761 4871 variata
1784 4817 2076 4889 aliquando

491 4912 731 4971 apparet,
759 4904 1050 4974 aliquando
1082 4919 1211 4959 vero
1239 4904 1391 4970 latet,
1420 4906 1487 4961 ad
1520 4907 1817 4977 spiritalem
1853 4919 1907 4966 et
1945 4926 2075 4982 per-

490 5001 713 5061 petuam
753 4993 935 5047 lucem
981 4996 1259 5063 sapientiae
1303 5006 1653 5067 comparata,
1698 5000 1788 5055 vix
1845 5010 2083 5073 parvum

491 5080 646 5148 quasi
677 5082 954 5150 cujusdam
993 5085 1243 5140 scintillae
1282 5088 1481 5144 habere
1510 5090 1727 5146 videtur
1760 5091 2025 5164 fulgorem
2059 5112 2072 5148 :

492 5171 619 5240 quia
649 5174 827 5229 omnis
867 5190 954 5230 res
993 5178 1305 5233 transitoria
1347 5195 1717 5251 permansura:
1759 5187 2075 5254 assimiiata,

492 5263 647 5332 quasi
669 5262 781 5331 jam
809 5281 916 5320 non
947 5280 1066 5323 esse
1095 5270 1309 5326 videtur
1348 5280 1470 5328 cum
1497 5263 1804 5331 mteruitate
1847 5278 2083 5333 absumi"-

494 5362 599 5407 tur.
629 5351 720 5409 Sic
747 5363 804 5410 et
833 5358 1059 5428 mystice
1096 5361 1321 5418 claritas
1365 5364 1645 5435 sapientia:
1686 5366 1801 5432 Dei,
1849 5381 1968 5437 qum
1996 5378 2081 5424 est

494 5442 765 5511 Christus,
804 5450 871 5503 ad
920 5449 1259 5520 splendorem
1305 5455 1673 5525 quorumlibet
1723 5462 2032 5514 sanctorum
2062 5500 2077 5525 ,

492 5549 629 5603 quos
655 5537 743 5592 hic
768 5540 985 5596 nomine
1005 5542 1135 5598 solis
1156 5551 1210 5599 et
1239 5537 1521 5600 stellarum
1545 5556 1836 5617 nuncupat,
1866 5549 2079 5603 aSSimi;

493 5624 600 5685 lata
630 5627 787 5702 longe
813 5636 1166 5699 transeeuditt
1198 5637 1325 5706 quia
1373 5638 1458 5691 isti
1488 5640 1777 5695 mutabiles
1806 5650 1952 5705 su‘ut‘,
1990 5642 2078 5697 iila

496 5728 676 5776 autem
708 5738 921 5796 semper
948 5728 1102 5803 idcm‘
1122 5738 1322 5784 manet.
1357 5728 1509 5796 Quod
1541 5729 1825 5788 Psalmista
1854 5733 2075 5792 intuens

2176 1879 2324 1934 litin
2367 1895 2583 1949 corpore
2629 1894 2727 1933 suo
2768 1894 2925 1947 super
2963 1876 3262 1948 lignum,ut
3308 1878 3539 1945 peccatis
3576 1877 3763 1930 mortui

2166 1969 2395 2042 jastitite
2476 1970 2807 2034 viveremus,
2888 1968 3042 2037 cujus
3110 1966 3271 2022 lit-ore
3346 1968 3527 2022 satiati
3591 1983 3761 2022 suam

2176 2063 2227 2134 (ι
2261 2063 2402 2118 Petr.
2438 2063 2502 2135 ιι)

2806 2176 3037 2235 CAPUT
3079 2179 3144 2234 ν.

2178 2273 2331 2341 Quod
2361 2274 2542 2329 eadem
2567 2271 2838 2338 Sapientia
2878 2262 3088 2342 attingit
3116 2292 3148 2327 a
3188 2273 3291 2341 ﬁne
3320 2289 3483 2343 usque
3518 2273 3594 2326 ad
3619 2275 3762 2331 ﬁnem

2246 2344 2470 2415 foriiter,
2496 2353 2550 2415 et
2590 2343 2820 2411 disponit
2857 2345 3034 2415 omnia
3079 2346 3347 2408 suaviter;
3388 2360 3514 2415 qum
3547 2355 3766 2414 quatuor

2243 2413 2560 2485 principales
2597 2414 2812 2468 virtutes
2859 2414 3043 2485 docet,
3077 2414 3176 2467 hoc
3210 2423 3309 2477 est,
3338 2413 3678 2468 sobrietatem
3720 2425 3765 2467 et

2244 2484 2580 2552 sapientiam,
2593 2484 2871 2591 {iustitiam
2905 2494 2952 2538 et
3000 2484 3238 2538 virtutem
3305 2494 3351 2537 et
3377 2485 3663 2556 participes
3689 2486 3765 2539 sui

2245 2555 2395 2591 omnis
2417 2571 2526 2591 una
2558 2572 2588 2591 η
2612 2555 2810 2591 nhs-ncne

2244 2555 2395 2625 eﬂicit
2417 2571 2526 2608 esse
2556 2555 2829 2625 gloriosos.

2246 2644 2397 2714 (Car.
2425 2645 2568 2715 vni.)
2608 2645 2828 2715 Attingit
2852 2662 2973 2715 ergo
2997 2662 3028 2698 a
3059 2646 3165 2713 [ine
3188 2661 3348 2714 usque
3376 2645 3449 2697 ad
3473 2644 3639 2714 ﬁnem
3667 2646 3768 2713 for-

2174 2738 2315 2802 titer,
2355 2747 2403 2791 et
2430 2736 2657 2807 disponit
2689 2737 2865 2790 omnia
2895 2736 3141 2790 suaviter.
3171 2734 3497 2806 Unigeuitus
3526 2742 3657 2806 ergo
3682 2735 3767 2790 Fi-

2175 2829 2281 2884 lius
2306 2822 2401 2884 Dei
2428 2838 2730 2885 comteruus
2762 2838 2817 2883 et
2845 2827 3135 2898 coaequalis
3172 2844 3270 2899 per
3293 2828 3482 2882 omnia
3531 2824 3683 2883 Patri
3716 2840 3769 2882 et

2176 2916 2402 2988 Spiritui
2434 2928 2643 2974 sancto.
2679 2918 2725 2973 A
2775 2917 2881 2973 line
2906 2928 3074 3001 usque
3112 2919 3183 2973 ad
3220 2917 3407 2981 linem,
3441 2920 3551 2974 hoc
3576 2927 3677 2984 est,
3704 2919 3769 2973 ab

2173 3018 2377 3066 aeterno
2416 3022 2590 3082 usque
2637 3011 2691 3066 iu
2744 3019 3039 3076 aeternum,
3101 3006 3315 3082 attingit
3358 3009 3603 3075 fortiter,
3648 3010 3771 3081 quia

2175 3099 2351 3156 virtus
2400 3108 2484 3156 est
2534 3096 2757 3166 Dei;et
2814 3099 3054 3172 disponit
3100 3101 3283 3157 omnia
3337 3102 3605 3166 suaviter,
3650 3102 3774 3173 quia

2176 3189 2319 3244 idem
2348 3189 2517 3261 ipsius
2547 3198 2632 3245 est
2665 3190 2951 3260 sapientia,
2985 3191 3077 3262 qui
3110 3192 3163 3248 in
3190 3189 3519 3263 Apocalypsi
3550 3191 3774 3248 Joannis

2174 3280 2248 3335 ita
2277 3280 2355 3335 ait
2382 3299 2395 3332 :
2429 3274 2539 3350 Ego
2585 3292 2706 3334 sunt
2733 3274 2900 3350 Alplta
2955 3290 3002 3335 et
3045 3280 3264 3352 Omcga,
3309 3281 3523 3335 initium
3550 3292 3607 3335 et
3634 3280 3776 3352 ﬁnis,

2175 3371 2300 3425 dicit
2330 3369 2587 3425 Dominus
2623 3369 2760 3426 Deus
2786 3373 2969 3443 (Apoc.
2999 3371 3135 3445 xit).
3177 3371 3420 3440 Initium,
3447 3378 3620 3444 quem
3665 3370 3777 3427 nul-

2175 3462 2259 3519 lus
2286 3463 2563 3535 praecedit.
2595 3464 2766 3530 Finis,
2798 3465 2883 3520 cui
2913 3464 3093 3520 nullus
3121 3465 3173 3519 in
3208 3480 3376 3536 regno
3398 3465 3668 3531 succedit,
3689 3464 3772 3533 qui

2175 3564 2281 3620 est,
2325 3555 2418 3626 qui
2460 3564 2602 3621 erat,
2627 3564 2683 3612 et
2714 3565 2978 3611 venturus
3002 3567 3087 3612 est
3114 3556 3481 3627 omnipotens.
3512 3556 3623 3624 Qui
3655 3556 3775 3611 alibi

2175 3662 2274 3717 per
2305 3645 2636 3717 Prophetam
2680 3647 2757 3703 ait
2782 3667 2796 3702 :
2819 3649 2953 3703 Ante
2978 3665 3057 3704 me
3080 3666 3183 3704 non
3213 3658 3289 3703 est
3318 3648 3587 3718 formatus
3614 3649 3774 3712 Dens,

2176 3745 2224 3789 et
2247 3745 2362 3807 post
2398 3751 2478 3790 me
2504 3752 2608 3791 non
2639 3736 2737 3790 erit
2774 3735 2932 3808 (Isai.
2964 3738 3141 3807 mn).
3174 3737 3367 3804 Aliter,
3400 3738 3679 3809 sapientia
3702 3748 3776 3791 at-

2178 3825 2341 3898 tingit
2382 3843 2415 3880 a
2458 3826 2564 3896 ﬁne
2615 3832 2778 3899 usque
2805 3827 2881 3880 ad
2920 3827 3079 3897 ﬁnem
3107 3827 3305 3898 fortiter
3347 3843 3474 3889 cum
3506 3830 3585 3884 ab
3631 3830 3779 3892 initio

2177 3919 2471 3975 creationis
2500 3920 2704 3987 mundi,
2740 3926 2911 3991 usque
2937 3921 3006 3976 ad
3030 3921 3327 3976 adventum
3354 3906 3601 3988 Domini,
3636 3923 3779 3977 miri-

2178 4009 2278 4065 liea
2318 4009 2414 4065 Dei
2441 4022 2606 4080 opera
2633 4017 2796 4081 atque
2828 4010 3042 4065 sincera
3064 4010 3259 4065 divinzc
3301 4011 3435 4082 legis
3459 4012 3777 4072 testimonia

2176 4117 2275 4173 per
2299 4101 2466 4157 Vetus
2494 4101 2904 4158 'l‘eStamentum
2934 4101 3151 4157 fortiter
3165 4102 3381 4167 asserit,
3407 4110 3462 4158 et
3488 4104 3560 4158 ab
3599 4106 3780 4160 incar-

2176 4197 2396 4253 natione
2434 4194 2598 4251 νωλιή
2649 4212 2821 4268 usque
2854 4198 2920 4254 ad
2977 4197 3140 4253 linem
3190 4198 3376 4254 mundi
3430 4197 3780 4256 dulcedinem

2178 4276 2481 4359 divinorum
2507 4288 2886 4345 mandatorUm
2910 4296 3008 4359 per
3033 4282 3383 4360 Evangelium
3411 4292 3667 4346 suaviter
3691 4307 3783 4347 ex-

2180 4380 2349 4452 ponit.
2381 4379 2535 4436 Unus
2560 4395 2691 4451 ergo
2718 4390 2879 4451 atque
2911 4378 3051 4436 idem
3081 4379 3332 4436 conditor
3363 4389 3448 4435 est
3493 4383 3783 4453 utriusque

2102 4508 2162 4568 Β,
2181 4458 2532 4559 Testamenti,
2557 4468 2823 4527 mediator
2857 4470 3109 4526 videlicet
3142 4470 3233 4525 Dei
3265 4478 3315 4525 et
3344 4470 3665 4539 hominum,
3691 4470 3783 4543 qui

2181 4566 2233 4618 in
2264 4552 2379 4635 lege
2404 4566 2488 4618 sui
2512 4564 2782 4630 timorem,
2809 4571 2863 4619 et
2886 4564 2941 4618 i'u
2967 4562 3260 4634 Erangelio
3280 4563 3362 4617 sui
3393 4577 3649 4619 amorem
3682 4564 3789 4619 ele-

2180 4652 2283 4707 ctis
2304 4652 2424 4707 suis
2466 4653 2884 4707 commendavit.
2934 4652 3088 4709 Unde
3136 4651 3411 4722 eleganter
3441 4653 3721 4722 sapientia
3752 4656 3789 4705 α’

2179 4742 2286 4816 ﬁne
2310 4762 2471 4816 usque
2500 4746 2570 4799 ad
2614 4745 2773 4815 ﬁnem
2812 4738 3019 4815 fortiter
3057 4744 3347 4815 pertingere
3378 4742 3587 4797 dicitur
3614 4763 3629 4797 :
3661 4744 3783 4813 quia

2180 4838 2380 4907 ubique
2402 4841 2790 4892 consummata:
2814 4845 2870 4890 et
2904 4832 3162 4905 perfecta:
3190 4848 3308 4889 esse
3328 4833 3554 4889 virtutis
3582 4834 3785 4905 praedio.

2180 4937 2374 4990 catur;
2416 4926 2577 4982 linem
2608 4927 2753 4981 enim
2780 4940 2878 4997 pro
2908 4924 3240 4997 perfectione
3282 4925 3480 4995 saepius
3529 4925 3588 4979 in
3633 4924 3783 4979 Scri-

2179 5020 2355 5092 pturis
2407 5019 2642 5090 positum
2692 5018 3016 5084 invenimus,
3071 5027 3133 5073 ut
3185 5027 3269 5074 est
3309 5017 3439 5072 illud
3485 5016 3780 5088 Apostoli:

2186 5114 2334 5169 Finis
2364 5115 2605 5185 pra’ccpti
2632 5122 2704 5168 est
2729 5113 2982 5178 Charitas,
3000 5130 3065 5167 ex
3088 5111 3245 5167 corde
3274 5129 3406 5183 pnro
3428 5122 3478 5166 et
3506 5114 3787 5167 conscien-

2184 5208 2259 5261 tia
2306 5224 2355 5277 p-
2380 5224 2464 5271 ra,
2504 5217 2551 5260 et
2595 5198 2696 5266 ﬁde
2744 5223 2846 5259 non
2895 5204 3018 5273 ﬁcta
3052 5203 3101 5277 (I
3135 5203 3269 5257 Tim.
3310 5203 3371 5274 ι).
3412 5202 3479 5256 Et
3515 5218 3780 5257 rursum:

2187 5287 2338 5352 Finis
2380 5297 2507 5367 legis
2542 5307 2616 5351 est
2657 5297 2907 5352 Christus
2939 5298 3007 5351 ad
3054 5297 3312 5365 iustitiam
3354 5297 3497 5349 omni
3541 5294 3789 5350 credenti

2189 5389 2360 5461 (Rom.
2397 5389 2473 5460 χ).
2504 5388 2640 5444 llinc
2660 5398 2715 5444 et
2743 5389 2795 5443 in
2826 5387 3116 5459 Evangelio
3139 5388 3252 5457 ipsa
3286 5387 3497 5442 Veritas
3519 5403 3653 5442 cum
3680 5388 3788 5441 duo

2187 5488 2454 5551 pneccpta
2491 5479 2775 5535 charitatis
2802 5479 3323 5534 eonsuuuuationem
3354 5476 3514 5549 Legis
3547 5488 3607 5532 et
3654 5478 3790 5533 Pro-

2188 5574 2472 5644 phetarum
2519 5571 2805 5626 ostendere
2833 5569 3009 5633 vellet,
3048 5569 3360 5645 lcgisperito
3385 5568 3677 5639 respondit
3705 5567 3789 5623 die

2187 5678 2316 5718 cens
2343 5681 2354 5716 :
2387 5661 2447 5716 ln
2473 5663 2553 5717 his
2590 5662 2792 5716 duobus
2818 5661 3081 5716 mandatis
3111 5663 3351 5715 universa
3378 5660 3485 5714 Lex
3509 5658 3711 5730 pendet
3736 5667 3789 5714 et

2195 5752 2703 5827 t’ropltcttr(.ilattlt.
2748 5753 2904 5825 χχιι),
2949 5754 3051 5810 hoc
3099 5764 3204 5824 est,
3234 5756 3481 5809 universa
3519 5752 3781 5808 doctrina
