3960 6178
248 314 354 370 703

1075 306 1427 366 COMMENT.
1468 306 1537 363 ιΝ
1576 306 1839 364 LIBRUM
1879 307 2289 363 SAPIENTLE.
2329 339 2401 349 --
2439 309 2565 365 LIB.
2604 308 2669 364 ll.

3432 314 3533 367 706

247 423 411 495 chis
429 430 492 476 et
517 418 907 491 Prophetarum
938 418 992 473 in
1027 418 1112 473 bis
1135 418 1410 488 impletur,
1437 419 1575 475 etin
1605 418 1692 474 his
1714 433 1844 474 con-
1876 431 1921 491 Α
1950 420 2109 474 ditem
2162 420 2434 491 diligentes
2500 440 2602 486 me,
2655 433 2702 477 et
2754 422 3026 478 thesauros
3079 442 3259 480 eorum
3311 429 3534 499 repleam

248 520 580 571 summatur.

323 604 481 659 Hanc
502 620 699 667 amavi,
721 605 855 656 hanc
886 603 1139 673 exquisivi
1164 620 1196 655 a
1210 612 1485 671 juventute
1511 619 1647 657 mea.
1676 602 1844 658 Ama-

246 706 336 751 tor
357 694 637 766 sapientia:
675 692 954 762 qumsiisse
994 707 1053 747 sc
1076 692 1208 747 dicit
1254 692 1425 763 ipsam
1453 693 1771 767 sapientiam
1812 709 1843 748 a

240 788 532 858 iuventute
553 802 676 851 sua,
705 788 807 841 hoc
832 794 994 853 est,_a
1024 786 1310 841 cunabulis
1338 787 1464 842 vita:
1488 786 1760 854 humanae,
1788 797 1844 843 et

247 881 372 934 κρυ
403 895 523 932 cam
566 879 834 933 veraciter
870 878 1096 943 invenit,
1129 879 1255 949 quia
1303 880 1581 934 studiosus
1617 879 1845 950 inquisi-

247 984 333 1028 tor
362 972 483 1041 ejus
514 971 636 1035 fuit,
658 971 814 1041 juxta
862 970 1011 1023 illam
1050 970 1486 1039 promissionem,
1517 985 1680 1040 quam
1727 970 1843 1040 ipsa

215 1065 377 1139 .alibi
437 1062 790 1117 dilectoribus
842 1061 958 1116 suis
1008 1062 1319 1131 repromisit
1361 1061 1550 1117 dicens
1595 1080 1607 1115 :
1647 1059 1843 1115 Beatus

245 1157 404 1208 homo
436 1154 528 1224 qui
553 1152 703 1205 audit
740 1167 841 1216 me,
866 1161 913 1205 et
939 1152 1030 1221 qui
1058 1151 1235 1222 uigilat
1284 1151 1353 1205 ad
1382 1152 1523 1222 [ores
1550 1168 1695 1206 meas
1720 1169 1848 1223 quo-

248 1246 398 1309 tidie,
431 1255 480 1298 et
523 1246 757 1298 observat
792 1243 861 1297 ad
901 1253 1071 1313 postes
1096 1244 1217 1297 ostii
1250 1244 1350 1298 mei
1387 1244 1845 1317 (Prov.vm).Qui

246 1357 326 1392 me
356 1340 609 1393 iurenerit
667 1338 887 1392 inveniet
919 1338 1096 1405 vitam,
1122 1350 1169 1393 et
1193 1338 1398 1395 hauriet
1427 1342 1650 1396 salutem
1680 1361 1712 1396 a
1738 1343 1846 1396 Do-

245 1432 391 1484 mino
474 1440 489 1495 (
523 1429 665 1490 Ibid.
702 1428 747 1497 ).
830 1429 899 1483 Et
945 1430 1113 1486 item:
1148 1429 1282 1501 Ego,
1335 1432 1536 1503 inquit,
1574 1433 1844 1505 diligentes

244 1538 328 1575 me
365 1519 553 1591 diligo,
594 1529 641 1574 et
668 1520 759 1591 qui
784 1534 937 1574 mane
965 1520 1181 1591 vigilant
1226 1522 1295 1576 ad
1324 1539 1407 1576 me
1457 1525 1715 1579 invenient
1762 1543 1845 1582 me

245 1610 463 1684 (Ibid).

315 1704 390 1758 Et
415 1704 629 1774 qutcsiei
663 1704 790 1759 mitti
824 1720 1069 1775 sponsam
1111 1722 1396 1773 assumere,
1439 1717 1486 1762 et
1534 1719 1742 1765 amator
1764 1709 1847 1772 fa-

1948 509 2129 584 (Prov.
2163 511 2300 582 vui).
2325 511 2401 566 lta
2427 522 2480 566 et
2520 513 2574 567 in
2605 513 2894 584 Evangelio
2923 514 3116 570 eadem
3142 516 3341 572 clamat
3366 528 3421 575 et
3455 520 3542 577 di-

1946 602 2022 656 clt
2046 619 2058 654 :
2095 601 2209 672 Ego
2235 619 2349 657 sum
2382 602 2475 657 lux
2508 604 2710 658 utztndi.
2738 605 2842 676 Qui
2862 606 3096 675 sequitur
3120 623 3201 661 me
3226 624 3329 661 non
3358 610 3545 668 ambw

1947 692 2023 745 lat
2053 693 2106 745 in
2151 693 2400 759 tenebris,
2442 697 2530 748 sed
2572 695 2778 748 [iubebit
2821 695 2995 749 lumen
3039 698 3155 750 ritte
3179 698 3358 771 (Joan.
3388 706 3533 773 vut).

1954 782 2135 838 Venite
2158 784 2226 838 ad
2257 801 2357 851 me,
2388 802 2563 840 omnes
2588 786 2678 857 qui
2715 784 2966 839 laboratis
2992 797 3039 840 et
3071 789 3273 842 onerati
3300 792 3445 858 estis,
3488 805 3539 849 et

1943 891 2038 945 ego
2075 877 2306 944 reﬁciam
2349 894 2454 931 eos.
2490 876 2676 931 Tollite
2709 878 2903 948 jugum
2953 895 3123 933 meum
3153 897 3312 952 super
3350 900 3459 950 vos,
3491 896 3540 939 et

1944 966 2130 1019 discite
2154 984 2184 1019 a
2216 983 2297 1020 me
2321 968 2444 1039 quia
2478 967 2618 1022 mitis
2649 984 2765 1021 sum
2801 976 2847 1020 et
2886 967 3098 1023 humilis
3124 971 3298 1035 corde,
3327 984 3373 1027 εἰ
3400 975 3542 1029 inve-

1946 1059 2097 1111 nietis
2125 1059 2350 1128 requiem
2395 1059 2672 1113 animabus
2719 1061 2920 1114 vestris.
2963 1059 3161 1131 Jugum
3190 1065 3329 1118 enim
3366 1081 3571 1119 metim-

1944 1166 2104 1205 suave
2164 1162 2271 1217 est,
2318 1161 2364 1205 et
2421 1168 2552 1206 onus
2607 1168 2779 1205 meum
2832 1151 2938 1206 lere
3006 1152 3250 1224 (Matth.
3304 1156 3430 1229 x1).
3474 1158 3540 1212 Et

1947 1240 2071 1294 alibi
2106 1257 2118 1293 :
2151 1238 2355 1305 Omnis,
2392 1240 2584 1310 inquit,
2619 1242 2708 1310 qui
2763 1241 3027 1312 reliquerit
3075 1242 3288 1296 domum
3330 1244 3406 1298 uel
3427 1248 3541 1315 [ra-

1946 1341 2072 1394 tres,
2104 1341 2193 1383 aut
2237 1347 2461 1393 sorores,
2507 1340 2598 1383 aut
2619 1339 2841 1400 patrem,
2873 1341 2965 1383 aut
3004 1339 3244 1396 matrem,
3277 1343 3367 1386 aut
3415 1350 3540 1388 uxoo

1945 1439 2075 1487 rem,
2107 1432 2196 1476 aut
2225 1421 2388 1491 ﬁlios,
2413 1431 2504 1475 aut
2530 1438 2684 1492 agros
2727 1432 2938 1491 propter
2963 1438 3150 1477 nomen
3192 1440 3383 1489 meum,
3414 1441 3537 1479 cen-

1945 1511 2150 1582 tuplum
2184 1513 2423 1581 accipiet,
2458 1521 2504 1564 et
2536 1513 2694 1564 vitam
2737 1522 2985 1565 (sternam
3007 1513 3535 1585 possidebit.(Matth.

1944 1601 2083 1670 xix).
2126 1600 2313 1656 Potest
2336 1609 2392 1655 et
2429 1601 2542 1654 haec
2584 1601 2852 1656 sententia
2893 1604 2960 1657 ad
2999 1604 3348 1660 meditatores
3391 1607 3533 1661 divi.

1946 1709 2030 1747 nae
2063 1692 2217 1762 legis,
2245 1693 2338 1762 qui
2368 1692 2421 1746 in
2452 1707 2515 1746 ea
2560 1692 2647 1747 die
2684 1707 2749 1746 ac
2779 1702 2938 1748 nocte
2971 1696 3074 1749 rite
3103 1697 3453 1762 meditantur,
3482 1707 3539 1754 et

242 1808 358 1871 c_tus
379 1815 497 1851 sum
513 1798 699 1867 forma:
722 1797 885 1852 illius.
911 1797 1166 1866 Quaesivi,
1195 1802 1391 1873 inquit,
1423 1818 1680 1873 sponsam
1708 1805 1839 1860 mihi

1950 1786 2000 1841 iu
2044 1784 2502 1854 contemplatione
2555 1784 2758 1839 assidui
2819 1795 2947 1840 sunt
2996 1787 3175 1841 divina
3229 1788 3539 1857 specialiter

244 1903 546 1954 assumere,
576 1889 681 1943 hoc
705 1899 810 1954 est,
842 1901 1105 1959 perpetuo
1130 1906 1249 1945 eam
1278 1890 1483 1947 {uidere
1513 1894 1644 1948 mihi
1676 1909 1842 1964 copu-

241 1978 383 2044 lare,
414 1995 444 2033 a
477 1979 629 2049 cujus
656 1979 917 2034 societate
953 1981 1066 2035 scio
1103 1996 1450 2053 nequaquam
1484 1998 1568 2037 me
1597 1984 1840 2056 separari

241 2069 402 2132 velle,
448 2070 709 2140 cujusque
754 2067 983 2123 formam
1031 2069 1166 2141 elegi
1219 2072 1455 2129 maxime
1487 2072 1836 2141 desiderare;

242 2161 419 2216 forma
453 2162 597 2214 enim
643 2161 924 2231 sapimtite
956 2172 1156 2217 veritas
1184 2171 1287 2229 est,
1334 2179 1496 2234 quam
1533 2180 1723 2220 omnes
1750 2180 1841 2221 vc-

242 2253 447 2306 raciter
481 2252 713 2322 religiosi
751 2253 1019 2322 praecipue
1059 2263 1320 2324 appetunt
1347 2269 1681 2325 agnoscere:
1714 2257 1839 2327 quia

241 2358 303 2396 ea
333 2345 446 2396 sola
472 2355 581 2406 est,
607 2357 711 2412 qua
736 2358 927 2398 nunties
957 2343 1114 2398 electi
1148 2345 1241 2398 llei
1288 2353 1511 2415 sperant
1554 2348 1608 2400 in
1635 2354 1840 2401 atterna

243 2434 428 2503 quiete.
450 2448 510 2488 se
537 2434 856 2488 beauticari.
895 2434 1043 2488 Unde
1075 2434 1189 2506 ipsa
1224 2432 1434 2489 Veritas
1463 2426 1517 2489 in
1552 2436 1840 2508 Evangelio

242 2526 309 2579 ad
335 2524 555 2579 l‘etrem
585 2523 663 2577 ait
688 2541 699 2575 :
737 2521 863 2577 Haec
893 2531 967 2577 est
995 2536 1097 2577 rita
1119 2537 1336 2591 interna,
1370 2535 1425 2579 ut
1455 2537 1769 2596 cognoscant
1792 2537 1841 2583 te

242 2629 425 2666 verum
460 2613 649 2673 Deum,
681 2620 727 2665 et
755 2628 907 2682 quem
932 2612 1119 2666 misisti
1140 2612 1322 2668 Iesum
1354 2613 1621 2670 Christum
1653 2614 1836 2689 (Joau.

243 2698 402 2771 nu).
436 2703 513 2758 De
546 2719 653 2772 quo
678 2713 735 2758 et
767 2703 1131 2776 sul‘tjuugitur.

311 2796 725 2850 (ieneresitatem
763 2796 1026 2865 glori/ient
1054 2796 1453 2852 contubernium
1498 2800 1690 2854 habens
1722 2799 1837 2855 Dei.
1874 2788 1889 2807 ’

242 2886 596 2942 Generosius
632 2903 764 2958 ergo
789 2897 954 2957 atque
983 2887 1235 2942 nobilitas
1277 2895 1363 2942 est
1392 2888 1653 2959 unigeniti
1692 2889 1837 2957 Filii,

241 2986 511 3030 :rterntnn
544 2987 600 3030 et
625 2976 1053 3044 ontnipotentem
1086 2976 1286 3033 habere
1316 2977 1549 3042 Patrem,
1579 2994 1704 3033 cum
1733 2995 1841 3050 quo

243 3071 361 3141 ipse
391 3068 683 3139 eoa-qualis
710 3078 765 3124 et
791 3084 1093 3125 emeramus
1125 3071 1194 3125 ab
1222 3070 1377 3125 initio
1403 3072 1757 3141 manctzquia
1782 3076 1838 3125 in

1947 1879 2243 1947 pertinere,
2270 1877 2396 1947 quia
2438 1876 2686 1947 quisquis
2710 1891 2830 1930 eam
2874 1877 3085 1932 intento
3110 1879 3273 1933 corde
3301 1891 3356 1934 et
3397 1879 3538 1935 bona

1945 1971 2226 2024 voluntate
2254 1968 2597 2038 exquisierit,
2630 1969 2981 2024 inenarrabili
3005 1970 3289 2027 dulcedine
3319 1988 3415 2027 sua
3448 1988 3538 2028 vc-

1947 2062 2126 2118 ritatis
2157 2062 2384 2116 iuterme
2426 2062 2743 2131 replebitur,
2782 2072 2836 2117 et
2860 2063 3124 2118 bonorum
3155 2067 3400 2121 omnium
3431 2066 3540 2121 lar-

1946 2154 2115 2223 gitate
2143 2152 2472 2223 profruetur.
2509 2151 2663 2207 Undo
2699 2162 2754 2209 et
2791 2155 2969 2209 adhuc
2998 2154 3341 2228 subjungitur
3375 2176 3387 2210 :

2015 2244 2076 2298 Si
2099 2253 2274 2297 autem
2322 2258 2504 2297 sensus
2539 2253 2808 2313 operatur,
2858 2246 2973 2316 quis
3003 2246 3190 2299 horum
3239 2264 3359 2317 qua:
3412 2259 3534 2303 sunt

1945 2335 2112 2405 magis
2139 2350 2297 2404 quam
2327 2331 2420 2386 illa
2452 2342 2534 2403 est
2588 2334 2782 2403 artifex
2801 2336 2827 2387 ?
2856 2336 2912 2389 Si
2936 2351 3066 2407 ergo
3110 2338 3371 2407 sapientia
3418 2341 3537 2394 sani

1944 2441 2137 2481 sensus
2178 2432 2235 2479 et
2269 2423 2549 2495 profunda:
2584 2425 2952 2497 intelligentia:
2992 2438 3077 2483 est
3118 2430 3377 2496 creatrix,
3404 2447 3540 2501 quo-

1947 2521 2106 2574 modo
2126 2520 2366 2572 omnium
2392 2519 2657 2573 bonorum
2682 2534 2930 2589 operum,
2954 2536 3232 2576 sacrarum
3252 2523 3537 2590 virtutum,

1943 2626 2065 2681 qua:
2080 2610 2306 2665 salutem
2334 2610 2582 2665 stabilem
2615 2611 2727 2666 suis
2752 2612 3087 2667 amatoribus
3109 2613 3388 2681 exhibent,
3420 2615 3538 2686 ipsa

1945 2718 2052 2759 non
2080 2713 2165 2759 est
2196 2703 2480 2759 ell'cctrix?

2014 2796 2083 2851 Et
2115 2798 2159 2851 si
2178 2797 2444 2867 justitiam
2472 2798 2588 2868 quis
2619 2796 2811 2867 diligit,
2864 2796 3067 2852 labores
3118 2798 3277 2868 hujus
3318 2816 3539 2870 magnas

1943 2888 2131 2943 habent
2157 2889 2391 2943 virtutes.
2440 2886 2612 2944 Nemo
2644 2888 2928 2961 pervenire
2974 2890 3172 2958 poterit
3221 2890 3287 2944 ad
3315 2889 3541 2961 justitim

1946 2981 2201 3051 palmam,
2235 2980 2337 3036 nisi
2372 2990 2632 3051 sequatur
2655 2980 2934 3059 sapientiai
2970 2997 3235 3046 normam,
3266 2984 3392 3054 quia
3423 2983 3539 3053 ipsa

1944 3080 2125 3127 servat
2148 3073 2420 3142 mquitatis
2461 3072 2722 3142 regulam,
2751 3080 2805 3125 et
2852 3084 2950 3141 per
2989 3073 3128 3125 viam
3169 3074 3413 3128 veritatis
3443 3074 3543 3129 du-

240 3161 501 3231 pn’neipw
527 3170 638 3214 erat
683 3159 929 3227 Verbum,
964 3171 1012 3215 et
1067 3160 1289 3216 Verbum
1322 3172 1436 3215 erat
1480 3163 1621 3233 apud
1650 3163 1839 3229 Deum,
1868 3141 1912 3204 (ἶ
1948 3164 2024 3219 cit
2054 3164 2123 3219 ad
2144 3141 2459 3235 perpetuam
2483 3141 2673 3218 vitam.
2698 3162 2867 3233 Hujus
2892 3164 3035 3218 enim
3068 3164 3283 3221 labores
3313 3181 3541 3236 magnas

242 3264 290 3307 et
340 3251 480 3306 Dens
514 3262 626 3305 erat
678 3250 920 3306 Verbum.
974 3251 1039 3306 Et
1079 3250 1305 3307 Verbum
1352 3270 1476 3307 caro
1516 3254 1714 3322 factum
1744 3266 1841 3321 est,

243 3356 291 3398 et
321 3345 572 3397 habitavit
602 3348 656 3397 in
683 3344 848 3409 nobis,
876 3354 922 3397 et
949 3346 1171 3398 uidimus
1203 3347 1423 3413 gloriam
1451 3346 1590 3415 ejus,
1619 3346 1842 3416 gloriam

243 3437 396 3507 quasi
442 3435 694 3506 μητρυιᾶιὶ
741 3451 773 3488 a
819 3434 1000 3502 Patre,
1034 3434 1243 3502 plenum
1292 3436 1480 3505 gratim
1532 3446 1579 3490 et
1612 3438 1842 3492 reritatis

247 3530 433 3599 (βοοκ.
470 3532 530 3594 ι).

316 3620 426 3677 Sed
451 3631 501 3675 et
532 3621 768 3675 omnium
802 3620 1057 3674 Dominus
1089 3619 1272 3673 dilexit
1307 3617 1474 3673 illam.
1508 3618 1643 3687 Quia
1680 3619 1843 3676 Pater

244 3710 416 3782 diligit
447 3710 663 3776 Filium,
685 3719 741 3766 et
764 3710 944 3765 omnia
975 3708 1123 3766 dedit
1153 3708 1206 3763 in
1251 3724 1411 3765 manu
1435 3708 1550 3780 ejus
1576 3729 1588 3765 :
1622 3710 1844 3766 Doctria:

243 3810 325 3858 est
361 3803 504 3856 enim
550 3801 843 3869 disciplima
898 3800 1016 3865 Dei,
1072 3809 1119 3854 et
1162 3799 1376 3854 electri:
1410 3817 1625 3869 operum
1671 3802 1838 3854 illius.

246 3893 406 3959 Quod
432 3890 674 3946 Joannes
727 3891 780 3945 in
831 3890 1120 3961 Evangelio
1173 3890 1459 3946 manifeste
1503 3893 1839 3961 comprobat,

243 3987 436 4041 dicens
462 4002 476 4037 :
505 3982 609 4049 Qui
629 3991 741 4053 post
764 3998 845 4036 me
871 3993 1117 4036 venturus
1138 3990 1238 4046 est,
1261 3991 1383 4036 ante
1409 3998 1491 4036 me
1516 3983 1691 4049 [actus
1719 3992 1795 4036 est
1822 3996 1841 4034 :

224 4074 368 4145 quia
397 4074 545 4141 prior
582 4089 664 4130 ius
682 4082 818 4138 erat,
849 4082 895 4126 et
927 4073 990 4126 de
1015 4073 1341 4140 plenitudine
1373 4072 1490 4142 ejus
1535 4089 1628 4126 nos
1664 4088 1842 4127 omnes

243 4154 564 4237 accepimus,
595 4178 641 4227 et
671 4166 897 4237 gratiam
921 4152 1218 4235 pro’gratia
1247 4178 1266 4216 :
1295 4165 1421 4235 quia
1457 4165 1543 4221 lea:
1567 4181 1662 4234 per
1690 4164 1843 4234 Mog-

241 4276 335 4315 sen
358 4259 489 4313 data
532 4269 632 4325 est,
679 4259 852 4329 gratia
904 4267 952 4312 et
984 4256 1172 4312 ueritas
1217 4273 1310 4327 per
1335 4256 1523 4312 losum
1572 4255 1841 4314 Christum

242 4353 390 4423 facta
419 4362 518 4406 est.
546 4350 713 4405 Deum
745 4366 893 4404 nemo
918 4349 1042 4404 vidit
1072 4364 1325 4419 unquam.
1356 4347 1667 4420 Unigenitus
1696 4348 1840 4417 [ilius

239 4446 334 4515 qui
360 4456 436 4499 est
464 4447 519 4498 in
548 4445 670 4497 sinu
688 4438 897 4507 Patris,
922 4441 1029 4511 ipse
1054 4442 1317 4495 enarravit
1340 4436 1522 4509 (Joan.
1552 4435 1613 4509 ι).
1739 4474 1769 4495 .

317 4544 387 4598 Et
418 4544 465 4598 si
492 4543 689 4597 diuitia'
728 4554 1043 4613 appetuntur
1067 4543 1122 4596 in
1162 4542 1286 4609 rita,
1312 4543 1441 4613 quid
1468 4544 1724 4613 sapientia
1754 4544 1835 4598 lo-

243 4635 505 4706 :upletius
529 4651 646 4705 qua:
671 4634 847 4687 omnia
885 4643 1150 4705 operatur.
1182 4632 1460 4703 Sapientia
1492 4649 1624 4705 ergo
1662 4634 1754 4690 Dei
1784 4643 1839 4690 et

241 4728 422 4783 virtus
445 4725 705 4780 Dominus
732 4723 982 4780 Christus
1008 4739 1104 4794 per
1127 4737 1287 4794 quem
1315 4723 1497 4777 onmia
1526 4723 1666 4780 facta
1690 4733 1836 4791 sunt,

241 4831 298 4877 et
324 4822 420 4891 qui
451 4819 615 4876 simul
642 4834 764 4873 cum
792 4816 954 4871 Patre
978 4816 1227 4871 universa
1254 4817 1474 4887 proprio
1499 4825 1629 4870 nutu
1660 4816 1841 4886 dispo-

243 4915 330 4970 nit
355 4922 523 4982 atque
555 4910 712 4980 regit,
742 4909 895 4979 juxta
927 4905 1057 4961 illud
1079 4905 1357 4975 Evangelii
1385 4920 1399 4959 :
1426 4904 1609 4971 Pater,
1644 4905 1838 4975 inquit,

245 5022 403 5063 meus
444 5019 612 5074 usque
650 5002 806 5055 modo
835 5010 1106 5070 operatur,
1129 5009 1178 5053 et
1203 5014 1296 5069 ego
1333 5013 1521 5068 operor
1556 4996 1738 5070 (Joan.
1764 4997 1842 5069 v).

240 5097 367 5169 Ipse
406 5094 649 5150 omnium
695 5091 959 5146 virtutum
990 5088 1211 5144 divitias
1258 5089 1310 5143 in
1373 5101 1432 5143 se
1480 5088 1744 5154 continet,
1791 5095 1847 5142 et

240 5186 592 5243 amatoribus
619 5183 733 5238 suis
768 5181 1066 5238 secundum
1094 5180 1423 5235 voluntatem
1461 5195 1616 5235 suam
1656 5180 1844 5236 distri-

237 5276 389 5343 buit,
426 5276 571 5346 quod
595 5282 649 5329 et
684 5273 739 5327 in
768 5271 939 5338 Novo,
971 5280 1027 5328 et
1064 5271 1118 5326 in
1146 5269 1329 5326 Veteri
1355 5271 1704 5327 Testamento
1728 5270 1844 5343 pari

238 5368 418 5426 modo
444 5366 772 5422 declaratur.
823 5363 977 5421 Unde
1009 5363 1152 5419 sicut
1188 5363 1243 5416 in
1270 5360 1581 5419 Proverbiis
1608 5363 1723 5433 ipsa
1757 5376 1844 5417 sa-

239 5460 456 5533 pientia
488 5458 723 5529 loquitur
737 5456 922 5513 dicens
948 5474 962 5509 :
989 5454 1197 5509 Mecum
1219 5464 1337 5509 sunt
1356 5454 1556 5509 divitia:
1576 5465 1625 5509 et
1650 5454 1842 5525 gloria,

240 5569 373 5608 oues
398 5566 638 5621 superna.-
662 5559 709 5604 et
729 5548 964 5620 justitia.
993 5546 1184 5602 Melior
1203 5556 1278 5601 est
1317 5546 1521 5617 fructus
1543 5564 1689 5602 meus
1711 5548 1842 5603 nitro

244 5656 298 5701 et
322 5647 551 5711 pretioso
582 5643 775 5713 lapide,
806 5652 852 5696 et
882 5640 1145 5713 genimina
1182 5657 1295 5694 mea
1321 5648 1535 5709 argento
1560 5638 1741 5694 electo.
1776 5639 1844 5694 In

233 5735 572 5809 tiisjustitite
616 5732 858 5798 ambulo,
908 5734 962 5786 in
1004 5731 1174 5786 medio
1205 5733 1510 5787 semitamm
1542 5730 1759 5801 judicii,
1784 5742 1842 5785 ut

524 5830 535 5861 l

1868 4492 1918 4553 D

1947 3258 2150 3312 habent
2174 3257 2429 3321 virtutes,
2459 3257 2584 3327 quia
2635 3256 2769 3312 nihil
2813 3256 2981 3324 iners,
3019 3257 3151 3311 nihil
3192 3258 3540 3314 dissidiosum

1944 3344 2061 3414 ejus
2089 3347 2229 3401 inest
2254 3347 2532 3417 operibus,
2565 3346 2659 3403 sed
2689 3361 3027 3418 quaecunque
3061 3357 3188 3402 sunt
3210 3364 3359 3414 vera,
3393 3363 3545 3419 qua:-

1944 3454 2159 3509 cuuque
2185 3440 2400 3510 pudica,
2448 3453 2783 3510 qurecunque
2823 3438 2991 3510 justa,
3026 3455 3364 3510 qumcunque
3411 3455 3542 3497 san-

1944 3541 2054 3599 cta,
2089 3549 2423 3603 qtuecunquc
2475 3533 2746 3600 amabilia,
2778 3549 3112 3604 quascunque
3159 3536 3314 3590 bona:
3360 3533 3539 3601 famae,

1944 3626 2060 3679 lucc
2081 3624 2189 3695 agit
2225 3641 2239 3679 :
2267 3633 2323 3680 et
2348 3627 2681 3681 amatoribus
2721 3627 2834 3680 suis
2861 3624 3107 3681 facienda
3138 3627 3448 3691 committit,
3476 3636 3541 3682 ut

1945 3715 2117 3786 ipsius
2157 3715 2280 3770 boni
2311 3731 2407 3770 usu
2432 3715 2600 3770 vitam
2630 3715 2955 3785 conquirant
2984 3716 3398 3786 sempiternam;
3427 3714 3541 3772 frus

1944 3819 2065 3864 ctus
2093 3808 2238 3863 enim
2276 3807 2411 3864 lucis
2434 3816 2518 3863 est
2562 3807 2613 3862 in
2647 3808 2795 3863 omni
2834 3808 3098 3875 bonitate,
3130 3818 3186 3864 et
3224 3807 3458 3878 justitia,
3485 3817 3543 3865 ct

1944 3900 2190 3955 veritate.

2016 3988 2366 4045 Sobrietatem
2397 3991 2535 4045 enim
2572 4000 2619 4045 et
2652 3991 2965 4063 sapientiam
3004 3992 3174 4059 docet,
3206 4002 3255 4049 et
3274 3992 3541 4063 justitiam

1943 4089 1992 4134 et
2021 4080 2278 4145 rirtutem,
2307 4080 2496 4152 quibus
2534 4080 2717 4137 utilius
2747 4082 2880 4137 nihil
2901 4092 2976 4138 est
3008 4084 3064 4138 in
3093 4084 3194 4139 vita
3220 4084 3537 4139 hominibus.

1943 4168 2275 4241 Principalcs
2300 4181 2536 4241 quatuor
2562 4187 2683 4228 esse
2703 4173 2933 4229 virtutes
2961 4190 3067 4230 non
3098 4175 3271 4230 solum
3300 4174 3539 4246 philoso-

1942 4263 2035 4334 phi
2063 4265 2323 4331 sentiunt,
2363 4266 2455 4320 sed
2479 4266 2640 4320 etiam
2681 4266 2853 4321 nostri
2879 4267 3249 4333 consentiunt,
3281 4283 3417 4338 quas
3452 4268 3542 4322 hic

1947 4357 2322 4423 sobrietatem,
2356 4359 2698 4429 sapientiam,
2723 4359 2993 4429 justitiam
3031 4368 3087 4416 et
3112 4360 3369 4415 virtutem
3399 4377 3539 4415 tum-

1944 4455 2162 4518 cupant.
2203 4447 2345 4503 Alibi
2372 4458 2553 4504 autem
2588 4449 2718 4519 ipsae
2746 4450 2921 4505 versis
2950 4450 3281 4515 nominibus,
3311 4452 3545 4521 pruden-

1947 4539 2045 4606 tia,
2078 4539 2313 4611 justitia,
2344 4538 2627 4606 fortitudo,
2655 4541 3014 4611 temperantia
3045 4540 3405 4612 appellantur.
3436 4539 3543 4595 Sed

1946 4645 2066 4701 quae
2091 4639 2347 4700 quatuor,
2371 4630 2457 4687 vel
2479 4645 2643 4701 opera
2666 4630 2776 4686 sint
2796 4630 3156 4702 singularum,
3188 4631 3293 4686 hoc
3316 4630 3544 4688 Domino

1947 4720 2286 4775 illuminante
2315 4720 2574 4775 debemus
2604 4720 2844 4775 breviter
2881 4720 3279 4776 demonstrare.
3308 4719 3542 4787 Quater-

1947 4814 2161 4866 narium
2203 4826 2490 4866 numerum
2522 4809 2843 4881 perfectionl
2888 4819 3161 4873 sacratum
3194 4824 3332 4881 pene
3367 4808 3546 4864 nullus

1948 4909 2185 4979 ignorat,
2245 4907 2511 4976 siquidem
2577 4913 2721 4960 totus
2762 4904 2912 4960 orbis
2951 4903 3179 4979 oriente,
3242 4903 3545 4969 occidente,

1951 4996 2203 5068 aquilone
2230 5007 2287 5051 et
2325 4995 2549 5052 meridie
2576 5003 2813 5065 quatuor
2843 4995 3125 5051 terminari
3156 4993 3403 5064 partibus
3432 4993 3549 5049 sive

1950 5092 2165 5164 angulis
2193 5089 2500 5157 invenitur;
2535 5099 2591 5145 et
2621 5090 2735 5161 ipse
2755 5088 2929 5143 Adam
2959 5089 3183 5144 humani
3208 5088 3425 5160 generis
3446 5102 3547 5160 pa-

1950 5192 2056 5251 ter,
2081 5183 2165 5237 vel
2195 5181 2449 5254 generale
2476 5195 2673 5235 nomen
2695 5180 2839 5251 quod
2870 5179 3074 5235 diClltﬂ‘
3101 5180 3287 5247 homo,
3315 5190 3543 5250 quatuor

1950 5273 2149 5330 litteris
2177 5272 2500 5343 explicatur.
2539 5268 2750 5341 Corpus
2794 5283 3012 5339 quoque
3038 5276 3274 5338 quatuor
3306 5267 3545 5321 elemen-

1954 5364 2024 5420 tis
2052 5371 2390 5420 exstructum
2419 5360 2754 5432 quaternarii
2786 5359 2996 5414 numeri
3031 5358 3090 5414 in
3114 5374 3172 5415 se
3194 5355 3439 5413 continet
3461 5368 3547 5408 sa-

1951 5465 2314 5515 cramentum.
2362 5453 2539 5527 Ipsius
2568 5453 2733 5508 etiam
2782 5452 2978 5507 animae
3009 5459 3245 5521 quatuor
3270 5458 3390 5501 esse
3420 5442 3544 5496 atie-

1952 5553 2160 5607 ctiones
2184 5549 2382 5621 quibus
2412 5548 2496 5605 vel
2521 5548 2588 5603 ad
2627 5547 2767 5602 bona
2795 5545 3023 5611 utimur,
3056 5541 3138 5597 vel
3165 5540 3231 5593 ad
3259 5536 3402 5591 mala
3429 5552 3444 5602 ;
3493 5550 3552 5594 ct

1953 5641 2162 5712 antiqui
2192 5639 2464 5696 subtiliter
2491 5639 2834 5703 invenerunt,
2866 5645 2920 5691 et
2960 5646 3150 5689 eorum
3182 5629 3401 5683 inventa
3424 5643 3549 5697 pro.

1954 5735 2147 5789 bantes
2190 5732 2392 5802 posteri
2424 5739 2798 5800 susceperunt.
2836 5728 2942 5784 Sed
2976 5733 3031 5782 et
3063 5729 3298 5794 quatuor
3324 5718 3548 5777 [lumina
