3960 6178
495 237 617 306 ιιι-ι

1161 248 1223 302 Β.
1263 245 1520 302 RABANI
1557 243 1782 302 MAURI
1820 241 2114 318 APCHIEP

2224 237 2490 299 :erNr.
2533 239 2825 298 orenam
2861 239 3060 298 rsas-
3082 239 3120 296 1.
3569 215 3577 222 ’
3655 252 3734 312 nu

512 378 633 434 quae
659 364 724 418 de
751 359 985 430 paradisi
1013 357 1163 412 fonte
1189 357 1511 428 procedunt,
1554 355 1639 410 vel
1668 362 1901 425 quatuor
1933 353 2109 408 Evan-
2136 360 2184 415 Α
2211 361 2344 417 mat,
2371 350 2464 420 qui
2487 365 2586 421 per
2607 351 2929 421 prophetam
2955 351 3032 406 ait
3056 367 3070 404 :
3102 350 3234 408 Ante
3260 367 3339 407 me
3367 368 3557 412 nonest
3581 362 3738 429 form.

512 455 657 526 gelia
699 451 865 506 divini
911 464 1101 504 cursus
1133 457 1288 512 rotae,
1318 456 1554 517 quatuor
1599 455 1654 501 et
1683 445 1960 510 animalia,
2007 442 2107 498 alte

517 559 704 602 eormn
744 548 976 611 quatuor
1024 555 1087 594 ac
1114 539 1303 604 facies,
1334 537 1652 608 dignitatem
1697 532 1859 604 hujus
1896 531 2108 588 numeri

519 635 730 693 abunde
759 633 1140 689 cemmendant
1165 651 1178 685 :
1207 640 1264 686 et
1291 631 1415 686 ideo
1445 631 1671 684 virtutes
1702 629 1818 684 ista:
1844 644 1964 698 qua:
1986 634 2108 681 tan--

519 741 631 785 tum
661 727 940 782 continent
964 724 1316 796 perfectionis
1353 725 1406 778 in
1434 737 1662 778 numero
1701 721 1936 778 sollicite
1973 736 2108 776 con-

515 821 756 875 siderare
794 819 1077 884 debemus,
1132 825 1394 887 quantum
1433 815 1778 870 sanctitatem
1825 813 2109 870 conferant

518 911 701 964 animo
731 909 1064 974 Christiano,
1091 917 1147 963 et
1173 923 1336 976 quam
1367 907 1503 961 nihil
1542 905 1893 976 perfectionis
1923 906 1995 961 sit
2017 921 2110 960 us-

517 1017 680 1070 quam
717 1002 862 1070 quod
892 1000 948 1054 in
974 999 1094 1054 istis
1118 998 1409 1054 virtutibus
1455 1014 1564 1052 non
1594 999 1684 1052 sit.
1715 997 1848 1052 Nam
1891 998 1936 1054 si
1979 1007 2114 1052 tem-

517 1095 768 1163 perantia
813 1093 942 1148 facit
970 1101 1385 1162 temperantem,
1427 1091 1718 1162 prudentia
1765 1091 2110 1161 prudentem,

511 1185 723 1256 justitia
759 1185 988 1256 justum,
1023 1183 1282 1238 fortitudo
1329 1181 1546 1248 fortem,
1577 1197 1642 1239 eo
1683 1183 1775 1253 qui
1807 1191 2115 1252 temperan-

522 1289 624 1344 ter,
651 1277 885 1347 etjuste,
917 1277 1212 1348 prudenter
1259 1277 1370 1346 agit
1399 1291 1464 1330 ac
1495 1275 1730 1341 fortiter,
1768 1275 1956 1331 nescio
1985 1273 2116 1345 quid

521 1369 694 1440 possit
718 1383 838 1423 esse
875 1366 1186 1437 perfectius.
1219 1365 1406 1435 Itaque
1433 1365 1648 1422 difficile
1693 1366 1912 1437 quidem
1956 1366 2116 1421 nobis

529 1470 616 1516 est
641 1461 862 1516 nomina
887 1453 1171 1524 virtutum,
1200 1474 1321 1528 qua:
1341 1474 1409 1513 ex
1433 1458 1538 1514 illis
1563 1467 1798 1528 quatuor
1815 1473 1950 1528 quas
1968 1457 2119 1529 prin-

524 1551 726 1624 cipales
756 1551 992 1606 diximus
1036 1550 1286 1605 oriuntur
1313 1551 1628 1614 ostendere;
1681 1550 1778 1604 sed
1824 1563 1948 1604 cum
1993 1532 2118 1618 pro-

521 1643 788 1715 prictates
812 1651 866 1696 et
894 1650 1048 1695 actus
1069 1655 1256 1695 earum
1289 1641 1556 1710 cmperint
1575 1639 1808 1710 aperire,
1833 1637 2117 1694 effectibus

2211 451 2296 496 tus
2324 441 2468 496 Deus
2492 451 2541 495 et
2569 451 2685 512 post
2715 457 2796 496 me
2825 457 2930 496 non
2963 443 3061 496 erit
3091 441 3226 515 (lsa.
3250 445 3428 516 mu).
3457 447 3518 502 Et
3552 450 3598 505 in
3637 453 3737 509 Pro-

2209 533 2414 589 verbiis
2441 549 2454 586 :
2496 531 2770 598 Dominus,
2800 533 3003 603 inquit,
3042 535 3272 604 possedit
3300 552 3382 590 me
3405 538 3544 594 initio
3579 543 3735 600 viarum

2211 640 2452 689 suarum,
2485 633 2764 695 antequam
2789 624 3078 694 quidquam
3107 624 3302 693 faceret
3347 643 3378 680 a
3402 629 3665 700 principio;
3689 636 3736 687 ab

2212 726 2407 772 azterno
2433 716 2680 770 ordinata
2717 733 2856 781 sum,
2889 725 2940 770 et
2978 732 3044 770 ea:
3090 717 3340 787 antiquis,
3379 729 3630 792 antequam
3662 736 3737 778 ter-

2199 823 2328 860 ‘ram
2354 807 2548 878 faceret
2580 806 2760 879 (Prov.
2793 804 2934 875 vtn).
2967 807 3036 860 Et
3059 807 3188 861 item
3226 825 3240 861 :
3270 807 3488 873 Quando
3523 829 3737 882 prwpare-

2215 899 2301 953 bat
2330 898 2505 963 caelos,
2539 899 2754 954 aderam
2779 916 2798 964 ;
2825 899 3038 970 quando
3064 910 3203 953 certa
3235 899 3344 971 lege
3379 912 3425 955 et
3462 919 3575 973 gyro
3609 907 3738 960 ralla-

2215 991 2302 1045 bat
2327 991 2565 1062 abyssos,
2586 991 2796 1062 quando
2824 991 3019 1044 a’thera
3039 990 3286 1059 ﬁrmabat
3307 1008 3525 1060 sursum,
3549 1005 3590 1048 et
3612 995 3736 1050 libra-

2217 1083 2305 1136 bat
2325 1082 2495 1152 fontes
2518 1099 2799 1152 aquarum,
2839 1081 3053 1153 quando
3079 1083 3434 1139 circumdabat
3466 1066 3738 1144 maritet-mi-

2217 1187 2340 1224 num
2371 1188 2546 1236 suum,
2573 1181 2620 1225 et
2651 1170 2814 1242 legem
2839 1173 2988 1241 aquis
3023 1171 3249 1240 ponebat
3275 1188 3338 1226 ne
3363 1176 3617 1230 transirent
3641 1179 3736 1246 ﬁnes

2217 1280 2360 1326 suos,
2389 1263 2602 1334 quando
2635 1263 2960 1333 appendebat
3007 1263 3355 1332 fundamenta
3403 1275 3543 1320 terraa
3578 1285 3672 1322 cum
3693 1287 3735 1324 eo

2217 1369 2364 1406 erant
2408 1361 2598 1412 cuncta
2627 1368 2961 1421 componens,
3010 1361 3057 1405 et
3105 1340 3402 1407 delectabar
3443 1371 3526 1424 per
3556 1357 3734 1426 singulos

2219 1441 2350 1507 dies,
2393 1440 2578 1495 ludens
2637 1457 2817 1495 coram
2858 1457 2918 1494 eo
2967 1439 3183 1514 (Ibid.).
3227 1442 3344 1513 Ipse
3393 1445 3488 1500 scit
3528 1448 3734 1502 versutias

2221 1547 2566 1596 sermonum,
2598 1540 2654 1586 et
2702 1531 3086 1586 dissolutiones
3133 1544 3575 1603 argumentorum,
3603 1538 3733 1606 quiin

2221 1624 2512 1696 Evangelio
2537 1623 2831 1696 odiscipulis
2863 1625 2976 1680 suis
3012 1625 3090 1680 ait
3123 1643 3138 1678 :
3181 1624 3297 1696 Ego
3341 1626 3470 1681 dabo
3507 1628 3732 1692 vobismet

523 1732 862 1804 singularum
901 1731 1132 1786 virtutes
1161 1746 1228 1786 ex
1268 1731 1469 1800 quibus
1495 1733 1733 1787 existant
1763 1731 1992 1786 forsitan
2029 1747 2118 1802 ap-
2149 1715 2194 1776 Β
2220 1717 2554 1788 sapientiam»
2583 1717 2669 1770 σαί
2699 1733 2802 1770 ηοη
2825 1726 3068 1787 Pataram
3110 1719 3350 1804 τεδίετξνε
3381 1729 3425 1773 εί
3446 1722 3732 1776 contradicere

520 1823 755 1895 parebit.
785 1821 1172 1876 Verumtamen
1201 1820 1303 1877 hoc
1333 1821 1387 1876 in
1413 1822 1602 1892 primis
1636 1836 1796 1877 nosse
1837 1833 1894 1877 et
1935 1833 2122 1877 tenere

524 1913 803 1974 debemus,
836 1913 976 1982 qqu
1005 1913 1122 1966 istze
1150 1911 1378 1967 virtutes
1405 1921 1638 1982 quatuor
1666 1913 1752 1968 vel
1789 1928 1978 1968 omnes
1999 1927 2121 1981 qum

527 2005 595 2058 de
632 2003 736 2058 illis
781 2003 1022 2057 existunt
1051 2003 1192 2058 dona
1229 2003 1340 2057 sint
1381 2003 1496 2068 Dei,
1539 2014 1593 2058 et
1625 2005 1769 2074 quod
1811 2004 1990 2059 nullus
2027 2019 2122 2060 eas

524 2097 744 2160 habeat,
796 2097 986 2150 habuit
1031 2106 1127 2150 aut
1172 2097 1411 2158 habebit,
1446 2097 1549 2150 nisi
1581 2097 1666 2151 cui
1721 2097 1862 2152 Deus
1903 2099 1995 2166 qui
2035 2105 2122 2152 est

453 2261 458 2266 ι
521 2185 783 2240 virtutum
833 2186 1074 2240 omnium
1131 2189 1436 2258 proprietas
1479 2197 1535 2242 et
1585 2188 1738 2259 origo
1787 2189 2118 2252 contulerit,

526 2279 784 2348 quoniam
815 2278 1124 2348 quicunque
1155 2294 1477 2348 quocunque
1509 2287 1751 2348 tempore
1780 2280 1832 2334 in
1879 2295 2122 2350 quacun-

525 2385 632 2440 que
653 2377 814 2440 gcnte
841 2369 896 2422 in
929 2368 1098 2422 Deum
1125 2369 1430 2432 credentes,
1459 2377 1512 2422 et
1539 2368 1643 2424 fide
1675 2369 1947 2435 vixerunt,
1981 2369 2122 2424 illius

527 2463 670 2517 dono
700 2469 1066 2530 temperantes
1089 2468 1144 2514 et
1175 2460 1484 2529 prudentes,
1513 2459 1648 2529 justi
1679 2459 1765 2514 vel
1798 2458 1969 2515 fortes
2005 2459 2123 2516 fieri

529 2553 719 2622 utique
768 2558 1078 2621 potuerunt.
1109 2549 1212 2616 Qui
1259 2559 1439 2606 autem
1485 2552 1788 2608 nescientes
1824 2553 1992 2606 Deum
2038 2551 2124 2606 vel

526 2644 692 2698 etiam
736 2641 1181 2712 blasphemantes
1209 2642 1325 2696 sine
1370 2643 1480 2696 fide
1508 2643 1785 2708 vixerunt,
1828 2641 1963 2696 nihil
2005 2641 2124 2695 illa-

532 2750 652 2790 rum
679 2742 935 2788 virtutum
961 2749 992 2786 a
1026 2732 1136 2788 Deo
1159 2734 1406 2805 accipere
1426 2733 1511 2790 vel
1536 2733 1734 2788 habere
1753 2733 1991 2802 potuisse
2007 2749 2126 2788 cre-

531 2829 694 2887 dendi
726 2838 870 2886 sunt.
907 2828 1100 2884 Omnes
1128 2829 1264 2884 enim
1293 2826 1884 2893 declinaverunt,simul
1913 2826 2123 2881 inutiles

529 2921 656 2992 [acti
683 2931 828 2986 sunt;
854 2937 956 2974 non
991 2929 1064 2974 est
1095 2920 1184 2989 qui
1213 2919 1374 2988 faciat
1398 2917 1608 2980 bonum,
1637 2935 1740 2972 non
1764 2929 1839 2972 est
1867 2934 2028 2990 usque
2055 2918 2124 2971 ad

529 3027 692 3066 unum
716 3008 888 3083 (Psal.
912 3008 1053 3079 xm).
1092 3009 1164 3062 Et
1190 3009 1316 3062 licet
1335 3009 1624 3078 quamdam
1647 3008 1862 3077 pietatis
1889 3009 2123 3078 speciem

2224 1823 2402 1862 omnes
2437 1806 2726 1861 adversarii
2763 1809 2920 1861 vestri
2955 1807 3106 1878 (Luc.
3147 1799 3432 1881 xxi)Tlpse
3471 1811 3600 1865 novit
3623 1811 3732 1882 signa

2223 1907 2278 1954 et
2313 1909 2557 1954 monstra
2597 1907 2887 1969 antequam
2931 1900 3084 1966 ﬁant,
3146 1911 3204 1956 et
3243 1911 3462 1958 eventus
3497 1911 3730 1974 temporum

2224 2003 2290 2041 ac
2331 1987 2651 2042 saeculorum
2679 2029 2694 2054 ,
2739 1989 2831 2058 qui
2876 1988 3078 2044 electos
3121 2005 3254 2046 suos
3293 1993 3357 2047 de
3414 1991 3588 2047 futuris
3621 1992 3732 2046 insti-

2226 2085 2382 2134 tuens
2424 2079 2677 2148 praedixit
2705 2079 2786 2134 eis
2823 2080 2978 2150 signa
3018 2089 3076 2135 et
3123 2081 3390 2155 prodigia,
3425 2099 3620 2153 quaeque
3642 2098 3730 2137 ven-

2226 2175 2344 2220 tura
2373 2179 2535 2220 erunt
2578 2175 2705 2222 ante
2756 2167 2897 2222 diem
2932 2165 3124 2236 judicii
3163 2181 3220 2224 et
3254 2173 3525 2227 adventum
3553 2173 3730 2226 suamin

2224 2257 2540 2324 novissimo,
2565 2258 2641 2312 ita
2682 2258 2868 2314 dicens
2897 2277 2910 2312 :
2943 2258 3113 2314 Erunt
3140 2263 3292 2332 signa
3321 2263 3371 2317 in
3391 2262 3490 2316 sole
3513 2275 3554 2316 et
3585 2263 3681 2314 luna
3697 2269 3730 2312 et

2223 2347 2407 2413 stellis,
2440 2355 2489 2402 et
2525 2348 2578 2402 in
2609 2349 2764 2402 terris
2807 2365 3054 2419 pressura
3091 2353 3327 2421 gentium
3369 2368 3469 2423 prce
3495 2349 3729 2418 confusione

2223 2440 2425 2494 sonitus
2453 2441 2614 2494 maris
2643 2449 2692 2494 et
2717 2441 2992 2510 ﬂuctuant,
3013 2443 3368 2497 arescentibus
3389 2442 3640 2496 hominibus
3653 2455 3729 2510 pne

2225 2532 2412 2584 timore
2457 2541 2504 2584 et
2551 2531 2934 2600 exspectatione
2981 2549 3098 2602 qum
3158 2532 3509 2603 supervenient
3551 2530 3730 2583 uniterso

2225 2621 2356 2675 orbi.
2390 2621 2531 2675 Nam
2563 2623 2780 2675 virtutes
2819 2621 3066 2676 caelorum
3099 2623 3452 2678 movebuntur.
3479 2621 3537 2674 Et
3560 2630 3656 2673 tunc
3682 2617 3726 2670 ri-

2224 2712 2416 2766 debunt
2452 2711 2620 2771 lilium
2644 2712 2872 2768 hominis
2901 2714 3188 2768 venientem
3222 2715 3274 2767 iri
3302 2713 3506 2766 nubibus
3527 2709 3728 2772 caluum

2221 2815 2474 2876 potestate
2501 2821 2690 2876 magna
2715 2814 2760 2858 et
2789 2805 3084 2875 majestate,
3102 2815 3161 2860 et
3187 2806 3384 2876 reliqua
3406 2805 3728 2878 (Mantum).

2297 2919 2557 2990 Proposui
2605 2935 2727 2990 ergo
2753 2919 2888 2973 hanc
2929 2918 3223 2990 adjungere
3266 2921 3390 2974 mihi
3431 2917 3493 2971 ad
3529 2917 3731 2970 conciren-

2227 3010 2373 3074 dum,
2405 3001 2572 3063 sciens
2597 3009 2846 3078 quoniam
2871 3011 3278 3064 communicavit
3312 3025 3496 3064 mecum
3521 3007 3574 3061 de
3608 3005 3730 3066 bonis,

525 3099 734 3154 habere
782 3098 1131 3163 viderentur,
1189 3097 1446 3152 virtutem
1504 3105 1684 3151 tamen
1745 3099 1861 3168 ejus
1909 3099 2123 3167 penitus
2151 3087 2194 3149 C
2225 3111 2271 3155 et
2303 3102 2400 3154 erit
2436 3099 2684 3155 allocutio
2716 3099 3046 3169 cogitationis
3080 3111 3128 3154 et
3175 3101 3322 3154 twdii
3351 3101 3461 3152 mei.
3489 3099 3623 3152 Plura
3641 3109 3732 3146 nar-

527 3192 936 3265 ignoraverunt,
991 3193 1120 3262 quia
1171 3193 1330 3248 subdi
1379 3193 1613 3246 creatori
1659 3209 1756 3248 suo
1815 3194 2122 3250 noluerunt.

536 3283 688 3339 Unde
719 3285 869 3338 varia
912 3291 1220 3337 scrutantes
1251 3291 1306 3337 ct
1352 3297 1450 3354 per
1496 3284 1709 3338 diversa
1741 3286 2034 3353 qumrcndo
2061 3301 2127 3342 ac

523 3375 855 3446 disputando
885 3378 1188 3442 tendentes,
1207 3376 1348 3430 viain
1378 3377 1660 3446 sapientia:
1687 3378 2016 3444 nescierunt,
2035 3395 2126 3434 ne-

530 3479 636 3534 que
685 3467 830 3519 viam
880 3467 1176 3537 disciplina:
1231 3475 1574 3532 invenerunt,
1616 3479 1906 3539 propterea
1953 3471 2128 3540 perie-

529 3565 678 3611 runt.
706 3557 771 3611 Et
798 3559 1052 3628 quoniam
1083 3574 1187 3613 non
1217 3559 1519 3613 habuerunt
1545 3560 1642 3614 Dei
1677 3561 2020 3630 sapientiam,
2051 3563 2128 3616 in-

534 3645 801 3700 terierunt
847 3657 1070 3718 propter
1114 3663 1268 3702 suam
1321 3649 1664 3719 sapientiam.
1717 3650 1860 3705 Deus
1906 3653 2044 3706 enim
2077 3660 2125 3706 et

532 3732 676 3789 Deus
701 3745 896 3802 noster,
931 3738 1021 3808 qui
1057 3748 1132 3792 es:
1157 3739 1276 3808 fons
1310 3741 1426 3794 vita:
1455 3749 1502 3794 et
1533 3741 1626 3794 lux
1667 3757 1806 3807 vera,
1842 3743 2050 3796 verbum
2077 3753 2126 3798 et

534 3825 697 3879 virtus
729 3835 776 3880 et
800 3827 1060 3896 sapientia
1085 3827 1207 3893 Dei,
1239 3828 1308 3882 ad
1339 3846 1492 3900 quem
1523 3828 1662 3883 alius
1691 3829 1868 3884 nullus
1898 3833 2128 3886 (estima-

533 3918 697 3983 bitur,
745 3936 906 3990 neque
936 3919 1126 3974 similis
1158 3921 1438 3985 invenitur,
1489 3922 1573 3975 hic
1617 3923 1881 3976 adinvenit
1924 3939 2126 3978 omnem

532 4008 669 4062 viam
701 4009 1010 4078 disciplina},
1061 4021 1109 4064 et
1156 4011 1298 4064 dedit
1346 4010 1493 4065 illam
1532 4010 1700 4066 Jacob
1739 4030 1902 4083 puero
1928 4031 2046 4079 suo,
2078 4024 2127 4068 et

533 4097 706 4152 Israel
735 4098 924 4152 dilecto
952 4117 1067 4154 suo.
1099 4098 1228 4154 Post
1290 4102 1402 4155 Ita'c
1427 4119 1586 4174 super
1619 4114 1814 4157 terram
1857 4105 1994 4159 visus
2026 4115 2121 4169 est,

532 4199 580 4244 et
607 4207 725 4244 cum
764 4192 1059 4246 hominibus
1089 4205 1424 4248 conversatus
1463 4205 1538 4249 est
1570 4195 1824 4267 (Baruch.
1855 4196 1960 4270 ιιι).
1992 4197 2126 4254 Pro-

531 4291 718 4354 pterea
758 4283 936 4339 omnis
963 4283 1169 4338 utilitas
1197 4284 1494 4355 disciplinae
1535 4295 1591 4340 et
1619 4286 2008 4358 intelligentiae,
2041 4303 2129 4344 sa-

531 4374 768 4445 pientiae,
798 4375 1210 4444 prudentiaeque
1245 4375 1490 4430 doctrina
1525 4377 1593 4432 ad
1638 4376 1785 4431 illum
1837 4377 2125 4434 referenda

532 4475 634 4529 est,
675 4468 802 4536 quia
833 4483 984 4520 omne
1011 4467 1194 4519 datum
1226 4469 1500 4538 optimum,
1529 4479 1578 4522 et
1605 4485 1758 4522 onme
1784 4469 1983 4522 donum
2008 4487 2127 4540 per-

531 4558 724 4628 fectum
765 4558 1039 4612 desursum
1079 4567 1174 4620 est,
1213 4557 1528 4612 descendens
1578 4576 1610 4612 α
1659 4557 1822 4612 Patre
1866 4559 2124 4614 luminum

533 4650 674 4720 (Jac.
713 4649 774 4719 ι).
811 4649 965 4704 Unde
993 4657 1049 4703 et
1083 4647 1367 4718 sequitur:

603 4741 670 4794 Et
702 4742 746 4795 si
771 4740 1154 4795 multitudinem
1178 4741 1407 4794 scientia:
1436 4739 1696 4798 desiderat
1728 4743 1846 4812 quis
1867 4743 1963 4796 scit
1987 4760 2124 4814 pra:-

533 4833 706 4896 terita,
755 4841 801 4885 et
833 4832 896 4884 de
925 4831 1120 4901 futuris
1169 4832 1431 4898 (estimat;
1480 4833 1576 4886 scit
1621 4833 1872 4888 versutias
1925 4851 2124 4889 sermo-

535 4938 660 4975 num
685 4931 732 4975 et
779 4921 1148 4977 dissolutiones
1185 4933 1648 4992 argumentorum;
1691 4925 1842 4994 signa
1883 4936 1932 4979 et
1973 4943 2124 4980 mon-

534 5021 644 5066 stra
673 5013 769 5065 scit
798 5021 1075 5072 antequam
1097 5014 1253 5082 fiant,
1297 5024 1346 5068 et
1375 5026 1586 5070 eventus
1619 5029 1908 5086 temporum
1937 5029 1986 5074 et
2027 5035 2128 5074 ste-

535 5103 794 5162 culorum.
827 5103 1169 5160 Manifestum
1200 5115 1282 5159 est
1309 5108 1452 5176 quod
1485 5117 1702 5162 mternm
1730 5109 1916 5164 virtuti
1947 5119 2004 5166 et
2039 5127 2127 5166 sa-

533 5197 752 5268 pientiae
781 5196 899 5262 Dei,
929 5197 1157 5252 Domino
1206 5197 1458 5252 videlicet
1509 5208 1694 5254 nostro
1735 5198 1863 5254 Jesu
1908 5201 2127 5258 Christo

531 5289 715 5345 omnia
743 5294 983 5358 pateant,
1015 5295 1174 5358 atque
1204 5288 1254 5344 ei
1285 5298 1478 5343 cuncta
1529 5289 1811 5358 possibilia
1841 5291 1975 5358 sint,
2022 5309 2124 5349 nec

533 5395 615 5443 est
644 5386 941 5457 quidquam
987 5385 1131 5455 quod
1159 5400 1284 5439 eum
1317 5384 1504 5451 lateat,
1552 5401 1726 5456 neque
1756 5387 1960 5457 aliquid
1989 5389 2124 5442 resi-

533 5489 680 5537 stere
721 5476 919 5546 poterit
945 5476 1206 5531 voluntati
1235 5473 1370 5545 ejus.
1405 5476 1511 5532 Sed
1554 5478 1739 5532 omnia
1783 5494 2122 5549 quaecunque

539 5571 650 5642 vult
675 5567 804 5623 facit
835 5566 890 5622 in
921 5567 1060 5622 cmlo
1098 5577 1153 5623 et
1192 5567 1245 5622 in
1280 5577 1446 5636 terra,
1489 5569 1543 5624 in
1588 5570 1724 5624 mari
1771 5579 1824 5626 et
1853 5571 1909 5624 in
1941 5573 2118 5626 omni-

537 5659 641 5715 bus
671 5659 910 5733 abyssis,
960 5661 1074 5731 ipse
1099 5661 1203 5717 scit
1231 5663 1504 5733 praeterita
1549 5671 1603 5720 et
1631 5664 1697 5721 de
1737 5661 1933 5720 futuris
1973 5666 2118 5722 testi-

2227 3207 2355 3246 raus
2383 3191 2462 3244 vir
2494 3190 2710 3259 sapiens
2737 3191 2804 3244 de
2835 3189 3130 3244 virtutibus
3180 3191 3477 3261 sapientiai,
3509 3187 3732 3243 novissime

2227 3282 2455 3352 subjecit
2483 3283 2600 3354 ejus
2626 3298 2684 3338 se
2729 3283 2976 3337 societati
3003 3282 3261 3353 conjungi
3295 3283 3594 3343 desiderate,
3633 3279 3733 3328 unde

2227 3374 2452 3428 haberet
2486 3372 2932 3437 consolationem,
2968 3382 3024 3427 et
3053 3374 3202 3428 tzvdii
3245 3374 3326 3428 sui
3354 3373 3658 3431 levationem,
3681 3367 3730 3418 ita

2227 3475 2282 3520 et
2307 3467 2534 3536 populus
2581 3465 2836 3520 Ecclesia:
2865 3467 2956 3535 qui
2998 3481 3124 3522 vere
3171 3482 3263 3522 rex
3293 3477 3348 3522 et
3378 3465 3609 3520 veraciter
3645 3473 3733 3528 pru-

2229 3559 2362 3613 dens
2403 3572 2524 3612 esse
2548 3557 2654 3611 dici
2687 3566 2886 3626 potest,
2917 3557 3042 3625 quia
3069 3558 3312 3612 ccelestis
3348 3557 3480 3628 regis
3499 3563 3550 3607 et
3583 3545 3733 3605 domini

2229 3647 2474 3702 membra
2504 3655 2650 3710 sunt,
2696 3647 2909 3710 dicente
2955 3649 3200 3716 apostolo
3247 3649 3440 3702 Petro:
3489 3642 3574 3697 Vos
3607 3647 3734 3693 ααιτιιι

2228 3738 2351 3790 estis
2387 3753 2550 3806 genus
2577 3735 2820 3801 electum,
2865 3749 3038 3808 regale
3066 3739 3434 3802 sacerdotium,
3457 3750 3566 3806 gens
3583 3737 3734 3785 sancta.

2227 3828 2450 3898 populus
2473 3829 2834 3898 acquisitionis
2867 3829 2919 3901 (Ι
2980 3829 3128 3884 Petr.
3154 3834 3244 3902 ιι),
3277 3825 3736 3885 communicationem

2229 3923 2425 3978 divina:
2457 3922 2736 3992 sapientia:
2757 3922 3008 3978 videlicet
3029 3923 3244 3978 Domini
3264 3921 3388 3978 Jesu
3409 3917 3586 3976 Christi
3603 3928 3650 3968 se
3671 3911 3738 3964 lu-

2228 4014 2358 4070 bere
2381 4014 2702 4084 congaudct,
2727 4023 2782 4070 ct
2807 4015 2862 4068 in
2900 4015 3068 4084 ipsius
3094 4016 3343 4086 amplexu
3369 4024 3518 4083 atque
3551 4002 3738 4063 convivio

2229 4114 2456 4186 spiritali
2478 4115 2681 4185 jugiter
2703 4129 2924 4169 manere
2948 4113 3207 4180 delectat,
3230 4129 3384 4184 quem
3423 4109 3674 4182 piissimum
3693 4113 3739 4151 ac

2229 4204 2679 4276 benignissimum
2719 4219 2842 4259 esse
2881 4205 3052 4269 novit,
3103 4215 3161 4260 et
3206 4208 3460 4261 donorum
3499 4195 3739 4255 cadesuum

2231 4296 2659 4364 dispensatorem
2693 4295 3080 4366 largissimum.
3127 4295 3281 4353 Unde
3330 4297 3463 4350 idem
3495 4291 3544 4346 in
3585 4288 3739 4355 Αροω·

2231 4386 2368 4458 lypsi
2403 4388 2576 4442 sancti
2639 4386 2868 4444 Joannis
2913 4389 3154 4460 loquitur
3183 4391 3405 4445 dicens:
3433 4387 3554 4440 Ecce
3593 4389 3654 4432 sto
3691 4369 3740 4426 ad

2231 4461 2422 4532 ostium
2444 4488 2492 4532 et
2511 4477 2698 4549 pulso;
2727 4480 2772 4532 si
2799 4481 2915 4551 quis
2943 4479 3171 4534 audierit
3202 4496 3369 4534 vocem
3393 4489 3560 4537 meam,
3595 4477 3634 4522 et
3653 4479 3739 4532 apt-

2233 4569 2396 4622 ruerit
2410 4569 2662 4640 januam,
2693 4570 2918 4624 introibo
2941 4571 3010 4625 ad
3031 4571 3214 4636 illum,
3232 4581 3280 4624 et
3318 4566 3511 4622 cantabo
3541 4575 3638 4616 cum
3657 4555 3737 4612 illo.

2234 4670 2278 4713 et
2307 4661 2414 4730 ipse
2457 4675 2680 4713 mecum.
2731 4659 2836 4726 Qui
2863 4661 3039 4714 vicerit
3064 4661 3201 4716 dabo
3238 4661 3285 4715 ei
3313 4658 3478 4713 sedere
3507 4664 3674 4706 mecum
3703 4645 3738 4695 in

2232 4749 2418 4804 throno
2443 4767 2579 4818 meo,
2613 4751 2746 4804 sicut
2772 4761 2819 4805 et
2843 4768 2936 4822 ego
2975 4753 3092 4818 vici,
3133 4763 3180 4807 et
3209 4751 3318 4807 sedi
3347 4763 3456 4803 cum
3494 4743 3633 4797 Patre
3658 4748 3739 4788 meo

2232 4841 2284 4895 in
2316 4843 2502 4896 throno
2525 4841 2640 4912 ejus
2656 4842 2840 4914 (Apoc.
2858 4843 2962 4914 ιιι).
2979 4844 3163 4900 Potest
3183 4854 3238 4898 et
3268 4843 3352 4898 hic
3375 4841 3514 4894 locus
3531 4834 3590 4888 ad
3609 4825 3738 4896 Virgi-

2233 4946 2358 4985 nem
2391 4932 2486 4986 Dei
2535 4933 2852 5001 genitricem
2900 4934 3119 5000 referri,
3163 4949 3281 5004 qua)
3307 4927 3607 5000 propositum
3631 4921 3673 4973 in
3695 4929 3736 4969 SB

2230 5022 2439 5077 habens
2468 5024 2790 5079 castissimte
2832 5025 3158 5095 virginitatis
3183 5024 3371 5080 meruit
3403 5019 3580 5076 divina:
3613 5007 3738 5063 verbo

2228 5113 2448 5168 virtutis
2495 5113 2796 5180 fecundari,
2843 5131 2908 5170 ac
2937 5117 3248 5186 generando
3283 5113 3370 5167 Dei
3397 5109 3569 5164 Filium
3598 5101 3654 5155 ad
3671 5111 3734 5151 sa-

2227 5204 2394 5260 lutem
2429 5207 2650 5261 humani
2699 5207 2914 5278 generis
2953 5208 3312 5263 celeberrima:
3337 5201 3493 5258 laudis
3524 5187 3732 5268 ριωωυίο

2229 5300 2296 5354 ab
2337 5299 2589 5355 omnibus
2619 5301 2888 5355 venerari.
2923 5300 3074 5356 Unde
3097 5310 3152 5357 et
3173 5302 3283 5372 ipsa
3311 5299 3360 5353 in
3393 5292 3581 5352 cantico
3601 5284 3730 5338 Em‘

2227 5391 2353 5465 gelii
2396 5391 2526 5446 dicit
2554 5409 2566 5444 :
2611 5391 2750 5456 Quia
2793 5392 3016 5460 respexit
3044 5391 3384 5446 humilitatem
3412 5379 3592 5438 ancilla:
3617 5383 3727 5468 "ut:

2227 5500 2342 5537 ecce
2363 5484 2502 5537 enim
2530 5498 2596 5536 ea:
2621 5483 2719 5536 hoc
2763 5483 2967 5537 beatam
3000 5501 3080 5538 me
3113 5483 3277 5537 dicent
3314 5492 3476 5533 omnes
3495 5470 3724 5542 generantia

2228 5591 2316 5629 nes
2357 5574 2509 5647 (Luc.
2535 5575 2599 5644 ι).
2640 5573 2740 5629 Cui
2765 5575 2932 5631 etiam
2955 5576 3077 5632 voci
3101 5572 3414 5632 concordant
3451 5576 3553 5635 qua:
3574 5573 3618 5612 ut
3649 5551 3721 5606 Ιὶοο

2227 5667 2346 5721 loco
2377 5664 2795 5740 subjunguntur.
