3960 6178
337 318 447 373 "an

1147 315 1501 372 COMMENT.
1544 315 1609 370 ΙΝ
1647 311 1910 371 LIBRUM
1953 313 2361 370 SAPIENTIIE.
2401 347 2471 356 —
2504 315 2632 370 LIB.
2676 313 2738 368 ll.

3502 309 3605 370 ’ΠΟ

391 431 976 502 Ilabebopmpterhanc
993 431 1906 495 claritatemadturbasmthonorem
1938 433 1986 492 Α
2015 431 2172 484 nibus
2227 431 2478 501 gentibus
2547 431 2818 499 copiosam
2867 427 3082 484 turbam
3151 436 3262 484 sua:
3309 427 3609 502 disciplina:

315 525 459 596 apud
495 525 727 578 seniores
773 524 984 592 juvenis
1011 541 1029 578 ε
1052 533 1100 578 et
1142 533 1326 578 acutus
1352 526 1593 578 inveniar
1613 524 1665 579 in
1679 525 1910 594 judicio,

313 627 362 672 et
401 617 455 670 in
492 627 772 684 conspectu
810 615 1097 681 potentium
1135 615 1464 669 admirabilis
1501 633 1621 681 cro,
1665 626 1711 669 et
1751 615 1913 684 facies

312 707 616 777 principum
645 705 984 758 mirabuntur
1006 721 1106 757 me.
1143 703 1418 758 Tacentem
1447 721 1526 758 me
1552 703 1912 768 sustinebunt,

313 809 360 852 et
378 797 675 868 loquentem
697 813 778 849 me
800 797 1090 866 respicient,
1117 807 1164 849 et
1187 797 1568 850 sermocinante
1642 814 1722 850 me
1735 796 1910 867 plura,

314 905 510 941 manus
548 888 626 941 ori
651 903 746 940 suo
771 889 1056 956 imponent.
1085 886 1322 958 Virginis
1348 887 1494 941 enim
1525 896 1711 957 partus
1734 889 1912 942 omni-

313 983 422 1036 bus
451 980 669 1035 saeculis
697 979 908 1034 exstitit
941 979 1321 1044 admirandus,
1355 980 1444 1048 qui
1491 980 1558 1034 ad
1604 979 1814 1034 ruinam
1859 989 1914 1035 et

315 1069 385 1125 ad
419 1071 872 1125 resurrectionem
903 1069 1193 1123 multorum
1213 1111 1228 1134 ,
1267 1069 1423 1138 juxta
1455 1071 1598 1125 beati
1641 1071 1914 1127 Simeonis

314 1175 532 1225 vocem,
565 1160 818 1225 advenit,
857 1158 993 1214 etin
1025 1160 1238 1228 signum
1289 1161 1374 1214 cui
1418 1142 1910 1216 contradicebatur.

317 1252 398 1307 De
427 1268 535 1322 quo
559 1261 614 1308 et
657 1268 755 1322 per
780 1252 973 1307 Isaiam
1005 1253 1204 1307 dicitur
1230 1271 1243 1306 :
1279 1252 1457 1308 Radix
1483 1242 1664 1319 .lesse,
1691 1257 1780 1326 qui
1810 1264 1914 1310 stat

315 1341 372 1394 in
395 1342 604 1412 signum
623 1340 956 1411 populorum,
972 1358 1129 1412 super
1151 1359 1303 1412 quem
1332 1359 1472 1412 reges
1498 1345 1832 1398 continebant
1855 1363 1913 1399 os

313 1453 474 1490 suum
496 1477 510 1497 ,
539 1436 708 1502 ipsum
741 1445 914 1505 gentes
943 1435 1383 1506 deprecabuntur,
1414 1445 1464 1490 et
1493 1437 1591 1490 erit
1613 1437 1910 1508 sepulcrum

314 1527 434 1598 ejus
487 1525 771 1596 gloriosum
824 1524 960 1596 (Isa.
1018 1525 1115 1595 κε).
1149 1524 1323 1580 Aliter
1365 1537 1551 1596 cretus
1599 1535 1912 1583 sanctorum

317 1618 604 1673 doctorum
629 1616 872 1670 doctrina
897 1617 1135 1670 imlmtus
1155 1615 1472 1680 Salvatoris,
1495 1626 1550 1672 et
1568 1634 1664 1687 per
1681 1620 1913 1690 gratiam

317 1707 496 1761 sancti
531 1705 768 1774 Spiritus
793 1706 1144 1772 illuminatus,
1172 1707 1470 1764 claritatem
1503 1710 1667 1764 habet
1693 1711 1760 1766 ad
1792 1720 1912 1765 tur-

2016 520 2370 574 servatricem
2407 520 2698 573 habebunt.
2727 518 2879 575 Unde
2900 527 2955 574 ct
2980 519 3254 588 sequitur:

2088 609 2372 679 Disponam
2398 609 2634 680 papulas,
2664 619 2710 664 et
2738 612 2972 664 nationes
3001 611 3129 664 mihi
3152 619 3302 664 erunt
3331 612 3602 682 subjecta.

2019 701 2291 755 Timebunt
2323 718 2403 755 me
2431 702 2701 756 audientes
2725 719 2864 772 reges
2891 702 3161 766 horrendi,
3189 703 3245 756 in
3272 702 3608 758 multitudine

2013 795 2224 848 ridebor
2253 795 2416 848 bonus
2437 837 2450 860 ,
2496 805 2543 848 et
2571 796 2624 848 in
2659 793 2789 848 bello
2821 796 2994 865 fortis.
3031 796 3331 865 Dispouunt
3356 797 3606 854 doctores

2014 887 2186 940 sancti
2218 888 2462 957 populos.
2495 897 2550 942 et
2582 889 2830 943 nationes
2860 889 2960 942 sibi
2994 889 3266 959 subjectos
3294 889 3605 960 disciplina-

2013 977 2137 1032 liter
2163 979 2348 1034 vivere
2377 980 2654 1044 erudiunt,
2684 978 2900 1050 quando
2927 979 3086 1050 Legis
3123 988 3177 1034 et
3205 979 3602 1050 Prophetarum

2014 1070 2324 1125 testimonia
2363 1071 2466 1124 illis
2493 1073 2812 1140 exponendo
2836 1072 3116 1140 aperiunt,
3143 1080 3195 1127 et
3229 1073 3399 1127 sacris
3424 1073 3603 1128 Evan-

2013 1161 2135 1230 gelii
2185 1162 2342 1217 dictis
2371 1177 2466 1217 eos
2495 1163 2716 1218 obedire
2746 1162 2978 1227 faciunt,
3013 1179 3112 1217 nec
3143 1163 3256 1234 jam
3297 1179 3397 1234 per
3421 1165 3604 1220 varias

2014 1261 2194 1308 sectas
2225 1253 2542 1309 vacillantes
2587 1253 2738 1308 abire
2768 1255 2986 1322 sinunt,
3036 1255 3132 1310 sed
3163 1255 3288 1311 ﬁdei
3320 1257 3604 1312 veritatem

2013 1349 2068 1396 et
2111 1341 2374 1398 doctrina:
2410 1335 2777 1400 sineerila'lem
2809 1346 2861 1400 in
2911 1346 3162 1402 omnibus
3203 1362 3422 1402 servare
3452 1363 3604 1403 com-

2011 1431 2238 1502 pellunt,
2271 1433 2466 1502 quibus
2494 1434 2657 1488 etiam
2687 1443 2741 1489 et
2781 1435 2880 1504 ipsi
2914 1433 3290 1505 persecutores
3334 1439 3495 1504 smvi,
3541 1455 3607 1495 ac

2015 1540 2172 1592 reges
2187 1527 2580 1581 borrendivicti
2599 1542 2785 1581 eorum
2809 1527 3083 1596 patientiae
3101 1529 3296 1583 cedere
3318 1537 3602 1600 coguntur.

2013 1615 2135 1684 quia
2169 1617 2421 1685 potentiae
2442 1615 2664 1679 Christi,
2702 1631 2823 1685 qua:
2853 1617 2904 1669 in
2937 1616 3016 1670 eis
3057 1617 3288 1672 virtutes
3318 1627 3598 1688 operatur,

2012 1705 2159 1759 nullo
2184 1705 2345 1759 modo
2369 1706 2621 1760 resistere
2640 1705 2839 1770 valent,
2868 1707 2958 1775 qui
2989 1707 3040 1760 in
3060 1707 3353 1775 Evangelia
3375 1709 3610 1778 discipu-

314 1801 444 1862 bas,
478 1814 602 1854 cum
631 1799 982 1871 Evangelium
1015 1800 1358 1870 praedicando
1381 1809 1436 1856 et
1464 1801 1756 1857 virtutibus
1785 1817 1910 1857 ver-
1946 1781 1987 1840 Β
2015 1795 2083 1850 lis
2105 1795 2218 1850 suis
2241 1795 2316 1850 ait
2341 1814 2352 1849 :
2391 1795 2456 1850 In
2473 1797 2670 1850 mundo
2691 1813 2988 1866 pressuram
3014 1797 3267 1879 habebitis
3285 1839 3299 1864 ,
3323 1800 3412 1854 sed
3433 1805 3598 1868 conﬁ-

315 1891 447 1946 bum
477 1892 572 1946 Dei
604 1892 1034 1948 commendando
1062 1893 1360 1948 electorum
1389 1909 1456 1949 ex
1485 1895 1740 1951 omnibus
1779 1911 1912 1965 gen-

315 1985 466 2039 tibus
495 1985 563 2039 ad
609 1982 770 2038 ﬁdem
818 1982 914 2038 Dei
961 1993 1225 2039 convocat
1273 1983 1694 2039 multitudinem.
1740 1985 1914 2040 Habet

317 2075 586 2130 honorem
607 2075 746 2146 apud
771 2075 1015 2130 seniores
1036 2091 1158 2130 cum
1183 2075 1522 2145 principatus
1543 2085 1599 2132 et
1617 2085 1913 2147 potestates

317 2166 482 2222 istius
505 2166 692 2221 mundi
719 2166 940 2237 subjicit
962 2166 1210 2234 religioni
1232 2165 1582 2232 Christianaa;
1611 2167 1726 2222 sive
1749 2169 1912 2222 etiam

312 2255 472 2326 juxta
519 2273 796 2328 anagogen
825 2256 990 2312 habet
1015 2257 1274 2312 honorem
1318 2257 1458 2328 apud
1483 2257 1730 2314 seniores
1747 2300 1762 2324 ,
1789 2273 1912 2314 cum

317 2349 647 2421 patriarcbis
699 2364 763 2404 ac
810 2346 1361 2420 prophetisjungitur
1391 2349 1444 2403 in
1484 2363 1649 2418 regno
1679 2349 1910 2412 caelesti.

314 2441 544 2497 Juvenis
567 2449 622 2496 et
667 2448 858 2496 acutus
904 2440 1176 2495 invenitur
1205 2440 1260 2494 in
1300 2437 1529 2506 judicio,
1560 2455 1684 2494 cum
1731 2439 1914 2494 omnia

316 2533 620 2589 secundum
647 2533 781 2604 legis
807 2532 903 2586 Dei
929 2531 1190 2587 discernit
1209 2539 1374 2601 atque
1403 2531 1662 2600 diiudicat
1680 2532 1915 2587 sanctio-

314 2643 466 2682 nem.
496 2626 564 2680 Et
585 2626 640 2680 in
667 2610 958 2695 conspectu
981 2624 1280 2694 potentium
1301 2632 1384 2680 est
1401 2624 1756 2691 admirabilis,
1789 2639 1914 2680 cum

317 2734 482 2790 reges
512 2725 672 2773 terrae
713 2726 769 2772 et
811 2718 1084 2789 principes
1112 2724 1332 2787 stupent
1359 2717 1428 2772 ad
1475 2717 1914 2788 praedicationem

317 2808 634 2880 Evangelii,
678 2815 734 2862 et
763 2808 1026 2862 mirantes
1052 2807 1466 2873 reverebuntur,
1500 2807 1917 2878 loquentemque

319 2899 644 2970 respicient,
676 2913 742 2954 ac
781 2899 1081 2970 disputanti
1113 2899 1368 2954 resistere
1390 2915 1496 2954 non
1530 2899 1745 2966 valent,
1771 2901 1917 2969 quod

317 2990 623 3060 saepissime
673 2990 918 3045 evenisse
945 3031 960 3055 ,
1025 2989 1126 3045 sub
1177 2987 1324 3044 Novo
1375 2989 1723 3045 Testamento
1781 2989 1919 3046 liber

319 3085 561 3140 Actuum
608 3082 974 3154 apostolorum
1014 3090 1069 3137 et
1112 3089 1423 3137 sanctorum
1464 3090 1763 3152 martyrum
1788 3097 1916 3152 pas-

318 3175 509 3230 siones
557 3181 848 3228 testantur.
898 3173 1053 3229 Uude
1100 3172 1154 3226 in
1199 3173 1460 3243 praedicto
1500 3173 1639 3227 libro
1689 3172 1912 3242 legitur,

320 3265 471 3336 quod
523 3265 854 3336 praedicante
885 3264 1049 3320 Petro
1092 3264 1246 3320 ﬁeret
1298 3265 1442 3320 omni
1495 3265 1688 3319 animm
1736 3265 1912 3318 timor.

323 3355 388 3410 Μ
394 3355 506 3409 ulta
533 3372 736 3426 quoque
781 3355 1022 3426 prodigia
1068 3364 1116 3409 et
1145 3355 1296 3425 signa
1322 3371 1414 3425 per
1437 3354 1699 3424 apostolos
1721 3354 1914 3423 ﬁebant

319 3448 381 3500 in
438 3445 769 3510 Jerusalem,
815 3457 862 3500 et
911 3456 1077 3500 metus
1122 3455 1235 3500 erat
1282 3463 1505 3517 magnus
1552 3447 1609 3502 in
1660 3449 1916 3502 universis

321 3538 562 3609 (ActJl).
608 3537 872 3592 Similiter
902 3537 954 3591 in
985 3538 1174 3592 eodem
1200 3537 1338 3591 libro
1369 3545 1641 3601 narratur,
1680 3523 1832 3607 quod
1856 3538 1914 3592 bi

319 3632 416 3700 qui
443 3630 792 3700 disputabant
811 3645 931 3685 cum
959 3629 1260 3699 Stephano,
1289 3647 1392 3683 non
1413 3637 1656 3700 poterant
1677 3630 1916 3685 resistere

319 3723 596 3792 sapientiae
625 3731 674 3776 et
727 3721 936 3791 spiritui
977 3721 1067 3792 qui
1111 3720 1420 3791 loquebatur
1466 3721 1604 3792 (Act.
1637 3719 1733 3792 vt).
1780 3722 1915 3776 Item

321 3811 525 3866 Saulus
572 3822 856 3882 postquam
908 3812 962 3866 in
1015 3813 1281 3868 Damasco
1325 3812 1535 3866 Anania
1587 3813 1916 3882 praedicante

318 3903 568 3973 percepit
595 3903 755 3958 ﬁdem
786 3902 881 3957 Dei
912 3910 968 3958 et
1013 3903 1323 3971 baptizatus
1351 3911 1436 3958 est
1459 3943 1474 3968 ,
1519 3903 1692 3973 magis
1718 3917 1917 3958 conva-

319 3993 562 4048 lescebat
609 4002 665 4048 et
711 3993 1078 4048 confundebat
1123 3992 1340 4048 Judaaos
1368 4033 1384 4058 ,
1445 3993 1537 4062 qui
1597 3993 1918 4048 habitabant

319 4082 597 4146 Damasci,
624 4083 890 4154 afﬁrmans
916 4083 1166 4153 quoniam
1191 4083 1275 4137 hic
1302 4093 1377 4137 est
1403 4081 1663 4149 Christus,
1685 4082 1916 4151 ﬁducia-

318 4175 444 4228 liter
473 4191 634 4245 agens
677 4176 733 4230 in
788 4175 996 4229 nomine
1047 4173 1145 4228 Dei
1175 4175 1312 4246 (Act.
1363 4173 1460 4244 Ix).
1507 4175 1655 4230 ldem
1701 4188 1918 4244 quoque

318 4265 604 4336 apostolus
651 4246 776 4320 dum
806 4265 1130 4336 prmdicaret
1176 4266 1228 4318 in
1261 4264 1436 4320 insula
1471 4263 1647 4334 Cypro
1690 4265 1915 4320 verbum

317 4359 452 4425 Dei,
507 4366 564 4413 et
615 4359 688 4414 ibi
744 4358 1012 4413 inveniret
1037 4358 1561 4428 pseudoprophetam
1606 4355 1916 4410 Judzeorum

319 4453 415 4508 cui
462 4465 656 4507 nomen
685 4459 805 4506 erat
840 4451 1070 4507 Barhieu
1095 4491 1110 4518 ,
1143 4451 1236 4520 qui
1279 4460 1548 4506 eratcum
1593 4449 1914 4520 proconsule

321 4543 518 4615 Sergio
560 4542 726 4596 Paulo
753 4524 867 4597 viro
895 4542 1158 4611 prudente
1177 4581 1192 4606 ,
1243 4541 1386 4595 hunc
1411 4555 1534 4596 cum
1560 4541 1916 4611 comperisset

320 4635 585 4690 resistere
621 4634 764 4698 sibi,
815 4640 870 4688 et
927 4633 1216 4702 increpans
1253 4631 1579 4701 perculisset
1629 4631 1910 4694 caecitate,

317 4742 447 4781 mox
459 4724 761 4812 procoqsul,
783 4742 900 4778 cum
929 4725 1139 4779 vidisset
1157 4723 1376 4794 factum,
1401 4721 1621 4778 credidit
1635 4722 1916 4776 admirans

315 4833 482 4886 super
509 4817 754 4870 doctrina
784 4816 996 4870 Domini
1025 4817 1164 4888 (Act.
1200 4813 1346 4886 xui).

397 4991 686 5066 Propterea
727 4995 890 5050 habeo
921 5013 1014 5066 per
1053 4997 1190 5054 hanc
1217 4996 1695 5062 immortalitatem,
1728 5005 1775 5050 et
1813 5013 1920 5052 me-

318 5089 547 5142 moriam
578 5099 829 5143 (sternam
870 5089 952 5144 his
996 5088 1089 5161 qui
1121 5100 1234 5161 post
1261 5107 1343 5145 me
1391 5090 1559 5160 futuri
1595 5098 1718 5144 sunt
1761 5089 1921 5144 retin.

317 5194 508 5251 quam.
573 5177 1042 5235 lmmortalitatem
1098 5181 1306 5238 habent
1357 5180 1567 5246 sancti,
1611 5181 1739 5252 quia
1794 5180 1949 5236 ﬁdei-

316 5269 559 5326 veritate
595 5271 878 5337 instructi,
927 5279 982 5326 et
1015 5272 1070 5326 in
1101 5271 1370 5326 charitate
1391 5271 1573 5326 divina
1597 5269 1824 5326 radicati
1865 5277 1920 5323 et

319 5361 535 5416 fundati
561 5402 576 5428 ,
601 5361 713 5430 jam
749 5379 843 5433 spe
875 5363 1298 5418 immortalitatis
1325 5362 1518 5417 futura
1547 5370 1674 5418 sunt
1699 5361 1921 5432 partici—

317 5467 443 5526 pes,
469 5454 602 5508 etin
625 5455 965 5510 documentis
990 5470 1138 5510 same
1158 5455 1441 5518 doctrinae,
1465 5461 1627 5522 atque
1651 5453 1916 5507 bonorum

317 5561 550 5615 operum
599 5546 858 5616 exemplis
907 5561 1030 5601 cum
1059 5547 1320 5601 virtutum
1353 5544 1640 5610 fructibus,
1675 5543 1921 5599 venturis

317 5645 450 5709 post
500 5651 559 5692 se
611 5638 1052 5708 generationibus
1105 5639 1424 5693 memoriam
1484 5635 1698 5691 beatam
1749 5635 1919 5691 relin-

321 5739 535 5800 quem,
579 5740 634 5788 et
668 5732 862 5788 merito
883 5731 1008 5801 quia
1031 5730 1268 5787 ﬁdelium
1294 5727 1679 5798 discipulorum
1707 5741 1774 5782 ex
1801 5740 1920 5780 om-

2014 1888 2141 1953 dite,
2193 1887 2319 1958 quia
2362 1887 2464 1942 vici
2492 1904 2582 1958 ego
2613 1888 2864 1941 mundum
2915 1887 3096 1960 (Joan.
3141 1888 3275 1961 xvi).
3309 1890 3377 1944 Et
3423 1891 3552 1946 item
3589 1908 3602 1945 :

2015 1976 2236 2032 Fortior
2259 2019 2274 2042 ,
2334 1977 2550 2046 inquit,
2595 1987 2670 2032 est
2713 1979 2802 2049 qui
2831 1979 2886 2032 in
2935 1978 3079 2033 vobis
3105 1989 3208 2045 est,
3247 1997 3403 2051 quam
3433 1983 3524 2053 qui
3552 1983 3608 2036 in

2015 2069 2215 2122 mundo
2241 2077 2336 2122 est.
2371 2067 2520 2124 Unde
2548 2083 2764 2138 quoque
2791 2069 2893 2139 ipsi
2912 2069 2965 2123 in
2995 2070 3340 2128 multitudine
3367 2073 3605 2129 ﬁdelium

2013 2159 2266 2215 videntur
2289 2159 2363 2229 pii
2397 2175 2462 2214 ac
2506 2160 2747 2228 benigni,
2787 2161 2840 2215 in
2885 2161 3026 2216 bello
3057 2171 3235 2218 autem
3255 2143 3609 2222 adversario-

2015 2266 2135 2304 rum
2163 2265 2384 2305 suorum
2415 2251 2504 2304 ﬁdi
2533 2258 2696 2320 atque
2726 2251 3028 2307 fortissimi.
3078 2254 3203 2309 Haec
3242 2264 3420 2310 autem
3473 2257 3606 2313 foris

2013 2343 2322 2412 agentibus,
2342 2343 2470 2413 quid
2497 2343 2578 2399 eis
2601 2345 2746 2398 intus
2771 2345 3034 2416 sapientia
3054 2355 3274 2416 praestet
3297 2349 3604 2406 audiamus.

2084 2433 2303 2490 Intrans
2329 2435 2384 2489 in
2412 2435 2624 2489 domum
2649 2453 2816 2491 meam
2836 2439 3198 2510 conquiescam
3220 2456 3336 2493 cum
3357 2439 3470 2504 illa,
3497 2459 3602 2498 non

2013 2524 2150 2577 enim
2172 2523 2322 2577 habet
2341 2524 2747 2580 antaritudinem
2763 2529 3082 2582 conversatio
3096 2529 3260 2591 illius,
3283 2546 3374 2583 nec
3389 2531 3607 2587 ta'dium

2014 2615 2276 2669 convictus
2301 2617 2486 2686 ipsius,
2515 2617 2607 2671 sed
2639 2615 2877 2671 la'titiam
2925 2627 2976 2673 et
3001 2620 3274 2689 gaudium.
3307 2619 3438 2677 Post
3463 2637 3605 2692 prze«

2015 2707 2338 2765 dieationem
2404 2711 2573 2766 divini
2635 2713 2832 2778 verbi,
2888 2722 3013 2783 post
3071 2715 3284 2771 labores
3340 2717 3611 2776 bonorum

2017 2808 2268 2874 actuum,
2315 2803 2512 2872 quibus
2545 2804 2718 2858 sancti
2750 2804 2851 2858 viri
2903 2804 3204 2861 forinsecus
3233 2807 3427 2863 solatia
3465 2811 3631 2880 prmi

2014 2888 2146 2944 bent
2197 2889 2312 2946 suis
2364 2891 2743 2958 auditoribus,
2799 2893 2866 2947 ad
2913 2894 3187 2950 domicilia
3231 2899 3466 2967 pectoris
3521 2899 3607 2956 sui

2018 2981 2308 3035 redeuntes
2355 2981 2409 3035 in
2442 2983 2795 3038 meditatione
2840 2985 3118 3054 sapientiae
3158 2989 3600 3058 contemplationi

2018 3081 2215 3128 vacant
2239 3075 2455 3140 divinae,
2480 3083 2535 3130 et
2559 3077 2636 3132 sic
2666 3091 2696 3130 a
2720 3077 3045 3132 turbulentis
3069 3081 3407 3150 negotiorum
3435 3099 3607 3138 δωρη-

2019 3166 2212 3220 larium
2261 3167 2524 3222 molestiis
2553 3168 2699 3224 intus
2730 3169 3057 3225 convenient
3082 3172 3318 3241 quietem
3363 3189 3610 3244 superna:

2019 3255 2338 3313 dulcedinis.
2389 3258 2513 3313 Non
2554 3259 2716 3324 enim,
2747 3260 2962 3328 inquit,
3007 3261 3157 3315 habet
3201 3264 3611 3318 amaritudinem

2017 3351 2340 3404 conversatio
2394 3349 2574 3415 illius,
2619 3368 2712 3406 nec
2742 3353 2957 3406 ta'dium
2989 3353 3253 3409 convictus
3282 3354 3448 3420 illius,
3482 3357 3610 3426 quia

2020 3441 2333 3512 corporales
2355 3441 2563 3498 delicia:
2590 3458 2712 3498 cum
2753 3443 2909 3498 avide
2936 3453 3226 3500 sumuntur
3249 3462 3446 3518 corpus
3484 3463 3612 3518 gra-

2017 3543 2168 3600 vant,
2194 3535 2468 3605 spiritales
2501 3543 2680 3590 autem
2713 3535 2918 3591 deliciae
2944 3545 3146 3606 quanto
3173 3539 3347 3608 magis
3385 3539 3609 3606 capiun-

2017 3634 2126 3692 tur,
2159 3633 2309 3680 tanto
2336 3626 2512 3697 magis
2537 3633 2774 3680 mentem
2804 3625 3067 3681 relevant.
3095 3625 3208 3680 Hoc
3237 3627 3383 3682 enim
3407 3627 3612 3683 distare

2017 3717 2162 3772 inter
2179 3716 2400 3773 delicias
2421 3717 2600 3772 cordis
2621 3706 2676 3772 et
2697 3717 2940 3787 corporis
2961 3716 3117 3782 solet,
3138 3719 3280 3787 quod
3299 3708 3610 3788 corporales

2018 3809 2244 3873 deliciae,
2275 3824 2397 3864 cum
2426 3824 2534 3863 non
2572 3809 2860 3875 habentur,
2891 3823 3054 3880 grave
3097 3808 3152 3863 in
3189 3823 3248 3864 se
3276 3809 3608 3864 desiderium

2018 3901 2348 3966 accendunt;
2380 3917 2502 3955 cum
2531 3917 2661 3956 vero
2689 3903 2844 3957 avide
2895 3909 3202 3967 sumuntur,
3235 3902 3610 3958 comedentem

2016 3993 2264 4063 protinus
2315 3993 2368 4047 in
2417 3993 2696 4048 fastidium
2746 4009 2844 4064 per
2894 3995 3201 4051 satietatem
3246 4004 3486 4052 vertunt.
3539 3996 3611 4052 At

2017 4090 2206 4138 contra
2237 4083 2508 4154 spiritales
2541 4083 2750 4140 deliciae
2775 4100 2896 4140 cum
2925 4100 3030 4138 non
3059 4085 3330 4141 habentur
3359 4086 3416 4140 in
3454 4085 3608 4142 fasti-

2017 4171 2108 4227 dio
2133 4160 2287 4237 sunt;
2321 4188 2445 4228 cum
2473 4187 2603 4228 vero
2634 4173 2902 4228 habentur
2928 4174 2980 4228 in
3011 4174 3318 4242 desiderio;
3351 4183 3611 4246 tantoque

2019 4280 2050 4318 a
2079 4265 2399 4319 comedente
2427 4265 2658 4334 amplius
2687 4267 3021 4332 esuriontur,
3055 4277 3258 4338 quanto
3286 4275 3340 4322 et
3370 4269 3438 4324 ab
3484 4283 3613 4324 esu-

2019 4356 2192 4410 riente
2223 4355 2454 4426 amplius
2480 4357 2856 4411 comeduntur.
2884 4357 2942 4411 lu
2976 4357 3081 4412 illis
3109 4359 3378 4428 appetitus
3405 4359 3610 4430 placet,

2018 4448 2353 4520 experientia
2407 4448 2686 4518 displicet;
2742 4450 2796 4504 in
2850 4450 2968 4504 istis
3015 4451 3283 4521 appetitus
3313 4451 3433 4507 vilis
3481 4459 3610 4517 est,

2021 4539 2355 4610 experientia
2387 4539 2558 4610 magis
2577 4539 2784 4609 placet;
2815 4541 2869 4595 in
2916 4540 3020 4596 illis
3051 4542 3320 4612 appetitus
3350 4541 3610 4597 saturita-

2023 4642 2167 4698 tem,
2223 4633 2484 4688 saturitas
2527 4632 2804 4689 fastidium
2852 4643 3074 4705 generat
3119 4651 3132 4688 :
3173 4634 3226 4688 in
3269 4635 3388 4690 istis
3427 4643 3612 4690 autem

2023 4726 2292 4797 appetitus
2347 4725 2721 4792 saturitatem,
2779 4726 3039 4781 saturitas
3088 4726 3382 4796 appetitum
3433 4725 3612 4796 parit;

2025 4829 2222 4888 augent
2249 4819 2391 4873 enim
2421 4819 2618 4872 suimet
2651 4818 2922 4887 spiritales
2951 4818 3157 4873 deliciae
3185 4819 3510 4874 desiderium
3555 4819 3613 4875 iu

2026 4915 2207 4960 mente
2242 4923 2364 4961 cum
2392 4907 2609 4970 satiant,
2639 4908 2764 4976 quia
2803 4916 3006 4976 quanto
3036 4909 3206 4978 magis
3235 4925 3420 4965 earum
3452 4923 3616 4979 sapor

2022 4996 2362 5065 percipitur,
2413 5013 2478 5052 eo
2534 4997 2764 5068 amplius
2808 5000 3151 5070 cognoscitur
3203 5001 3346 5070 quod
3403 4999 3616 5056 avidius

2025 5098 2258 5155 ametur,
2301 5099 2356 5144 et
2385 5089 2586 5144 idcirco
2614 5105 2721 5145 non
2764 5089 2962 5146 habitae
2991 5091 3164 5146 amari
3190 5106 3297 5147 non
3344 5099 3572 5164 possunt
3595 5130 3613 5156 ,

2024 5181 2149 5252 quia
2179 5195 2366 5236 earum
2391 5195 2554 5252 sapor
2579 5181 2877 5250 ignoratur.

2099 5269 2228 5326 Htec
2257 5271 2492 5342 cogitans
2531 5271 2672 5342 apud
2715 5287 2796 5325 me
2825 5280 2874 5325 et
2909 5287 3324 5326 commemorans
3347 5273 3408 5325 in
3457 5269 3613 5323 corde

2025 5377 2158 5426 meo,
2173 5363 2420 5434 quoniam
2441 5360 2812 5416 immortalitas
2831 5372 2906 5416 est
2922 5363 2978 5416 in
2994 5363 3302 5434 cognatione
3315 5352 3608 5428 sapientia.

2024 5461 2072 5504 et
2107 5451 2162 5505 in
2200 5452 2434 5504 amicitia
2482 5451 2628 5504 illius
2669 5449 2944 5506 delectatio
2977 5451 3110 5505 bona
3148 5467 3166 5504 :
3211 5450 3340 5504 etin
3371 5447 3610 5516 operibus

2024 5557 2277 5595 manuum
2311 5540 2456 5594 illius
2500 5541 2744 5596 honestas
2779 5541 2891 5594 sine
2921 5540 3240 5609 defectione,
3283 5548 3330 5590 ct
3356 5537 3411 5590 in
3439 5545 3620 5590 certa-

2024 5637 2163 5707 mine
2185 5635 2402 5706 loquela!
2424 5635 2567 5690 illius
2590 5636 2866 5704 sapientia,
2889 5643 2938 5687 et
2959 5631 3283 5703 prwclaritas
3305 5630 3358 5683 in
3387 5646 3618 5686 commu-

2025 5729 2284 5784 nicatione
2321 5743 2616 5782 sermonum
2652 5727 2834 5798 ipsius.
2869 5721 3248 5778 [inmortalitas
3287 5729 3372 5780 est
3413 5721 3465 5777 in
3515 5736 3608 5778 co-
