3928 6182
315 306 414 361 7H

950 295 1012 351 Β.
1053 290 1309 350 RABANl
1346 289 1569 351 MAURI
1604 288 1925 349 ARCHIEP.

2055 283 2294 344 DGUNT.
2335 279 2625 341 OPERUM
2660 277 2840 337 PARS
2878 278 2921 335 1.

3514 273 3632 329 712

314 414 572 488 gnatione
586 408 885 481 sapientiae,
909 404 1033 476 quia
1056 401 1317 472 quidquid
1340 400 1687 456 veraciterde
1711 406 1906 453 natura
1934 408 1982 464 Α
2008 403 2064 451 et
2101 391 2295 449 similis
2325 390 2645 445 innocentiae
2678 387 2939 459 percepit,
2978 395 3036 443 et
3081 388 3252 444 sacris
3279 385 3490 443 studiis
3539 384 3633 438 in-

314 508 488 579 ipsius
541 501 921 574 cognoscitur,
980 505 1152 551 totum
1208 492 1514 549 immortale
1575 500 1631 547 et
1687 504 1904 560 semper

2006 495 2191 542 tentus
2239 482 2507 554 proficere
2557 489 2773 545 certat,
2824 488 2880 535 et
2926 479 3213 551 pervenire
3263 477 3335 533 ad
3389 476 3634 532 culmen

316 573 505 655 vivens
532 573 651 650 esse
677 590 969 660 reperitur.
1010 586 1069 640 ln
1103 585 1259 656 cujus
1296 584 1571 649 amicitia,
1619 580 1906 638 delectatio
2006 579 2291 634 virtutum.
2330 575 2483 632 Unde
2507 580 2562 629 et
2595 573 2863 643 sequitur.

317 691 489 752 bona;
520 693 574 740 et
602 690 804 752 quanto
829 679 952 750 quis
980 678 1033 732 in
1060 692 1246 732 amore
1273 675 1392 746 ejus
1413 672 1727 744 profecerit,
1757 678 1909 726 tanto

320 780 540 838 suavius
585 776 639 831 in
684 772 801 843 ejus
844 771 1135 827 dilectione
1170 768 1500 824 exardescit.
1549 765 1620 820 In
1665 764 1909 836 operibus

320 886 573 928 ntanuum
601 867 745 922 illius
772 875 847 920 est
875 865 1122 919 honestas
1149 863 1262 916 sine
1286 860 1598 928 defectione,
1643 857 1770 927 quia
1795 857 1912 926 ipsa

321 974 405 1020 est
431 963 582 1033 origo
612 958 856 1015 omnium
903 969 1082 1010 rerum
1103 994 1119 1018 ,
1158 962 1213 1007 et
1242 966 1339 1023 per
1368 950 1544 1020 ipsam
1574 956 1757 1004 creata
1789 956 1914 1001 sunt

324 1056 506 1112 omnia
539 1067 658 1123 quze
706 1050 758 1104 in
796 1047 949 1103 cmlis
977 1055 1032 1101 et
1058 1060 1179 1116 qua:
1202 1044 1255 1097 in
1291 1050 1457 1105 terra,
1489 1051 1692 1109 etquae
1726 1037 1917 1093 subtus

324 1157 529 1202 terram
545 1150 687 1197 sunt.
712 1140 788 1193 De
809 1153 915 1208 quo
936 1135 1194 1205 scriptum
1215 1143 1331 1189 est:
1362 1131 1553 1186 Omnia
1580 1131 1635 1183 in
1659 1128 1917 1199 sapientia

326 1234 493 1305 fecisti
522 1229 696 1304 (Psal.
730 1227 868 1299 cm).
918 1225 985 1279 Et
1026 1225 1079 1278 in
1110 1222 1403 1292 Evangelia
1453 1219 1625 1289 inquit
1656 1237 1669 1272 :
1724 1216 1918 1271 Omnia

326 1326 611 1398 peripsum
634 1321 776 1391 facta
800 1328 945 1382 sunt,
975 1325 1022 1370 et
1054 1316 1164 1369 sine
1190 1316 1301 1385 ipso
1320 1312 1515 1383 factum
1536 1321 1609 1365 est
1634 1307 1762 1363 nihil
1780 1307 1919 1380 quod

331 1418 529 1487 factum
553 1423 651 1476 est;
676 1412 730 1466 in
751 1411 861 1480 ipso
884 1409 987 1463 rita
1013 1416 1146 1471 erat,
1171 1415 1219 1460 et
1250 1406 1355 1459 vita
1375 1413 1486 1457 erat
1512 1401 1607 1456 lus:
1628 1402 1920 1466 hominum,

333 1520 381 1564 et
405 1507 497 1561 luas
519 1508 573 1560 in
595 1504 817 1559 tenebris
841 1500 999 1565 lucet,
1016 1509 1062 1554 et
1087 1498 1310 1554 tenebris
1328 1513 1444 1551 eam
1463 1513 1567 1549 non
1581 1494 1920 1565 comprehen-

342 1601 530 1654 derunt
567 1596 747 1668 (Joan.
780 1593 841 1665 ι).
864 1590 932 1646 In
960 1590 1242 1645 certamine
1269 1586 1491 1659 loquela:
1525 1587 1690 1657 ipsius
1715 1585 1951 1656 sapien»

337 1691 413 1744 tia
482 1698 531 1743 et
612 1684 940 1758 prmelaritas
1003 1681 1059 1734 in
1118 1678 1586 1734 communicatione
1632 1691 1931 1730 sermonum

338 1778 505 1850 ipsius
530 1751 628 1838 est,
651 1775 777 1845 quia
804 1773 918 1842 ipsa
947 1770 1211 1841 sapientia
1239 1768 1414 1839 aperit
1448 1782 1511 1823 os
1536 1776 1809 1821 mutorum
1828 1805 1843 1830 ,
1874 1772 1931 1820 et
1958 1751 2003 1812 Β

340 1869 554 1938 linguas
580 1864 867 1921 infantium
882 1861 1013 1917 facit
1031 1862 1284 1916 disertas.
1305 1858 1432 1915 Hau:
1449 1858 1593 1916 enim
1607 1856 1786 1912 omnia
1803 1856 1928 1911 nolo

338 1970 494 2016 extra
514 1958 790 2013 Christum
807 1954 1071 2025 requiras,
1094 1952 1276 2008 omnia
1305 1951 1500 2023 quippe
1522 1964 1642 2019 quae
1659 1948 1753 2002 Dei
1779 1955 1928 2012 sunt,

342 2054 594 2111 Christus
614 2060 698 2107 est
724 2066 739 2105 :
766 2066 880 2122 ipse
904 2048 1167 2137 sapientia
1188 2045 1307 2116 ejus
1323 2086 1339 2112 ,
1373 2045 1488 2116 ipse
1514 2042 1796 2106 fortitudo,
1819 2041 1933 2110 ipse

336 2144 571 2217 justitia,
593 2144 708 2212 ipse
730 2134 1009 2205 sanctitas,
1033 2149 1089 2196 et
1113 2136 1434 2208 redemptio,
1460 2136 1594 2205 ipse,
1621 2144 1681 2188 ut
1703 2134 1773 2189 ad
1797 2148 1935 2202 pne-

340 2252 469 2294 sens
493 2235 727 2300 veniam,
753 2234 918 2289 etiam
941 2230 1245 2303 prudentia.
1279 2227 1386 2284 Sed
1424 2241 1548 2282 cum
1573 2226 1645 2282 sit
1673 2225 1728 2279 in
1757 2224 1938 2294 subje-

341 2338 517 2393 cente,
529 2344 624 2400 pro
637 2329 900 2382 varietate
912 2320 1430 2389 sensuum,diversis
1440 2306 1718 2376 vocabulis
1733 2331 1938 2373 nuncu-

343 2431 523 2492 patur,
539 2419 683 2473 aliud
702 2417 974 2491 signiﬁcat
991 2414 1281 2486 sapientia,
1298 2411 1683 2482 aliudjustitia.
1712 2409 1936 2477 Quando

345 2512 489 2567 enim
511 2510 774 2581 sapientia
790 2508 1012 2570 dicitur,
1027 2492 1341 2576 disciplinas
1356 2503 1661 2560 divinarum
1675 2502 1939 2556 humana~

311 2620 318 2627 ε
346 2614 577 2673 rumque
600 2613 782 2652 rerum
808 2594 1073 2651 instituet.
1104 2592 1333 2662 Quando
1355 2592 1584 2663 justitia,
1618 2590 1939 2646 distributor

347 2688 582 2758 etjudex
628 2688 945 2742 meritorum
977 2684 1334 2757 significatur.
1383 2682 1611 2751 Quando
1636 2680 1937 2744 sanctitas,

348 2779 439 2835 illa
493 2780 668 2835 virtus
710 2777 1074 2842 describitur,
1137 2792 1257 2848 qua:
1306 2775 1592 2834 credentes
1632 2774 1744 2830 Deo
1776 2771 1943 2829 allicit

349 2876 589 2929 sanctos.

358 2948 383 2960 “
419 2957 719 3014 Circuibam
748 2974 988 3030 qutcrens
1014 2965 1073 3012 ut
1101 2973 1217 3013 eam
1257 2957 1386 3012 milii
1431 2971 1773 3011 assumerem.
1815 2952 1939 3011 Cir-

349 3052 529 3108 cuitus
559 3052 663 3107 iste
705 3050 1043 3121 diligentiam
1090 3048 1360 3119 signiticat
1401 3047 1710 3118 quaerendi,
1741 3060 1807 3101 ac
1828 3054 1943 3100 stu-

352 3143 501 3198 dium
533 3140 852 3205 meditandi,
901 3154 1001 3207 pcr
1021 3153 1143 3209 quae
1175 3138 1339 3193 corda
1368 3137 1663 3193 electorum
1693 3144 1947 3206 satagunt

354 3233 639 3303 pervenire
669 3231 740 3285 ad
783 3229 1031 3284 notitiam
1060 3227 1361 3297 sapientiae.
1403 3226 1558 3282 Unde
1584 3235 1639 3280 et
1667 3240 1863 3295 sponsa
1889 3224 1946 3281 in

357 3325 584 3381 Cantico
610 3322 943 3377 canticorum
969 3319 1102 3374 dicit
1128 3336 1141 3372 :
1172 3318 1399 3388 Surgam
1422 3326 1469 3371 et
1494 3315 1723 3371 circuibo
1766 3316 1947 3370 ciuita—

360 3424 463 3468 tem
499 3429 593 3478 per
615 3412 755 3466 vicos
787 3420 833 3464 et
867 3409 1085 3480 plateas,
1110 3425 1351 3479 quwrens
1391 3424 1543 3478 quem
1570 3406 1739 3479 diligit
1767 3407 1947 3461 anima

358 3522 497 3561 mea.
518 3503 746 3570 Quies-ivi
764 3501 912 3558 illum
941 3511 989 3557 et
1012 3518 1115 3557 non
1132 3502 1303 3556 inveni
1315 3501 1649 3567 ;invenerunt
1670 3516 1750 3554 me
1776 3499 1948 3570 vigiles

356 3598 447 3669 qui
469 3595 766 3651 custodiunt
797 3595 1077 3648 civitatem.
1113 3592 1258 3647 Num
1282 3608 1435 3665 quem
1464 3591 1646 3646 dilexit
1674 3592 1854 3645 anima
1874 3592 1952 3645 vi-

358 3688 551 3744 distis?
576 3684 868 3743 Paululum
888 3702 1007 3741 cum
1032 3686 1430 3758 pertransissem
1458 3700 1568 3751 eos,
1600 3683 1769 3739 inveni
1795 3701 1950 3755 quem

360 3781 545 3837 dilexit
568 3781 747 3835 anima
776 3796 889 3835 mea
917 3778 1095 3852 (Cant.
1132 3777 1240 3850 tu).

433 3871 581 3927 Puer
606 3881 781 3927 autem
805 3886 951 3925 eram
976 3870 1273 3941 ingeniosus
1295 3909 1310 3934 ,
1357 3878 1405 3924 et
1444 3870 1662 3924 sortitus
1687 3884 1805 3923 sum
1833 3869 1951 3923 ani-

360 3979 502 4017 mam
525 3962 734 4016 bonam.
759 3960 1047 4016 Referente
1092 3958 1376 4032 Scriptura
1427 3961 1634 4033 Regum
1667 3962 1955 4017 didicimus

364 4053 511 4126 quod
561 4053 818 4109 Salomon
870 4052 924 4107 in
955 4052 1187 4123 pueritia
1238 4052 1592 4125 postulaverit
1646 4069 1678 4108 a
1725 4053 1957 4109 Domino

365 4146 690 4218 sapientiam
713 4184 728 4209 ,
783 4152 838 4199 et
876 4159 970 4201 cor
1004 4144 1234 4201 docibile
1275 4153 1334 4199 ut
1378 4144 1748 4215 ritejudicare
1774 4152 1960 4214 posset

365 4235 620 4307 populum
653 4234 888 4300 Domini,
920 4243 976 4291 et
997 4235 1308 4292 discernere
1332 4236 1476 4292 inter
1505 4237 1709 4292 bonum
1755 4245 1812 4292 et
1845 4253 1960 4292 ma-

368 4325 501 4390 lum,
537 4327 682 4396 quod
719 4335 774 4381 et
820 4327 1154 4397 impetravit,
1183 4326 1238 4381 in
1259 4334 1469 4383 tantum
1491 4368 1506 4392 ,
1540 4336 1601 4382 ut
1627 4328 1806 4384 nullus
1833 4336 1962 4386 ante

370 4433 429 4472 se
472 4416 668 4473 similis
691 4418 740 4473 ei
767 4417 932 4475 fuerit
958 4417 1025 4473 de
1061 4419 1296 4490 regibus,
1344 4434 1445 4475 nec
1473 4427 1594 4490 post
1625 4435 1748 4475 eum
1779 4434 1950 4475 surre

370 4518 558 4564 cturus
591 4510 680 4563 sit.
717 4509 871 4565 Unde
910 4517 967 4565 et
990 4508 1386 4580 quodammodo
1418 4510 1533 4565 ιιωιε
1574 4510 1843 4565 sententia
1892 4510 1962 4567 ad

367 4599 543 4670 ipsum
592 4599 831 4668 coaptati
884 4607 1099 4667 potest,
1151 4599 1280 4668 quia
1335 4599 1562 4654 sortitus
1615 4599 1687 4654 sit
1708 4600 1960 4655 animam

370 4693 607 4755 bonam,
638 4694 691 4747 in
726 4708 790 4748 eo
821 4692 961 4762 quod
1017 4691 1267 4747 habuerit
1292 4707 1390 4747 cor
1426 4691 1641 4761 sapiens
1671 4700 1728 4747 et
1766 4690 1964 4746 intelli-

372 4800 522 4858 gens.
572 4785 679 4841 Sed
718 4783 1007 4840 videndum
1043 4792 1125 4839 est
1152 4792 1333 4839 utrum
1360 4783 1415 4838 id
1454 4784 1599 4855 quod
1623 4784 1965 4856 subjungitur

371 4875 438 4931 ad
470 4877 642 4946 ipsum
674 4878 945 4947 pertinere
970 4877 1160 4945 possit.

446 4967 580 5021 Cum
600 4983 761 5020 essem
790 4967 955 5037 magis
986 4968 1150 5021 bonus
1167 5007 1182 5032 ,
1215 4967 1328 5021 veni
1353 4966 1423 5020 ad
1438 4984 1631 5038 corpus
1657 4969 1965 5038 coinquina-

374 5065 506 5109 tum.
533 5055 667 5109 Cum
694 5058 867 5125 ipsum
897 5056 1179 5127 Scriptura
1211 5058 1265 5112 in
1296 5059 1482 5114 multis
1507 5059 1639 5114 locis
1673 5062 1966 5131 reprehen-

376 5147 502 5212 dat,
553 5162 618 5201 eo
665 5148 807 5215 quod
836 5149 1097 5202 amaverit
1144 5148 1402 5205 mulieres
1425 5150 1796 5221 alienigenas,
1846 5167 1967 5221 qua:

378 5246 693 5293 averterunt
717 5252 811 5292 cor
835 5238 985 5309 ejus,
1013 5246 1071 5293 et
1094 5238 1319 5296 olTeudit
1340 5241 1624 5298 Dominum
1649 5244 1967 5300 nidiﬁcando

377 5328 520 5385 idola
547 5369 562 5396 ,
619 5336 841 5400 propter
870 5328 1204 5399 alienigenas
1246 5346 1473 5400 uxores,
1519 5348 1640 5403 quae
1673 5333 1963 5389 adolebant

382 5422 542 5478 thura
568 5463 583 5490 ,
629 5430 684 5476 et
714 5420 1065 5478 immolabant
1111 5424 1213 5479 diis
1241 5425 1370 5487 suis,
1402 5426 1602 5482 idcirco
1631 5428 1806 5499 magis
1831 5427 1963 5482 mihi

286 5519 295 5525 “
376 5514 595 5571 videtur
648 5515 940 5572 convenire
976 5514 1131 5587 juxta
1171 5516 1483 5588 allegoriam
1532 5517 1599 5573 ad
1654 5526 1967 5573 sanctorum

379 5606 655 5676 populum,
687 5608 779 5678 qui
810 5608 1028 5664 lavacro
1076 5608 1219 5663 sacri
1246 5607 1587 5677 baptismatis
1617 5615 1970 5678 regeneratus

380 5706 438 5751 et
477 5699 582 5756 lide
611 5700 908 5758 Saivatoris
941 5700 1202 5767 imbutus,
1236 5701 1522 5771 pueritiam
1555 5701 1709 5756 bona).
1739 5698 1965 5769 indolis,

2629 679 2859 736 CAPUT
2897 678 2981 735 V'I.

2013 780 2168 847 Quod
2205 775 2477 847 Sapientia
2508 772 2628 837 Dei,
2660 787 2780 841 quis
2818 779 2895 823 est
2934 765 3364 847 incommutabile
3393 764 3633 829 bonum,

2083 850 2221 903 venit
2249 840 2318 900 ad
2342 845 2593 914 virginem
2622 840 2860 914 sanctam
2891 849 2939 893 et
2969 840 3353 914 incorruptam,
3400 850 3638 914 sumens

2083 918 2208 973 inde
2221 931 2409 987 corpus
2421 906 2852 987 coinquinatum,
2870 908 3010 963 unde
3029 907 3410 987 illamieatam
3432 906 3638 987 dicunt

2084 1003 2262 1043 omnes
2297 974 2678 1047 generationes.
2715 1010 2788 1020 —
2817 980 3037 1032 Amator
3064 975 3350 1047 Sapientia:
3379 974 3636 1047 postulat

2087 1076 2120 1112 a
2143 1058 2253 1110 Deo
2278 1047 2398 1108 dari
2423 1054 2526 1107 sibi
2558 1053 2869 1121 sapientiam
2891 1089 2906 1113 ,
2930 1058 2986 1101 ut
3013 1049 3146 1102 sciat
3168 1047 3308 1118 quod
3340 1055 3638 1116 acceptum

2087 1129 2155 1183 sit
2184 1141 2363 1181 coram
2390 1140 2444 1179 se
2470 1123 2880 1191 omnitempore.

2090 1242 2162 1297 Et
2188 1257 2307 1295 cum
2333 1254 2495 1293 essem
2520 1237 2687 1307 magis
2715 1233 3035 1298 bonus,eeni
3062 1232 3131 1285 ad
3154 1246 3344 1300 corpus
3378 1228 3639 1299 comqui-

2022 1344 2226 1389 natum.
2255 1330 2391 1385 Nam
2419 1328 2670 1399 superius
2713 1326 2975 1395 scriptum
3002 1330 3105 1387 est,
3135 1322 3279 1391 quod
3323 1319 3641 1377 custoditio

2024 1424 2202 1493 legum
2249 1420 2346 1475 Dei
2397 1415 2796 1474 consummatio
2837 1413 2908 1468 sit
2950 1410 3409 1481 incorruptionis,
3443 1410 3643 1462 incor-

2026 1514 2205 1584 ruptio
2235 1519 2414 1567 autem
2467 1508 2777 1579 proximum
2814 1503 2944 1558 facit
2980 1517 3102 1558 esse
3134 1503 3263 1556 Deo.
3302 1499 3415 1554 Sed
3468 1511 3645 1551 nemo

2029 1604 2096 1659 ad
2125 1599 2435 1671 huiusmodi
2484 1596 2870 1667 perfectionem
2918 1592 3205 1664 pervenire
3249 1589 3490 1661 poterit,
3531 1588 3642 1641 nisi

2031 1709 2153 1750 cum
2180 1693 2361 1748 divina
2386 1692 2562 1762 gratia
2590 1687 2980 1744 sublimaverit.
3014 1686 3089 1740 De
3118 1700 3224 1754 qua
3259 1684 3428 1738 etiam
3452 1682 3643 1736 scien-

2034 1788 2120 1842 tim
2135 1787 2336 1842 donum
2357 1791 2413 1837 et
2431 1783 2690 1836 virtutum
2713 1779 2930 1835 collatio
2954 1776 3255 1847 expetenda
3277 1784 3333 1830 et
3358 1774 3642 1845 Spei-anxia

2032 1890 2149 1947 est,
2201 1878 2329 1949 quia
2377 1875 2527 1946 juxta
2565 1872 2752 1929 Jacobi
2804 1870 3130 1937 sententiam
3181 1866 3393 1921 :Omne
3443 1865 3640 1918 datum

2033 1974 2308 2044 optimum,
2332 1977 2380 2023 et
2411 1982 2562 2020 omne
2580 1964 2774 2019 donum
2796 1961 3081 2033 perfectum
3102 1958 3380 2012 desursum
3418 1964 3518 2019 est,
3548 1952 3643 2006 dcc

2035 2063 2284 2119 scendens
2312 2076 2345 2113 a
2386 2055 2550 2110 Patre
2595 2054 2854 2109 luminum
2895 2050 3039 2124 (Jac.
3085 2049 3149 2104 tl.
3202 2048 3354 2112 Quod
3384 2046 3643 2100 sentiens

2036 2159 2139 2213 iste
2165 2155 2249 2209 vir
2273 2152 2489 2223 sapiens
2519 2154 2918 2217 consequenter
2951 2144 3029 2197 ait
3055 2161 3068 2196 :

2113 2246 2176 2301 Et
2209 2255 2264 2299 ut
2293 2242 2420 2298 scivi
2463 2240 2715 2311 quoniam
2741 2236 2897 2291 aliter
2926 2251 3031 2289 non
3060 2248 3271 2305 possum
3307 2247 3421 2285 esse
3458 2224 3643 2282 ‘conti-

2040 2358 2165 2396 nens
2192 2338 2295 2393 nisi
2325 2336 2467 2391 Deus
2490 2335 2599 2399 det,
2626 2341 2674 2386 et
2699 2332 2795 2385 hoc
2820 2330 2988 2400 ipsum
3015 2336 3127 2382 erat
3166 2324 3469 2396 sapientia’,
3500 2321 3644 2374 scire

2040 2431 2195 2503 cujus
2217 2438 2347 2482 esset
2379 2426 2477 2479 hoc
2504 2423 2726 2488 donum,
2758 2420 2866 2474 adii
2898 2417 3199 2480 Dominum,
3232 2425 3279 2469 et
3315 2414 3642 2483 deprecatus

2038 2499 2155 2579 sum
2184 2519 2356 2583 illum,
2386 2527 2433 2571 et
2458 2515 2569 2569 dixi
2594 2529 2659 2567 ea:
2683 2512 2805 2565 totis
2831 2507 3138 2581 prtecordiis
3168 2504 3294 2559 meis
3316 2522 3330 2556 :
3349 2502 3505 2569 (Car.
3536 2499 3639 2571 Ix.)

2042 2615 2184 2668 Deus
2231 2620 2442 2683 patrum
2484 2621 2739 2669 meorum,
2783 2611 2831 2656 et
2861 2600 3086 2656 Domine
3113 2596 3491 2652 misericordis?
3510 2634 3524 2657 ,
3547 2593 3642 2661 qui

2044 2703 2213 2775 fecisti
2265 2701 2441 2755 omnia
2487 2699 2640 2752 verbo
2669 2705 2761 2749 tuo
2781 2734 2796 2759 ,
2839 2702 2890 2748 et
2908 2691 3165 2762 sapientia
3196 2698 3290 2743 tua
3319 2684 3643 2743 constituisti

2043 2795 2329 2857 hominem,
2361 2800 2417 2847 ut
2447 2789 2813 2843 dominaretur
2841 2779 3118 2847 creatum,
3157 2794 3277 2851 qum
3324 2796 3354 2832 a
3398 2786 3450 2831 te
3495 2775 3642 2845 facta

2043 2898 2143 2955 est,
2168 2896 2224 2940 ut
2254 2862 2500 2955 disponat
2524 2881 2697 2936 orbem
2728 2889 2990 2933 terrarum
3038 2876 3094 2931 in
3137 2873 3383 2945 equitate
3408 2878 3458 2923 et
3479 2868 3642 2938 justi.

2047 2980 2147 3043 tia,
2169 2984 2221 3032 et
2270 2976 2328 3029 in
2367 2972 2652 3027 directione
2679 2969 2852 3024 cordis
2865 2966 3129 3037 judicium
3146 2962 3374 3033 judicet,
3400 2960 3473 3012 da
3511 2957 3643 3011 mihi

1999 3100 2014 3120 ν
2047 3068 2250 3123 sedium
2285 3076 2499 3119 tuarum
2545 3062 2873 3115 assistentem
2928 3056 3239 3127 sapientiam
3262 3094 3276 3116 ,
3327 3062 3376 3106 et
3409 3051 3519 3105 noli
3562 3065 3644 3103 me

2052 3157 2330 3229 reprobare
2367 3172 2400 3208 a
2436 3154 2610 3222 pueris
2657 3152 2762 3205 tuis
2788 3190 2803 3211 ,
2855 3149 3107 3219 quoniam
3152 3160 3332 3198 seruus
3363 3153 3487 3197 tuus
3525 3157 3646 3195 sum

2050 3267 2143 3320 ego
2169 3289 2183 3314 ,
2232 3259 2280 3303 et
2328 3247 2472 3317 ﬁlius
2514 3242 2723 3299 ancillae
2752 3252 2878 3297 tua.
2927 3240 2984 3295 In
3027 3237 3322 3309 Evangelio
3379 3235 3648 3291 Dominus

2049 3342 2263 3413 prolato
2289 3337 2539 3409 exemplo
2564 3337 2709 3392 illius
2737 3335 2830 3405 qui
2856 3333 3092 3388 amicum
3121 3345 3279 3386 suum
3313 3330 3367 3383 in
3396 3324 3648 3383 conclavi

2049 3432 2284 3502 positum
2300 3430 2369 3485 de
2389 3429 2563 3484 tribus
2587 3427 2818 3498 panibus
2838 3431 3154 3480 constanter
3171 3419 3487 3491 postulavit,
3516 3431 3648 3471 mox

2053 3522 2120 3575 ad
2148 3518 2442 3589 discipulos
2472 3530 2778 3573 sermonem
2806 3515 3073 3570 convertit
3100 3512 3287 3567 dicens
3337 3528 3350 3564 :
3394 3508 3570 3563 Petita
3598 3516 3647 3560 et

2056 3613 2272 3667 dabitur
2297 3611 2459 3665 robis.
2494 3609 2727 3675 Quaerite
2748 3618 2797 3662 et
2819 3606 3108 3661 invenietis.
3137 3603 3355 3658 Pulsate
3376 3611 3425 3655 et
3452 3600 3651 3670 aperie-

2055 3714 2144 3757 tur
2171 3703 2330 3757 vobis.
2357 3699 2541 3756 Omnis
2570 3701 2708 3755 enim
2737 3701 2827 3771 qui
2856 3700 2981 3769 petit
3005 3698 3215 3766 accipit,
3242 3705 3292 3749 et
3331 3696 3421 3766 qui
3457 3693 3648 3763 quierit

2055 3792 2269 3857 invenit,
2297 3799 2347 3846 et
2372 3790 2606 3862 pulsanti
2627 3788 2893 3859 aperietur
2916 3787 2933 3858 (
2973 3780 3105 3838 Luc.
3132 3797 3185 3836 st
3235 3790 3274 3855 ).
3304 3782 3575 3837 Similiter
3592 3788 3648 3834 et

2055 3884 2292 3940 Iacobus
2318 3881 2592 3953 apostolus
2615 3881 2888 3935 auditores
2905 3890 3035 3930 suos
3055 3878 3328 3938 admonet,
3356 3882 3415 3927 ut
3436 3871 3650 3941 sapien-

2058 3975 2191 4029 tiam
2236 3988 2267 4027 a
2295 3973 2406 4026 Deo
2452 3971 2776 4041 implorent,
2824 3969 2900 4023 ita
2950 3968 3189 4023 dicens:
3224 3964 3283 4021 Si
3311 3965 3430 4034 quis
3473 3972 3649 4016 autem

2060 4075 2289 4120 uestrum
2308 4063 2503 4133 indiget
2526 4061 2808 4131 sapientia.
2828 4057 3052 4130 postulet
3082 4074 3114 4110 a
3136 4055 3270 4120 Deo,
3299 4056 3391 4126 qui
3424 4053 3517 4106 dat
3538 4067 3653 4105 om-

2060 4157 2217 4211 nibus
2262 4155 2530 4227 aﬂuenter
2574 4164 2624 4207 et
2676 4167 2781 4205 non
2837 4151 3155 4220 improperat
3183 4186 3199 4212 ,
3248 4156 3299 4201 et
3352 4146 3571 4199 dabitur
3602 4143 3651 4197 ei

2069 4246 2212 4318 (Jac.
2243 4244 2306 4317 1).
2340 4243 2495 4300 Unde
2520 4249 2668 4312 patet
2713 4240 2858 4310 quod
2909 4239 3140 4309 quisque
3184 4238 3289 4291 rite
3313 4234 3569 4307 postulat,
3598 4241 3654 4288 et

2071 4350 2136 4389 ea
2172 4350 2291 4401 quae
2315 4332 2611 4388 secundum
2633 4330 2730 4385 Dei
2759 4329 3093 4384 voluntatem
3117 4333 3263 4390 sunt,
3286 4339 3393 4379 non
3423 4324 3655 4378 frustra-

1987 4456 2040 4516 Β
2064 4428 2211 4484 bitur
2235 4427 2354 4498 ejus
2380 4424 2656 4496 petitionis
2682 4422 2898 4478 effectu.
2928 4422 3147 4476 Iuvocat
3168 4434 3300 4487 ergo
3326 4420 3430 4472 iste
3457 4424 3657 4471 cautus

2066 4525 2251 4573 orator
2305 4516 2470 4570 Deum
2529 4513 2745 4568 Patrem
2775 4521 2834 4566 ut
2882 4512 2974 4566 det
3017 4509 3120 4564 sibi
3163 4508 3374 4563 sedium
3427 4518 3657 4560 suarum

2065 4600 2396 4663 assistriceni
2426 4602 2745 4674 sapientiam
2766 4642 2781 4668 ,
2808 4601 2953 4656 illam
2982 4598 3237 4653 videlicet
3260 4611 3381 4665 quae
3410 4604 3465 4651 et
3513 4609 3658 4649 sem-

2064 4714 2162 4771 per
2192 4713 2314 4753 cum
2343 4712 2409 4751 eo
2431 4703 2634 4761 manet,
2661 4703 2717 4749 et
2739 4700 2964 4763 regnat,
2997 4700 3055 4746 et
3087 4704 3366 4759 nunquam
3410 4687 3658 4758 separari

2068 4790 2135 4843 ab
2156 4802 2222 4843 eo
2259 4794 2459 4857 potest,
2486 4801 2607 4855 quae
2630 4792 2686 4839 et
2714 4782 2947 4838 Verbum
2995 4781 3165 4851 ipsius
3210 4787 3330 4841 est,
3371 4793 3472 4850 per
3512 4776 3658 4847 quod

2067 4881 2248 4935 omnia
2279 4878 2418 4932 facta
2451 4886 2608 4943 sunt,
2651 4885 2706 4931 et
2735 4876 2894 4930 homo
2923 4876 3035 4945 ipse
3060 4872 3340 4927 rationalis
3369 4872 3437 4925 ad
3467 4870 3660 4941 imagi-

2069 4986 2193 5026 nem
2222 4968 2315 5024 Dei
2346 4969 2594 5023 conditus
2622 4977 2730 5030 est,
2755 4960 2817 5021 ut
2837 4966 3047 5019 cunctis
3080 4963 3312 5018 terrenis
3338 4962 3659 5030 praemine-

2070 5070 2155 5119 ret
2175 5059 2465 5125 creaturis,
2490 5067 2546 5114 et
2572 5058 2820 5114 subditus
2844 5056 2954 5110 Deo
2979 5055 3080 5110 sub
3106 5069 3164 5109 se
3189 5054 3423 5124 positum
3446 5058 3657 5123 regeret

2068 5155 2278 5211 orbem.
2318 5152 2475 5222 Quod
2500 5160 2680 5206 tamen
2708 5150 2891 5204 altiori
2916 5164 3080 5205 sensu
3120 5149 3193 5203 ad
3214 5149 3390 5217 ipsum
3425 5146 3658 5201 Redon-

2070 5256 2281 5316 ptorem
2309 5253 2553 5301 nostrum
2594 5242 2787 5299 referri
2836 5250 3041 5313 potest,
3072 5241 3165 5312 qui
3196 5258 3226 5294 a
3256 5241 3417 5295 Patre
3456 5240 3657 5293 missus

2074 5339 2129 5392 in
2177 5334 2435 5391 niundum
2475 5349 2573 5404 per
2596 5334 2863 5405 virginem
2892 5334 3056 5388 homo
3078 5332 3230 5387 nasci
3258 5332 3523 5399 dignatus
3540 5339 3654 5391 est,

2074 5426 2168 5496 qui
2196 5434 2250 5479 et
2277 5424 2464 5480 orbem
2494 5424 2754 5479 Ecclesia:
2778 5425 2997 5495 proprio
3029 5432 3164 5478 nutu
3193 5423 3330 5492 regit
3371 5436 3436 5476 ac
3463 5420 3673 5490 guber-—

2076 5525 2189 5572 nat.
2222 5516 2390 5587 Cujus
2429 5516 2693 5587 judicium
2736 5531 3015 5587 nunquam
3040 5514 3209 5581 fallit,
3237 5516 3362 5584 quia
3390 5513 3655 5583 Propheta

2076 5619 2311 5666 testante
2359 5627 2374 5664 :
2401 5609 2623 5664 Iustitia
2669 5610 2767 5664 erit
2809 5607 3078 5679 cingulum
3111 5607 3407 5661 lumborum
3436 5606 3581 5674 eius,
3610 5613 3657 5656 et

2073 5701 2206 5770 ﬁdes
2234 5702 2542 5756 cinctorium
2566 5716 2752 5756 renum
2793 5702 2908 5769 eius
2936 5700 3096 5775 (Isai.
3130 5701 3228 5773 XI).
3258 5699 3529 5754 Judieabit
3573 5714 3651 5752 or.

2650 5811 2681 5827 l
