3928 6182
225 260 330 315 Ἰὲδ

1089 253 1443 337 Gonnum.
1483 253 1553 327 tu
1589 251 1846 337 ueneat
1886 248 2294 347 salutamus.
2325 284 2390 294 —
2421 254 2547 312 LIB.
2589 254 2653 351 u.

3386 246 3493 308 7M

222 376 345 441 ktl,
391 372 967 441 terrarumquimte,
1017 376 1064 423 et
1107 366 1327 449 populos
1353 367 1415 441 in
1454 366 1667 449 veritate
1713 384 1811 422 sua
1842 340 2079 449 Aquam
2112 364 2235 421 fecit
2276 334 2899 438 orbcm'terraru‘mipsa
2927 380 3111 429 secum
3149 368 3498 436 permaneat,

200 460 401 536 ,(Psat.
436 459 584 532 xcv).
628 460 722 531 qui
768 474 874 514 non
913 459 1231 529 reprobatus
1259 444 1361 519 sed
1398 458 1570 531 magis
1598 444 1818 537 electus

221 564 306 613 est
338 569 373 609 a
420 552 568 619 Deo.
597 552 663 608 de
708 567 817 622 quo
846 566 944 622 per
982 550 1176 613 Isaiam
1223 549 1423 606 dicitur
1460 567 1474 603 :
1509 542 1643 602 Ecce
1691 542 1821 618 puer

222 663 392 711 meus,
420 643 709 713 suscipiam
732 658 870 707 eum,
895 640 1088 696 electus
1110 632 1277 707 meus,
1305 628 1616 717 complacuit
1645 634 1743 695 sibi
1766 634 1821 693 in

220 735 317 800 illo
360 735 542 789 anima
584 749 702 787 utea
755 730 912 804 (Isai.
959 732 1115 803 xui).
1172 726 1275 801 Qui
1322 737 1377 785 et
1415 720 1557 785 servi
1606 722 1824 783 nomine

223 810 609 899 dignatuscest
663 821 998 891 nuncupari,
1051 821 1189 877 unde
1228 820 1278 875 ei
1306 835 1420 897 per
1464 826 1823 874 memoratum

220 918 551 991 prophetam
594 912 773 968 divina
806 928 909 987 vox
941 912 1017 966 ait
1058 929 1080 979 ⁴ε
1121 910 1322 995 l’arum
1360 913 1436 965 est
1480 919 1538 963 ut
1577 902 1651 995 sis
1696 902 1824 995 mihi

223 1027 407 1071 servm
429 1009 499 1063 (τά
522 1005 854 1081 suscitandas
874 998 1038 1059 tribus
1056 994 1243 1081 Iacob,
1267 1012 1315 1057 et
1330 1000 1484 1073 {trees
1511 994 1682 1054 Israel
1703 994 1827 1069 con-

225 1094 525 1161 uertendas.
552 1098 689 1167 Dedi
710 1080 833 1153 tein
860 1096 1027 1150 lucem
1052 1080 1310 1167 gentium,
1344 1082 1398 1149 ut
1424 1094 1500 1149 sis
1539 1082 1682 1151 salus
1711 1108 1827 1155 mea

226 1211 394 1265 usque
425 1193 495 1247 ad
521 1200 811 1247 extreumm
840 1180 1152 1263 terra:(1sa.
1178 1187 1359 1260 xum).
1380 1184 1546 1254 Cujus
1570 1194 1625 1255 et
1654 1191 1829 1240 mater

224 1284 488 1343 ancillam
537 1282 635 1338 Dei
668 1297 776 1337 non
802 1279 1005 1351 refugit
1028 1278 1383 1348 semetipsum
1397 1276 1677 1349 proﬁteri,
1709 1288 1829 1347 quas

229 1377 287 1431 in
344 1372 644 1445 Evangelia
671 1372 774 1429 sibi
822 1371 1063 1428 divinum
1098 1380 1314 1441 partum
1346 1368 1538 1440 angelo
1572 1384 1828 1440 praenun-

231 1467 405 1522 tiante
461 1463 741 1534 respondit
789 1479 803 1514 :
850 1461 987 1518 Ecce
1027 1459 1225 1516 ancilla
1273 1460 1521 1537 Domini,
1570 1459 1664 1528 ﬁat
1703 1458 1830 1513 mihi

227 1552 520 1612 secundum
541 1553 753 1610 uerbum
781 1563 933 1608 tuum
956 1551 1121 1624 (Luc.
1138 1549 1201 1623 ι).
1232 1550 1406 1621 Hujus
1432 1565 1562 1621 ergo
1591 1549 1831 1607 membra
1854 1602 1863 1607 .

226 1656 361 1705 sum
388 1645 568 1703 sancti
598 1645 689 1715 qui
716 1659 815 1714 per
837 1643 1136 1700 Ecclesium
1165 1650 1393 1719 matrem
1417 1656 1558 1714 aqua
1583 1650 1640 1697 et
1666 1640 1833 1697 verbo

1923 448 2148 528 ejusque
2199 448 2350 512 actus
2399 476 2461 513 ac
2505 464 2600 514 eor
2642 461 2937 514 scentulum
2976 450 3308 511 voluntatem
3346 468 3503 513 Suam

1923 542 2139 619 dirigat.
2172 542 2279 601 Sed
2301 545 2425 619 quia
2438 540 2617 617 ipsum
2635 530 2889 616 templum
2907 547 3284 620 praefigurabat
3310 538 3504 606 Eccle-

1888 632 2059 695 'siam
2115 633 2342 703 Christi,
2386 642 2499 708 qua
2528 632 2697 693 verus
2738 637 3026 709 pacificus,
3074 640 3143 694 et
3174 656 3268 695 rex
3316 649 3506 711 noster

1924 726 2184 785 Dominus
2208 724 2366 784 Jesus
2391 740 2493 805 per
2509 729 2786 799 operarios
2812 740 2960 794 sues,
2982 731 3094 786 hoc
3115 738 3219 796 est,
3246 732 3508 802 praediea-
3552 785 3575 808 ,

1922 808 2071 874 tores
2098 826 2315 875 sanctos
2339 810 2580 889 quatidic
2604 816 2834 875 mditicat
2860 820 2913 874 in
2941 820 3157 876 laudem
3183 828 3240 875 et
3283 821 3506 892 gloriam

1910 921 1981 997 xet
2028 911 2287 995 honorem
2345 909 2580 967 nominis
2610 908 2733 978 sui,
2770 927 3058 983 possumus
3098 929 3206 969 non
3251 913 3508 968 inconve-

1888 992 2142 1075 J‘nienlcr
2169 992 2269 1057 lias
2315 1017 2504 1073 preces
2530 996 3078 1079 quasSalomon'pro
3105 1020 3163 1060 se
3192 1004 3414 1072 obtulit,
3443 1005 3511 1059 ad

1886 1136 1891 1165 ε
1924 1078 2526 1165 personam-domorum
2555 1078 2757 1148 saneta:
2784 1082 3043 1151 Ecclesim
3071 1092 3388 1162 transferre,
3418 1095 3511 1166 qui

1928 1196 2127 1255 norunt
2157 1185 2300 1257 quod
2332 1187 2512 1243 omnia
2539 1203 2659 1257 qua:
2692 1186 2758 1242 ad
2787 1187 3028 1259 regimen
3056 1186 3236 1259 populi
3269 1188 3363 1243 Dei
3390 1203 3516 1258 per-

1889 1287 1895 1293 ‘
1932 1276 2125 1351 tinent,
2149 1292 2254 1331 non
2286 1291 2397 1331 sua:
2421 1292 2541 1332 esse
2569 1273 2686 1347 cpis
2724 1277 2817 1333 sed
2846 1274 3090 1341 muneris
3117 1270 3306 1332 divini.
3362 1272 3516 1334 Unde

1933 1352 1988 1427 et
2014 1371 2255 1441 quOtidic
2296 1362 2591 1441 postulant,
2623 1380 2682 1445 ut
2713 1371 2827 1447 ipse
2862 1364 2952 1449 qui
2984 1380 3173 1425 auctor
3218 1381 3304 1426 est
3352 1371 3517 1426 tutius

1931 1459 2059 1517 boni
2088 1461 2321 1531 operis,
2349 1460 2463 1533 ipse
2494 1461 2721 1529 largitor
2765 1460 2836 1515 sit
2875 1475 3112 1517 summm.
3144 1456 3514 1529 perfectionis.

1933 1549 2203 1621 Quidquid
2248 1550 2393 1606 enim
2425 1538 2493 1606 de
2541 1542 2805 1621 Sapientia
2858 1544 2952 1605 Dei
2984 1544 3041 1604 in
3093 1545 3289 1606 divinis
3323 1549 3519 1605 litteris

1934 1634 2198 1710 scriptum
2239 1649 2362 1705 est,
2409 1655 2515 1694 non
2565 1640 2634 1694 ad
2661 1636 2823 1694 alium
2853 1656 3015 1709 quam
3054 1637 3122 1695 ad
3161 1639 3517 1696 mediatorem

230 1742 409 1798 renati
439 1781 454 1805 ,
485 1747 543 1796 ot
588 1737 826 1809 Spiritus
871 1737 1250 1811 sancti'gratia
1277 1751 1309 1791 a
1332 1735 1455 1793 labe
1480 1742 1826 1806 peccatorum
1856 1732 1902 1792 B
1929 1730 2027 1786 Dei
2056 1740 2111 1787 et
2156 1726 2437 1806 hominum
2486 1728 2694 1789 referre
2740 1733 3030 1798 debemus;
3080 1732 3195 1803 ipse
3223 1731 3369 1788 enim
3411 1747 3517 1802 pax

228 1830 504 1894 mundati,
552 1828 914 1885 humiliterse
962 1826 1080 1897 eius
1120 1828 1358 1883 subdunt
1404 1826 1645 1883 servitio.
1692 1825 1825 1885 Orat

230 1938 364 1993 ergo
405 1921 575 1977 Filius
622 1914 840 1975 Patrem
867 1961 880 1982 ,
912 1929 1202 1993 caputpro
1228 1932 1459 1991 corpore
1506 1918 1823 1991 deprecans,

231 2024 299 2072 ut
314 2014 439 2084 ejus
463 2013 641 2084 gratia
673 2012 1032 2077 illuminetur,
1059 2021 1115 2068 et
1141 2011 1443 2066 deducatur
1474 2010 1528 2065 in
1553 2011 1639 2066 via
1667 2008 1830 2081 justi-

234 2107 355 2171 tiae;
397 2105 552 2161 novit
603 2105 749 2161 enim
801 2103 970 2174 ipsius
1017 2117 1140 2159 esse
1167 2103 1368 2165 (lcitum
1410 2101 1673 2173 quidquid
1701 2102 1828 2160 boni

235 2197 403 2253 habet
448 2196 504 2250 in
552 2209 833 2258 sermone,
864 2192 1140 2249 voluntate
1181 2191 1345 2253 simul
1375 2200 1431 2247 et
1469 2207 1663 2263 opere;
1690 2208 1829 2264 qua-

230 2275 460 2358 propter
494 2285 839 2354 subsequitur
866 2276 1053 2341 dicens
1080 2302 1092 2337 :

308 2374 487 2431 Homo
524 2372 791 2442 infirmus,
841 2381 889 2427 et
918 2373 1099 2444 exigui
1137 2373 1414 2445 temporis,
1452 2382 1501 2431 et
1540 2374 1716 2433 minor
1760 2390 1830 2429 aa

234 2466 555 2521 intellectum
585 2464 782 2534 judicii
813 2475 861 2519 et
884 2463 1075 2537 legum.
1110 2465 1252 2521 Nam
1282 2475 1331 2522 et
1370 2466 1416 2523 si
1443 2468 1561 2539 quis
1585 2468 1682 2522 erit
1708 2484 1835 2524 con-

236 2566 537 2613 summatus
585 2540 723 2612 inter
747 2556 889 2633 ﬁlios
935 2557 1231 2625 hominum,
1256 2558 1303 2611 si
1337 2557 1603 2629 aufugerit
1635 2559 1701 2615 ab
1742 2558 1833 2613 illo

237 2648 501 2717 sapientia
541 2656 636 2701 tua
656 2688 672 2712 ,
705 2648 760 2700 in
788 2646 1009 2701 nihilum
1037 2647 1442 2719 computabitur.
1469 2647 1548 2703 De
1570 2647 1679 2704 hoc
1699 2655 1755 2703 et
1772 2647 1834 2703 in

240 2741 380 2796 libro
433 2738 539 2796 Job
583 2739 780 2811 legitur
808 2756 827 2793 ;
862 2736 1052 2794 Nonne
1087 2740 1145 2792 in
1178 2739 1411 2810 antiquis
1452 2747 1527 2793 est
1555 2738 1832 2810 sapientia,

239 2845 287 2888 et
318 2836 373 2888 in
395 2833 564 2888 multo
588 2842 815 2904 tempore
837 2832 1116 2904 prudentia
1131 2832 1156 2886 ?
1170 2831 1322 2902 Apud
1344 2833 1515 2902 ipsum
1534 2841 1611 2887 est
1633 2833 1840 2903 sapien-

238 2929 315 2981 tia
338 2936 387 2980 et
415 2925 710 2995 fortitudo;
729 2926 840 2996 ipse
860 2924 1015 2983 habet
1037 2923 1317 2979 consilium
1339 2933 1386 2978 et
1414 2922 1836 2994 intelligentiam;

242 3017 291 3071 si
310 3015 836 3081 destruxerit,_nemo
862 3024 937 3071 est
977 3015 1066 3087 qui
1090 3014 1350 3083 adiﬁcct;
1376 3013 1423 3069 si
1449 3013 1717 3068 incluserit
1740 3014 1838 3069 ho-

1928 1831 2114 1878 uostra
2141 1824 2232 1895 qui
2256 1823 2385 1879 fecit
2410 1832 2641 1896 utraque
2666 1840 2853 1889 unum,
2890 1824 2984 1894 qui
3014 1823 3187 1880 virtus
3211 1833 3266 1879 et
3301 1824 3520 1894 sapien—

1931 1915 2006 1970 tia
2032 1915 2129 1971 Dei
2153 1914 2223 1970 ab
2243 1915 2503 1986 Apostolo
2524 1917 2835 1973 nominatur
2856 1934 2869 1971 :
2897 1915 3083 1988 Imago
3107 1916 3201 1972 Dei
3222 1917 3521 1983 invisibilis,

1926 2007 2303 2078 primogenitus
2324 2009 2492 2063 omnis
2516 2020 2791 2073 creaturae,
2816 2009 2940 2080 quia
2959 2008 3013 2063 in
3033 2008 3145 2078 ipso
3169 2009 3380 2063 condita
3399 2018 3523 2065 sunt

1932 2099 2172 2152 universa
2205 2098 2259 2153 in
2298 2088 2444 2153 caelis
2472 2108 2520 2152 et
2556 2100 2611 2153 in
2650 2100 2828 2165 terris,
2869 2098 3094 2161 visibilia
3128 2107 3178 2157 et
3216 2099 3520 2166 invisibilia,

1931 2188 2038 2257 sive
2085 2189 2285 2256 throni,
2322 2191 2428 2245 sive
2452 2189 2854 2257 dominationes,
2884 2191 2989 2245 sive
3029 2191 3390 2262 principatus,
3418 2192 3523 2247 siue

1930 2274 2230 2347 potestates,
2259 2279 2436 2334 omnia
2470 2295 2563 2351 per
2583 2279 2776 2351 ipsum,
2801 2289 2847 2334 et
2874 2281 2928 2334 in
2955 2280 3068 2352 ipso
3088 2291 3267 2337 creata
3294 2292 3436 2346 sunt,
3472 2292 3522 2336 et

1933 2369 2042 2440 ipse
2067 2377 2141 2424 est
2165 2379 2284 2424 ante
2311 2386 2512 2437 omnes,
2537 2379 2586 2425 et
2627 2372 2803 2425 omnia
2832 2371 2888 2425 in
2911 2371 3023 2443 ipso
3044 2380 3314 2439 constant,
3344 2383 3394 2428 et
3414 2374 3523 2444 ipse

1935 2471 2007 2516 est
2031 2470 2185 2531 caput
2212 2461 2445 2532 corporis
2468 2450 2742 2528 Ecclesiae,
2764 2464 2854 2534 qui
2877 2472 2952 2521 est
2970 2464 3307 2535 principium,
3328 2465 3527 2535 primo-

1935 2550 2141 2621 genitus
2175 2536 2525 2618 ex'mortuis,
2552 2561 2607 2605 ut
2629 2553 2697 2607 sit
2724 2554 2781 2608 in
2814 2553 3054 2609 omnibus
3088 2554 3197 2625 ipse
3238 2555 3529 2625 primatum

1938 2652 2114 2699 tenens
2143 2658 2162 2696 :
2184 2643 2309 2712 quia
2335 2645 2391 2699 in
2428 2645 2541 2717 ipso
2569 2644 2886 2716 complacuit
2915 2663 3119 2702 onsnem
3146 2645 3529 2718 plenitudinem

1937 2735 2199 2801 habitare,
2230 2744 2278 2789 et
2306 2753 2403 2807 per
2428 2753 2546 2792 eum
2570 2736 2902 2792 reconciliari
2931 2740 3133 2805 omnia,
3153 2740 3210 2794 in
3230 2738 3344 2809 ipso
3372 2738 3526 2810 paci-

1937 2827 2105 2898 ficans
2128 2845 2222 2899 per
2248 2830 2557 2901 sanguinem
2603 2831 2774 2885 crucis
2811 2828 2956 2901 ejus,
2995 2832 3103 2886 sive
3147 2848 3264 2904 qua:
3290 2832 3346 2885 in
3372 2832 3527 2888 terris

1938 2926 2085 2981 sunt,
2109 2912 2217 2975 sive
2235 2936 2352 2990 qua:
2379 2921 2432 2975 in
2460 2920 2600 2976 ccelis
2621 2919 2844 2999 ((101.1).
2874 2922 3025 2979 Unde
3053 2932 3109 2979 et
3131 2924 3376 2994 sequitur
3399 2942 3412 2979 :

2014 3024 2123 3083 Scit
2168 3028 2315 3089 enim
2350 3029 2444 3084 illa
2472 3030 2652 3086 omnia
2702 3041 2751 3087 et
2781 3030 3057 3103 intelligit,
3108 3041 3159 3087 et
3193 3033 3411 3089 deducet
3444 3050 3527 3089 me

242 3105 461 3175 utinam,
485 3104 663 3160 nullus
684 3105 868 3193 estqui
889 3106 1090 3177 aperiat
1116 3102 1261 3176 (Job.
1286 3103 1407 3177 xu).
1431 3103 1660 3174 1-ιὶαυὶἀο
1682 3113 1838 3176 PN“
1861 3100 1906 3162 (Ἰ
1938 3118 1994 3173 in
2017 3116 2260 3190 operibus
2290 3119 2416 3174 meis
2444 3120 2634 3185 sobrie,
2667 3131 2714 3175 et
2743 3100 2996 3176 custodiet
3026 3139 3107 3177 me
3137 3124 3193 3177 in
3215 3140 3314 3178 sua
3342 3134 3521 3193 poten-

243 3200 386 3268 quod
427 3198 666 3253 humana
690 3192 979 3255 inﬁrmitas
1005 3196 1110 3253 nisi
1142 3211 1243 3267 ope
1271 3204 1609 3255 sustentatur
1631 3197 1831 3264 divina,

241 3292 466 3349 casibus
510 3291 811 3348 innumeris
853 3289 1112 3369 deﬁciens
1155 3291 1225 3349 ad
1273 3288 1503 3345 nihilum
1537 3291 1831 3363 redigetur.

241 3382 432 3437 Gratia
483 3382 633 3437 enim
682 3380 779 3437 Dei
826 3380 1016 3435 salvati
1066 3394 1290 3446 sumus,
1332 3388 1393 3436 .et
1439 3395 1601 3435 omne
1634 3382 1835 3445 donum

246 3472 549 3544 perfectum
574 3470 860 3526 desursum
880 3469 1161 3525 habemus.
1186 3468 1342 3537 Quod
1369 3468 1567 3524 Paulus
1593 3471 1834 3539 sentiens

247 3564 315 3619 de
347 3563 646 3633 semetipso
674 3569 755 3617 att
798 3576 814 3615 :
845 3560 1049 3635 Infelix
1089 3577 1203 3632 ego,
1238 3562 1357 3632 quis
1385 3578 1465 3616 me
1489 3561 1730 3625 liberabit
1771 3564 1837 3619 de

247 3670 465 3724 corpore
489 3652 670 3707 mortis
695 3651 894 3721 hujus?
917 3649 1103 3705 Gratia
1126 3649 1224 3705 Dei
1246 3667 1338 3722 per
1359 3650 1545 3707 Iesum
1567 3649 1837 3713 Christum

244 3742 536 3797 Dominum
565 3752 799 3798 nostrum
823 3740 1003 3813 (Rom.
1029 3740 1149 3811 vn).
1176 3741 1386 3797 Etitem
1406 3741 1581 3812 inquit
1609 3761 1624 3796 :
1649 3742 1838 3800 Gratia

245 3831 350 3887 Dei
378 3850 497 3887 sum
525 3832 581 3887 id
604 3832 742 3903 quod
772 3848 911 3897 sum,
938 3842 987 3887 et
1010 3834 1183 3901 gratia
1202 3832 1319 3903 ejus
1353 3833 1412 3887 in
1434 3850 1516 3893 me
1539 3851 1709 3889 vacua
1734 3852 1840 3903 non

245 3922 386 3993 fuit;
415 3922 509 3976 sed
552 3922 908 3977 abundantius
936 3922 1042 3999 illis
1064 3922 1306 3979 omnibus
1332 3922 1589 3991 laboraui,
1617 3942 1722 3981 non
1746 3942 1840 3998 ego

250 4020 453 4087 autem,
486 4011 578 4079 sed
604 4014 776 4083 gratia
814 4013 909 4068 Dei
937 4030 1139 4068 mecum
1173 4013 1225 4087 (1
1252 4013 1376 4070 Cor.
1404 4015 1517 4087 xv).

317 4084 391 4157 Tu
434 4119 518 4158 me
538 4103 735 4175 elegisti
758 4122 927 4177 regem
949 4104 1141 4177 popqu
1161 4084 1336 4172 tumet
1348 4084 1586 4180 judicem
1606 4110 1841 4180 ﬁliorum

245 4203 468 4247 tuorum
490 4203 541 4248 et
562 4193 829 4263 ﬁliarum;
873 4205 920 4251 et
943 4196 1125 4251 dixisti
1165 4215 1246 4253 me
1281 4198 1548 4269 adi/icore
1592 4201 1841 4273 templum

243 4283 306 4336 in
338 4293 511 4337 monte
553 4293 736 4341 sancto
777 4295 902 4349 tuo,
934 4295 981 4340 et
1032 4286 1088 4341 in
1115 4285 1331 4351 civitate
1359 4286 1700 4345 habitationis
1734 4300 1842 4346 tute

240 4377 452 4445 altare,
512 4367 912 4441 similitudinem
960 4379 1287 4439 tabernaculi
1331 4384 1653 4449 sancti'tui,
1698 4384 1840 4455 quod

235 4470 567 4541 praeparasti
581 4468 646 4524 ab
668 4470 853 4535 initio;
879 4481 928 4525 et
950 4479 1118 4526 tecum
1142 4474 1401 4545 sapientia
1424 4484 1538 4539 tua,
1561 4491 1680 4546 ante
1700 4475 1842 4531 nouit

238 4576 411 4631 opera
459 4570 591 4626 tua,
614 4577 732 4633 quae
762 4569 811 4616 et
852 4562 1009 4633 aluit
1050 4571 1176 4623 tunc
1205 4579 1326 4619 cum
1356 4564 1534 4629 orbem
1578 4576 1842 4627 terrarum

237 4650 479 4721 faceres,
508 4663 559 4707 et
582 4652 777 4719 sciebat
803 4653 931 4724 quid
978 4664 1114 4721 esset
1153 4653 1408 4726 placitum
1435 4655 1602 4715 oculis
1625 4658 1842 4724 tuis,-et

233 4739 381 4811 quid
408 4741 670 4797 directum
696 4743 763 4821 in
775 4744 1051 4815 preceptis
1074 4745 1201 4803 tuis.
1239 4744 1390 4801 Mitte
1413 4745 1563 4802 illaut
1609 4748 1674 4817 de
1701 4749 1841 4807 calls

234 4830 451 4887 sanctis
476 4831 606 4897 tuis,
636 4842 685 4889 et
714 4850 748 4893 a
773 4832 894 4908 sede
917 4836 1296 4906 magnitudinis
1312 4848 1439 4905 tutu,
1465 4848 1525 4895 ut
1548 4856 1747 4905 mecum
1770 4842 1844 4897 sit

231 4930 291 4974 et
324 4936 537 4975 mecum
559 4919 781 4989 laboret,
812 4934 868 4977 ut
893 4925 1057 4979 sciam
1080 4924 1207 4997 quid
1226 4938 1493 4999 acceptum
1518 4931 1586 4986 sit
1605 4932 1748 5002 apud
1766 4942 1836 4988 te.

231 5009 457 5067 Narrat
483 5009 691 5082 Regum
736 5014 964 5071 historia
992 5018 1137 5086 quod
1166 5018 1335 5077 David
1367 5035 1461 5076 res
1485 5021 1672 5081 volens
1688 5032 1839 5078 ~tctu-

226 5102 403 5175 plum
436 5098 734 5187 tedilicare,
779 5105 1010 5164 Domino
1040 5110 1344 5181 prohibitus
1380 5112 1453 5168 sit
1481 5129 1579 5183 per
1598 5117 1842 5185 prophe-

232 5203 400 5259 tam,
428 5194 576 5263 quod
602 5190 742 5251 ﬁlius
772 5195 891 5267 ejus
940 5198 1041 5269 qui
1073 5200 1176 5257 sibi
1220 5203 1535 5261 succederet
1557 5205 1614 5263 in
1654 5222 1840 5279 regno,

223 5287 374 5354 ipse
428 5283 695 5367 templum,
732 5288 1097 5366 aedificaturus
1142 5302 1291 5357 esset
1338 5295 1602 5363 Domino;
1658 5299 1845 5370 sicque

218 5379 465 5435 [auum
490 5384 577 5432 est
605 5386 666 5433 ut
686 5378 1084 5452 Salomomqui
1110 5384 1365 5449 meditor
1388 5386 1553 5457 hujus
1570 5387 1847 5449 libri-esse

220 5469 597 5538 instituatur,
634 5473 897 5545 templum
923 5477 1154 5535 Domino
1178 5479 1470 5542 miriﬁcum
1498 5482 1850 5539 ludiﬁcaverit

223 5565 297 5619 in
351 5558 733 5631 Hierusalem;
768 5566 1167 5634 proindenunc
1212 5570 1365 5631 idem
1395 5585 1503 5627 res.
1519 5585 1848 5630 mmmam-

232 5665 392 5707 rasas
436 5650 699 5709 beneﬁcia
745 5655 861 5720 Dei,
891 5659 1129 5727 postulat
1168 5660 1524 5732 utsapientiu
1552 5663 1722 5733 ipsius
1750 5681 1849 5736 per

594 5746 862 5809 Parum.
909 5751 1070 5811 CIX.

1864 4453 1920 4514 D

1935 3210 2033 3265 tia.
2065 3208 2137 3265 Et
2160 3220 2315 3266 erunt
2353 3221 2562 3282 accepta
2590 3228 2747 3283 opera
2785 3228 2923 3279 utea,
2955 3221 3005 3268 et
3046 3213 3324 3285 disponam
3358 3231 3531 3286 popu-

1936 3300 2053 3369 lum
2096 3312 2246 3359 tuum
2277 3303 2446 3373 juste,
2493 3312 2543 3359 et
2576 3320 2667 3360 ero
2712 3305 2905 3376 dignus
2946 3306 3151 3363 aedium
3196 3308 3365 3378 putris
3406 3309 3529 3364 msi.

1937 3390 2130 3450 Omnia
2163 3394 2310 3451 enim
2340 3395 2484 3459 nuda
2509 3403 2567 3457 et
2605 3404 2794 3467 aperta
2831 3406 2959 3453 sunt
2994 3412 3183 3454 coram
3230 3399 3405 3456 oculis
3438 3415 3531 3456 sa-

1936 3483 2155 3553 pientiae
2172 3485 2286 3547 Dei,
2319 3501 2419 3542 nec
2445 3485 2555 3541 ulla
2574 3486 2851 3544 lateteam
2879 3490 3176 3561 cogitatio;
3201 3504 3533 3562 quapropter

1937 3588 2063 3633 eum
2090 3588 2252 3645 quem
2290 3576 2408 3645 ipsa
2446 3577 2604 3649 regit,
2635 3577 2899 3633 virtutum
2922 3579 3059 3635 calle
3082 3580 3263 3637 sobrio
3290 3583 3530 3649 deducit,

1908 3672 1992 3725 et
2039 3665 2108 3720 ab
2137 3666 2574 3731 adversariorum
2615 3667 2926 3727 lmsionibus
2969 3671 3241 3726 veraciter
3274 3674 3531 3745 protegit,

1937 3766 2269 3828 acceptaque
2294 3774 2461 3829 opera
2482 3759 2605 3827 eius
2632 3758 2860 3826 iaciens,
2883 3760 3109 3832 dignum
3134 3761 3323 3818 reddet
3351 3778 3531 3819 reum-

1940 3848 2221 3904 ucratiooe
2248 3857 2562 3905 sanctorum
2590 3849 2647 3904 in
2675 3866 2845 3921 regno
2874 3850 3113 3907 calcati,
3154 3851 3263 3909 Sed
3283 3854 3412 3924 quia
3435 3870 3528 3912 so-

1940 3936 2046 3992 lius
2072 3936 2166 3992 Dei
2189 3945 2274 3992 est
2291 3951 2453 3994 nosse
2474 3952 2598 4006 quas
2625 3938 2742 4007 ipse
2767 3938 2903 4005 vult,
2924 3948 2982 3994 et
3014 3943 3237 4011 proprio
3265 3952 3399 3998 nutu
3418 3946 3534 4015 agit

1936 4027 2218 4094 universa,
2262 4028 2386 4087 ideo
2417 4028 2519 4084 istc
2538 4028 2789 4086 laudator
2828 4044 3054 4100 operum
3082 4034 3177 4090 Dei
3206 4036 3389 4092 subito
3432 4054 3529 4093 ex-

1942 4134 2240 4190 pavescens
2264 4120 2566 4177 admiratur
2589 4124 3012 4194 magnitudinem
3033 4127 3152 4197 ejus
3174 4137 3230 4183 et
3255 4130 3533 4203 suiduugit

1944 4210 2129 4265 dicens
2153 4224 2169 4264 :

2017 4300 2148 4368 Quis
2176 4302 2316 4356 enim
2343 4303 2613 4360 hominum
2659 4307 2886 4376 potuerit
2915 4308 3049 4363 scire
3090 4309 3369 4365 consilium
3410 4311 3528 4376 Dei,

1943 4400 2037 4445 aut
2062 4392 2179 4462 quis
2203 4394 2427 4463 potuerit
2469 4392 2699 4465 cogitare
2739 4393 2867 4468 quid
2896 4398 3011 4453 uelit
3046 4398 3297 4456 Dominus
3315 4403 3341 4457 ?
3369 4402 3533 4474 Cujus

1914 4476 2318 4569 lcxcellentiam
2353 4495 2407 4569 et
2436 4476 2636 4560 Paulus
2662 4489 3050 4563 obstupescens
3077 4494 3192 4550 ait:
3231 4493 3276 4552 0
3307 4497 3532 4553 altitudo

1966 4570 2280 4628 divitiarum
2309 4567 2587 4646 sapientia:
2615 4590 2662 4634 et
2681 4581 2915 4639 scietuiat
2932 4581 3046 4643 Det,
3069 4598 3227 4650 quam
3244 4584 3535 4653 inconpre-

1964 4664 2255 4722 hensibilia
2274 4681 2402 4725 sunt
2415 4669 2628 4741 judicia
2645 4671 2780 4743 ejus,
2794 4682 2846 4727 et
2863 4674 3255 4745 investigabiles
3281 4677 3379 4733 sia:
3394 4677 3533 4747 ejus!

1947 4751 2082 4819 Quis
2116 4755 2255 4809 enim
2286 4758 2522 4826 cognovit
2573 4774 2779 4813 sensum
2809 4758 3041 4825 Domini,
3096 4770 3188 4816 aut
3208 4765 3325 4834 quis
3355 4767 3533 4820 consi-

1943 4844 2136 4901 liarius
2157 4845 2275 4915 ejus
2301 4845 2405 4916 fuit
2429 4846 2455 4899 1'
2486 4846 2733 4918 Aut‘quis
2757 4848 2904 4919 prior
2938 4849 3083 4904 dedit
3117 4850 3196 4905 illi
3213 4863 3263 4907 et
3291 4854 3537 4910 retribuet

1944 4935 2038 4990 ei?
2076 4934 2341 5007 Quoniam
2389 4938 2639 5008 ezipso,
2684 4940 3044 5010 ctparipsum
3091 4953 3140 4997 et
3189 4943 3534 5017 inipsosunt

1942 5026 2145 5092 omnia,
2194 5026 2302 5097 ipsi
2346 5027 2513 5082 honor
2558 5037 2606 5082 et
2650 5027 2819 5098 gloria
2866 5031 2924 5084 in
2974 5033 3171 5088 saecula
3220 5036 3536 5091 saeculorum

1947 5115 2127 5187 (Rom.
2142 5115 2242 5189 ut).

2024 5205 2375 5278 Cogitationes
2386 5213 2525 5267 enim
2544 5215 2848 5272 mortalium
2862 5217 3062 5274 timido:
3079 5228 3222 5286 sunt,
3252 5228 3301 5276 et
3328 5222 3540 5278 iacente

1912 5316 1915 5323 ·
1951 5301 2291 5369 providentis:
2317 5314 2530 5359 nostra.
2579 5305 2705 5362 ideo
2732 5310 3046 5371 mortalium
3082 5312 3439 5384 cogitationes
3462 5311 3540 5366 ti-

1912 5425 1929 5433 -
1955 5393 2117 5448 midm
2166 5401 2297 5450 sunt
2319 5434 2334 5460 ,
2374 5396 2507 5466 quia
2537 5396 2813 5469 t’mgiles,’
2848 5410 2906 5455 et
2950 5401 3071 5457 ideo
3105 5403 3324 5456 incertae
3354 5401 3538 5471 provi-

1953 5483 2150 5539 dentiae
2174 5485 2449 5551 hominis,
2496 5487 2624 5556 quia
2647 5490 2829 5546 anima
2858 5492 2985 5563 ejus
3009 5500 3095 5547 est
3120 5489 3434 5557 mutabilis.
3481 5500 3542 5546 et

1954 5589 2084 5631 caro
2098 5577 2491 5646 corruptibilis,
2512 5579 2654 5635 sicut
2673 5592 3020 5650 sequats‘sen
3029 5582 3190 5636 tentia
3207 5582 3462 5637 ostemlit.

2028 5666 2229 5737 Corpus
2260 5670 2420 5736 enim,
2438 5672 2583 5740 quod
2610 5677 2985 5745 corrumyitur,
3010 5682 3257 5743 aggravet
3282 5674 3540 5745 animum,
