3928 6182
505 286 609 344 719

1147 286 1209 340 B.
1251 281 1505 339 unum
1545 283 1762 339 unum
1804 278 2121 372 ARC~lliliP.
2164 279 2473 340 uocum.
2518 282 2804 340 OPERUM
2845 281 3027 341 mas
3065 284 3104 342 ι.
3557 255 3562 259 “
3662 287 3748 342 τευ

499 410 763 474 perpetuo
807 411 862 455 et
897 399 1011 454 sine
1063 400 1167 452 une
1219 396 1512 451 decantant
1571 395 2088 466 laudes'condignas
2121 400 2164 458 Α
2193 395 2286 450 sed
2317 395 2466 450 uncti
2500 411 2688 451 sumus
2715 396 2838 452 oleo
2875 396 3112 466 Spiritus
3151 398 3360 466 sancti,
3413 408 3470 456 et
3509 400 3628 469 quia
3668 417 3749 460 nos

502 493 614 566 regi
653 502 709 548 et
735 489 1011 546 liberatori
1047 503 1145 543 suo

571 583 829 650 Quoniam
855 580 1111 651 sapientia
1133 579 1335 648 aperuit
1361 593 1417 631 os
1448 587 1737 643 mutorum,
1782 588 1828 632 et
1879 577 2086 647 linguas

495 671 777 745 infantium
822 667 1220 740 [acitdisertas.
1275 666 1618 722 Manifestum
1665 675 1748 722 est
1798 667 1940 737 quod
1971 667 2088 722 sine

496 761 762 834 sapientia
787 759 879 814 Dei
905 759 1142 814 humana
1170 773 1326 812 mens
1354 757 1556 827 aliquid
1581 757 1742 827 digne
1755 757 2083 829 excogitare,

499 854 584 911 vel
620 870 682 910 os
707 852 952 923 proferre
989 865 1096 906 non
1125 858 1340 921 potest,
1373 850 1516 905 unde
1557 851 1626 905 ab
1654 851 1770 920 ipso
1794 851 1914 905 solo
1941 865 2086 920 qua:-

491 947 692 1004 rendus
735 954 818 1000 est
855 943 1070 1000 sobrius
1107 943 1434 1009 intellectus,
1461 952 1517 998 et
1547 941 1772 998 facultas
1821 943 1937 997 sani
1967 941 2082 996 elo-

492 1038 625 1107 quii,
667 1036 924 1108 quoniam
946 1051 1009 1090 ex
1041 1035 1181 1106 ipso,
1212 1043 1267 1090 et
1301 1049 1399 1105 per
1425 1034 1710 1103 ipsu-m,‘et
1737 1033 1790 1088 in
1815 1033 1931 1103 ipso
1956 1041 2084 1088 sum

490 1131 694 1186 omnia.
1793 1114 1800 1144 ’

559 1220 709 1294 (Car.
727 1217 828 1292 χι.)
851 1217 919 1271 Di
926 1219 1052 1272 rexit
1072 1233 1228 1287 opera
1249 1214 1461 1270 illorum
1484 1217 1539 1269 in
1561 1215 1800 1270 manibus
1819 1217 2082 1286 propheta:

484 1311 672 1366 sancti.
689 1309 803 1363 Iter
828 1309 1063 1379 fecerunt
1085 1323 1176 1378 per
1196 1306 1399 1361 deserta
1425 1323 1543 1378 qua:
1565 1323 1669 1361 non
1685 1306 2080 1374 habitabantur,

484 1405 538 1456 in
561 1402 686 1456 locis
717 1401 925 1454 secretis
945 1399 1174 1468 ﬁxerunt
1198 1413 1368 1453 casas.
1399 1397 1560 1454 Prior
1578 1399 1806 1469 populus
1829 1415 1894 1454 ex
1918 1397 2083 1472 Egy'

484 1505 578 1565 pto
603 1494 889 1566 egrediens
915 1494 1078 1548 ductu
1107 1492 1304 1565 Moysis
1334 1509 1430 1564 per
1461 1495 1677 1550 deserta
1705 1494 2078 1566 gradiebatur,

483 1595 538 1640 et
571 1585 625 1640 in
655 1585 787 1640 locis
818 1583 1261 1639 inhabitabilibus
1291 1584 1643 1639 tabernacula
1673 1583 1902 1650 fixerat,
1939 1585 2074 1641 sicut

481 1677 833 1735 Pentateucbi
886 1686 1078 1730 narrat
1112 1677 1372 1732 historia:
1434 1678 1508 1730 ita
1563 1685 1618 1732 et
1663 1693 1804 1732 nunc
1841 1691 2077 1748 sequens

2193 489 2365 558 gratia
2414 489 2680 544 libertatis
2702 491 2892 555 unxit,
2937 490 3330 548 (humationis
3359 493 3660 550 dwnonica!
3673 493 3746 562 jac

2181 595 2318 652 gum
2348 580 2572 650 putt-uit.

2267 669 2368 725 Per
2389 688 2509 742 qua:
2531 673 2669 726 enim
2706 689 2884 743 prunas
2927 679 3072 744 passi
3111 686 3232 730 sunt
3259 677 3461 732 inimici
3487 675 3747 743 illorum,e

2188 757 2476 827 defectione
2514 769 2669 829 potus
2717 762 2819 824 sui,
2870 773 2919 816 et
2945 763 3001 816 in
3056 764 3276 819 eiscum
3311 766 3635 821 abundarent
3669 767 3746 836 ﬁlii

2189 850 2380 916 Israel,
2405 851 2572 905 lartati
2599 863 2742 906 sunt.
2773 851 2884 908 Per
2910 855 3023 910 haec
3058 873 3180 911 cum
3219 857 3328 911 illis
3368 858 3599 913 deessent
3643 859 3745 916 bene

2185 959 2308 996 cum
2331 942 2440 996 illis
2465 953 2642 996 actum
2683 954 2782 999 est.
2839 943 2982 1000 Nam
3025 964 3121 1018 pro
3169 949 3310 1018 {ante
3343 950 3554 1020 quidem
3578 953 3744 1021 scapi.
3778 969 3782 972 ν

2187 1034 2323 1088 terni
2365 1035 2620 1103 ﬂuminis,
2645 1036 2934 1090 humanum
2983 1040 3293 1109 sanguinem
3323 1041 3512 1094 dedisti
3537 1043 3740 1111 injustis.

2179 1125 2292 1192 'Qui
2321 1142 2440 1179 cum
2459 1125 2818 1180 minuerentur
2843 1128 2900 1180 in
2947 1129 3278 1184 traductione
3306 1131 3590 1199 infantium
3619 1134 3738 1186 oeci-

2175 1231 2385 1281 -sorum,
2444 1217 2636 1271 dedisti
2690 1217 2795 1272 illis
2838 1219 3192 1275 abundantem
3242 1239 3436 1293 aquam
3484 1224 3737 1294 insperate,

2183 1307 2460 1361 ostendens
2516 1323 2608 1378 per
2653 1309 2794 1362 sitim
2822 1325 2939 1379 quae
2976 1320 3106 1365 tunc
3149 1311 3277 1380 fuit,
3326 1315 3740 1383 quemadmodum

2183 1405 2300 1450 tuos
2333 1396 2613 1463 exaltares,
2642 1407 2691 1452 et
2725 1398 3054 1455 aduersarios
3101 1401 3315 1456 illorum
3335 1419 3572 1459 necares.
3598 1407 3739 1461 Coin-

2184 1495 2450 1542 memorat
2473 1488 2736 1545 beneﬁcia
2775 1490 2890 1557 Dei,
2939 1507 3060 1563 qua
3107 1494 3277 1564 priori
3303 1495 3502 1566 populo
3533 1513 3629 1568 per
3652 1500 3738 1554 mi-

2181 1576 2535 1633 sericordiam
2563 1580 2802 1635 divinam
2826 1581 3018 1637 collata
3035 1591 3198 1650 sunt,
3219 1586 3434 1655 quando
3456 1586 3738 1644 sitientibus

2180 1666 2263 1721 eis
2283 1667 2352 1721 de
2401 1677 2552 1738 petra
2609 1685 2810 1738 aquam
2863 1671 3149 1741 produxit,
3196 1680 3253 1727 et
3285 1675 3582 1730 abundanti
3629 1687 3736 1747 potu

481 1771 724 1843 populus,
760 1770 863 1825 hoc
887 1777 970 1824 est
989 1768 1443 1833 Christianorum,
1469 1784 1572 1839 per
1596 1769 1815 1824 ductum
1843 1770 2064 1840 prophe-

2180 1758 2327 1830 ipsos
2354 1757 2561 1814 refecit.
2594 1759 2686 1816 Sic
2708 1768 2766 1815 et
2796 1777 2828 1816 e
2853 1765 3131 1819 contrario
3173 1775 3361 1820 narrat
3405 1781 3596 1838 poenas
3619 1785 3735 1839 quas

482 1864 568 1917 tim
597 1864 649 1916 in
673 1861 891 1917 deserto
928 1859 1086 1915 istius
1135 1859 1321 1914 mundi
1353 1859 1620 1931 graditur,
1653 1875 1760 1930 quo
1797 1860 2078 1929 perveniat

480 1963 737 2025 regnante
760 1952 974 2009 Christo
1023 1950 1088 2006 ad
1117 1951 1347 2021 patriam
1375 1951 1526 2021 regni
1553 1949 1810 2007 ccclestis.
1843 1950 1998 2018 Quod
2021 1961 2078 2007 et

478 2046 673 2102 Petrus
723 2043 998 2115 apostolus
1051 2033 1366 2097 manifestat
1407 2043 1633 2098 dicens:
1671 2041 1936 2098 Habemus
1982 2045 2076 2114 ﬁr-

476 2141 693 2194 miorem
718 2137 1074 2210 propheticum
1112 2151 1405 2189 sermonem
1450 2135 1536 2189 cui
1574 2135 1882 2204 benefacitis
1901 2145 2071 2191 atten-

477 2233 681 2300 dentes,
720 2231 873 2305 φααεὶ
894 2229 1121 2285 lucerna:
1141 2228 1334 2284 lucenti
1361 2230 1414 2284 in
1457 2229 1743 2301 caliginoso
1766 2230 1878 2285 loco
1909 2231 2072 2286 donec

474 2327 586 2382 dies
637 2323 912 2390 elucescat,
955 2331 1003 2377 et
1051 2320 1245 2391 lucifer
1280 2321 1486 2375 oriatur
1526 2322 1580 2375 in
1609 2321 1853 2376 cordibus
1891 2322 2071 2376 rostris

477 2417 566 2491 (II
596 2415 743 2471 Petr.
784 2415 849 2486 I).

549 2505 817 2563 Steterunt
846 2513 1030 2559 contra
1067 2513 1261 2568 hostes,
1305 2511 1353 2557 et
1397 2503 1461 2557 de
1487 2503 1712 2558 inimicis
1755 2521 1808 2558 se
1839 2504 2071 2559 riudica-

472 2606 678 2662 uerunt,
706 2595 946 2650 sitierunt
973 2602 1022 2649 et
1055 2594 1425 2648 invocaverunt
1455 2603 1526 2660 te,
1553 2603 1600 2648 et
1622 2595 1748 2648 data
1779 2605 1853 2648 est
1878 2594 1983 2649 illis
2006 2595 2070 2650 de

470 2695 617 2757 petra
648 2684 908 2739 altissima
939 2701 1076 2757 aqua
1102 2724 1119 2751 ,
1159 2693 1206 2740 et
1235 2687 1432 2756 requies
1473 2685 1586 2739 sitis
1607 2685 1672 2740 de
1709 2684 1882 2756 lapide
1910 2687 2066 2740 duro.

473 2775 615 2844 Quid
667 2783 848 2830 autem
901 2775 992 2830 illa
1039 2782 1195 2846 petra
1230 2773 1635 2847 significaverit,
1679 2777 1747 2832 de
1774 2791 1878 2846 qua
1912 2777 2068 2832 bibe-

469 2868 603 2923 bant
652 2866 950 2933 lsraelitaz,
1005 2867 1206 2922 Paulus
1242 2875 1474 2923 testatur
1528 2867 1760 2923 dicens:
1812 2867 2066 2922 Bibebant

473 2967 646 3012 autem
678 2957 742 3012 de
765 2957 1031 3028 spirituali
1051 2967 1391 3028 consequente
1416 2973 1502 3012 eos
1525 2967 1695 3028 petra,
1723 2967 1869 3028 petra
1889 2967 2066 3012 autem

466 3058 579 3102 erat
607 3046 847 3102 Christus
873 3046 925 3118 (I
948 3045 1070 3101 Cor.
1103 3046 1181 3119 χ).
1213 3047 1339 3102 Ηωε
1359 3056 1532 3116 petra,
1559 3049 1708 3119 virga
1739 3049 1916 3103 crucis
1939 3063 2062 3118 per-

2179 1849 2382 1904 inimici
2411 1849 2621 1904 illorum
2656 1853 2800 1921 passi
2841 1862 2968 1908 sunt
3002 1854 3057 1909 in
3088 1854 3466 1912 interfectione
3493 1859 3738 1930 primoge

2178 1939 2415 1995 nitorum
2449 1956 2669 1996 suorum
2696 1952 2752 1998 et
2781 1946 2928 1998 varia
2955 1945 3109 2001 clade
3133 1962 3253 2016 quae
3268 1946 3419 2016 justo
3431 1947 3636 2016 judicio
3658 1951 3736 2007 Dei

2175 2047 2339 2102 super
2360 2048 2462 2118 eos
2490 2036 2656 2090 venit.
2691 2035 2915 2107 Mysttce
2963 2047 3143 2095 autem
3169 2041 3418 2111 designat
3441 2045 3570 2112 quia
3592 2061 3739 2116 portu-

2177 2125 2260 2181 lus
2289 2126 2384 2181 Dei
2414 2135 2469 2182 et
2497 2143 2628 2183 oves
2662 2144 2879 2199 pascuae
2930 2130 3066 2200 ejus,
3108 2147 3245 2201 quas
3285 2149 3533 2190 summus
3575 2144 3736 2205 pastor

2176 2217 2350 2298 pretio
2373 2219 2656 2289 sanguinis
2686 2221 2769 2275 sui
2816 2221 3063 2285 redemit,
3107 2223 3254 2277 sitim
3285 2239 3437 2279 suam
3474 2227 3737 2298 restinguit

2174 2292 2326 2365 fonte
2348 2309 2580 2365 viventis
2629 2325 2802 2380 aquai,
2829 2319 2884 2365 et
2929 2321 3306 2381 persecutores
3334 2329 3524 2370 eorum
3553 2327 3736 2373 aeterna

2173 2408 2414 2470 egestate
2439 2402 2754 2457 deﬁcientes
2783 2404 2944 2457 morti
2988 2405 3272 2460 tradentur
3297 2417 3592 2476 perpetuae.
3616 2408 3735 2464 Huic

2174 2491 2294 2546 loco
2344 2493 2471 2548 illud
2522 2493 2700 2549 simile
2742 2503 2845 2559 est,
2899 2496 3043 2564 quod
3069 2511 3166 2565 per
3190 2495 3383 2552 Isaiam
3415 2500 3734 2569 prophetam,

2173 2592 2362 2637 contra
2389 2583 2730 2640 adversarios
2776 2600 2905 2640 suos
2941 2587 3200 2642 Dominus
3248 2588 3490 2659 loquitur
3524 2591 3732 2646 dicens:

2173 2674 2310 2729 Ecce
2347 2677 2482 2730 servi
2513 2677 2614 2730 mei
2661 2677 2949 2741 comedent,
2977 2688 3027 2731 et
3054 2695 3140 2733 vos
3169 2682 3430 2734 esurietis.
3465 2681 3597 2737 Ecce
3619 2685 3736 2736 servi

2171 2767 2272 2820 mei
2299 2766 2489 2833 bibent,
2514 2777 2560 2820 et
2589 2784 2676 2822 vos
2716 2770 2924 2824 sitietis.
2961 2770 3096 2825 Ecce
3147 2774 3284 2827 serti
3313 2775 3411 2828 mei
3439 2774 3736 2829 (tutabantur

2171 2869 2219 2913 et
2244 2876 2327 2913 vos
2370 2861 2782 2929 confundemini.
2831 2862 2966 2916 Ecce
2989 2865 3123 2918 servi
3171 2866 3270 2919 mei
3315 2865 3604 2922 laudabunt
3639 2885 3734 2937 pne

2170 2949 2518 3004 exsultatione
2541 2952 2733 3016 cordis,
2757 2963 2804 3006 et
2846 2970 2933 3008 vos
2962 2953 3256 3009 clamabitis
3275 2972 3385 3025 pra:
3413 2957 3592 3011 dolore
3633 2974 3735 3011 ror-

2170 3043 2272 3106 dis,
2307 3052 2353 3095 et
2378 3059 2488 3112 pra:
2511 3044 2822 3098 contritione
2849 3044 3080 3115 Spiritus
3128 3046 3400 3101 ululabilis
3427 3047 3577 3117 (Isai.
3601 3051 3732 3118 LXV).

470 3154 652 3204 cussa,
682 3153 803 3207 quas
841 3106 895 3190 in
933 3106 1203 3203 manibus,
1236 3138 1339 3193 hoc
1359 3106 1480 3204 .est,
1516 3106 1800 3208 scripturis
1827 3106 2061 3209 prophe-
2088 3106 2133 3167 Ο
2164 3133 2327 3188 Polus
2355 3143 2534 3188 autem
2560 3133 2647 3188 ille
2687 3135 2776 3189 hic
2802 3137 3150 3207 accipiendas
3185 3147 3290 3203 est,
3319 3139 3410 3208 qui
3446 3141 3654 3194 orietur
3679 3142 3736 3194 de

471 3239 650 3282 tarum
697 3227 1059 3298 praenuntiata
1107 3226 1244 3294 fuit,
1287 3227 1476 3284 eﬁ‘udit
1517 3245 1713 3300 aquam
1742 3232 1919 3286 vivam
1946 3247 2066 3302 qua:

469 3316 643 3388 replet
671 3331 858 3372 omnes
875 3316 1078 3372 electos
1106 3325 1161 3372 et
1180 3318 1429 3374 satietate
1459 3319 1634 3376 reficit
1659 3329 1882 3376 aeterna.
1909 3322 2062 3379 Unde

2173 3221 2415 3278 fontibus
2443 3223 2632 3288 lsrael,
2661 3239 2819 3294 quem
2850 3227 2941 3295 qui
2975 3225 3173 3282 biberit
3225 3227 3446 3281 habebit
3471 3229 3524 3280 in
3552 3243 3608 3282 se
3633 3227 3739 3282 fon-

2175 3322 2284 3368 tem
2308 3330 2460 3384 aqua:
2483 3315 2725 3371 salientis
2759 3318 2813 3371 in
2847 3317 3012 3372 vitam
3059 3328 3338 3384 retentam,
3371 3333 3531 3388 quem
3554 3329 3609 3374 et
3632 3321 3737 3375 Sal-

468 3411 586 3480 ipsa
616 3411 830 3465 Veritas
868 3410 987 3464 ait:
1039 3409 1145 3476 Qui
1185 3413 1293 3466 sitit
1322 3414 1490 3467 veniat
1538 3416 1606 3468 ad
1642 3424 1795 3470 meet
1823 3417 1982 3480 bibat,
2013 3429 2061 3473 et
2163 3414 2318 3460 valor
2369 3406 2423 3460 in
2462 3422 2627 3477 regno
2675 3407 2855 3464 Patris
2904 3424 2961 3463 se
2991 3389 3284 3463 bibiturum
3325 3425 3448 3464 cum
3497 3411 3736 3480 διιοειοιεδ

468 3505 533 3554 de
557 3511 734 3555 ventre
760 3501 875 3572 ejus
897 3502 1060 3572 ﬂuent
1091 3519 1241 3574 aqua:
1269 3505 1393 3558 civit:
1419 3504 1600 3578 (Joan.
1636 3509 1754 3579 vn).
1797 3508 1865 3563 Et
1891 3509 2016 3565 alibi
2043 3529 2056 3564 :

471 3591 575 3658 Qui
626 3590 828 3656 biberit,
873 3591 1071 3662 inquit,
1119 3609 1309 3664 aquam
1344 3611 1502 3665 quam
1533 3614 1625 3668 ego
1667 3598 1756 3663 do,
1785 3599 1874 3667 ﬁet
1916 3600 1971 3653 in
1999 3617 2058 3654 eo

467 3681 584 3750 fons
609 3698 760 3752 aquae
779 3681 1015 3737 salientis
1038 3684 1093 3738 in
1131 3685 1285 3738 vitam
1314 3696 1560 3740 retentam
1589 3687 1770 3759 (Joan.
1802 3690 1896 3764 tv).
1932 3691 2058 3748 Haec

468 3786 598 3842 ergo
649 3779 800 3842 petra
850 3771 970 3828 ideo
997 3773 1196 3829 dicitur
1223 3775 1515 3844 altissima,
1551 3780 1677 3848 quia
1713 3780 1768 3834 in
1794 3796 1856 3835 ea
1883 3782 2058 3838 conti-

467 3873 630 3919 netur
661 3865 832 3936 gratia
885 3865 1122 3936 Spiritus
1157 3869 1330 3923 sancti
1386 3869 1724 3941 largissima;
1774 3873 1892 3929 ideo
1921 3873 2057 3945 lapis

467 3955 657 4019 durus,
687 3956 813 4025 quia
843 3954 1032 4011 firmus
1056 3965 1139 4012 est
1167 3965 1222 4012 et
1255 3960 1482 4028 stabilis,
1509 3977 1670 4032 super
1695 3978 1855 4033 quem
1878 3967 2056 4021 omnis

463 4043 683 4114 sapiens
726 4045 955 4101 aedificat
1005 4048 1224 4104 domum
1268 4065 1421 4105 suam
1468 4060 1526 4105 ut
1566 4053 1707 4107 nulla
1735 4064 2056 4126 tempestate

463 4144 769 4192 moveatur.
817 4137 892 4193 De
924 4138 1026 4195 hoc
1057 4148 1112 4194 ct
1143 4139 1354 4211 Moyses
1395 4143 1448 4196 in
1479 4145 1690 4200 cantico
1726 4146 2056 4205 Deuterono-

461 4224 559 4278 ιιιῑί
589 4225 703 4280 ait:
738 4223 1004 4282 Suxerunt
1056 4228 1153 4283 mel
1184 4228 1248 4282 (le
1290 4241 1458 4299 petra,
1499 4242 1547 4286 et
1594 4233 1766 4288 oleum
1806 4236 1872 4291 de
1896 4236 2057 4306 ﬁrma

459 4324 610 4385 petra
655 4315 836 4386 (Deut.
869 4318 1064 4389 xxxu).
1118 4318 1393 4390 Nusquam
1426 4321 1535 4377 tale
1557 4322 1760 4394 aliquid
1807 4328 1952 4382 circa
1977 4327 2060 4383 hi-

2161 3497 2468 3567 pollicetur,
2500 3500 2591 3569 qui
2627 3499 2866 3554 laetificat
2895 3515 2990 3554 cor
3018 3501 3272 3566 hominis,
3318 3501 3388 3555 ita
3418 3512 3476 3555 ut
3507 3501 3734 3557 bibentes

2164 3590 2377 3659 possint
2399 3591 2579 3645 dicere
2607 3607 2622 3646 :
2653 3591 2804 3645 Beati
2836 3593 2925 3662 qui
2949 3593 3186 3646 esuriant
3214 3603 3262 3647 et
3280 3595 3469 3648 sitiunt
3487 3595 3733 3664 justitiam

2163 3679 2377 3752 (Matth.
2407 3679 2483 3752 v).
2515 3681 2580 3735 Et
2619 3690 2797 3736 mater
2832 3681 3043 3738 Domini
3085 3683 3242 3754 plena
3295 3683 3505 3754 Spiritu
3562 3692 3733 3739 sancto

2157 3771 2516 3843 prophetabat
2544 3791 2556 3825 :
2591 3772 2890 3828 Esurientes
2921 3773 3150 3845 implevit
3174 3774 3344 3840 bonis,
3374 3775 3467 3843 qui
3496 3775 3643 3846 prius
3663 3775 3734 3828 ci-

2158 3864 2285 3919 bum
2317 3863 2531 3920 Domini
2559 3881 2666 3919 non
2696 3865 2986 3931 habebant,
3026 3876 3076 3920 et
3109 3868 3292 3921 divites
3328 3868 3532 3921 dimisit
3564 3869 3730 3922 inanes

2161 3954 2316 4025 (Luc.
2355 3956 2421 4026 ι),
2459 3956 2548 4028 qui
2575 3955 2684 4010 dati
2713 3966 2839 4011 sunt
2883 3973 2982 4028 pro
3028 3957 3302 4028 sepultura
3333 3959 3472 4026 ejus,
3505 3968 3559 4014 et
3587 3974 3734 4028 quem

2160 4048 2423 4118 propheta
2530 4050 2917 4118 promiserunt,
2973 4059 3318 4120 respuerant.
3365 4052 3660 4123 Dequibus
3689 4057 3738 4103 et

2159 4138 2213 4192 in
2256 4138 2361 4194 alio
2387 4139 2507 4194 loco
2537 4139 2822 4194 Psaltnista
2851 4141 3100 4195 decantat
3128 4159 3140 4194 :
3173 4140 3370 4196 Dit'ites
3398 4153 3670 4214 eguerunt,
3695 4150 3737 4193 et

2159 4231 2452 4283 esurierunt
2492 4227 2664 4302 (Psal.
2695 4229 2913 4301 χχχιιι),
2945 4231 2998 4285 id
3029 4241 3132 4295 est,
3163 4232 3394 4303 populus
3416 4231 3737 4288 Judteorum.

2163 4318 2267 4385 Qui
2294 4329 2468 4372 autem
2515 4319 2796 4374 Dominum
2825 4333 3090 4392 quierunt,
3147 4324 3324 4389 idest,
3364 4324 3523 4378 turba
3575 4322 3740 4395 genti-

467 4407 695 4462 storiam
723 4407 958 4479 legitur;
1015 4409 1061 4464 si
1098 4418 1212 4466 tota
1256 4412 1466 4468 Veteris
1518 4413 1848 4472 Testamenti
1888 4419 2060 4474 series

2171 4408 2318 4474 lium,
2355 4425 2458 4462 non
2504 4409 2722 4480 egebant
2768 4412 2908 4464 omni
2967 4412 3117 4466 bono.
3153 4412 3398 4483 Cumque
3446 4415 3738 4468 servientes

457 4471 830 4564 ~1'ecenseattt'r,
862 4471 1128 4570 nusquam
1168 4503 1238 4557 de
1257 4511 1412 4573 petra
1437 4505 1563 4571 mel,
1591 4522 1859 4576 nusquam
1888 4471 2059 4578 pop“-
2083 4471 2136 4531 D
2159 4499 2395 4567 Christo,
2425 4511 2478 4557 et
2510 4502 2795 4572 credentes
2818 4504 2868 4558 ei
2900 4504 3062 4558 laetati
3093 4504 3293 4562 fuerint
3324 4518 3377 4561 ct
3406 4506 3741 4562 laudaverint

455 4589 548 4646 lus
579 4591 669 4646 ille
693 4592 872 4647 oleum
901 4592 1064 4646 susit.
1096 4592 1203 4647 Sed
1233 4595 1356 4664 quia
1381 4593 1538 4662 juxta
1563 4611 1752 4651 vocem
1786 4597 1937 4653 Pauli
1964 4615 2056 4670 pe—

461 4691 548 4738 tra
573 4690 693 4738 erat
721 4682 971 4739 Christus
991 4721 1005 4748 ,
1056 4681 1161 4738 mel
1188 4684 1255 4739 de
1280 4693 1430 4754 petra
1463 4697 1748 4752 suxerunt,
1781 4689 1872 4756 qui
1919 4691 2056 4761 ejus-

460 4777 582 4831 dem
621 4775 1000 4847 Redemptoris
1033 4777 1204 4833 nostri
1234 4776 1376 4833 facta
1403 4786 1458 4833 et
1490 4779 1751 4834 miracula
1779 4781 2049 4838 viderunt.

454 4865 651 4922 Oleum
682 4883 812 4923 vero
839 4868 907 4922 de
957 4866 1112 4922 lirma
1139 4875 1295 4938 petra
1325 4878 1610 4935 suxerunt,
1657 4872 1748 4942 qui
1793 4872 2054 4930 effusione

460 4957 636 5012 sancti
671 4957 908 5027 Spiritus
944 4966 1066 5028 post
1111 4961 1568 5015 resurrectionem
1617 4960 1734 5031 ejus
1763 4964 1889 5032 ungi
1932 4980 2046 5019 me-

457 5056 716 5114 ruerunt;
749 5050 901 5118 quasi
923 5063 1052 5119 ergo
1074 5049 1126 5102 in
1151 5049 1302 5104 firma
1330 5061 1478 5120 petra
1509 5053 1613 5108 mel
1636 5055 1802 5122 dedit,
1833 5059 2050 5127 quando

460 5136 639 5192 adhuc
665 5138 913 5194 mortalis
959 5139 1218 5194 Dominus
1264 5143 1646 5200 miraculorum
1682 5162 1903 5203 suorum
1933 5150 2050 5205 dul-

457 5227 705 5283 cedinem
733 5229 1012 5299 discipulis
1047 5232 1308 5285 ostendit.
1363 5232 1468 5288 Sed
1495 5235 1647 5290 firma
1686 5246 1838 5307 petra
1868 5238 2047 5294 oleum

458 5320 618 5386 fudit,
649 5320 776 5391 quia
801 5329 924 5390 post
955 5322 1408 5378 resurrectionem
1439 5340 1589 5380 suam
1615 5325 1790 5383 factus
1811 5327 1924 5397 jam
1949 5331 2049 5386 im-

451 5410 730 5479 passibilis
757 5425 854 5480 per
875 5410 1199 5466 aﬂlationem
1228 5411 1462 5482 Spiritus
1490 5415 1688 5469 donum
1717 5426 1920 5472 sancta:
1948 5436 2045 5473 un-

454 5499 653 5554 ctionis
691 5501 985 5555 emanavit.
1036 5501 1111 5555 De
1135 5501 1234 5557 hoc
1271 5502 1391 5558 oleo
1423 5518 1521 5574 per
1550 5507 1869 5575 prophetam
1915 5509 2048 5564 dici-

456 5599 584 5644 tur:
629 5591 1004 5662 Computrescit
1026 5594 1217 5665 jugum
1259 5612 1294 5649 ιι
1320 5596 1455 5664 [acie
1481 5595 1580 5650 olei
1631 5597 1766 5666 (Isa.
1797 5599 1876 5670 ι).
1933 5599 2045 5655 Sub

452 5679 580 5751 iugo
627 5685 825 5767 quippe
869 5689 1181 5770 tenebamur
1237 5688 1581 5744 dzemoniacae
1639 5689 2039 5761 dominationis,

2159 4590 2444 4648 Dominum
2475 4609 2585 4665 pne
2634 4595 2996 4652 exsultatione
3040 4599 3219 4652 cordis
3267 4609 3322 4655 et
3353 4600 3574 4670 gaudio,
3621 4607 3742 4652 tuac

2163 4683 2238 4740 illi
2267 4685 2661 4742 confundentur
2699 4690 2944 4746 videntes
2974 4691 3027 4745 in
3059 4707 3214 4746 suum
3243 4692 3422 4749 locum
3451 4694 3592 4749 alios
3628 4708 3743 4748 sus-

2159 4777 2285 4847 cipi,
2336 4788 2390 4834 et
2424 4779 2732 4835 clamabunt
2763 4796 2873 4852 prie
2911 4782 3094 4837 dolore
3131 4785 3334 4850 cordis,
3367 4785 3661 4854 implentes
3689 4781 3744 4835 il-

2159 4863 2269 4936 Iud,
2326 4873 2467 4941 quod
2525 4873 2789 4942 scriptum
2850 4882 2978 4928 est:
3023 4871 3106 4928 lbi
3142 4874 3239 4928 erit
3285 4876 3442 4945 ﬂetus
3471 4888 3521 4930 et
3554 4873 3745 4928 stridor

2157 4963 2391 5017 dentium
2423 4963 2638 5036 (Matth.
2681 4965 2826 5035 vm),
2879 4965 3093 5036 quando
3147 4969 3399 5022 Steterint
3443 4969 3570 5038 agni
3618 4981 3742 5036 gen-

2157 5054 2291 5108 tium
2326 5065 2487 5126 atque
2510 5053 2784 5125 iustorum
2811 5057 2878 5111 ad
2915 5058 3214 5122 dexteram,
3250 5069 3306 5113 et
3359 5061 3499 5115 lundi
3532 5059 3742 5114 Judreo-

2157 5160 2276 5198 rum
2312 5154 2472 5216 atque
2513 5146 2797 5216 impiorum
2827 5163 2858 5201 a
2894 5148 3151 5216 sinistris,
3189 5150 3310 5204 aliis
3360 5148 3743 5220 recqiientibus

2153 5246 2355 5292 alterna
2390 5237 2630 5306 prmmia,
2662 5237 2781 5292 aliis
2808 5239 3072 5310 supplicia
3098 5240 3447 5310 sempiterna.
3479 5231 3744 5295 Contritio

2155 5336 2334 5381 autem
2359 5327 2579 5396 spiritus
2609 5343 2722 5398 pra:
2751 5329 2937 5383 dolore
2963 5329 3140 5386 cordis
3165 5331 3512 5402 intelligenda
3539 5330 3594 5382 in
3620 5341 3751 5381 con-

2155 5417 2382 5473 scientia
2410 5427 2777 5490 pcccatorum,
2807 5420 2963 5492 juxta
2988 5422 3119 5479 illud
3149 5424 3293 5494 quod
3325 5425 3587 5494 scriptum
3617 5427 3701 5473 est
3726 5430 3744 5466 :

2156 5507 2478 5581 Cognoscent
2545 5523 2779 5568 errantes
2855 5515 3046 5584 spiritu
3113 5514 3510 5588 intelligentiam
3581 5507 3743 5576 (Isai.

2157 5604 2328 5675 xxtx),
2363 5613 2410 5656 et
2441 5620 2531 5657 cor
2563 5606 2844 5659 contritum
2892 5617 2940 5661 et
2980 5607 3319 5662 humiliatum
3349 5609 3489 5663 Deus
3523 5621 3626 5658 non
3655 5601 3747 5651 de-

2152 5694 2338 5762 spiciet
2360 5689 2529 5765 (Psal.
2558 5697 2631 5766 L).
2656 5697 2963 5752 Conteritur
2988 5699 3210 5769 spiritus
3233 5701 3446 5769 quan-lo
3471 5691 3744 5753 elevatur.
