3928 6182
206 443 302 498 721

1043 442 1398 502 COM‘MENT.
1437 443 1506 502 IN
1543 441 1802 506 LIBRUM
1837 448 2242 511 SAPIENTUE.
2283 483 2354 496 -—
2391 455 2519 510 LIB.
2562 454 2626 511 Il.

3376 463 3480 523 722

206 560 348 633 quod
379 560 447 616 de
470 573 599 631 rege
637 557 820 628 iniquo
856 556 1022 614 Israel
1067 559 1330 628 scriptum
1353 568 1436 616 est
1466 577 1479 612 :
1509 559 1787 615 Induraoit
1817 567 1870 626 Α
1891 562 2045 635 nis)
2069 580 2088 629 ;
2115 563 2190 618 sic
2219 567 2358 620 enim
2387 567 2536 621 erunt
2581 566 2738 635 primi
2789 567 3077 635 novissimi,
3106 578 3155 624 et
3207 572 3476 629 novissimi

208 651 465 706 Dominus
520 651 763 722 spiritum
789 651 926 720 ejus.
961 650 1029 704 Et
1058 651 1124 719 de
1172 650 1592 721 Babyloniorum
1643 651 1796 721 prin-

205 741 344 810 cipe,
381 741 602 812 quando
625 741 892 794 elevatum
923 749 1006 795 est
1030 755 1126 795 cor
1151 739 1287 808 ejus,
1319 749 1375 796 et
1401 741 1686 797 induratus
1712 749 1797 796 est

207 832 448 904 spiritus,
497 842 560 887 ut
597 832 917 902 superbiens
970 831 1216 887 diceret:
1251 831 1383 887 [hec
1431 843 1509 886 est
1535 832 1794 904 Babylon,

207 933 254 978 et
276 940 370 994 ego
396 922 502 995 feci
523 939 638 977 eam
666 921 829 993 (Dan.
859 919 956 991 tv).

839 1011 1067 1068 CAPUT
1103 1012 1190 1066 IX.

745 1102 995 1174 Sequitur
1025 1112 1083 1157 ut
1119 1120 1301 1174 supra.

276 1192 413 1251 Cum
439 1211 579 1249 entm
610 1195 795 1249 tentati
823 1202 967 1258 sunt,
1018 1194 1254 1264 equidem
1281 1209 1398 1248 cum
1429 1195 1795 1250 misericordia

201 1289 542 1360 disciplinam
571 1288 898 1360 accipientes,
946 1288 1176 1342 scierunt
1201 1288 1647 1358 quemadmodum
1675 1304 1795 1341 cum

206 1380 286 1434 ira
325 1378 560 1449 judicati
608 1377 754 1447 impii
794 1386 1057 1431 tormenta
1100 1387 1423 1447 paterentur.
1451 1376 1551 1443 Qui
1579 1377 1796 1432 Veteris

209 1469 543 1527 Testamenti
566 1468 855 1525 lectionem
881 1468 1170 1538 diligenter
1189 1467 1426 1538 inspicit,
1457 1467 1616 1523 facile
1637 1481 1798 1538 agno-

208 1564 310 1618 scit
334 1560 610 1632 quomodo
638 1560 780 1615 Deus
808 1559 1079 1615 lsraelitas
1123 1559 1320 1628 sapius
1358 1568 1648 1628 peccantes
1675 1557 1796 1628 pla-

207 1655 290 1725 gis
317 1651 498 1723 dignis
527 1649 808 1720 corripuit,
839 1656 895 1703 et
925 1648 1120 1703 iterum
1147 1647 1473 1718 ptenitentes
1491 1653 1796 1718 opportuno

209 1742 406 1797 solatio
433 1739 587 1796 fovit.
617 1739 964 1810 Alienigenas
990 1745 1192 1804 autem,
1219 1738 1324 1794 hoc
1371 1745 1476 1805 est,
1511 1737 1794 1809 Egyptios

211 1842 376 1904 atque
405 1832 764 1896 Chattanteos,
811 1838 1072 1901 tanquam
1125 1829 1375 1899 indignos
1417 1828 1791 1884 misericordia

1898 655 2054 723 primi
2089 653 2306 726 (Matth.
2338 656 2477 727 ιιι).

1970 743 2176 813 Duplex
2207 745 2348 798 enim
2371 745 2492 800 illos
2517 753 2782 817 acceperat
2807 748 3022 802 mdium
3043 757 3093 803 et
3113 759 3336 820 gemitus
3357 768 3475 806 cum

1899 833 2150 888 memoria
2179 837 2584 906 praeteritorum.
2618 836 2750 891 Cum
2800 839 2941 893 enim
2994 839 3238 894 audirent
3259 858 3352 913 per
3377 859 3480 897 sua

1899 933 2154 978 tormenta
2183 924 2307 978 bene
2327 940 2502 980 secum
2532 925 2638 996 agi,
2687 929 3080 982 commemorati
3123 938 3244 984 sunt
3285 929 3474 985 Domi-

1902 1031 2045 1080 num,
2072 1025 2120 1069 et
2152 1016 2471 1071 admirantes
2516 1018 2571 1072 in
2613 1019 2772 1086 ﬁnem
2822 1021 3014 1075 exitus.
3049 1020 3217 1087 Quem
3244 1023 3384 1078 enim
3423 1025 3479 1079 in

1900 1105 2216 1175 expositione
2253 1123 2414 1177 prava
2447 1108 2736 1177 projectum
2777 1109 3096 1176 deriserunt,
3129 1111 3218 1166 isti
3244 1113 3478 1168 sitientes

1899 1194 1956 1248 in
1999 1195 2158 1264 ﬁnem
2207 1205 2417 1250 eventus
2465 1197 2648 1250 mirati
2701 1207 2842 1251 sunt.
2883 1198 3089 1267 Duplex
3127 1207 3210 1254 est
3256 1200 3475 1255 taedium

1901 1284 2208 1354 impiorum,
2237 1286 2455 1355 quando
2497 1288 2892 1357 praeteritorum
2928 1288 3190 1345 malorum
3221 1291 3478 1347 recorda-

1899 1376 1976 1431 tio
2005 1391 2110 1431 uon
2134 1376 2416 1441 minuitur,
2448 1385 2503 1430 et
2527 1379 2876 1446 praesentium
2908 1379 3316 1434 tribulationum
3345 1388 3483 1435 tem-

1897 1474 2084 1536 pestas
2138 1473 2383 1536 augetur.
2426 1465 2579 1521 Unde
2608 1481 2708 1523 nec
2759 1468 2813 1521 in
2855 1467 3037 1522 futuro
3075 1484 3232 1539 spem
3279 1469 3484 1524 habent

1898 1555 2146 1621 remedii,
2175 1555 2304 1625 quia
2360 1555 2486 1614 licet
2533 1557 2791 1613 simulent
2836 1567 3186 1630 peccatorum
3210 1562 3484 1630 pmniten-

1903 1649 2050 1714 tiam,
2082 1649 2287 1704 nullum
2316 1657 2496 1704 tamen
2517 1649 2719 1705 habent
2746 1651 2985 1706 studium
3014 1667 3125 1707 suae
3149 1653 3485 1709 emendatio-

1900 1741 1987 1796 nis
2011 1755 2026 1794 :
2051 1741 2132 1796 sic
2176 1741 2242 1796 de
2271 1740 2474 1796 Judaais
2517 1741 2572 1794 in
2597 1741 2814 1796 Psalmo
2857 1743 3316 1813 Lxxtrttscriptum
3352 1753 3436 1800 est
3466 1763 3480 1799 :

1901 1829 2032 1884 Cum
2068 1830 2321 1884 occideret
2343 1817 2452 1896 eos,
2506 1840 2630 1886 tunc
2661 1831 2991 1902 requirebant
3029 1849 3172 1900 eum,
3195 1842 3242 1888 et
3271 1849 3487 1889 conver-

209 1939 306 1977 sua
322 1921 596 1991 judicans,
625 1922 760 1977 dura
785 1921 1025 1978 vindicta
1076 1918 1478 1976 exterminavit.
1519 1917 1675 1974 Unde
1703 1934 1794 1974 se-
1822 1916 1870 1975 B
1898 1921 2140 1974 tebantur
2159 1929 2281 1974 ante
2321 1919 2509 1987 lucem,
2540 1930 2589 1974 et
2626 1921 2894 1976 veniebant
2935 1921 3004 1975 ad
3047 1938 3190 1988 eum,
3221 1931 3268 1976 et
3291 1939 3488 1977 memo-

211 2013 398 2083 quitur
427 2023 446 2067 ε

282 2101 398 2158 Hos
420 2102 630 2173 quidem
664 2110 917 2173 tanquam
944 2109 1097 2172 pater
1132 2100 1419 2154 admonens
1453 2099 1706 2170 probasti,
1735 2098 1802 2154 il-

213 2200 288 2256 los
313 2209 496 2255 autem
521 2208 771 2269 tanquam
798 2195 969 2252 durus
1013 2211 1107 2250 rex
1133 2195 1461 2266 interrogans
1486 2193 1802 2250 condemna-

212 2293 309 2356 sti;
348 2291 590 2344 absentes
616 2288 752 2343 enim
773 2296 820 2352 et
839 2296 1118 2358 prwsentes
1139 2284 1382 2340 similiter
1403 2287 1800 2357 torquebantur.

215 2379 364 2448 Quod
395 2379 531 2434 dicit
565 2378 819 2433 absentes
846 2384 902 2432 et
937 2374 1530 2446 praesentessimiliter
1582 2385 1803 2446 torque-

213 2473 431 2536 bantur,
462 2478 557 2525 aut
579 2470 683 2525 hoc
712 2468 867 2538 juxta
895 2469 1178 2524 historiam
1224 2467 1495 2537 signiﬁcat
1519 2467 1662 2537 quod
1690 2483 1801 2524 non

213 2564 382 2620 solum
410 2562 488 2618 illi
528 2559 774 2632 Egyptii
862 2561 952 2630 qui
978 2567 1274 2630 praesentes
1320 2566 1475 2613 erant
1500 2573 1622 2614 eum
1660 2557 1803 2613 Pha-

214 2671 374 2711 raone
419 2669 608 2709 coram
646 2650 828 2723 Moyse
859 2660 915 2706 et
955 2651 1139 2707 Aaron
1173 2651 1360 2706 decem
1389 2651 1562 2723 plagis
1600 2666 1801 2720 percu-

215 2748 509 2810 tiebantur,
532 2759 718 2800 verum
739 2743 906 2798 etiam
928 2744 1110 2799 caueri
1144 2757 1354 2809 omnes,
1383 2742 1475 2812 qui
1507 2757 1605 2812 per
1633 2749 1801 2796 totam

213 2847 415 2894 terram
462 2835 686 2907 Egypti
736 2833 1055 2890 habitabant
1103 2832 1356 2888 similiter
1401 2833 1800 2902 puniebantur;

215 2942 304 2986 aut
331 2930 466 2985 illud
505 2928 726 2999 quando
774 2941 880 2980 non
927 2933 1135 2979 tantum
1166 2925 1220 2980 hi
1249 2939 1387 2994 quos
1415 2923 1675 2980 Israelita:
1711 2937 1799 2979 re-

215 3022 355 3077 centi
397 3018 553 3074 clade
590 3032 689 3087 per
719 3015 956 3084 singulas
1003 3014 1250 3070 civitates
1295 3020 1647 3082 peremerunt
1686 3024 1813 3082 pte—

1903 2012 2006 2065 rati
2027 2021 2149 2066 sunt
2175 2027 2193 2066 :
2221 2011 2345 2082 quia
2379 2011 2523 2066 Deus
2553 2012 2772 2083 adjutor
2806 2030 2986 2068 eorum
3028 2025 3123 2082 est,
3154 2025 3202 2070 et
3226 2016 3367 2070 Deus
3389 2033 3487 2070 ea:-

1901 2102 2070 2158 celsus
2090 2102 2342 2157 liberator
2361 2101 2576 2156 illorum
2604 2112 2700 2158 est.
2750 2102 2820 2158 Et
2849 2103 3143 2160 dilexerunt
3174 2123 3293 2161 eum
3317 2108 3372 2161 in
3396 2124 3486 2161 ore

1899 2209 2018 2259 suo,
2039 2202 2088 2248 et
2111 2191 2295 2264 lingua
2341 2209 2441 2247 sua
2461 2193 2666 2246 mentiti
2719 2203 2840 2248 sunt
2870 2195 2942 2260 ei,
2969 2212 3060 2249 cor
3084 2205 3259 2250 autem
3299 2213 3482 2251 eorum

1903 2300 2006 2338 non
2027 2291 2144 2337 erat
2166 2291 2363 2337 rectum
2389 2297 2510 2336 cum
2555 2299 2639 2350 eo,
2672 2298 2764 2338 nec
2788 2283 2919 2354 ﬁdes
2939 2283 3120 2338 habita
3145 2295 3222 2340 est
3249 2286 3304 2340 in
3325 2295 3484 2340 testa-

1901 2382 2074 2429 mento
2099 2374 2234 2444 ejus.
2555 2425 2558 2427 λ

1973 2465 2100 2522 Non
2142 2465 2386 2521 similiter
2406 2466 2571 2538 justis
2609 2466 2830 2538 faciens.
2864 2466 3042 2535 Quare
3067 2482 3176 2524 non
3201 2466 3334 2524 facit
3376 2468 3484 2526 illis

1884 2563 2160 2621 similiter?
2175 2566 2312 2634 Quia
2325 2583 2436 2624 non
2455 2578 2681 2636 peccant
2697 2568 3212 2640 aequaliter.8epties
3235 2567 3374 2622 enim
3393 2583 3472 2620 ce-

1883 2656 2012 2710 cidit
2027 2657 2206 2721 justus
2223 2669 2272 2712 et
2286 2662 2515 2731 resurgit
2531 2677 2550 2714 :
2567 2662 2720 2730 impii
2744 2673 2917 2714 autem
2934 2668 3183 2714 corruent
3199 2659 3252 2712 in
3273 2659 3472 2710 malum

1884 2747 2070 2815 (Prov.
2093 2751 2265 2822 sxw).
2285 2750 2428 2806 Nam
2445 2753 2640 2824 impius
2661 2755 2845 2807 cumin
2861 2752 3186 2822 profundum
3209 2749 3472 2804 malorum

1884 2842 2399 2906 renerit,contemnit
2425 2843 2607 2911 (Prov.
2640 2844 2816 2913 xvnt).
2840 2841 2994 2898 Unde
3018 2841 3368 2911 subjungitur
3392 2853 3411 2896 :

1977 2930 2086 2985 Pro
2113 2930 2516 3002 cogitationibus
2536 2938 2712 2984 autem
2737 2930 3016 2986 insensatis
3044 2930 3344 3002 iniquitates
3366 2928 3485 2984 illo-

1907 3038 2045 3076 rum.
2082 3052 2154 3061 —
2181 3019 2484 3077 Secundum
2510 3021 2763 3076 duritiam
2791 3039 2943 3077 suam
2976 3032 3025 3078 et
3048 3040 3140 3077 cor
3158 3023 3482 3093 impteniteus

221 3128 320 3167 nas
348 3110 753 3172 διιειίηυθῐιιηί,
793 3106 884 3162 sed
915 3113 973 3161 et
1019 3119 1208 3171 omnes
1257 3112 1447 3175 gentes
1480 3112 1639 3160 terra?
1665 3103 1805 3162 Cha-
1906 3113 2263 3167 thesauriaant
2287 3111 2388 3167 sibi
2426 3111 2562 3166 iram
2613 3111 2669 3164 in
2691 3111 2775 3166 die
2801 3113 2898 3167 ine
2924 3122 2974 3167 et
2993 3112 3320 3168 reuelationis
3350 3113 3484 3182 justi

215 3216 532 3259 memorum
568 3198 852 3254 audientes
900 3196 1085 3267 utique
1118 3196 1405 3253 victoriam
1458 3193 1646 3265 populi
1675 3192 1799 3258 Dei,

1909 3207 2092 3276 iudicii
2139 3206 2258 3272 Dei,
2297 3205 2545 3277 quoniam
2577 3219 2669 3259 cor
2697 3203 2889 3258 durum
2911 3204 3050 3258 male
3073 3203 3276 3258 habebit
3302 3202 3483 3274 (Rom.

213 3307 266 3354 ct
309 3297 596 3368 signorum
645 3291 979 3364 potentiam,
1021 3305 1141 3359 quae
1186 3288 1242 3346 in
1289 3301 1477 3342 eorum
1505 3284 1792 3341 ednctione

1909 3267 1990 3366 ll).
2033 3297 2102 3351 In
2132 3267 2410 3351 nouissimo
2457 3304 2646 3367 parata
2697 3305 2819 3349 sunt
2859 3294 3180 3349 derisoribus
3201 3267 3410 3364 judicia
3439 3302 3486 3348 et

214 3389 432 3446 Domini
470 3396 608 3442 nutu
641 3385 862 3450 ﬁebant,
909 3391 1054 3437 metu
1109 3396 1298 3439 eorum
1331 3380 1489 3434 valde
1517 3378 1798 3434 terreban-

215 3487 342 3535 tur:
370 3478 520 3550 quod
543 3485 602 3534 et
635 3476 800 3532 verba
827 3473 979 3531 Raab
1011 3471 1315 3528 meretricis
1341 3471 1410 3526 ad
1432 3469 1805 3540 exploratores

215 3567 396 3627 losum
443 3569 651 3641 prolata
678 3566 970 3622 ostendunt
997 3584 1011 3621 :
1051 3564 1215 3629 Noui,
1243 3563 1439 3632 inquit,
1469 3562 1606 3632 quod
1638 3560 1807 3614 tradi-

216 3663 348 3716 derit
373 3661 632 3718 Dominus
655 3659 798 3714 vobis
819 3667 1046 3723 terram;
1076 3656 1263 3710 etenim
1310 3655 1473 3714 irruit,
1493 3655 1548 3707 in
1581 3669 1672 3708 nos
1700 3661 1805 3708 ter-

217 3769 307 3806 ror
335 3761 520 3817 vester,
551 3760 599 3804 et
647 3748 991 3820 elanguerunt
1037 3764 1216 3802 omnes
1261 3745 1581 3800 habitatores
1629 3755 1800 3800 terrm.

215 3841 528 3897 Audiuimus
549 3839 687 3911 quod
726 3839 996 3893 siccaverit
1024 3837 1278 3892 Dominus
1308 3847 1474 3906 aquas
1507 3835 1671 3889 maris
1694 3832 1805 3886 Ru-

213 3930 294 3985 bri
312 3931 385 3984 ad
411 3939 636 3984 oestrum
655 3929 946 3994 introitum,
971 3927 1182 3999 quando
1197 3927 1388 3997 egressi
1407 3925 1530 3979 estis
1547 3939 1613 3978 ex
1635 3922 1710 3978 1E
1713 3939 1806 3994 gy-

213 4031 321 4090 pta,
353 4031 403 4076 et
431 4037 550 4092 qua:
597 4020 824 4090 feceritis
871 4019 1076 4073 duobus
1119 4017 1548 4072 Anton-lusorum
1598 4015 1805 4086 regibus

209 4113 301 4182 qui
327 4122 482 4167 erant
510 4121 654 4166 trans
697 4111 1012 4176 Iordanem,
1038 4109 1177 4166 Seon
1204 4120 1250 4165 et
1277 4107 1378 4180 Og,
1414 4125 1547 4180 quos
1586 4107 1805 4178 interfe-

211 4207 381 4260 cistis.
412 4206 478 4260 Et
509 4207 621 4260 lucc
649 4205 921 4260 audientes
961 4203 1352 4274 pertimuimus,
1378 4211 1426 4256 et
1454 4199 1686 4271 elanguit
1715 4216 1807 4256 cor

210 4311 479 4363 nostrum,
511 4315 602 4352 nec
647 4297 895 4352 remansit
926 4298 979 4351 in
1020 4296 1166 4352 nobis
1195 4295 1410 4367 spiritus
1437 4294 1508 4350 ad
1535 4292 1805 4348 introitum

211 4401 463 4444 vestrum.
496 4387 755 4445 Dominus
781 4390 919 4445 enim
965 4389 1108 4444 Deus
1129 4398 1294 4444 vester
1329 4389 1440 4458 ipse
1477 4396 1553 4442 est
1579 4385 1722 4441 Deus
1749 4385 1804 4438 in

207 4482 342 4538 caelo
366 4497 601 4548 sursum,
632 4491 680 4536 et
701 4483 758 4536 in
785 4491 926 4536 terra
953 4481 1200 4537 deorsum
1251 4480 1392 4553 (los.
1422 4480 1508 4552 ιι).
1543 4477 1654 4536 Sed
1679 4478 1806 4534 licet

1905 3398 2206 3463 peccatores
2241 3396 2617 3460 persequentur
2666 3386 2886 3454 malum,
2932 3386 3094 3457 justis
3121 3395 3296 3442 autem
3330 3386 3488 3440 retri-

1908 3482 2130 3536 buentur
2153 3480 2289 3534 bona
2320 3477 2504 3551 (Prov.
2531 3476 2673 3548 xu).

2481 3585 2712 3644 CAPUT
2749 3588 2816 3642 Χ.

1909 3680 2062 3747 Quod
2092 3679 2147 3732 in
2168 3677 2850 3751 delinquentem-populum,
2876 3677 3004 3751 dum
3029 3687 3284 3749 peccaret,
3315 3677 3489 3729 intuti-

2380 3750 2504 3803 serit
2534 3747 2723 3803 bestias
2760 3747 2992 3802 ultrices.

1979 3838 2134 3905 Quod
2180 3839 2394 3910 quidam
2451 3848 2687 3893 errantes
2715 3838 2953 3892 colebant
3001 3845 3168 3894 mutos
3225 3845 3486 3906 serpentes

1906 3937 1955 3984 et
1985 3928 2176 3983 bestias
2225 3943 2604 3997 supervacuas,
2655 3927 2920 3982 immisisti
2945 3925 3052 3980 illis
3101 3925 3491 3982 multitudinem

1924 4028 2190 4073 mutorum
2236 4016 2550 4071 animalium
2594 4018 2650 4072 in
2683 4016 2988 4082 vindictam,
3040 4025 3095 4070 ut
3135 4017 3326 4070 scirent
3363 4016 3490 4086 quia

1905 4125 2000 4175 per
2030 4125 2148 4181 qua:
2167 4119 2344 4179 peccat
2369 4111 2506 4181 quis,
2538 4127 2632 4180 per
2652 4111 2764 4165 lucc
2802 4119 2852 4164 et
2880 4118 3171 4181 torquetur.
3205 4110 3330 4165 Non
3353 4111 3489 4166 enim

1906 4198 2244 4269 impossibilis
2275 4208 2387 4254 erat
2437 4200 2760 4270 omnipotens
2788 4217 2978 4258 manus
3004 4210 3118 4266 tua,
3147 4219 3266 4272 qum
3296 4203 3489 4257 creauit

1907 4286 2082 4344 orbem
2106 4296 2457 4344 terrarumex
2471 4289 2690 4344 materia
2716 4289 2905 4354 invisa,
2929 4290 3205 4345 immittere
3226 4289 3331 4345 illis
3353 4291 3485 4344 mul-

1907 4379 2183 4436 titudinem
2213 4395 2479 4446 ursorum,
2506 4390 2597 4434 aut
2627 4382 2856 4438 audaces
2907 4381 3106 4450 leones,
3133 4395 3224 4439 aut
3260 4386 3377 4439 trovi
3402 4401 3490 4455 ge-

1907 4469 2048 4525 neris
2078 4470 2160 4524 ira
2191 4468 2372 4540 plenas
2398 4469 2600 4540 ignotas
2630 4471 2844 4538 bestias,
2891 4483 2983 4527 aut
3013 4489 3257 4544 vaporem
3287 4473 3486 4544 ignium

205 4575 331 4630 me
378 4573 526 4645 apud
565 4575 802 4644 priorem
839 4574 1094 4644 populum
1128 4575 1463 4644 temporibus
1492 4573 1630 4644 legis
1672 4588 1796 4644 age.
1829 4613 1882 4673 Β
1907 4564 2188 4673 spirantes,
2213 4570 2306 4666 aut
2335 4563 2466 4673 fumi
2492 4563 2704 4667 odorem
2722 4564 3178 4635 proferentes,aut
3199 4565 3489 4621 horrendas

208 4673 425 4728 rentur,
459 4680 572 4719 non
600 4673 780 4719 tamen
801 4668 959 4720 versa
984 4666 1102 4720 vice
1129 4663 1318 4730 Judaei,
1359 4664 1454 4734 qui
1477 4664 1805 4719 incarnatio-

203 4770 340 4809 nem
365 4753 491 4809 Filii
523 4755 618 4808 Dei
649 4756 976 4824 spernebant
1017 4764 1074 4810 et
1096 4755 1541 4826 praedicationem
1570 4756 1690 4827 ejus
1717 4771 1802 4811 re.-

203 4849 400 4919 cipcre
425 4847 704 4913 nolebant,
731 4863 839 4902 non
861 4848 1032 4903 solum
1064 4849 1210 4903 intra
1233 4849 1490 4918 patriam,
1513 4847 1607 4904 sed
1635 4849 1802 4903 etiam

199 4956 313 5009 per
365 4940 685 4993 universum
709 4940 896 4994 orbem
942 4948 1210 4995 terrarum
1242 4941 1363 5012 vagi
1386 4950 1444 4996 et
1474 4939 1686 5011 profugi
1711 4955 1804 4995 va-

199 5032 308 5086 riis
337 5031 588 5086 cladibus
622 5039 965 5100 torquentur,
1010 5040 1066 5086 et
1089 5041 1278 5102 gentes
1315 5048 1438 5103 qua:
1471 5033 1805 5102 recipiebant

197 5127 382 5178 ﬁdem
437 5123 554 5188 Dei,
613 5133 669 5178 et
723 5126 972 5180 conversi
1007 5134 1136 5180 sunt
1163 5143 1193 5181 a
1223 5127 1526 5182 simulacris
1575 5127 1687 5183 suis
1733 5126 1798 5182 ad

194 5215 379 5268 unius
403 5215 502 5268 Dei
533 5229 719 5269 verum
748 5215 971 5280 cultum,
1015 5217 1231 5285 quando
1260 5216 1582 5287 delinquunt
1622 5225 1805 5288 pater-

192 5324 338 5364 nam
367 5307 770 5377 correptionem
795 5308 1174 5378 suscipientes,
1227 5324 1504 5378 nunquam
1533 5325 1565 5362 a
1593 5308 1806 5364 miseri-

190 5399 404 5456 cordia
433 5398 528 5451 Dei
560 5397 693 5452 ﬁunt
719 5407 1000 5465 extorres;
1036 5399 1150 5454 hinc
1175 5408 1258 5453 est
1283 5400 1634 5454 commutatio
1664 5399 1802 5454 dex-

190 5503 344 5548 terae
412 5490 645 5555 Excelsi,
700 5491 873 5561 utqui
919 5492 1120 5546 dudum
1171 5491 1388 5546 fuerunt
1419 5500 1602 5562 caput,
1657 5506 1803 5547 nunc

188 5586 317 5639 sint
345 5581 550 5647 cauda,
583 5591 636 5636 et
668 5583 758 5651 qui
807 5583 1008 5638 dudum
1057 5585 1248 5648 cauda,
1280 5600 1424 5640 nunc
1457 5586 1592 5639 tiunt
1620 5595 1803 5655 caput.

188 5675 515 5730 Conversus
544 5681 619 5726 est
641 5671 874 5728 Libanus
898 5674 955 5727 in
981 5670 1241 5738 Chermel,
1269 5685 1316 5728 et
1349 5672 1588 5728 Chermel
1614 5673 1669 5727 in
1689 5672 1803 5727 sal-

184 5777 317 5818 tum
359 5772 639 5832 reputatus
686 5775 781 5818 est.
808 5764 998 5819 Justus
1032 5773 1109 5820 est
1152 5765 1410 5819 Dominus
1454 5767 1511 5818 in
1563 5765 1802 5819 omnibus

189 5858 301 5914 riis
341 5856 487 5920 suis,
526 5863 574 5908 et
611 5865 825 5910 sanctus
878 5857 931 5910 in
965 5856 1202 5911 omnibus
1246 5855 1484 5926 aperibus
1510 5855 1619 5910 suis
1645 5854 1799 5926 (Isai.

1905 4655 1972 4710 ab
2018 4653 2184 4709 oculis
2231 4653 2488 4709 scintillas
2539 4655 2827 4710 emittentes
2851 4669 2872 4706 :
2901 4672 3128 4727 quorum
3178 4672 3281 4710 non
3317 4655 3487 4711 solum

1906 4743 2103 4802 lxsura
2138 4754 2346 4816 poterat
2383 4743 2520 4798 illos.
2541 4747 2912 4812 exterminare,
2937 4745 3028 4800 sed
3055 4757 3104 4800 et
3134 4756 3370 4817 aspectus
3395 4763 3488 4817 per

1903 4839 2143 4892 timorem
2173 4835 2427 4890 occidere.
2479 4833 2584 4888 Sed
2629 4847 2678 4888 et
2713 4835 2826 4889 sine
2850 4835 2932 4890 Itis
2963 4852 3067 4890 uno
3113 4837 3299 4906 spiritu
3338 4845 3488 4906 pote-

1906 4940 2026 4984 rant
2055 4928 2244 4992 occidi,
2280 4925 2687 4997 persecutionem
2715 4927 2858 4996 passi
2887 4926 2953 4980 ab
2991 4927 3117 4996 ipsis
3161 4927 3314 4996 [auis
3352 4927 3484 4990 suis,

1905 5031 1952 5077 et
1979 5020 2200 5092 dispersi
2234 5035 2327 5088 per
2366 5019 2609 5090 spiritum
2649 5018 2854 5073 virtutis
2886 5028 3012 5073 tute.
3046 5020 3276 5090 Dignum
3307 5020 3489 5075 fuitut

1910 5112 2002 5182 qui
2048 5127 2147 5182 pro
2202 5117 2450 5166 creatore
2499 5117 2806 5165 creaturam
2865 5110 3290 5176 venerabantur,
3348 5111 3490 5165 unde

1910 5203 2226 5275 quaerebant
2267 5217 2446 5273 opem,
2494 5201 2621 5256 inde
2666 5200 2930 5256 haberent
2971 5201 3252 5256 ultionem.
3282 5199 3492 5270 Pugnat

1911 5300 2055 5356 enim
2087 5313 2186 5369 pro
2212 5313 2288 5366 eo,
2302 5297 2454 5353 orbis
2481 5303 2752 5352 terrarum
2799 5303 2990 5351 contra
3027 5293 3349 5350 insensatos.
3383 5290 3488 5344 Sed

1911 5392 2038 5463 quia
2058 5392 2114 5445 in
2144 5391 2369 5446 historia
2399 5389 2610 5445 Veteris
2633 5387 2966 5443 Testamenti
2997 5387 3080 5443 lue
3107 5386 3316 5458 species
3339 5384 3489 5452 igno-

1911 5494 1982 5541 ta:
2025 5500 2147 5554 qua:
2177 5492 2534 5539 numerantur
2577 5482 2876 5538 bestiarum
2910 5497 3174 5550 nusquam
3207 5478 3489 5534 inveniun-

1913 5585 2002 5631 tur
2023 5575 2151 5630 alibi
2171 5589 2464 5645 cxpressaa,
2489 5573 2561 5628 ita
2592 5581 2650 5627 ut
2679 5572 2802 5627 talia
2823 5580 3074 5642 portenta
3097 5569 3346 5639 punirenl
3365 5579 3490 5634 pec-

1909 5679 2142 5733 catores,
2197 5667 2390 5721 melius
2430 5665 2498 5718 ad
2536 5663 2871 5734 spiritualun
2922 5674 3140 5716 sensum
3193 5656 3486 5713 transfere-

1911 5776 2048 5822 mus,
2086 5767 2148 5814 ut
2200 5757 2564 5826 intelligamus
2604 5769 2795 5807 omnes
2835 5751 3097 5807 idolorum
3151 5747 3403 5815 cultores,
3435 5759 3491 5806 et

1913 5849 2195 5907 lucreticos
2224 5861 2386 5917 atque
2430 5842 2824 5907 schismaticos,
2873 5840 2962 5909 qui
2990 5853 3236 5896 errorum
3265 5854 3488 5897 suorum
