  <div class='ocr_page' id='page_1' title='image "/cluster/home/n/w/nwhite01/storage/ocr_20150623/109/hvd.32044054759741/369.png"; bbox 0 0 3928 6182; ppageno 0'>
   <div class='ocr_carea' id='block_1_1' title="bbox 414 425 518 479">
    <p class='ocr_par' dir='ltr' id='par_1_1' title="bbox 414 425 518 479">
     <span class='ocr_line' id='line_1_1' title="bbox 414 425 518 479; baseline 0 0"><span class='ocrx_word' id='word_1_1' title='bbox 414 425 518 479; x_wconf 66' lang='grc' dir='ltr'><strong>7⁶ὶ7</strong></span> 
     </span>
    </p>
   </div>
   <div class='ocr_carea' id='block_1_2' title="bbox 408 536 2066 613">
    <p class='ocr_par' dir='ltr' id='par_1_2' title="bbox 408 536 2066 613">
     <span class='ocr_line' id='line_1_2' title="bbox 408 536 2066 613; baseline -0.004 -18"><span class='ocrx_word' id='word_1_2' title='bbox 408 540 664 613; x_wconf 74' lang='lat' dir='ltr'><strong>petram,</strong></span> <span class='ocrx_word' id='word_1_3' title='bbox 694 541 789 598; x_wconf 91' lang='lat' dir='ltr'><strong>sed</strong></span> <span class='ocrx_word' id='word_1_4' title='bbox 818 540 929 611; x_wconf 87' lang='lat' dir='ltr'><strong>ipse</strong></span> <span class='ocrx_word' id='word_1_5' title='bbox 958 541 1003 595; x_wconf 89' lang='lat' dir='ltr'><strong>si</strong></span> <span class='ocrx_word' id='word_1_6' title='bbox 1035 541 1325 597; x_wconf 87' lang='lat' dir='ltr'><strong>indebitam</strong></span> <span class='ocrx_word' id='word_1_7' title='bbox 1357 548 1583 594; x_wconf 86' lang='lat' dir='ltr'><strong>mortem</strong></span> <span class='ocrx_word' id='word_1_8' title='bbox 1614 554 1722 593; x_wconf 89' lang='lat' dir='ltr'><strong>non</strong></span> <span class='ocrx_word' id='word_1_9' title='bbox 1745 536 1982 606; x_wconf 86' lang='lat' dir='ltr'><strong>suscipc-</strong></span> <span class='ocrx_word' id='word_1_10' title='bbox 2018 536 2066 596; x_wconf 82' lang='grc' dir='ltr'>Α</span> 
     </span>
    </p>
   </div>
   <div class='ocr_carea' id='block_1_3' title="bbox 408 626 1992 705">
    <p class='ocr_par' dir='ltr' id='par_1_3' title="bbox 408 626 1992 705">
     <span class='ocr_line' id='line_1_3' title="bbox 408 626 1992 705; baseline -0.006 -15"><span class='ocrx_word' id='word_1_11' title='bbox 408 643 494 691; x_wconf 85' lang='lat' dir='ltr'><strong>ret</strong></span> <span class='ocrx_word' id='word_1_12' title='bbox 545 648 814 705; x_wconf 82' lang='lat' dir='ltr'><strong>nusquam</strong></span> <span class='ocrx_word' id='word_1_13' title='bbox 841 649 939 689; x_wconf 90' lang='lat' dir='ltr'><strong>nos</strong></span> <span class='ocrx_word' id='word_1_14' title='bbox 969 649 1003 690; x_wconf 85' lang='lat' dir='ltr'><strong>a</strong></span> <span class='ocrx_word' id='word_1_15' title='bbox 1050 632 1230 689; x_wconf 87' lang='lat' dir='ltr'><strong>debita</strong></span> <span class='ocrx_word' id='word_1_16' title='bbox 1280 641 1453 687; x_wconf 88' lang='lat' dir='ltr'><strong>morte</strong></span> <span class='ocrx_word' id='word_1_17' title='bbox 1502 630 1778 686; x_wconf 88' lang='lat' dir='ltr'><strong>liberaret.</strong></span> <span class='ocrx_word' id='word_1_18' title='bbox 1829 626 1992 681; x_wconf 85' lang='lat' dir='ltr'><strong>Pater</strong></span> 
     </span>
    </p>
   </div>
   <div class='ocr_carea' id='block_1_4' title="bbox 405 715 1988 796">
    <p class='ocr_par' dir='ltr' id='par_1_4' title="bbox 405 715 1988 796">
     <span class='ocr_line' id='line_1_4' title="bbox 405 715 1988 796; baseline -0.008 -14"><span class='ocrx_word' id='word_1_19' title='bbox 405 736 537 795; x_wconf 74' lang='lat' dir='ltr'><strong>ergo</strong></span> <span class='ocrx_word' id='word_1_20' title='bbox 563 740 686 781; x_wconf 83' lang='lat' dir='ltr'><strong>cum</strong></span> <span class='ocrx_word' id='word_1_21' title='bbox 710 723 891 795; x_wconf 84' lang='lat' dir='ltr'><strong>justus</strong></span> <span class='ocrx_word' id='word_1_22' title='bbox 919 723 991 779; x_wconf 88' lang='lat' dir='ltr'><strong>sit</strong></span> <span class='ocrx_word' id='word_1_23' title='bbox 1009 724 1214 796; x_wconf 84' lang='lat' dir='ltr'><strong>justum</strong></span> <span class='ocrx_word' id='word_1_24' title='bbox 1240 723 1471 796; x_wconf 79' lang='lat' dir='ltr'><strong>puniens</strong></span> <span class='ocrx_word' id='word_1_25' title='bbox 1498 720 1678 775; x_wconf 81' lang='lat' dir='ltr'><strong>omnia</strong></span> <span class='ocrx_word' id='word_1_26' title='bbox 1704 719 1849 790; x_wconf 72' lang='lat' dir='ltr'><strong>iuste</strong></span> <span class='ocrx_word' id='word_1_27' title='bbox 1875 715 1988 770; x_wconf 90' lang='lat' dir='ltr'><strong>dis-</strong></span> 
     </span>
    </p>
   </div>
   <div class='ocr_carea' id='block_1_5' title="bbox 406 804 1990 887">
    <p class='ocr_par' dir='ltr' id='par_1_5' title="bbox 406 804 1990 887">
     <span class='ocr_line' id='line_1_5' title="bbox 406 804 1990 887; baseline -0.006 -17"><span class='ocrx_word' id='word_1_28' title='bbox 406 813 579 887; x_wconf 87' lang='lat' dir='ltr'><strong>ponit,</strong></span> <span class='ocrx_word' id='word_1_29' title='bbox 610 814 735 887; x_wconf 84' lang='lat' dir='ltr'><strong>quia</strong></span> <span class='ocrx_word' id='word_1_30' title='bbox 770 830 867 886; x_wconf 90' lang='lat' dir='ltr'><strong>per</strong></span> <span class='ocrx_word' id='word_1_31' title='bbox 893 814 1000 871; x_wconf 90' lang='lat' dir='ltr'><strong>hoc</strong></span> <span class='ocrx_word' id='word_1_32' title='bbox 1044 821 1241 873; x_wconf 87' lang='lat' dir='ltr'><strong>cuneta</strong></span> <span class='ocrx_word' id='word_1_33' title='bbox 1262 810 1544 882; x_wconf 79' lang='lat' dir='ltr'><strong>justiﬁcat,</strong></span> <span class='ocrx_word' id='word_1_34' title='bbox 1572 808 1715 880; x_wconf 83' lang='lat' dir='ltr'><strong>quod</strong></span> <span class='ocrx_word' id='word_1_35' title='bbox 1745 822 1866 864; x_wconf 91' lang='lat' dir='ltr'><strong>eum</strong></span> <span class='ocrx_word' id='word_1_36' title='bbox 1898 804 1990 876; x_wconf 90' lang='lat' dir='ltr'><strong>qui</strong></span> 
     </span>
    </p>
   </div>
   <div class='ocr_carea' id='block_1_6' title="bbox 405 903 2033 983">
    <p class='ocr_par' dir='ltr' id='par_1_6' title="bbox 405 903 2033 983">
     <span class='ocr_line' id='line_1_6' title="bbox 405 903 2033 983; baseline -0.006 -20"><span class='ocrx_word' id='word_1_37' title='bbox 405 908 526 964; x_wconf 84' lang='lat' dir='ltr'><strong>sine</strong></span> <span class='ocrx_word' id='word_1_38' title='bbox 558 917 782 981; x_wconf 79' lang='lat' dir='ltr'><strong>peccato</strong></span> <span class='ocrx_word' id='word_1_39' title='bbox 828 917 913 963; x_wconf 89' lang='lat' dir='ltr'><strong>est</strong></span> <span class='ocrx_word' id='word_1_40' title='bbox 951 922 1051 983; x_wconf 90' lang='lat' dir='ltr'><strong>pro</strong></span> <span class='ocrx_word' id='word_1_41' title='bbox 1096 905 1472 979; x_wconf 75' lang='lat' dir='ltr'><strong>peccatoribus</strong></span> <span class='ocrx_word' id='word_1_42' title='bbox 1519 903 1772 968; x_wconf 86' lang='lat' dir='ltr'><strong>damnat,</strong></span> <span class='ocrx_word' id='word_1_43' title='bbox 1824 907 1885 954; x_wconf 88' lang='lat' dir='ltr'><strong>ut</strong></span> <span class='ocrx_word' id='word_1_44' title='bbox 1927 913 1993 954; x_wconf 92' lang='lat' dir='ltr'><strong>eo</strong></span> <span class='ocrx_word' id='word_1_45' title='bbox 2028 974 2033 979; x_wconf 18' lang='grc' dir='ltr'>η</span> 
     </span>
    </p>
   </div>
   <div class='ocr_carea' id='block_1_7' title="bbox 404 990 1992 1075">
    <p class='ocr_par' dir='ltr' id='par_1_7' title="bbox 404 990 1992 1075">
     <span class='ocr_line' id='line_1_7' title="bbox 404 990 1992 1075; baseline -0.008 -19"><span class='ocrx_word' id='word_1_46' title='bbox 404 1002 573 1058; x_wconf 89' lang='lat' dir='ltr'><strong>electa</strong></span> <span class='ocrx_word' id='word_1_47' title='bbox 604 1001 787 1059; x_wconf 84' lang='lat' dir='ltr'><strong>omnia</strong></span> <span class='ocrx_word' id='word_1_48' title='bbox 833 1001 899 1055; x_wconf 88' lang='lat' dir='ltr'><strong>ad</strong></span> <span class='ocrx_word' id='word_1_49' title='bbox 930 1000 1142 1058; x_wconf 89' lang='lat' dir='ltr'><strong>culmen</strong></span> <span class='ocrx_word' id='word_1_50' title='bbox 1179 998 1411 1069; x_wconf 72' lang='lat' dir='ltr'><strong>iustitiae,</strong></span> <span class='ocrx_word' id='word_1_51' title='bbox 1440 1003 1743 1075; x_wconf 82' lang='lat' dir='ltr'><strong>surgerent,</strong></span> <span class='ocrx_word' id='word_1_52' title='bbox 1795 1006 1903 1065; x_wconf 89' lang='lat' dir='ltr'><strong>quo</strong></span> <span class='ocrx_word' id='word_1_53' title='bbox 1942 990 1992 1045; x_wconf 88' lang='lat' dir='ltr'><strong>is</strong></span> 
     </span>
    </p>
   </div>
   <div class='ocr_carea' id='block_1_8' title="bbox 405 1081 1993 1164">
    <p class='ocr_par' dir='ltr' id='par_1_8' title="bbox 405 1081 1993 1164">
     <span class='ocr_line' id='line_1_8' title="bbox 405 1081 1993 1164; baseline -0.008 -16"><span class='ocrx_word' id='word_1_54' title='bbox 405 1093 497 1164; x_wconf 88' lang='lat' dir='ltr'><strong>qui</strong></span> <span class='ocrx_word' id='word_1_55' title='bbox 524 1102 609 1148; x_wconf 89' lang='lat' dir='ltr'><strong>est</strong></span> <span class='ocrx_word' id='word_1_56' title='bbox 636 1106 799 1164; x_wconf 85' lang='lat' dir='ltr'><strong>super</strong></span> <span class='ocrx_word' id='word_1_57' title='bbox 832 1091 1013 1149; x_wconf 83' lang='lat' dir='ltr'><strong>omnia</strong></span> <span class='ocrx_word' id='word_1_58' title='bbox 1055 1092 1250 1147; x_wconf 90' lang='lat' dir='ltr'><strong>damna</strong></span> <span class='ocrx_word' id='word_1_59' title='bbox 1284 1088 1560 1159; x_wconf 67' lang='lat' dir='ltr'><strong>iniustitia:</strong></span> <span class='ocrx_word' id='word_1_60' title='bbox 1597 1092 1796 1142; x_wconf 63' lang='lat' dir='ltr'><strong>nostrae</strong></span> <span class='ocrx_word' id='word_1_61' title='bbox 1825 1081 1993 1140; x_wconf 87' lang='lat' dir='ltr'><strong>susti-</strong></span> 
     </span>
    </p>
   </div>
   <div class='ocr_carea' id='block_1_9' title="bbox 406 1194 580 1241">
    <p class='ocr_par' dir='ltr' id='par_1_9' title="bbox 406 1194 580 1241">
     <span class='ocr_line' id='line_1_9' title="bbox 406 1194 580 1241; baseline -0.006 -1"><span class='ocrx_word' id='word_1_62' title='bbox 406 1194 580 1241; x_wconf 69' lang='lat' dir='ltr'><strong>meret.</strong></span> 
     </span>
    </p>
   </div>
   <div class='ocr_carea' id='block_1_10' title="bbox 484 1265 1992 1345">
    <p class='ocr_par' dir='ltr' id='par_1_10' title="bbox 484 1265 1992 1345">
     <span class='ocr_line' id='line_1_10' title="bbox 484 1265 1992 1345; baseline -0.003 -21"><span class='ocrx_word' id='word_1_63' title='bbox 484 1270 741 1333; x_wconf 79' lang='lat' dir='ltr'><strong>Virtutem</strong></span> <span class='ocrx_word' id='word_1_64' title='bbox 778 1276 917 1333; x_wconf 85' lang='lat' dir='ltr'><strong>enim</strong></span> <span class='ocrx_word' id='word_1_65' title='bbox 954 1272 1183 1331; x_wconf 77' lang='lat' dir='ltr'><strong>ostendis</strong></span> <span class='ocrx_word' id='word_1_66' title='bbox 1217 1282 1295 1338; x_wconf 86' lang='lat' dir='ltr'><strong>tu,</strong></span> <span class='ocrx_word' id='word_1_67' title='bbox 1334 1273 1425 1345; x_wconf 88' lang='lat' dir='ltr'><strong>qui</strong></span> <span class='ocrx_word' id='word_1_68' title='bbox 1463 1287 1568 1324; x_wconf 89' lang='lat' dir='ltr'><strong>non</strong></span> <span class='ocrx_word' id='word_1_69' title='bbox 1611 1265 1837 1323; x_wconf 71' lang='lat' dir='ltr'><strong>credetis</strong></span> <span class='ocrx_word' id='word_1_70' title='bbox 1881 1281 1992 1320; x_wconf 84' lang='lat' dir='ltr'><strong>esse</strong></span> 
     </span>
    </p>
   </div>
   <div class='ocr_carea' id='block_1_11' title="bbox 402 1357 1993 1435">
    <p class='ocr_par' dir='ltr' id='par_1_11' title="bbox 402 1357 1993 1435">
     <span class='ocr_line' id='line_1_11' title="bbox 402 1357 1993 1435; baseline -0.008 -14"><span class='ocrx_word' id='word_1_71' title='bbox 402 1368 461 1423; x_wconf 89' lang='lat' dir='ltr'><strong>in</strong></span> <span class='ocrx_word' id='word_1_72' title='bbox 490 1367 677 1422; x_wconf 85' lang='lat' dir='ltr'><strong>virtute</strong></span> <span class='ocrx_word' id='word_1_73' title='bbox 699 1376 1113 1428; x_wconf 76' lang='lat' dir='ltr'><strong>consummatus,</strong></span> <span class='ocrx_word' id='word_1_74' title='bbox 1143 1374 1191 1418; x_wconf 88' lang='lat' dir='ltr'><strong>et</strong></span> <span class='ocrx_word' id='word_1_75' title='bbox 1235 1363 1422 1417; x_wconf 86' lang='lat' dir='ltr'><strong>horum</strong></span> <span class='ocrx_word' id='word_1_76' title='bbox 1440 1360 1530 1435; x_wconf 91' lang='lat' dir='ltr'><strong>qui</strong></span> <span class='ocrx_word' id='word_1_77' title='bbox 1561 1367 1609 1413; x_wconf 93' lang='lat' dir='ltr'><strong>te</strong></span> <span class='ocrx_word' id='word_1_78' title='bbox 1637 1357 1874 1413; x_wconf 85' lang='lat' dir='ltr'><strong>nesciunt</strong></span> <span class='ocrx_word' id='word_1_79' title='bbox 1894 1372 1993 1409; x_wconf 89' lang='lat' dir='ltr'><strong>au-</strong></span> 
     </span>
    </p>
   </div>
   <div class='ocr_carea' id='block_1_12' title="bbox 403 1448 1992 1525">
    <p class='ocr_par' dir='ltr' id='par_1_12' title="bbox 403 1448 1992 1525">
     <span class='ocr_line' id='line_1_12' title="bbox 403 1448 1992 1525; baseline -0.006 -13"><span class='ocrx_word' id='word_1_80' title='bbox 403 1458 611 1512; x_wconf 83' lang='lat' dir='ltr'><strong>daciam</strong></span> <span class='ocrx_word' id='word_1_81' title='bbox 641 1458 909 1525; x_wconf 54' lang='lat' dir='ltr'><strong>traducis.</strong></span> <span class='ocrx_word' id='word_1_82' title='bbox 929 1456 1195 1511; x_wconf 76' lang='lat' dir='ltr'><strong>Virtutem</strong></span> <span class='ocrx_word' id='word_1_83' title='bbox 1231 1455 1377 1510; x_wconf 89' lang='lat' dir='ltr'><strong>enim</strong></span> <span class='ocrx_word' id='word_1_84' title='bbox 1407 1467 1561 1521; x_wconf 86' lang='lat' dir='ltr'><strong>suam</strong></span> <span class='ocrx_word' id='word_1_85' title='bbox 1592 1449 1828 1506; x_wconf 88' lang='lat' dir='ltr'><strong>ostendit</strong></span> <span class='ocrx_word' id='word_1_86' title='bbox 1855 1448 1992 1504; x_wconf 85' lang='lat' dir='ltr'><strong>divi—</strong></span> 
     </span>
    </p>
   </div>
   <div class='ocr_carea' id='block_1_13' title="bbox 403 1543 1984 1618">
    <p class='ocr_par' dir='ltr' id='par_1_13' title="bbox 403 1543 1984 1618">
     <span class='ocr_line' id='line_1_13' title="bbox 403 1543 1984 1618; baseline -0.007 -15"><span class='ocrx_word' id='word_1_87' title='bbox 403 1548 547 1604; x_wconf 84' lang='lat' dir='ltr'><strong>nitas</strong></span> <span class='ocrx_word' id='word_1_88' title='bbox 576 1549 629 1604; x_wconf 89' lang='lat' dir='ltr'><strong>in</strong></span> <span class='ocrx_word' id='word_1_89' title='bbox 657 1549 999 1618; x_wconf 82' lang='lat' dir='ltr'><strong>correptione</strong></span> <span class='ocrx_word' id='word_1_90' title='bbox 1026 1562 1263 1613; x_wconf 89' lang='lat' dir='ltr'><strong>reorum,</strong></span> <span class='ocrx_word' id='word_1_91' title='bbox 1299 1560 1368 1600; x_wconf 92' lang='lat' dir='ltr'><strong>ne</strong></span> <span class='ocrx_word' id='word_1_92' title='bbox 1401 1544 1469 1599; x_wconf 89' lang='lat' dir='ltr'><strong>de</strong></span> <span class='ocrx_word' id='word_1_93' title='bbox 1494 1559 1591 1598; x_wconf 88' lang='lat' dir='ltr'><strong>sua</strong></span> <span class='ocrx_word' id='word_1_94' title='bbox 1615 1543 1815 1596; x_wconf 88' lang='lat' dir='ltr'><strong>virtute</strong></span> <span class='ocrx_word' id='word_1_95' title='bbox 1845 1554 1984 1610; x_wconf 68' lang='lat' dir='ltr'><strong>pra:-</strong></span> 
     </span>
    </p>
   </div>
   <div class='ocr_carea' id='block_1_14' title="bbox 403 1628 1989 1709">
    <p class='ocr_par' dir='ltr' id='par_1_14' title="bbox 403 1628 1989 1709">
     <span class='ocr_line' id='line_1_14' title="bbox 403 1628 1989 1709; baseline -0.008 -14"><span class='ocrx_word' id='word_1_96' title='bbox 403 1647 583 1695; x_wconf 87' lang='lat' dir='ltr'><strong>su1uat</strong></span> <span class='ocrx_word' id='word_1_97' title='bbox 612 1639 951 1695; x_wconf 87' lang='lat' dir='ltr'><strong>contumacia</strong></span> <span class='ocrx_word' id='word_1_98' title='bbox 986 1638 1363 1709; x_wconf 85' lang='lat' dir='ltr'><strong>superborum,</strong></span> <span class='ocrx_word' id='word_1_99' title='bbox 1402 1634 1497 1690; x_wconf 89' lang='lat' dir='ltr'><strong>sed</strong></span> <span class='ocrx_word' id='word_1_100' title='bbox 1520 1640 1698 1688; x_wconf 89' lang='lat' dir='ltr'><strong>tamen</strong></span> <span class='ocrx_word' id='word_1_101' title='bbox 1727 1631 1844 1686; x_wconf 87' lang='lat' dir='ltr'><strong>sine</strong></span> <span class='ocrx_word' id='word_1_102' title='bbox 1878 1628 1989 1684; x_wconf 90' lang='lat' dir='ltr'><strong>ulla</strong></span> 
     </span>
    </p>
   </div>
   <div class='ocr_carea' id='block_1_15' title="bbox 400 1722 1992 1807">
    <p class='ocr_par' dir='ltr' id='par_1_15' title="bbox 400 1722 1992 1807">
     <span class='ocr_line' id='line_1_15' title="bbox 400 1722 1992 1807; baseline -0.006 -21"><span class='ocrx_word' id='word_1_103' title='bbox 400 1732 656 1801; x_wconf 80' lang='lat' dir='ltr'><strong>passione</strong></span> <span class='ocrx_word' id='word_1_104' title='bbox 710 1741 803 1787; x_wconf 88' lang='lat' dir='ltr'><strong>aut</strong></span> <span class='ocrx_word' id='word_1_105' title='bbox 848 1730 1256 1807; x_wconf 85' lang='lat' dir='ltr'><strong>perturbatione</strong></span> <span class='ocrx_word' id='word_1_106' title='bbox 1300 1734 1499 1792; x_wconf 88' lang='lat' dir='ltr'><strong>sumet,</strong></span> <span class='ocrx_word' id='word_1_107' title='bbox 1542 1725 1670 1797; x_wconf 87' lang='lat' dir='ltr'><strong>quia</strong></span> <span class='ocrx_word' id='word_1_108' title='bbox 1718 1722 1861 1778; x_wconf 89' lang='lat' dir='ltr'><strong>Deus</strong></span> <span class='ocrx_word' id='word_1_109' title='bbox 1906 1728 1992 1777; x_wconf 84' lang='lat' dir='ltr'><strong>est</strong></span> 
     </span>
    </p>
   </div>
   <div class='ocr_carea' id='block_1_16' title="bbox 402 1816 1988 1892">
    <p class='ocr_par' dir='ltr' id='par_1_16' title="bbox 402 1816 1988 1892">
     <span class='ocr_line' id='line_1_16' title="bbox 402 1816 1988 1892; baseline -0.006 -15"><span class='ocrx_word' id='word_1_110' title='bbox 402 1822 774 1892; x_wconf 69' lang='lat' dir='ltr'><strong>impossibilis,</strong></span> <span class='ocrx_word' id='word_1_111' title='bbox 818 1831 873 1879; x_wconf 85' lang='lat' dir='ltr'><strong>et</strong></span> <span class='ocrx_word' id='word_1_112' title='bbox 902 1822 1048 1878; x_wconf 89' lang='lat' dir='ltr'><strong>nulla</strong></span> <span class='ocrx_word' id='word_1_113' title='bbox 1093 1836 1331 1892; x_wconf 86' lang='lat' dir='ltr'><strong>unquam</strong></span> <span class='ocrx_word' id='word_1_114' title='bbox 1377 1816 1802 1875; x_wconf 85' lang='lat' dir='ltr'><strong>commutatione</strong></span> <span class='ocrx_word' id='word_1_115' title='bbox 1844 1829 1875 1868; x_wconf 88' lang='lat' dir='ltr'><strong>a</strong></span> <span class='ocrx_word' id='word_1_116' title='bbox 1928 1827 1988 1869; x_wconf 79' lang='lat' dir='ltr'><strong>se</strong></span> 
     </span>
    </p>
   </div>
   <div class='ocr_carea' id='block_1_17' title="bbox 1008 383 3006 505">
    <p class='ocr_par' dir='ltr' id='par_1_17' title="bbox 1008 383 3006 505">
     <span class='ocr_line' id='line_1_17' title="bbox 1008 383 3006 505; baseline -0.003 -25"><span class='ocrx_word' id='word_1_117' title='bbox 1008 498 1011 501; x_wconf 95' lang='lat'><em>_</em></span> <span class='ocrx_word' id='word_1_118' title='bbox 1052 425 1112 480; x_wconf 73' lang='grc' dir='ltr'><strong>Β.</strong></span> <span class='ocrx_word' id='word_1_119' title='bbox 1154 383 1405 505; x_wconf 50' lang='lat' dir='ltr'><strong>uanam</strong></span> <span class='ocrx_word' id='word_1_120' title='bbox 1447 420 1665 479; x_wconf 53' lang='lat' dir='ltr'><strong>unum</strong></span> <span class='ocrx_word' id='word_1_121' title='bbox 1701 408 2023 476; x_wconf 76' lang='lat' dir='ltr'><strong>ARClllEI’.</strong></span> <span class='ocrx_word' id='word_1_122' title='bbox 2066 402 2376 476; x_wconf 70' lang='lat' dir='ltr'><strong>necum.</strong></span> <span class='ocrx_word' id='word_1_123' title='bbox 2416 414 2711 477; x_wconf 73' lang='lat' dir='ltr'><strong>ornatur</strong></span> <span class='ocrx_word' id='word_1_124' title='bbox 2744 418 2927 477; x_wconf 68' lang='lat' dir='ltr'><strong>rans</strong></span> <span class='ocrx_word' id='word_1_125' title='bbox 2965 419 3006 475; x_wconf 94' lang='lat'><strong>1.</strong></span> 
     </span>
    </p>
   </div>
   <div class='ocr_carea' id='block_1_18' title="bbox 3581 424 3672 486">
    <p class='ocr_par' dir='ltr' id='par_1_18' title="bbox 3581 424 3672 486">
     <span class='ocr_line' id='line_1_18' title="bbox 3581 424 3672 486; baseline 0.077 -7"><span class='ocrx_word' id='word_1_126' title='bbox 3581 424 3672 486; x_wconf 66' lang='lat'><strong>710</strong></span> 
     </span>
    </p>
   </div>
   <div class='ocr_carea' id='block_1_19' title="bbox 2676 530 3105 592">
    <p class='ocr_par' dir='ltr' id='par_1_19' title="bbox 2676 530 3105 592">
     <span class='ocr_line' id='line_1_19' title="bbox 2676 530 3105 592; baseline -0.009 0"><span class='ocrx_word' id='word_1_127' title='bbox 2676 530 2907 592; x_wconf 83' lang='lat' dir='ltr'><strong>CAPUT</strong></span> <span class='ocrx_word' id='word_1_128' title='bbox 2955 533 3105 590; x_wconf 65' lang='lat' dir='ltr'><strong>xm.</strong></span> 
     </span>
    </p>
   </div>
   <div class='ocr_carea' id='block_1_20' title="bbox 2096 624 3673 704">
    <p class='ocr_par' dir='ltr' id='par_1_20' title="bbox 2096 624 3673 704">
     <span class='ocr_line' id='line_1_20' title="bbox 2096 624 3673 704; baseline 0.001 -22"><span class='ocrx_word' id='word_1_129' title='bbox 2096 624 2583 704; x_wconf 74' lang='lat' dir='ltr'><strong>Sapientia_laudat</strong></span> <span class='ocrx_word' id='word_1_130' title='bbox 2733 627 3064 704; x_wconf 72' lang='lat' dir='ltr'><strong>patientiam,</strong></span> <span class='ocrx_word' id='word_1_131' title='bbox 3092 645 3217 704; x_wconf 62' lang='lat' dir='ltr'><strong>quia</strong></span> <span class='ocrx_word' id='word_1_132' title='bbox 3239 632 3333 704; x_wconf 77' lang='lat' dir='ltr'><strong>dat</strong></span> <span class='ocrx_word' id='word_1_133' title='bbox 3359 632 3541 704; x_wconf 76' lang='lat' dir='ltr'><strong>locum</strong></span> <span class='ocrx_word' id='word_1_134' title='bbox 3569 651 3673 704; x_wconf 72' lang='lat' dir='ltr'><strong>pec-</strong></span> 
     </span>
    </p>
   </div>
   <div class='ocr_carea' id='block_1_21' title="bbox 2204 696 3576 768">
    <p class='ocr_par' dir='ltr' id='par_1_21' title="bbox 2204 696 3576 768">
     <span class='ocr_line' id='line_1_21' title="bbox 2204 696 3576 768; baseline 0.007 -18"><span class='ocrx_word' id='word_1_135' title='bbox 2204 696 2486 751; x_wconf 70' lang='lat' dir='ltr'><strong>caloribus</strong></span> <span class='ocrx_word' id='word_1_136' title='bbox 2510 696 2829 768; x_wconf 61' lang='lat' dir='ltr'><strong>paenitentiae</strong></span> <span class='ocrx_word' id='word_1_137' title='bbox 2850 707 2901 752; x_wconf 85' lang='lat' dir='ltr'><strong>et</strong></span> <span class='ocrx_word' id='word_1_138' title='bbox 2926 715 3034 754; x_wconf 81' lang='lat' dir='ltr'><strong>non</strong></span> <span class='ocrx_word' id='word_1_139' title='bbox 3058 696 3237 756; x_wconf 65' lang='lat' dir='ltr'><strong>statim</strong></span> <span class='ocrx_word' id='word_1_140' title='bbox 3273 696 3576 760; x_wconf 72' lang='lat' dir='ltr'><strong>ulciscitan</strong></span> 
     </span>
    </p>
   </div>
   <div class='ocr_carea' id='block_1_22' title="bbox 2165 808 3677 888">
    <p class='ocr_par' dir='ltr' id='par_1_22' title="bbox 2165 808 3677 888">
     <span class='ocr_line' id='line_1_22' title="bbox 2165 808 3677 888; baseline 0.007 -26"><span class='ocrx_word' id='word_1_141' title='bbox 2165 808 2407 864; x_wconf 84' lang='lat' dir='ltr'><strong>Docuisti</strong></span> <span class='ocrx_word' id='word_1_142' title='bbox 2430 818 2607 863; x_wconf 82' lang='lat' dir='ltr'><strong>autem</strong></span> <span class='ocrx_word' id='word_1_143' title='bbox 2630 808 2882 880; x_wconf 76' lang='lat' dir='ltr'><strong>populum</strong></span> <span class='ocrx_word' id='word_1_144' title='bbox 2902 819 3053 866; x_wconf 81' lang='lat' dir='ltr'><strong>tuum</strong></span> <span class='ocrx_word' id='word_1_145' title='bbox 3074 828 3168 882; x_wconf 84' lang='lat' dir='ltr'><strong>per</strong></span> <span class='ocrx_word' id='word_1_146' title='bbox 3192 811 3327 868; x_wconf 82' lang='lat' dir='ltr'><strong>talia</strong></span> <span class='ocrx_word' id='word_1_147' title='bbox 3353 830 3545 886; x_wconf 79' lang='lat' dir='ltr'><strong>opera,</strong></span> <span class='ocrx_word' id='word_1_148' title='bbox 3562 833 3677 888; x_wconf 76' lang='lat' dir='ltr'><strong>quo-</strong></span> 
     </span>
    </p>
   </div>
   <div class='ocr_carea' id='block_1_23' title="bbox 2093 901 3677 981">
    <p class='ocr_par' dir='ltr' id='par_1_23' title="bbox 2093 901 3677 981">
     <span class='ocr_line' id='line_1_23' title="bbox 2093 901 3677 981; baseline 0.006 -25"><span class='ocrx_word' id='word_1_149' title='bbox 2093 903 2238 956; x_wconf 74' lang='lat' dir='ltr'><strong>niam</strong></span> <span class='ocrx_word' id='word_1_150' title='bbox 2264 911 2463 972; x_wconf 79' lang='lat' dir='ltr'><strong>oportet</strong></span> <span class='ocrx_word' id='word_1_151' title='bbox 2486 901 2692 971; x_wconf 73' lang='lat' dir='ltr'><strong>justum</strong></span> <span class='ocrx_word' id='word_1_152' title='bbox 2726 918 2840 958; x_wconf 72' lang='lat' dir='ltr'><strong>esse</strong></span> <span class='ocrx_word' id='word_1_153' title='bbox 2864 912 2914 959; x_wconf 79' lang='lat' dir='ltr'><strong>et</strong></span> <span class='ocrx_word' id='word_1_154' title='bbox 2953 903 3280 971; x_wconf 71' lang='lat' dir='ltr'><strong>humanam,</strong></span> <span class='ocrx_word' id='word_1_155' title='bbox 3312 915 3362 961; x_wconf 79' lang='lat' dir='ltr'><strong>et</strong></span> <span class='ocrx_word' id='word_1_156' title='bbox 3394 907 3551 964; x_wconf 72' lang='lat' dir='ltr'><strong>bona</strong></span> <span class='ocrx_word' id='word_1_157' title='bbox 3582 913 3677 981; x_wconf 79' lang='lat' dir='ltr'><strong>spei</strong></span> 
     </span>
    </p>
   </div>
   <div class='ocr_carea' id='block_1_24' title="bbox 2090 990 3676 1062">
    <p class='ocr_par' dir='ltr' id='par_1_24' title="bbox 2090 990 3676 1062">
     <span class='ocr_line' id='line_1_24' title="bbox 2090 990 3676 1062; baseline 0.009 -17"><span class='ocrx_word' id='word_1_158' title='bbox 2090 991 2265 1058; x_wconf 84' lang='lat' dir='ltr'><strong>feciin</strong></span> <span class='ocrx_word' id='word_1_159' title='bbox 2303 991 2444 1060; x_wconf 72' lang='lat' dir='ltr'><strong>ﬁlios</strong></span> <span class='ocrx_word' id='word_1_160' title='bbox 2490 1001 2629 1047; x_wconf 72' lang='lat' dir='ltr'><strong>tuos.</strong></span> <span class='ocrx_word' id='word_1_161' title='bbox 2682 990 2949 1057; x_wconf 75' lang='lat' dir='ltr'><strong>Quoniam</strong></span> <span class='ocrx_word' id='word_1_162' title='bbox 2988 993 3234 1062; x_wconf 76' lang='lat' dir='ltr'><strong>iudicans</strong></span> <span class='ocrx_word' id='word_1_163' title='bbox 3277 998 3377 1052; x_wconf 84' lang='lat' dir='ltr'><strong>das</strong></span> <span class='ocrx_word' id='word_1_164' title='bbox 3415 999 3594 1056; x_wconf 76' lang='lat' dir='ltr'><strong>locum</strong></span> <span class='ocrx_word' id='word_1_165' title='bbox 3631 1004 3676 1059; x_wconf 78' lang='lat' dir='ltr'><strong>is</strong></span> 
     </span>
    </p>
   </div>
   <div class='ocr_carea' id='block_1_25' title="bbox 2090 1081 3673 1163">
    <p class='ocr_par' dir='ltr' id='par_1_25' title="bbox 2090 1081 3673 1163">
     <span class='ocr_line' id='line_1_25' title="bbox 2090 1081 3673 1163; baseline 0.006 -28"><span class='ocrx_word' id='word_1_166' title='bbox 2090 1082 2316 1153; x_wconf 77' lang='lat' dir='ltr'><strong>peccatis</strong></span> <span class='ocrx_word' id='word_1_167' title='bbox 2330 1082 2671 1153; x_wconf 64' lang='lat' dir='ltr'><strong>pauitantia.</strong></span> <span class='ocrx_word' id='word_1_168' title='bbox 2694 1081 2801 1138; x_wconf 80' lang='lat' dir='ltr'><strong>Per</strong></span> <span class='ocrx_word' id='word_1_169' title='bbox 2823 1082 3052 1141; x_wconf 73' lang='lat' dir='ltr'><strong>miriﬁca</strong></span> <span class='ocrx_word' id='word_1_170' title='bbox 3074 1086 3227 1145; x_wconf 77' lang='lat' dir='ltr'><strong>enim</strong></span> <span class='ocrx_word' id='word_1_171' title='bbox 3246 1102 3410 1157; x_wconf 86' lang='lat' dir='ltr'><strong>opera</strong></span> <span class='ocrx_word' id='word_1_172' title='bbox 3433 1092 3673 1163; x_wconf 83' lang='lat' dir='ltr'><strong>omnipo-</strong></span> 
     </span>
    </p>
   </div>
   <div class='ocr_carea' id='block_1_26' title="bbox 2094 1172 3677 1255">
    <p class='ocr_par' dir='ltr' id='par_1_26' title="bbox 2094 1172 3677 1255">
     <span class='ocr_line' id='line_1_26' title="bbox 2094 1172 3677 1255; baseline 0.01 -29"><span class='ocrx_word' id='word_1_173' title='bbox 2094 1174 2259 1227; x_wconf 86' lang='lat' dir='ltr'><strong>tentis</strong></span> <span class='ocrx_word' id='word_1_174' title='bbox 2285 1173 2380 1228; x_wconf 85' lang='lat' dir='ltr'><strong>Dei</strong></span> <span class='ocrx_word' id='word_1_175' title='bbox 2410 1172 2597 1229; x_wconf 83' lang='lat' dir='ltr'><strong>tideles</strong></span> <span class='ocrx_word' id='word_1_176' title='bbox 2622 1174 2991 1243; x_wconf 84' lang='lat' dir='ltr'><strong>instruuntur,</strong></span> <span class='ocrx_word' id='word_1_177' title='bbox 3025 1187 3086 1233; x_wconf 82' lang='lat' dir='ltr'><strong>ut</strong></span> <span class='ocrx_word' id='word_1_178' title='bbox 3114 1190 3346 1237; x_wconf 79' lang='lat' dir='ltr'><strong>caveant</strong></span> <span class='ocrx_word' id='word_1_179' title='bbox 3368 1183 3677 1255; x_wconf 82' lang='lat' dir='ltr'><strong>iniquorum</strong></span> 
     </span>
    </p>
   </div>
   <div class='ocr_carea' id='block_1_27' title="bbox 2092 1263 3681 1345">
    <p class='ocr_par' dir='ltr' id='par_1_27' title="bbox 2092 1263 3681 1345">
     <span class='ocr_line' id='line_1_27' title="bbox 2092 1263 3681 1345; baseline 0.008 -26"><span class='ocrx_word' id='word_1_180' title='bbox 2092 1279 2154 1319; x_wconf 89' lang='lat' dir='ltr'><strong>se</strong></span> <span class='ocrx_word' id='word_1_181' title='bbox 2182 1263 2463 1334; x_wconf 84' lang='lat' dir='ltr'><strong>implicare</strong></span> <span class='ocrx_word' id='word_1_182' title='bbox 2491 1263 2723 1329; x_wconf 85' lang='lat' dir='ltr'><strong>delictis,</strong></span> <span class='ocrx_word' id='word_1_183' title='bbox 2752 1265 3036 1336; x_wconf 81' lang='lat' dir='ltr'><strong>magisque</strong></span> <span class='ocrx_word' id='word_1_184' title='bbox 3066 1269 3324 1326; x_wconf 80' lang='lat' dir='ltr'><strong>studeant</strong></span> <span class='ocrx_word' id='word_1_185' title='bbox 3362 1275 3681 1345; x_wconf 83' lang='lat' dir='ltr'><strong>semetipsos</strong></span> 
     </span>
    </p>
   </div>
   <div class='ocr_carea' id='block_1_28' title="bbox 2093 1356 3675 1436">
    <p class='ocr_par' dir='ltr' id='par_1_28' title="bbox 2093 1356 3675 1436">
     <span class='ocr_line' id='line_1_28' title="bbox 2093 1356 3675 1436; baseline 0.008 -26"><span class='ocrx_word' id='word_1_186' title='bbox 2093 1356 2553 1412; x_wconf 80' lang='lat' dir='ltr'><strong>incontaminatos</strong></span> <span class='ocrx_word' id='word_1_187' title='bbox 2583 1372 2805 1413; x_wconf 75' lang='lat' dir='ltr'><strong>servare</strong></span> <span class='ocrx_word' id='word_1_188' title='bbox 2832 1360 3076 1430; x_wconf 84' lang='lat' dir='ltr'><strong>negotio.</strong></span> <span class='ocrx_word' id='word_1_189' title='bbox 3118 1360 3391 1433; x_wconf 78' lang='lat' dir='ltr'><strong>ﬁdemque</strong></span> <span class='ocrx_word' id='word_1_190' title='bbox 3420 1380 3491 1422; x_wconf 83' lang='lat' dir='ltr'><strong>ac</strong></span> <span class='ocrx_word' id='word_1_191' title='bbox 3537 1381 3675 1436; x_wconf 80' lang='lat' dir='ltr'><strong>spem</strong></span> 
     </span>
    </p>
   </div>
   <div class='ocr_carea' id='block_1_29' title="bbox 2093 1446 3675 1526">
    <p class='ocr_par' dir='ltr' id='par_1_29' title="bbox 2093 1446 3675 1526">
     <span class='ocr_line' id='line_1_29' title="bbox 2093 1446 3675 1526; baseline 0.007 -24"><span class='ocrx_word' id='word_1_192' title='bbox 2093 1448 2149 1502; x_wconf 90' lang='lat' dir='ltr'><strong>in</strong></span> <span class='ocrx_word' id='word_1_193' title='bbox 2180 1446 2469 1501; x_wconf 83' lang='lat' dir='ltr'><strong>Dominum</strong></span> <span class='ocrx_word' id='word_1_194' title='bbox 2517 1447 2766 1503; x_wconf 83' lang='lat' dir='ltr'><strong>habendo</strong></span> <span class='ocrx_word' id='word_1_195' title='bbox 2788 1487 2808 1513; x_wconf 88' lang='lat'><strong>,</strong></span> <span class='ocrx_word' id='word_1_196' title='bbox 2854 1463 2963 1504; x_wconf 84' lang='lat' dir='ltr'><strong>non</strong></span> <span class='ocrx_word' id='word_1_197' title='bbox 3006 1450 3284 1523; x_wconf 75' lang='lat' dir='ltr'><strong>negligant</strong></span> <span class='ocrx_word' id='word_1_198' title='bbox 3333 1465 3554 1526; x_wconf 88' lang='lat' dir='ltr'><strong>tempus</strong></span> <span class='ocrx_word' id='word_1_199' title='bbox 3586 1457 3675 1513; x_wconf 84' lang='lat' dir='ltr'><strong>sibi</strong></span> 
     </span>
    </p>
   </div>
   <div class='ocr_carea' id='block_1_30' title="bbox 2093 1537 3677 1615">
    <p class='ocr_par' dir='ltr' id='par_1_30' title="bbox 2093 1537 3677 1615">
     <span class='ocr_line' id='line_1_30' title="bbox 2093 1537 3677 1615; baseline 0.007 -22"><span class='ocrx_word' id='word_1_200' title='bbox 2093 1537 2359 1593; x_wconf 78' lang='lat' dir='ltr'><strong>indultum</strong></span> <span class='ocrx_word' id='word_1_201' title='bbox 2390 1538 2767 1609; x_wconf 66' lang='lat' dir='ltr'><strong>paenitentiam</strong></span> <span class='ocrx_word' id='word_1_202' title='bbox 2794 1540 2991 1615; x_wconf 78' lang='lat' dir='ltr'><strong>agendi</strong></span> <span class='ocrx_word' id='word_1_203' title='bbox 3016 1550 3072 1596; x_wconf 87' lang='lat' dir='ltr'><strong>et</strong></span> <span class='ocrx_word' id='word_1_204' title='bbox 3102 1543 3241 1599; x_wconf 84' lang='lat' dir='ltr'><strong>bene</strong></span> <span class='ocrx_word' id='word_1_205' title='bbox 3265 1548 3554 1615; x_wconf 78' lang='lat' dir='ltr'><strong>operandi,</strong></span> <span class='ocrx_word' id='word_1_206' title='bbox 3582 1549 3677 1604; x_wconf 83' lang='lat' dir='ltr'><strong>imo</strong></span> 
     </span>
    </p>
   </div>
   <div class='ocr_carea' id='block_1_31' title="bbox 2091 1629 3677 1700">
    <p class='ocr_par' dir='ltr' id='par_1_31' title="bbox 2091 1629 3677 1700">
     <span class='ocr_line' id='line_1_31' title="bbox 2091 1629 3677 1700; baseline 0.008 -16"><span class='ocrx_word' id='word_1_207' title='bbox 2091 1637 2206 1684; x_wconf 85' lang='lat' dir='ltr'><strong>toto</strong></span> <span class='ocrx_word' id='word_1_208' title='bbox 2236 1629 2359 1685; x_wconf 90' lang='lat' dir='ltr'><strong>nisu</strong></span> <span class='ocrx_word' id='word_1_209' title='bbox 2383 1642 2482 1700; x_wconf 88' lang='lat' dir='ltr'><strong>per</strong></span> <span class='ocrx_word' id='word_1_210' title='bbox 2501 1629 2827 1686; x_wconf 81' lang='lat' dir='ltr'><strong>charitatem</strong></span> <span class='ocrx_word' id='word_1_211' title='bbox 2853 1633 3186 1689; x_wconf 80' lang='lat' dir='ltr'><strong>contendant</strong></span> <span class='ocrx_word' id='word_1_212' title='bbox 3204 1650 3305 1691; x_wconf 77' lang='lat' dir='ltr'><strong>suo</strong></span> <span class='ocrx_word' id='word_1_213' title='bbox 3328 1638 3544 1694; x_wconf 76' lang='lat' dir='ltr'><strong>servire</strong></span> <span class='ocrx_word' id='word_1_214' title='bbox 3569 1654 3677 1695; x_wconf 81' lang='lat' dir='ltr'><strong>con-</strong></span> 
     </span>
    </p>
   </div>
   <div class='ocr_carea' id='block_1_32' title="bbox 2092 1717 2276 1773">
    <p class='ocr_par' dir='ltr' id='par_1_32' title="bbox 2092 1717 2276 1773">
     <span class='ocr_line' id='line_1_32' title="bbox 2092 1717 2276 1773; baseline -0.005 -1"><span class='ocrx_word' id='word_1_215' title='bbox 2092 1717 2276 1773; x_wconf 89' lang='lat' dir='ltr'><strong>ditori.</strong></span> 
     </span>
    </p>
   </div>
   <div class='ocr_carea' id='block_1_33' title="bbox 2162 1807 3676 1875">
    <p class='ocr_par' dir='ltr' id='par_1_33' title="bbox 2162 1807 3676 1875">
     <span class='ocr_line' id='line_1_33' title="bbox 2162 1807 3676 1875; baseline 0.008 -12"><span class='ocrx_word' id='word_1_216' title='bbox 2162 1807 2226 1864; x_wconf 89' lang='lat' dir='ltr'><strong>Si</strong></span> <span class='ocrx_word' id='word_1_217' title='bbox 2248 1809 2387 1863; x_wconf 76' lang='lat' dir='ltr'><strong>enim</strong></span> <span class='ocrx_word' id='word_1_218' title='bbox 2414 1810 2657 1866; x_wconf 80' lang='lat' dir='ltr'><strong>inimicos</strong></span> <span class='ocrx_word' id='word_1_219' title='bbox 2684 1827 2953 1869; x_wconf 67' lang='lat' dir='ltr'><strong>servorum</strong></span> <span class='ocrx_word' id='word_1_220' title='bbox 2974 1822 3187 1869; x_wconf 69' lang='lat' dir='ltr'><strong>tuorum</strong></span> <span class='ocrx_word' id='word_1_221' title='bbox 3210 1823 3260 1870; x_wconf 82' lang='lat' dir='ltr'><strong>et</strong></span> <span class='ocrx_word' id='word_1_222' title='bbox 3280 1816 3489 1874; x_wconf 80' lang='lat' dir='ltr'><strong>debitos</strong></span> <span class='ocrx_word' id='word_1_223' title='bbox 3533 1822 3676 1875; x_wconf 80' lang='lat' dir='ltr'><strong>morti</strong></span> 
     </span>
    </p>
   </div>
   <div class='ocr_carea' id='block_1_34' title="bbox 401 1899 3675 1984">
    <p class='ocr_par' dir='ltr' id='par_1_34' title="bbox 401 1899 3675 1984">
     <span class='ocr_line' id='line_1_34' title="bbox 401 1899 3675 1984; baseline -0 -16"><span class='ocrx_word' id='word_1_224' title='bbox 401 1915 668 1977; x_wconf 86' lang='lat' dir='ltr'><strong>diversus.</strong></span> <span class='ocrx_word' id='word_1_225' title='bbox 716 1913 810 1969; x_wconf 85' lang='lat' dir='ltr'><strong>sed</strong></span> <span class='ocrx_word' id='word_1_226' title='bbox 846 1913 987 1971; x_wconf 89' lang='lat' dir='ltr'><strong>idem</strong></span> <span class='ocrx_word' id='word_1_227' title='bbox 1022 1913 1137 1984; x_wconf 90' lang='lat' dir='ltr'><strong>ipse</strong></span> <span class='ocrx_word' id='word_1_228' title='bbox 1185 1925 1397 1980; x_wconf 89' lang='lat' dir='ltr'><strong>semper</strong></span> <span class='ocrx_word' id='word_1_229' title='bbox 1450 1923 1678 1964; x_wconf 80' lang='lat' dir='ltr'><strong>manens</strong></span> <span class='ocrx_word' id='word_1_230' title='bbox 1727 1906 1986 1969; x_wconf 89' lang='lat' dir='ltr'><strong>innovat,</strong></span> <span class='ocrx_word' id='word_1_231' title='bbox 2020 1899 2065 1951; x_wconf 78' lang='grc' dir='ltr'><strong><em>Β</em></strong></span> <span class='ocrx_word' id='word_1_232' title='bbox 2094 1916 2217 1955; x_wconf 75' lang='lat' dir='ltr'><strong>cum</strong></span> <span class='ocrx_word' id='word_1_233' title='bbox 2246 1910 2397 1955; x_wconf 79' lang='lat' dir='ltr'><strong>tanta</strong></span> <span class='ocrx_word' id='word_1_234' title='bbox 2422 1903 2676 1957; x_wconf 71' lang='grc' dir='ltr'><strong>εναάωὶ</strong></span> <span class='ocrx_word' id='word_1_235' title='bbox 2702 1904 3013 1970; x_wconf 69' lang='lat' dir='ltr'><strong>attentione,</strong></span> <span class='ocrx_word' id='word_1_236' title='bbox 3039 1915 3090 1960; x_wconf 87' lang='lat' dir='ltr'><strong>et</strong></span> <span class='ocrx_word' id='word_1_237' title='bbox 3109 1904 3370 1974; x_wconf 81' lang='lat' dir='ltr'><strong>liberasti,</strong></span> <span class='ocrx_word' id='word_1_238' title='bbox 3398 1909 3675 1967; x_wconf 59' lang='lat' dir='ltr'><strong>dantem-</strong></span> 
     </span>
    </p>
   </div>
   <div class='ocr_carea' id='block_1_35' title="bbox 400 1999 1986 2079">
    <p class='ocr_par' dir='ltr' id='par_1_35' title="bbox 400 1999 1986 2079">
     <span class='ocr_line' id='line_1_35' title="bbox 400 1999 1986 2079; baseline -0.006 -20"><span class='ocrx_word' id='word_1_239' title='bbox 400 2004 642 2075; x_wconf 77' lang='lat' dir='ltr'><strong>diSponit</strong></span> <span class='ocrx_word' id='word_1_240' title='bbox 671 2015 835 2079; x_wconf 87' lang='lat' dir='ltr'><strong>atque</strong></span> <span class='ocrx_word' id='word_1_241' title='bbox 859 2003 1077 2059; x_wconf 82' lang='lat' dir='ltr'><strong>ordinat</strong></span> <span class='ocrx_word' id='word_1_242' title='bbox 1099 2002 1301 2067; x_wconf 86' lang='lat' dir='ltr'><strong>omnia,</strong></span> <span class='ocrx_word' id='word_1_243' title='bbox 1326 1999 1468 2075; x_wconf 85' lang='lat' dir='ltr'><strong>quod</strong></span> <span class='ocrx_word' id='word_1_244' title='bbox 1497 2000 1572 2054; x_wconf 88' lang='lat' dir='ltr'><strong>ita</strong></span> <span class='ocrx_word' id='word_1_245' title='bbox 1601 2010 1833 2068; x_wconf 87' lang='lat' dir='ltr'><strong>sequens</strong></span> <span class='ocrx_word' id='word_1_246' title='bbox 1864 2008 1986 2050; x_wconf 83' lang='lat' dir='ltr'><strong>sen—</strong></span> 
     </span>
    </p>
   </div>
   <div class='ocr_carea' id='block_1_36' title="bbox 402 2094 813 2164">
    <p class='ocr_par' dir='ltr' id='par_1_36' title="bbox 402 2094 813 2164">
     <span class='ocr_line' id='line_1_36' title="bbox 402 2094 813 2164; baseline 0.002 -17"><span class='ocrx_word' id='word_1_247' title='bbox 402 2095 570 2151; x_wconf 90' lang='lat' dir='ltr'><strong>tentia</strong></span> <span class='ocrx_word' id='word_1_248' title='bbox 600 2094 813 2164; x_wconf 86' lang='lat' dir='ltr'><strong>probat.</strong></span> 
     </span>
    </p>
   </div>
   <div class='ocr_carea' id='block_1_37' title="bbox 475 2177 1986 2257">
    <p class='ocr_par' dir='ltr' id='par_1_37' title="bbox 475 2177 1986 2257">
     <span class='ocr_line' id='line_1_37' title="bbox 475 2177 1986 2257; baseline -0.006 -18"><span class='ocrx_word' id='word_1_249' title='bbox 475 2183 552 2239; x_wconf 86' lang='lat' dir='ltr'><strong>Tu</strong></span> <span class='ocrx_word' id='word_1_250' title='bbox 582 2194 755 2239; x_wconf 86' lang='lat' dir='ltr'><strong>autem</strong></span> <span class='ocrx_word' id='word_1_251' title='bbox 782 2184 1082 2239; x_wconf 79' lang='lat' dir='ltr'><strong>dominator</strong></span> <span class='ocrx_word' id='word_1_252' title='bbox 1107 2182 1311 2239; x_wconf 82' lang='lat' dir='ltr'><strong>virtutis</strong></span> <span class='ocrx_word' id='word_1_253' title='bbox 1342 2197 1460 2235; x_wconf 86' lang='lat' dir='ltr'><strong>cum</strong></span> <span class='ocrx_word' id='word_1_254' title='bbox 1492 2177 1870 2257; x_wconf 82' lang='lat' dir='ltr'><strong>tranquillitate</strong></span> <span class='ocrx_word' id='word_1_255' title='bbox 1891 2177 1986 2248; x_wconf 82' lang='lat' dir='ltr'><strong>ju-</strong></span> 
     </span>
    </p>
   </div>
   <div class='ocr_carea' id='block_1_38' title="bbox 399 2269 1986 2348">
    <p class='ocr_par' dir='ltr' id='par_1_38' title="bbox 399 2269 1986 2348">
     <span class='ocr_line' id='line_1_38' title="bbox 399 2269 1986 2348; baseline -0.004 -19"><span class='ocrx_word' id='word_1_256' title='bbox 399 2277 569 2342; x_wconf 72' lang='lat' dir='ltr'><strong>rlicas,</strong></span> <span class='ocrx_word' id='word_1_257' title='bbox 597 2285 643 2331; x_wconf 88' lang='lat' dir='ltr'><strong>et</strong></span> <span class='ocrx_word' id='word_1_258' title='bbox 671 2292 790 2331; x_wconf 87' lang='lat' dir='ltr'><strong>cum</strong></span> <span class='ocrx_word' id='word_1_259' title='bbox 829 2292 1021 2348; x_wconf 70' lang='lat' dir='ltr'><strong>magna</strong></span> <span class='ocrx_word' id='word_1_260' title='bbox 1051 2274 1336 2330; x_wconf 85' lang='lat' dir='ltr'><strong>reverentia</strong></span> <span class='ocrx_word' id='word_1_261' title='bbox 1380 2272 1614 2343; x_wconf 77' lang='lat' dir='ltr'><strong>disponis</strong></span> <span class='ocrx_word' id='word_1_262' title='bbox 1658 2287 1785 2335; x_wconf 86' lang='lat' dir='ltr'><strong>nos;</strong></span> <span class='ocrx_word' id='word_1_263' title='bbox 1810 2269 1986 2324; x_wconf 87' lang='lat' dir='ltr'><strong>subest</strong></span> 
     </span>
    </p>
   </div>
   <div class='ocr_carea' id='block_1_39' title="bbox 398 2359 1985 2437">
    <p class='ocr_par' dir='ltr' id='par_1_39' title="bbox 398 2359 1985 2437">
     <span class='ocr_line' id='line_1_39' title="bbox 398 2359 1985 2437; baseline -0.005 -16"><span class='ocrx_word' id='word_1_264' title='bbox 398 2369 536 2423; x_wconf 81' lang='lat' dir='ltr'><strong>enim</strong></span> <span class='ocrx_word' id='word_1_265' title='bbox 582 2366 693 2430; x_wconf 87' lang='lat' dir='ltr'><strong>tibi,</strong></span> <span class='ocrx_word' id='word_1_266' title='bbox 728 2382 847 2420; x_wconf 88' lang='lat' dir='ltr'><strong>cum</strong></span> <span class='ocrx_word' id='word_1_267' title='bbox 894 2366 1137 2432; x_wconf 83' lang='lat' dir='ltr'><strong>volueris,</strong></span> <span class='ocrx_word' id='word_1_268' title='bbox 1182 2382 1352 2437; x_wconf 85' lang='lat' dir='ltr'><strong>posse.</strong></span> <span class='ocrx_word' id='word_1_269' title='bbox 1405 2363 1759 2431; x_wconf 88' lang='lat' dir='ltr'><strong>Omnipotens</strong></span> <span class='ocrx_word' id='word_1_270' title='bbox 1787 2359 1985 2430; x_wconf 79' lang='lat' dir='ltr'><strong>quippe</strong></span> 
     </span>
    </p>
   </div>
   <div class='ocr_carea' id='block_1_40' title="bbox 400 2452 1981 2526">
    <p class='ocr_par' dir='ltr' id='par_1_40' title="bbox 400 2452 1981 2526">
     <span class='ocr_line' id='line_1_40' title="bbox 400 2452 1981 2526; baseline -0.006 -13"><span class='ocrx_word' id='word_1_271' title='bbox 400 2458 544 2513; x_wconf 90' lang='lat' dir='ltr'><strong>Deus</strong></span> <span class='ocrx_word' id='word_1_272' title='bbox 571 2472 695 2513; x_wconf 88' lang='lat' dir='ltr'><strong>cum</strong></span> <span class='ocrx_word' id='word_1_273' title='bbox 729 2456 1116 2526; x_wconf 86' lang='lat' dir='ltr'><strong>tranquillitate</strong></span> <span class='ocrx_word' id='word_1_274' title='bbox 1143 2471 1254 2511; x_wconf 64' lang='lat' dir='ltr'><strong>sua:</strong></span> <span class='ocrx_word' id='word_1_275' title='bbox 1290 2462 1500 2509; x_wconf 78' lang='lat' dir='ltr'><strong>natura:</strong></span> <span class='ocrx_word' id='word_1_276' title='bbox 1533 2452 1743 2525; x_wconf 82' lang='lat' dir='ltr'><strong>judicat</strong></span> <span class='ocrx_word' id='word_1_277' title='bbox 1769 2452 1981 2517; x_wconf 89' lang='lat' dir='ltr'><strong>omnia,</strong></span> 
     </span>
    </p>
   </div>
   <div class='ocr_carea' id='block_1_41' title="bbox 399 2542 1981 2619">
    <p class='ocr_par' dir='ltr' id='par_1_41' title="bbox 399 2542 1981 2619">
     <span class='ocr_line' id='line_1_41' title="bbox 399 2542 1981 2619; baseline -0.004 -18"><span class='ocrx_word' id='word_1_278' title='bbox 399 2548 496 2605; x_wconf 87' lang='lat' dir='ltr'><strong>sed</strong></span> <span class='ocrx_word' id='word_1_279' title='bbox 525 2547 753 2619; x_wconf 84' lang='lat' dir='ltr'><strong>patienti</strong></span> <span class='ocrx_word' id='word_1_280' title='bbox 787 2547 1023 2605; x_wconf 87' lang='lat' dir='ltr'><strong>vindicta</strong></span> <span class='ocrx_word' id='word_1_281' title='bbox 1050 2546 1144 2605; x_wconf 87' lang='lat' dir='ltr'><strong>Dei</strong></span> <span class='ocrx_word' id='word_1_282' title='bbox 1170 2546 1383 2603; x_wconf 85' lang='lat' dir='ltr'><strong>videtur</strong></span> <span class='ocrx_word' id='word_1_283' title='bbox 1409 2559 1467 2600; x_wconf 90' lang='lat' dir='ltr'><strong>se</strong></span> <span class='ocrx_word' id='word_1_284' title='bbox 1495 2544 1768 2599; x_wconf 88' lang='lat' dir='ltr'><strong>sustinere</strong></span> <span class='ocrx_word' id='word_1_285' title='bbox 1815 2542 1948 2596; x_wconf 91' lang='lat' dir='ltr'><strong>iram</strong></span> <span class='ocrx_word' id='word_1_286' title='bbox 1966 2581 1981 2605; x_wconf 89' lang='lat'><strong>,</strong></span> 
     </span>
    </p>
   </div>
   <div class='ocr_carea' id='block_1_42' title="bbox 399 2634 1986 2710">
    <p class='ocr_par' dir='ltr' id='par_1_42' title="bbox 399 2634 1986 2710">
     <span class='ocr_line' id='line_1_42' title="bbox 399 2634 1986 2710; baseline -0.004 -17"><span class='ocrx_word' id='word_1_287' title='bbox 399 2656 519 2710; x_wconf 78' lang='lat' dir='ltr'><strong>quae</strong></span> <span class='ocrx_word' id='word_1_288' title='bbox 548 2640 711 2696; x_wconf 84' lang='lat' dir='ltr'><strong>etiam</strong></span> <span class='ocrx_word' id='word_1_289' title='bbox 762 2638 906 2697; x_wconf 85' lang='lat' dir='ltr'><strong>nulla</strong></span> <span class='ocrx_word' id='word_1_290' title='bbox 935 2646 1041 2704; x_wconf 87' lang='lat' dir='ltr'><strong>est,</strong></span> <span class='ocrx_word' id='word_1_291' title='bbox 1076 2638 1172 2694; x_wconf 88' lang='lat' dir='ltr'><strong>sed</strong></span> <span class='ocrx_word' id='word_1_292' title='bbox 1198 2636 1422 2693; x_wconf 67' lang='lat' dir='ltr'><strong>allectus</strong></span> <span class='ocrx_word' id='word_1_293' title='bbox 1471 2634 1693 2691; x_wconf 88' lang='lat' dir='ltr'><strong>humani</strong></span> <span class='ocrx_word' id='word_1_294' title='bbox 1740 2634 1881 2689; x_wconf 85' lang='lat' dir='ltr'><strong>sicut</strong></span> <span class='ocrx_word' id='word_1_295' title='bbox 1930 2638 1986 2687; x_wconf 89' lang='lat' dir='ltr'><strong>et</strong></span> 
     </span>
    </p>
   </div>
   <div class='ocr_carea' id='block_1_43' title="bbox 373 2728 1980 2799">
    <p class='ocr_par' dir='ltr' id='par_1_43' title="bbox 373 2728 1980 2799">
     <span class='ocr_line' id='line_1_43' title="bbox 373 2728 1980 2799; baseline -0.004 -15"><span class='ocrx_word' id='word_1_296' title='bbox 373 2729 646 2789; x_wconf 87' lang='lat' dir='ltr'><strong>.1ucmbra</strong></span> <span class='ocrx_word' id='word_1_297' title='bbox 692 2730 896 2799; x_wconf 86' lang='lat' dir='ltr'><strong>tropica</strong></span> <span class='ocrx_word' id='word_1_298' title='bbox 929 2728 1200 2784; x_wconf 90' lang='lat' dir='ltr'><strong>locutione</strong></span> <span class='ocrx_word' id='word_1_299' title='bbox 1250 2730 1360 2784; x_wconf 91' lang='lat' dir='ltr'><strong>Deo</strong></span> <span class='ocrx_word' id='word_1_300' title='bbox 1392 2728 1758 2790; x_wconf 87' lang='lat' dir='ltr'><strong>ascribuutur,</strong></span> <span class='ocrx_word' id='word_1_301' title='bbox 1796 2732 1857 2779; x_wconf 88' lang='lat' dir='ltr'><strong>ut</strong></span> <span class='ocrx_word' id='word_1_302' title='bbox 1894 2738 1980 2778; x_wconf 86' lang='lat' dir='ltr'><strong>se-</strong></span> 
     </span>
    </p>
   </div>
   <div class='ocr_carea' id='block_1_44' title="bbox 401 2817 1986 2889">
    <p class='ocr_par' dir='ltr' id='par_1_44' title="bbox 401 2817 1986 2889">
     <span class='ocr_line' id='line_1_44' title="bbox 401 2817 1986 2889; baseline -0.006 -11"><span class='ocrx_word' id='word_1_303' title='bbox 401 2824 640 2879; x_wconf 88' lang='lat' dir='ltr'><strong>cundum</strong></span> <span class='ocrx_word' id='word_1_304' title='bbox 686 2824 905 2880; x_wconf 89' lang='lat' dir='ltr'><strong>modum</strong></span> <span class='ocrx_word' id='word_1_305' title='bbox 950 2831 1194 2877; x_wconf 86' lang='lat' dir='ltr'><strong>nostrum</strong></span> <span class='ocrx_word' id='word_1_306' title='bbox 1225 2829 1282 2876; x_wconf 85' lang='lat' dir='ltr'><strong>et</strong></span> <span class='ocrx_word' id='word_1_307' title='bbox 1307 2817 1718 2889; x_wconf 79' lang='lat' dir='ltr'><strong>intelligentiam</strong></span> <span class='ocrx_word' id='word_1_308' title='bbox 1749 2831 1806 2870; x_wconf 90' lang='lat' dir='ltr'><strong>se</strong></span> <span class='ocrx_word' id='word_1_309' title='bbox 1855 2830 1986 2870; x_wconf 87' lang='lat' dir='ltr'><strong>con-</strong></span> 
     </span>
    </p>
   </div>
   <div class='ocr_carea' id='block_1_45' title="bbox 397 2904 1986 2983">
    <p class='ocr_par' dir='ltr' id='par_1_45' title="bbox 397 2904 1986 2983">
     <span class='ocr_line' id='line_1_45' title="bbox 397 2904 1986 2983; baseline -0.005 -16"><span class='ocrx_word' id='word_1_310' title='bbox 397 2913 633 2968; x_wconf 76' lang='lat' dir='ltr'><strong>forment</strong></span> <span class='ocrx_word' id='word_1_311' title='bbox 674 2912 886 2983; x_wconf 88' lang='lat' dir='ltr'><strong>eloquia</strong></span> <span class='ocrx_word' id='word_1_312' title='bbox 936 2912 1137 2967; x_wconf 80' lang='lat' dir='ltr'><strong>divina.</strong></span> <span class='ocrx_word' id='word_1_313' title='bbox 1171 2910 1326 2968; x_wconf 88' lang='lat' dir='ltr'><strong>Unde</strong></span> <span class='ocrx_word' id='word_1_314' title='bbox 1372 2917 1427 2964; x_wconf 90' lang='lat' dir='ltr'><strong>et</strong></span> <span class='ocrx_word' id='word_1_315' title='bbox 1458 2908 1711 2979; x_wconf 82' lang='lat' dir='ltr'><strong>leguntur</strong></span> <span class='ocrx_word' id='word_1_316' title='bbox 1739 2906 1792 2960; x_wconf 91' lang='lat' dir='ltr'><strong>in</strong></span> <span class='ocrx_word' id='word_1_317' title='bbox 1835 2904 1986 2960; x_wconf 87' lang='lat' dir='ltr'><strong>Scri-</strong></span> 
     </span>
    </p>
   </div>
   <div class='ocr_carea' id='block_1_46' title="bbox 396 2996 1983 3073">
    <p class='ocr_par' dir='ltr' id='par_1_46' title="bbox 396 2996 1983 3073">
     <span class='ocr_line' id='line_1_46' title="bbox 396 2996 1983 3073; baseline -0.004 -16"><span class='ocrx_word' id='word_1_318' title='bbox 396 3004 571 3073; x_wconf 84' lang='lat' dir='ltr'><strong>pturis</strong></span> <span class='ocrx_word' id='word_1_319' title='bbox 605 3021 617 3056; x_wconf 92' lang='lat'>:</span> <span class='ocrx_word' id='word_1_320' title='bbox 648 3000 801 3059; x_wconf 89' lang='lat' dir='ltr'><strong>Oculi</strong></span> <span class='ocrx_word' id='word_1_321' title='bbox 831 3001 946 3064; x_wconf 85' lang='lat' dir='ltr'><strong>Dei,</strong></span> <span class='ocrx_word' id='word_1_322' title='bbox 976 3010 1031 3057; x_wconf 90' lang='lat' dir='ltr'><strong>ct</strong></span> <span class='ocrx_word' id='word_1_323' title='bbox 1060 3015 1239 3066; x_wconf 85' lang='lat' dir='ltr'><strong>aures,</strong></span> <span class='ocrx_word' id='word_1_324' title='bbox 1271 3015 1353 3065; x_wconf 93' lang='lat' dir='ltr'><strong>os,</strong></span> <span class='ocrx_word' id='word_1_325' title='bbox 1385 3014 1577 3053; x_wconf 87' lang='lat' dir='ltr'><strong>manus</strong></span> <span class='ocrx_word' id='word_1_326' title='bbox 1607 3006 1661 3053; x_wconf 89' lang='lat' dir='ltr'><strong>et</strong></span> <span class='ocrx_word' id='word_1_327' title='bbox 1685 2998 1869 3067; x_wconf 85' lang='lat' dir='ltr'><strong>pedes,</strong></span> <span class='ocrx_word' id='word_1_328' title='bbox 1901 2996 1983 3050; x_wconf 89' lang='lat' dir='ltr'><strong>ira</strong></span> 
     </span>
    </p>
   </div>
   <div class='ocr_carea' id='block_1_47' title="bbox 395 3087 1982 3161">
    <p class='ocr_par' dir='ltr' id='par_1_47' title="bbox 395 3087 1982 3161">
     <span class='ocr_line' id='line_1_47' title="bbox 395 3087 1982 3161; baseline -0.004 -13"><span class='ocrx_word' id='word_1_329' title='bbox 395 3101 452 3151; x_wconf 87' lang='lat' dir='ltr'><strong>ct</strong></span> <span class='ocrx_word' id='word_1_330' title='bbox 485 3092 654 3159; x_wconf 82' lang='lat' dir='ltr'><strong>furor,</strong></span> <span class='ocrx_word' id='word_1_331' title='bbox 704 3102 759 3148; x_wconf 89' lang='lat' dir='ltr'><strong>et</strong></span> <span class='ocrx_word' id='word_1_332' title='bbox 798 3092 978 3151; x_wconf 69' lang='lat' dir='ltr'><strong>cmtcri</strong></span> <span class='ocrx_word' id='word_1_333' title='bbox 1008 3091 1233 3147; x_wconf 70' lang='lat' dir='ltr'><strong>allectus</strong></span> <span class='ocrx_word' id='word_1_334' title='bbox 1266 3090 1357 3161; x_wconf 86' lang='lat' dir='ltr'><strong>qui</strong></span> <span class='ocrx_word' id='word_1_335' title='bbox 1394 3089 1591 3145; x_wconf 82' lang='lat' dir='ltr'><strong>diversi</strong></span> <span class='ocrx_word' id='word_1_336' title='bbox 1639 3096 1766 3143; x_wconf 90' lang='lat' dir='ltr'><strong>sunt</strong></span> <span class='ocrx_word' id='word_1_337' title='bbox 1794 3088 1846 3142; x_wconf 90' lang='lat' dir='ltr'><strong>in</strong></span> <span class='ocrx_word' id='word_1_338' title='bbox 1879 3087 1982 3142; x_wconf 86' lang='lat' dir='ltr'><strong>bo-</strong></span> 
     </span>
    </p>
   </div>
   <div class='ocr_carea' id='block_1_48' title="bbox 397 3179 1982 3254">
    <p class='ocr_par' dir='ltr' id='par_1_48' title="bbox 397 3179 1982 3254">
     <span class='ocr_line' id='line_1_48' title="bbox 397 3179 1982 3254; baseline -0.003 -16"><span class='ocrx_word' id='word_1_339' title='bbox 397 3183 655 3249; x_wconf 80' lang='lat' dir='ltr'><strong>minibus,</strong></span> <span class='ocrx_word' id='word_1_340' title='bbox 687 3200 810 3244; x_wconf 91' lang='lat' dir='ltr'><strong>cum</strong></span> <span class='ocrx_word' id='word_1_341' title='bbox 838 3184 1065 3254; x_wconf 82' lang='lat' dir='ltr'><strong>simplex</strong></span> <span class='ocrx_word' id='word_1_342' title='bbox 1093 3191 1288 3240; x_wconf 87' lang='lat' dir='ltr'><strong>natura</strong></span> <span class='ocrx_word' id='word_1_343' title='bbox 1337 3181 1540 3235; x_wconf 89' lang='lat' dir='ltr'><strong>nullum</strong></span> <span class='ocrx_word' id='word_1_344' title='bbox 1569 3181 1768 3235; x_wconf 86' lang='lat' dir='ltr'><strong>habeat</strong></span> <span class='ocrx_word' id='word_1_345' title='bbox 1804 3179 1982 3234; x_wconf 80' lang='lat' dir='ltr'><strong>divor-</strong></span> 
     </span>
    </p>
   </div>
   <div class='ocr_carea' id='block_1_49' title="bbox 2085 1991 3673 2068">
    <p class='ocr_par' dir='ltr' id='par_1_49' title="bbox 2085 1991 3673 2068">
     <span class='ocr_line' id='line_1_49' title="bbox 2085 1991 3673 2068; baseline 0.009 -24"><span class='ocrx_word' id='word_1_346' title='bbox 2085 2008 2184 2063; x_wconf 67' lang='lat' dir='ltr'><strong>pus</strong></span> <span class='ocrx_word' id='word_1_347' title='bbox 2212 2001 2261 2046; x_wconf 75' lang='lat' dir='ltr'><strong>et</strong></span> <span class='ocrx_word' id='word_1_348' title='bbox 2288 1991 2462 2047; x_wconf 72' lang='lat' dir='ltr'><strong>locum</strong></span> <span class='ocrx_word' id='word_1_349' title='bbox 2498 2010 2593 2065; x_wconf 77' lang='lat' dir='ltr'><strong>per</strong></span> <span class='ocrx_word' id='word_1_350' title='bbox 2616 2010 2737 2066; x_wconf 69' lang='lat' dir='ltr'><strong>qua:</strong></span> <span class='ocrx_word' id='word_1_351' title='bbox 2772 1996 2975 2065; x_wconf 73' lang='lat' dir='ltr'><strong>possint</strong></span> <span class='ocrx_word' id='word_1_352' title='bbox 2994 1998 3197 2053; x_wconf 73' lang='lat' dir='ltr'><strong>mutari</strong></span> <span class='ocrx_word' id='word_1_353' title='bbox 3226 2016 3259 2052; x_wconf 78' lang='grc' dir='ltr'><em>α</em></span> <span class='ocrx_word' id='word_1_354' title='bbox 3290 2000 3528 2068; x_wconf 73' lang='lat' dir='ltr'><strong>mlitia,</strong></span> <span class='ocrx_word' id='word_1_355' title='bbox 3564 2020 3673 2059; x_wconf 68' lang='lat' dir='ltr'><strong>cum</strong></span> 
     </span>
    </p>
   </div>
   <div class='ocr_carea' id='block_1_50' title="bbox 2084 2084 3673 2163">
    <p class='ocr_par' dir='ltr' id='par_1_50' title="bbox 2084 2084 3673 2163">
     <span class='ocr_line' id='line_1_50' title="bbox 2084 2084 3673 2163; baseline 0.008 -26"><span class='ocrx_word' id='word_1_356' title='bbox 2084 2094 2282 2156; x_wconf 76' lang='lat' dir='ltr'><strong>quanta</strong></span> <span class='ocrx_word' id='word_1_357' title='bbox 2306 2084 2579 2156; x_wconf 75' lang='lat' dir='ltr'><strong>diligentia</strong></span> <span class='ocrx_word' id='word_1_358' title='bbox 2601 2086 2817 2157; x_wconf 68' lang='lat' dir='ltr'><strong>iudicas</strong></span> <span class='ocrx_word' id='word_1_359' title='bbox 2851 2086 2994 2157; x_wconf 78' lang='lat' dir='ltr'><strong>ﬁlios</strong></span> <span class='ocrx_word' id='word_1_360' title='bbox 3022 2096 3165 2155; x_wconf 78' lang='lat' dir='ltr'><strong>tuos,</strong></span> <span class='ocrx_word' id='word_1_361' title='bbox 3189 2107 3419 2157; x_wconf 74' lang='lat' dir='ltr'><strong>quorum</strong></span> <span class='ocrx_word' id='word_1_362' title='bbox 3445 2096 3673 2163; x_wconf 75' lang='lat' dir='ltr'><strong>parenti-</strong></span> 
     </span>
    </p>
   </div>
   <div class='ocr_carea' id='block_1_51' title="bbox 2086 2177 3677 2256">
    <p class='ocr_par' dir='ltr' id='par_1_51' title="bbox 2086 2177 3677 2256">
     <span class='ocr_line' id='line_1_51' title="bbox 2086 2177 3677 2256; baseline 0.006 -25"><span class='ocrx_word' id='word_1_363' title='bbox 2086 2177 2182 2232; x_wconf 79' lang='lat' dir='ltr'><strong>bus</strong></span> <span class='ocrx_word' id='word_1_364' title='bbox 2205 2178 2515 2249; x_wconf 78' lang='lat' dir='ltr'><strong>jurmnenta</strong></span> <span class='ocrx_word' id='word_1_365' title='bbox 2539 2188 2590 2234; x_wconf 80' lang='lat' dir='ltr'><strong>et</strong></span> <span class='ocrx_word' id='word_1_366' title='bbox 2677 2180 3036 2236; x_wconf 68' lang='lat' dir='ltr'><strong>comendatus</strong></span> <span class='ocrx_word' id='word_1_367' title='bbox 3063 2182 3255 2237; x_wconf 79' lang='lat' dir='ltr'><strong>dedisti</strong></span> <span class='ocrx_word' id='word_1_368' title='bbox 3280 2183 3677 2256; x_wconf 74' lang='lat' dir='ltr'><strong>bonarumpro-</strong></span> 
     </span>
    </p>
   </div>
   <div class='ocr_carea' id='block_1_52' title="bbox 2082 2268 3676 2343">
    <p class='ocr_par' dir='ltr' id='par_1_52' title="bbox 2082 2268 3676 2343">
     <span class='ocr_line' id='line_1_52' title="bbox 2082 2268 3676 2343; baseline 0.004 -19"><span class='ocrx_word' id='word_1_369' title='bbox 2082 2270 2410 2325; x_wconf 69' lang='lat' dir='ltr'><strong>missionum.</strong></span> <span class='ocrx_word' id='word_1_370' title='bbox 2446 2268 2643 2326; x_wconf 78' lang='lat' dir='ltr'><strong>Narrat</strong></span> <span class='ocrx_word' id='word_1_371' title='bbox 2679 2269 2821 2326; x_wconf 84' lang='lat' dir='ltr'><strong>liber</strong></span> <span class='ocrx_word' id='word_1_372' title='bbox 2848 2271 3065 2328; x_wconf 81' lang='lat' dir='ltr'><strong>Exodus</strong></span> <span class='ocrx_word' id='word_1_373' title='bbox 3106 2274 3380 2343; x_wconf 77' lang='lat' dir='ltr'><strong>quomodo</strong></span> <span class='ocrx_word' id='word_1_374' title='bbox 3422 2274 3676 2331; x_wconf 79' lang='lat' dir='ltr'><strong>Dominus</strong></span> 
     </span>
    </p>
   </div>
   <div class='ocr_carea' id='block_1_53' title="bbox 2082 2360 3675 2438">
    <p class='ocr_par' dir='ltr' id='par_1_53' title="bbox 2082 2360 3675 2438">
     <span class='ocr_line' id='line_1_53' title="bbox 2082 2360 3675 2438; baseline 0.004 -23"><span class='ocrx_word' id='word_1_375' title='bbox 2082 2375 2181 2432; x_wconf 91' lang='lat' dir='ltr'><strong>per</strong></span> <span class='ocrx_word' id='word_1_376' title='bbox 2208 2360 2426 2432; x_wconf 83' lang='lat' dir='ltr'><strong>Moysen</strong></span> <span class='ocrx_word' id='word_1_377' title='bbox 2454 2368 2512 2416; x_wconf 86' lang='lat' dir='ltr'><strong>et</strong></span> <span class='ocrx_word' id='word_1_378' title='bbox 2533 2362 2719 2417; x_wconf 82' lang='lat' dir='ltr'><strong>Aaron</strong></span> <span class='ocrx_word' id='word_1_379' title='bbox 2742 2364 2932 2418; x_wconf 83' lang='lat' dir='ltr'><strong>decem</strong></span> <span class='ocrx_word' id='word_1_380' title='bbox 2957 2362 3132 2434; x_wconf 84' lang='lat' dir='ltr'><strong>plagis</strong></span> <span class='ocrx_word' id='word_1_381' title='bbox 3167 2366 3487 2421; x_wconf 83' lang='lat' dir='ltr'><strong>verberaret</strong></span> <span class='ocrx_word' id='word_1_382' title='bbox 3506 2365 3675 2438; x_wconf 62' lang='lat' dir='ltr'><strong>Egy-</strong></span> 
     </span>
    </p>
   </div>
   <div class='ocr_carea' id='block_1_54' title="bbox 2083 2451 3674 2527">
    <p class='ocr_par' dir='ltr' id='par_1_54' title="bbox 2083 2451 3674 2527">
     <span class='ocr_line' id='line_1_54' title="bbox 2083 2451 3674 2527; baseline 0.003 -22"><span class='ocrx_word' id='word_1_383' title='bbox 2083 2451 2244 2522; x_wconf 86' lang='lat' dir='ltr'><strong>ptios,</strong></span> <span class='ocrx_word' id='word_1_384' title='bbox 2297 2452 2401 2507; x_wconf 89' lang='lat' dir='ltr'><strong>hoc</strong></span> <span class='ocrx_word' id='word_1_385' title='bbox 2454 2459 2570 2516; x_wconf 85' lang='lat' dir='ltr'><strong>est,</strong></span> <span class='ocrx_word' id='word_1_386' title='bbox 2600 2451 2789 2507; x_wconf 85' lang='lat' dir='ltr'><strong>hostes</strong></span> <span class='ocrx_word' id='word_1_387' title='bbox 2830 2452 3011 2523; x_wconf 86' lang='lat' dir='ltr'><strong>populi</strong></span> <span class='ocrx_word' id='word_1_388' title='bbox 3064 2452 3190 2519; x_wconf 83' lang='lat' dir='ltr'><strong>Dei,</strong></span> <span class='ocrx_word' id='word_1_389' title='bbox 3239 2463 3293 2510; x_wconf 88' lang='lat' dir='ltr'><strong>et</strong></span> <span class='ocrx_word' id='word_1_390' title='bbox 3346 2455 3493 2510; x_wconf 84' lang='lat' dir='ltr'><strong>inter</strong></span> <span class='ocrx_word' id='word_1_391' title='bbox 3535 2457 3674 2527; x_wconf 81' lang='lat' dir='ltr'><strong>ipsas</strong></span> 
     </span>
    </p>
   </div>
   <div class='ocr_carea' id='block_1_55' title="bbox 2083 2543 3674 2617">
    <p class='ocr_par' dir='ltr' id='par_1_55' title="bbox 2083 2543 3674 2617">
     <span class='ocr_line' id='line_1_55' title="bbox 2083 2543 3674 2617; baseline 0.004 -20"><span class='ocrx_word' id='word_1_392' title='bbox 2083 2545 2271 2616; x_wconf 80' lang='lat' dir='ltr'><strong>plagas</strong></span> <span class='ocrx_word' id='word_1_393' title='bbox 2320 2543 2596 2615; x_wconf 80' lang='lat' dir='ltr'><strong>respirare</strong></span> <span class='ocrx_word' id='word_1_394' title='bbox 2645 2558 2744 2599; x_wconf 86' lang='lat' dir='ltr'><strong>eos</strong></span> <span class='ocrx_word' id='word_1_395' title='bbox 2771 2544 3068 2614; x_wconf 75' lang='lat' dir='ltr'><strong>aliquando</strong></span> <span class='ocrx_word' id='word_1_396' title='bbox 3100 2546 3455 2606; x_wconf 85' lang='lat' dir='ltr'><strong>concederet.</strong></span> <span class='ocrx_word' id='word_1_397' title='bbox 3485 2558 3674 2617; x_wconf 75' lang='lat' dir='ltr'><strong>quate-</strong></span> 
     </span>
    </p>
   </div>
   <div class='ocr_carea' id='block_1_56' title="bbox 2084 2633 3673 2707">
    <p class='ocr_par' dir='ltr' id='par_1_56' title="bbox 2084 2633 3673 2707">
     <span class='ocr_line' id='line_1_56' title="bbox 2084 2633 3673 2707; baseline 0.004 -18"><span class='ocrx_word' id='word_1_398' title='bbox 2084 2650 2187 2689; x_wconf 88' lang='lat' dir='ltr'><strong>nus</strong></span> <span class='ocrx_word' id='word_1_399' title='bbox 2216 2633 2468 2701; x_wconf 82' lang='lat' dir='ltr'><strong>castigati</strong></span> <span class='ocrx_word' id='word_1_400' title='bbox 2499 2633 2867 2705; x_wconf 87' lang='lat' dir='ltr'><strong>corrigantur,</strong></span> <span class='ocrx_word' id='word_1_401' title='bbox 2898 2635 2992 2690; x_wconf 87' lang='lat' dir='ltr'><strong>sed</strong></span> <span class='ocrx_word' id='word_1_402' title='bbox 3020 2635 3148 2705; x_wconf 85' lang='lat' dir='ltr'><strong>quia</strong></span> <span class='ocrx_word' id='word_1_403' title='bbox 3173 2639 3673 2707; x_wconf 83' lang='lat' dir='ltr'><strong>perseverabantin</strong></span> 
     </span>
    </p>
   </div>
   <div class='ocr_carea' id='block_1_57' title="bbox 2084 2728 3675 2790">
    <p class='ocr_par' dir='ltr' id='par_1_57' title="bbox 2084 2728 3675 2790">
     <span class='ocr_line' id='line_1_57' title="bbox 2084 2728 3675 2790; baseline 0.006 -9"><span class='ocrx_word' id='word_1_404' title='bbox 2084 2728 2287 2783; x_wconf 85' lang='lat' dir='ltr'><strong>malitia</strong></span> <span class='ocrx_word' id='word_1_405' title='bbox 2316 2730 2496 2786; x_wconf 86' lang='lat' dir='ltr'><strong>divina</strong></span> <span class='ocrx_word' id='word_1_406' title='bbox 2526 2731 2938 2787; x_wconf 82' lang='lat' dir='ltr'><strong>trucidabantur</strong></span> <span class='ocrx_word' id='word_1_407' title='bbox 2964 2732 3222 2788; x_wconf 80' lang='lat' dir='ltr'><strong>vindicta.</strong></span> <span class='ocrx_word' id='word_1_408' title='bbox 3251 2732 3295 2787; x_wconf 85' lang='lat' dir='ltr'><strong>E</strong></span> <span class='ocrx_word' id='word_1_409' title='bbox 3319 2742 3516 2790; x_wconf 83' lang='lat' dir='ltr'><strong>contra</strong></span> <span class='ocrx_word' id='word_1_410' title='bbox 3550 2748 3675 2790; x_wconf 83' lang='lat' dir='ltr'><strong>vero</strong></span> 
     </span>
    </p>
   </div>
   <div class='ocr_carea' id='block_1_58' title="bbox 2083 2820 3674 2899">
    <p class='ocr_par' dir='ltr' id='par_1_58' title="bbox 2083 2820 3674 2899">
     <span class='ocr_line' id='line_1_58' title="bbox 2083 2820 3674 2899; baseline 0.006 -25"><span class='ocrx_word' id='word_1_411' title='bbox 2083 2820 2312 2891; x_wconf 89' lang='lat' dir='ltr'><strong>populus</strong></span> <span class='ocrx_word' id='word_1_412' title='bbox 2356 2822 2453 2878; x_wconf 85' lang='lat' dir='ltr'><strong>Dei</strong></span> <span class='ocrx_word' id='word_1_413' title='bbox 2493 2823 2693 2894; x_wconf 87' lang='lat' dir='ltr'><strong>quibus</strong></span> <span class='ocrx_word' id='word_1_414' title='bbox 2721 2825 3011 2895; x_wconf 83' lang='lat' dir='ltr'><strong>promissio</strong></span> <span class='ocrx_word' id='word_1_415' title='bbox 3048 2825 3194 2881; x_wconf 75' lang='lat' dir='ltr'><strong>facta</strong></span> <span class='ocrx_word' id='word_1_416' title='bbox 3224 2833 3408 2882; x_wconf 85' lang='lat' dir='ltr'><strong>est-et</strong></span> <span class='ocrx_word' id='word_1_417' title='bbox 3435 2827 3674 2899; x_wconf 76' lang='lat' dir='ltr'><strong>patribus</strong></span> 
     </span>
    </p>
   </div>
   <div class='ocr_carea' id='block_1_59' title="bbox 2084 2917 3677 2989">
    <p class='ocr_par' dir='ltr' id='par_1_59' title="bbox 2084 2917 3677 2989">
     <span class='ocr_line' id='line_1_59' title="bbox 2084 2917 3677 2989; baseline 0.007 -24"><span class='ocrx_word' id='word_1_418' title='bbox 2084 2925 2273 2967; x_wconf 80' lang='lat' dir='ltr'><strong>eorum</strong></span> <span class='ocrx_word' id='word_1_419' title='bbox 2322 2928 2517 2984; x_wconf 90' lang='lat' dir='ltr'><strong>parum</strong></span> <span class='ocrx_word' id='word_1_420' title='bbox 2563 2917 3019 2987; x_wconf 83' lang='lat' dir='ltr'><strong>corripiebantur,</strong></span> <span class='ocrx_word' id='word_1_421' title='bbox 3072 2918 3382 2989; x_wconf 81' lang='lat' dir='ltr'><strong>partimque</strong></span> <span class='ocrx_word' id='word_1_422' title='bbox 3436 2919 3677 2975; x_wconf 77' lang='lat' dir='ltr'><strong>consola-</strong></span> 
     </span>
    </p>
   </div>
   <div class='ocr_carea' id='block_1_60' title="bbox 2082 3000 3673 3078">
    <p class='ocr_par' dir='ltr' id='par_1_60' title="bbox 2082 3000 3673 3078">
     <span class='ocr_line' id='line_1_60' title="bbox 2082 3000 3673 3078; baseline 0.006 -23"><span class='ocrx_word' id='word_1_423' title='bbox 2082 3000 2313 3069; x_wconf 80' lang='lat' dir='ltr'><strong>bantur,</strong></span> <span class='ocrx_word' id='word_1_424' title='bbox 2364 3018 2647 3077; x_wconf 88' lang='lat' dir='ltr'><strong>quousqne</strong></span> <span class='ocrx_word' id='word_1_425' title='bbox 2699 3007 3000 3078; x_wconf 82' lang='lat' dir='ltr'><strong>disciplinis</strong></span> <span class='ocrx_word' id='word_1_426' title='bbox 3055 3009 3262 3064; x_wconf 86' lang='lat' dir='ltr'><strong>erudiri</strong></span> <span class='ocrx_word' id='word_1_427' title='bbox 3315 3011 3673 3065; x_wconf 80' lang='lat' dir='ltr'><strong>sustinebant.</strong></span> 
     </span>
    </p>
   </div>
   <div class='ocr_carea' id='block_1_61' title="bbox 2082 3089 3680 3172">
    <p class='ocr_par' dir='ltr' id='par_1_61' title="bbox 2082 3089 3680 3172">
     <span class='ocr_line' id='line_1_61' title="bbox 2082 3089 3680 3172; baseline 0.011 -27"><span class='ocrx_word' id='word_1_428' title='bbox 2082 3089 2374 3164; x_wconf 87' lang='lat' dir='ltr'><strong>Postquam</strong></span> <span class='ocrx_word' id='word_1_429' title='bbox 2405 3106 2584 3152; x_wconf 84' lang='lat' dir='ltr'><strong>autem</strong></span> <span class='ocrx_word' id='word_1_430' title='bbox 2618 3099 2965 3171; x_wconf 76' lang='lat' dir='ltr'><strong>Evangelium</strong></span> <span class='ocrx_word' id='word_1_431' title='bbox 3003 3100 3208 3157; x_wconf 86' lang='lat' dir='ltr'><strong>Christi</strong></span> <span class='ocrx_word' id='word_1_432' title='bbox 3248 3111 3596 3172; x_wconf 72' lang='lat' dir='ltr'><strong>spreverunt,</strong></span> <span class='ocrx_word' id='word_1_433' title='bbox 3624 3111 3680 3158; x_wconf 67' lang='grc' dir='ltr'><strong>α</strong></span> 
     </span>
    </p>
   </div>
   <div class='ocr_carea' id='block_1_62' title="bbox 2083 3179 3678 3253">
    <p class='ocr_par' dir='ltr' id='par_1_62' title="bbox 2083 3179 3678 3253">
     <span class='ocr_line' id='line_1_62' title="bbox 2083 3179 3678 3253; baseline 0.008 -19"><span class='ocrx_word' id='word_1_434' title='bbox 2083 3179 2279 3237; x_wconf 85' lang='lat' dir='ltr'><strong>Filium</strong></span> <span class='ocrx_word' id='word_1_435' title='bbox 2309 3184 2402 3239; x_wconf 90' lang='lat' dir='ltr'><strong>Dei</strong></span> <span class='ocrx_word' id='word_1_436' title='bbox 2430 3187 2835 3253; x_wconf 81' lang='lat' dir='ltr'><strong>erucilixerunt,</strong></span> <span class='ocrx_word' id='word_1_437' title='bbox 2867 3191 3101 3248; x_wconf 86' lang='lat' dir='ltr'><strong>miriﬁco</strong></span> <span class='ocrx_word' id='word_1_438' title='bbox 3125 3191 3288 3247; x_wconf 88' lang='lat' dir='ltr'><strong>modo</strong></span> <span class='ocrx_word' id='word_1_439' title='bbox 3310 3194 3381 3248; x_wconf 88' lang='lat' dir='ltr'><strong>de</strong></span> <span class='ocrx_word' id='word_1_440' title='bbox 3408 3194 3602 3249; x_wconf 82' lang='lat' dir='ltr'><strong>amicis</strong></span> <span class='ocrx_word' id='word_1_441' title='bbox 3624 3193 3678 3247; x_wconf 87' lang='lat' dir='ltr'><strong>ia</strong></span> 
     </span>
    </p>
   </div>
   <div class='ocr_carea' id='block_1_63' title="bbox 397 3255 3678 3355">
    <p class='ocr_par' dir='ltr' id='par_1_63' title="bbox 397 3255 3678 3355">
     <span class='ocr_line' id='line_1_63' title="bbox 397 3255 3678 3355; baseline 0.002 -24"><span class='ocrx_word' id='word_1_442' title='bbox 397 3276 557 3342; x_wconf 81' lang='lat' dir='ltr'><strong>tium,</strong></span> <span class='ocrx_word' id='word_1_443' title='bbox 583 3292 684 3331; x_wconf 89' lang='lat' dir='ltr'><strong>nec</strong></span> <span class='ocrx_word' id='word_1_444' title='bbox 708 3291 836 3333; x_wconf 85' lang='lat' dir='ltr'><strong>vera</strong></span> <span class='ocrx_word' id='word_1_445' title='bbox 866 3277 1052 3334; x_wconf 84' lang='lat' dir='ltr'><strong>unitas</strong></span> <span class='ocrx_word' id='word_1_446' title='bbox 1084 3273 1245 3329; x_wconf 84' lang='lat' dir='ltr'><strong>ullam</strong></span> <span class='ocrx_word' id='word_1_447' title='bbox 1271 3272 1496 3347; x_wconf 86' lang='lat' dir='ltr'><strong>recipiat</strong></span> <span class='ocrx_word' id='word_1_448' title='bbox 1522 3272 1865 3336; x_wconf 84' lang='lat' dir='ltr'><strong>divisionem,</strong></span> <span class='ocrx_word' id='word_1_449' title='bbox 1889 3271 1984 3327; x_wconf 87' lang='lat' dir='ltr'><strong>sed</strong></span> <span class='ocrx_word' id='word_1_450' title='bbox 2013 3255 2058 3317; x_wconf 67' lang='grc' dir='ltr'><strong>(ἶ</strong></span> <span class='ocrx_word' id='word_1_451' title='bbox 2090 3271 2339 3331; x_wconf 87' lang='lat' dir='ltr'><strong>inimicos</strong></span> <span class='ocrx_word' id='word_1_452' title='bbox 2364 3286 2491 3332; x_wconf 75' lang='lat' dir='ltr'><strong>sunt</strong></span> <span class='ocrx_word' id='word_1_453' title='bbox 2516 3281 2786 3347; x_wconf 87' lang='lat' dir='ltr'><strong>conversi,</strong></span> <span class='ocrx_word' id='word_1_454' title='bbox 2813 3290 2870 3337; x_wconf 88' lang='lat' dir='ltr'><strong>et</strong></span> <span class='ocrx_word' id='word_1_455' title='bbox 2894 3282 3016 3339; x_wconf 89' lang='lat' dir='ltr'><strong>ideo</strong></span> <span class='ocrx_word' id='word_1_456' title='bbox 3038 3284 3108 3338; x_wconf 83' lang='lat' dir='ltr'><strong>de</strong></span> <span class='ocrx_word' id='word_1_457' title='bbox 3138 3284 3363 3355; x_wconf 86' lang='lat' dir='ltr'><strong>propria</strong></span> <span class='ocrx_word' id='word_1_458' title='bbox 3390 3294 3540 3341; x_wconf 83' lang='lat' dir='ltr'><strong>terra</strong></span> <span class='ocrx_word' id='word_1_459' title='bbox 3568 3284 3678 3353; x_wconf 60' lang='lat' dir='ltr'><strong>eie-</strong></span> 
     </span>
    </p>
   </div>
   <div class='ocr_carea' id='block_1_64' title="bbox 392 3362 1984 3438">
    <p class='ocr_par' dir='ltr' id='par_1_64' title="bbox 392 3362 1984 3438">
     <span class='ocr_line' id='line_1_64' title="bbox 392 3362 1984 3438; baseline -0.003 -17"><span class='ocrx_word' id='word_1_460' title='bbox 392 3366 716 3438; x_wconf 86' lang='lat' dir='ltr'><strong>multiplicia</strong></span> <span class='ocrx_word' id='word_1_461' title='bbox 745 3382 810 3424; x_wconf 88' lang='lat' dir='ltr'><strong>ac</strong></span> <span class='ocrx_word' id='word_1_462' title='bbox 835 3366 1045 3421; x_wconf 79' lang='lat' dir='ltr'><strong>diversa</strong></span> <span class='ocrx_word' id='word_1_463' title='bbox 1075 3379 1237 3436; x_wconf 83' lang='lat' dir='ltr'><strong>opera</strong></span> <span class='ocrx_word' id='word_1_464' title='bbox 1270 3379 1408 3419; x_wconf 88' lang='lat' dir='ltr'><strong>unus</strong></span> <span class='ocrx_word' id='word_1_465' title='bbox 1449 3371 1612 3433; x_wconf 90' lang='lat' dir='ltr'><strong>atque</strong></span> <span class='ocrx_word' id='word_1_466' title='bbox 1654 3362 1796 3417; x_wconf 87' lang='lat' dir='ltr'><strong>idem</strong></span> <span class='ocrx_word' id='word_1_467' title='bbox 1842 3377 1984 3417; x_wconf 80' lang='lat' dir='ltr'><strong>sem-</strong></span> 
     </span>
    </p>
   </div>
   <div class='ocr_carea' id='block_1_65' title="bbox 393 3452 1982 3529">
    <p class='ocr_par' dir='ltr' id='par_1_65' title="bbox 393 3452 1982 3529">
     <span class='ocr_line' id='line_1_65' title="bbox 393 3452 1982 3529; baseline -0.005 -14"><span class='ocrx_word' id='word_1_468' title='bbox 393 3474 493 3529; x_wconf 89' lang='lat' dir='ltr'><strong>per</strong></span> <span class='ocrx_word' id='word_1_469' title='bbox 521 3468 779 3529; x_wconf 86' lang='lat' dir='ltr'><strong>operatur</strong></span> <span class='ocrx_word' id='word_1_470' title='bbox 807 3459 979 3521; x_wconf 90' lang='lat' dir='ltr'><strong>Deus,</strong></span> <span class='ocrx_word' id='word_1_471' title='bbox 1024 3456 1091 3512; x_wconf 86' lang='lat' dir='ltr'><strong>de</strong></span> <span class='ocrx_word' id='word_1_472' title='bbox 1135 3472 1243 3528; x_wconf 88' lang='lat' dir='ltr'><strong>quo</strong></span> <span class='ocrx_word' id='word_1_473' title='bbox 1271 3464 1325 3511; x_wconf 88' lang='lat' dir='ltr'><strong>et</strong></span> <span class='ocrx_word' id='word_1_474' title='bbox 1350 3470 1449 3525; x_wconf 89' lang='lat' dir='ltr'><strong>per</strong></span> <span class='ocrx_word' id='word_1_475' title='bbox 1492 3452 1815 3523; x_wconf 86' lang='lat' dir='ltr'><strong>Prophetam</strong></span> <span class='ocrx_word' id='word_1_476' title='bbox 1846 3452 1982 3508; x_wconf 87' lang='lat' dir='ltr'><strong>diei-</strong></span> 
     </span>
    </p>
   </div>
   <div class='ocr_carea' id='block_1_66' title="bbox 395 3544 1984 3614">
    <p class='ocr_par' dir='ltr' id='par_1_66' title="bbox 395 3544 1984 3614">
     <span class='ocr_line' id='line_1_66' title="bbox 395 3544 1984 3614; baseline -0.004 -9"><span class='ocrx_word' id='word_1_477' title='bbox 395 3559 522 3606; x_wconf 88' lang='lat' dir='ltr'><strong>tur:</strong></span> <span class='ocrx_word' id='word_1_478' title='bbox 559 3548 749 3609; x_wconf 80' lang='lat' dir='ltr'><strong>Omnia</strong></span> <span class='ocrx_word' id='word_1_479' title='bbox 779 3559 833 3608; x_wconf 88' lang='lat' dir='ltr'><strong>ut</strong></span> <span class='ocrx_word' id='word_1_480' title='bbox 863 3550 1223 3605; x_wconf 84' lang='lat' dir='ltr'><strong>vestimentum</strong></span> <span class='ocrx_word' id='word_1_481' title='bbox 1245 3557 1579 3614; x_wconf 81' lang='lat' dir='ltr'><strong>veterascent,</strong></span> <span class='ocrx_word' id='word_1_482' title='bbox 1610 3556 1658 3601; x_wconf 85' lang='lat' dir='ltr'><strong>et</strong></span> <span class='ocrx_word' id='word_1_483' title='bbox 1689 3544 1824 3600; x_wconf 83' lang='lat' dir='ltr'><strong>velut</strong></span> <span class='ocrx_word' id='word_1_484' title='bbox 1849 3546 1984 3599; x_wconf 89' lang='lat' dir='ltr'><strong>ami-</strong></span> 
     </span>
    </p>
   </div>
   <div class='ocr_carea' id='block_1_67' title="bbox 396 3635 1982 3707">
    <p class='ocr_par' dir='ltr' id='par_1_67' title="bbox 396 3635 1982 3707">
     <span class='ocr_line' id='line_1_67' title="bbox 396 3635 1982 3707; baseline -0.004 -11"><span class='ocrx_word' id='word_1_485' title='bbox 396 3652 537 3699; x_wconf 87' lang='lat' dir='ltr'><strong>ctum</strong></span> <span class='ocrx_word' id='word_1_486' title='bbox 585 3641 812 3701; x_wconf 85' lang='lat' dir='ltr'><strong>mutabis</strong></span> <span class='ocrx_word' id='word_1_487' title='bbox 846 3659 937 3707; x_wconf 79' lang='lat' dir='ltr'><strong>ea,</strong></span> <span class='ocrx_word' id='word_1_488' title='bbox 979 3650 1027 3696; x_wconf 89' lang='lat' dir='ltr'><strong>et</strong></span> <span class='ocrx_word' id='word_1_489' title='bbox 1086 3639 1477 3698; x_wconf 85' lang='lat' dir='ltr'><strong>mutabuntur:</strong></span> <span class='ocrx_word' id='word_1_490' title='bbox 1528 3648 1582 3692; x_wconf 90' lang='lat' dir='ltr'><strong>tu</strong></span> <span class='ocrx_word' id='word_1_491' title='bbox 1628 3647 1802 3691; x_wconf 81' lang='lat' dir='ltr'><strong>autem</strong></span> <span class='ocrx_word' id='word_1_492' title='bbox 1843 3635 1982 3690; x_wconf 89' lang='lat' dir='ltr'><strong>idem</strong></span> 
     </span>
    </p>
   </div>
   <div class='ocr_carea' id='block_1_68' title="bbox 393 3726 1981 3802">
    <p class='ocr_par' dir='ltr' id='par_1_68' title="bbox 393 3726 1981 3802">
     <span class='ocr_line' id='line_1_68' title="bbox 393 3726 1981 3802; baseline -0.003 -17"><span class='ocrx_word' id='word_1_493' title='bbox 393 3733 502 3801; x_wconf 82' lang='lat' dir='ltr'><strong>ipse</strong></span> <span class='ocrx_word' id='word_1_494' title='bbox 530 3749 605 3797; x_wconf 87' lang='lat' dir='ltr'><strong>es,</strong></span> <span class='ocrx_word' id='word_1_495' title='bbox 629 3742 676 3787; x_wconf 88' lang='lat' dir='ltr'><strong>et</strong></span> <span class='ocrx_word' id='word_1_496' title='bbox 701 3733 827 3786; x_wconf 86' lang='lat' dir='ltr'><strong>anni</strong></span> <span class='ocrx_word' id='word_1_497' title='bbox 851 3732 927 3786; x_wconf 86' lang='lat' dir='ltr'><strong>tui</strong></span> <span class='ocrx_word' id='word_1_498' title='bbox 955 3748 1059 3785; x_wconf 90' lang='lat' dir='ltr'><strong>non</strong></span> <span class='ocrx_word' id='word_1_499' title='bbox 1087 3730 1328 3801; x_wconf 81' lang='lat' dir='ltr'><strong>deﬁcient</strong></span> <span class='ocrx_word' id='word_1_500' title='bbox 1359 3727 1531 3802; x_wconf 84' lang='lat' dir='ltr'><strong>(Psal.</strong></span> <span class='ocrx_word' id='word_1_501' title='bbox 1562 3727 1657 3800; x_wconf 73' lang='lat' dir='ltr'><strong>cn).</strong></span> <span class='ocrx_word' id='word_1_502' title='bbox 1686 3726 1821 3781; x_wconf 77' lang='lat' dir='ltr'><strong>Nam</strong></span> <span class='ocrx_word' id='word_1_503' title='bbox 1846 3734 1901 3781; x_wconf 88' lang='lat' dir='ltr'><strong>et</strong></span> <span class='ocrx_word' id='word_1_504' title='bbox 1925 3726 1981 3781; x_wconf 86' lang='lat' dir='ltr'><strong>in</strong></span> 
     </span>
    </p>
   </div>
   <div class='ocr_carea' id='block_1_69' title="bbox 394 3819 1982 3897">
    <p class='ocr_par' dir='ltr' id='par_1_69' title="bbox 394 3819 1982 3897">
     <span class='ocr_line' id='line_1_69' title="bbox 394 3819 1982 3897; baseline -0.003 -20"><span class='ocrx_word' id='word_1_505' title='bbox 394 3824 614 3880; x_wconf 70' lang='lat' dir='ltr'><strong>Michaza</strong></span> <span class='ocrx_word' id='word_1_506' title='bbox 642 3826 902 3897; x_wconf 82' lang='lat' dir='ltr'><strong>propheta</strong></span> <span class='ocrx_word' id='word_1_507' title='bbox 946 3824 1022 3880; x_wconf 89' lang='lat' dir='ltr'><strong>ita</strong></span> <span class='ocrx_word' id='word_1_508' title='bbox 1064 3824 1325 3895; x_wconf 89' lang='lat' dir='ltr'><strong>scriptum</strong></span> <span class='ocrx_word' id='word_1_509' title='bbox 1356 3832 1482 3878; x_wconf 90' lang='lat' dir='ltr'><strong>est:</strong></span> <span class='ocrx_word' id='word_1_510' title='bbox 1533 3820 1846 3893; x_wconf 84' lang='lat' dir='ltr'><strong>Egredietur</strong></span> <span class='ocrx_word' id='word_1_511' title='bbox 1878 3819 1982 3874; x_wconf 80' lang='lat' dir='ltr'><strong>Do—</strong></span> 
     </span>
    </p>
   </div>
   <div class='ocr_carea' id='block_1_70' title="bbox 393 3913 1981 3984">
    <p class='ocr_par' dir='ltr' id='par_1_70' title="bbox 393 3913 1981 3984">
     <span class='ocr_line' id='line_1_70' title="bbox 393 3913 1981 3984; baseline -0.001 -15"><span class='ocrx_word' id='word_1_512' title='bbox 393 3917 566 3971; x_wconf 86' lang='lat' dir='ltr'><strong>minus</strong></span> <span class='ocrx_word' id='word_1_513' title='bbox 594 3921 658 3971; x_wconf 88' lang='lat' dir='ltr'><strong>de</strong></span> <span class='ocrx_word' id='word_1_514' title='bbox 683 3916 795 3977; x_wconf 90' lang='lat' dir='ltr'><strong>loco</strong></span> <span class='ocrx_word' id='word_1_515' title='bbox 820 3934 941 3983; x_wconf 89' lang='lat' dir='ltr'><strong>suo,</strong></span> <span class='ocrx_word' id='word_1_516' title='bbox 970 3926 1018 3972; x_wconf 87' lang='lat' dir='ltr'><strong>et</strong></span> <span class='ocrx_word' id='word_1_517' title='bbox 1047 3916 1321 3971; x_wconf 85' lang='lat' dir='ltr'><strong>descendet</strong></span> <span class='ocrx_word' id='word_1_518' title='bbox 1367 3923 1415 3969; x_wconf 89' lang='lat' dir='ltr'><strong>et</strong></span> <span class='ocrx_word' id='word_1_519' title='bbox 1442 3913 1660 3969; x_wconf 85' lang='lat' dir='ltr'><strong>calcabit</strong></span> <span class='ocrx_word' id='word_1_520' title='bbox 1698 3930 1855 3984; x_wconf 86' lang='lat' dir='ltr'><strong>super</strong></span> <span class='ocrx_word' id='word_1_521' title='bbox 1890 3927 1981 3967; x_wconf 84' lang='lat' dir='ltr'><strong>ea:-</strong></span> 
     </span>
    </p>
   </div>
   <div class='ocr_carea' id='block_1_71' title="bbox 392 4000 1981 4073">
    <p class='ocr_par' dir='ltr' id='par_1_71' title="bbox 392 4000 1981 4073">
     <span class='ocr_line' id='line_1_71' title="bbox 392 4000 1981 4073; baseline -0.004 -12"><span class='ocrx_word' id='word_1_522' title='bbox 392 4006 529 4063; x_wconf 83' lang='lat' dir='ltr'><strong>celsa</strong></span> <span class='ocrx_word' id='word_1_523' title='bbox 557 4017 732 4073; x_wconf 80' lang='lat' dir='ltr'><strong>teme,</strong></span> <span class='ocrx_word' id='word_1_524' title='bbox 763 4016 809 4063; x_wconf 86' lang='lat' dir='ltr'><strong>et</strong></span> <span class='ocrx_word' id='word_1_525' title='bbox 837 4018 1264 4063; x_wconf 86' lang='lat' dir='ltr'><strong>consummentur</strong></span> <span class='ocrx_word' id='word_1_526' title='bbox 1289 4016 1484 4061; x_wconf 84' lang='lat' dir='ltr'><strong>mentes</strong></span> <span class='ocrx_word' id='word_1_527' title='bbox 1506 4006 1685 4061; x_wconf 86' lang='lat' dir='ltr'><strong>subter</strong></span> <span class='ocrx_word' id='word_1_528' title='bbox 1710 4021 1844 4067; x_wconf 89' lang='lat' dir='ltr'><strong>eam,</strong></span> <span class='ocrx_word' id='word_1_529' title='bbox 1870 4000 1981 4057; x_wconf 81' lang='lat' dir='ltr'><strong>val-</strong></span> 
     </span>
    </p>
   </div>
   <div class='ocr_carea' id='block_1_72' title="bbox 388 4094 1979 4171">
    <p class='ocr_par' dir='ltr' id='par_1_72' title="bbox 388 4094 1979 4171">
     <span class='ocr_line' id='line_1_72' title="bbox 388 4094 1979 4171; baseline -0.004 -16"><span class='ocrx_word' id='word_1_530' title='bbox 388 4099 567 4169; x_wconf 80' lang='lat' dir='ltr'><strong>lesque</strong></span> <span class='ocrx_word' id='word_1_531' title='bbox 591 4098 896 4159; x_wconf 86' lang='lat' dir='ltr'><strong>scindentur</strong></span> <span class='ocrx_word' id='word_1_532' title='bbox 912 4096 1097 4171; x_wconf 78' lang='lat' dir='ltr'><strong>(Mich.</strong></span> <span class='ocrx_word' id='word_1_533' title='bbox 1123 4097 1183 4171; x_wconf 91' lang='lat'><strong>1).</strong></span> <span class='ocrx_word' id='word_1_534' title='bbox 1209 4097 1265 4152; x_wconf 86' lang='lat' dir='ltr'><strong>in</strong></span> <span class='ocrx_word' id='word_1_535' title='bbox 1284 4098 1436 4153; x_wconf 72' lang='lat' dir='ltr'><strong>lsaim</strong></span> <span class='ocrx_word' id='word_1_536' title='bbox 1451 4112 1664 4170; x_wconf 89' lang='lat' dir='ltr'><strong>quoque</strong></span> <span class='ocrx_word' id='word_1_537' title='bbox 1689 4113 1701 4151; x_wconf 90' lang='lat'><strong>:</strong></span> <span class='ocrx_word' id='word_1_538' title='bbox 1727 4094 1979 4149; x_wconf 85' lang='lat' dir='ltr'><strong>Dominus</strong></span> 
     </span>
    </p>
   </div>
   <div class='ocr_carea' id='block_1_73' title="bbox 387 4186 1982 4262">
    <p class='ocr_par' dir='ltr' id='par_1_73' title="bbox 387 4186 1982 4262">
     <span class='ocr_line' id='line_1_73' title="bbox 387 4186 1982 4262; baseline -0.005 -14"><span class='ocrx_word' id='word_1_539' title='bbox 387 4191 943 4262; x_wconf 81' lang='lat' dir='ltr'><strong>virtutuntegredietut</strong></span> <span class='ocrx_word' id='word_1_540' title='bbox 968 4199 1019 4249; x_wconf 76' lang='lat' dir='ltr'><strong>et.</strong></span> <span class='ocrx_word' id='word_1_541' title='bbox 1037 4200 1259 4244; x_wconf 84' lang='lat' dir='ltr'><strong>conteret</strong></span> <span class='ocrx_word' id='word_1_542' title='bbox 1290 4188 1499 4254; x_wconf 86' lang='lat' dir='ltr'><strong>bellum,</strong></span> <span class='ocrx_word' id='word_1_543' title='bbox 1524 4198 1571 4242; x_wconf 84' lang='lat' dir='ltr'><strong>et</strong></span> <span class='ocrx_word' id='word_1_544' title='bbox 1599 4186 1865 4243; x_wconf 83' lang='lat' dir='ltr'><strong>suscitabit</strong></span> <span class='ocrx_word' id='word_1_545' title='bbox 1882 4203 1982 4241; x_wconf 78' lang='lat' dir='ltr'><strong>ca:-</strong></span> 
     </span>
    </p>
   </div>
   <div class='ocr_carea' id='block_1_74' title="bbox 389 4277 1974 4353">
    <p class='ocr_par' dir='ltr' id='par_1_74' title="bbox 389 4277 1974 4353">
     <span class='ocr_line' id='line_1_74' title="bbox 389 4277 1974 4353; baseline -0.003 -17"><span class='ocrx_word' id='word_1_546' title='bbox 389 4281 586 4349; x_wconf 78' lang='lat' dir='ltr'><strong>lum,et</strong></span> <span class='ocrx_word' id='word_1_547' title='bbox 608 4280 855 4341; x_wconf 79' lang='lat' dir='ltr'><strong>clamabit</strong></span> <span class='ocrx_word' id='word_1_548' title='bbox 877 4299 1035 4353; x_wconf 86' lang='lat' dir='ltr'><strong>super</strong></span> <span class='ocrx_word' id='word_1_549' title='bbox 1047 4283 1218 4337; x_wconf 78' lang='lat' dir='ltr'><strong>hostes</strong></span> <span class='ocrx_word' id='word_1_550' title='bbox 1232 4299 1356 4339; x_wconf 85' lang='lat' dir='ltr'><strong>suos</strong></span> <span class='ocrx_word' id='word_1_551' title='bbox 1378 4297 1493 4335; x_wconf 89' lang='lat' dir='ltr'><strong>cum</strong></span> <span class='ocrx_word' id='word_1_552' title='bbox 1518 4279 1823 4350; x_wconf 77' lang='lat' dir='ltr'><strong>fortitudine</strong></span> <span class='ocrx_word' id='word_1_553' title='bbox 1839 4277 1974 4351; x_wconf 70' lang='grc' dir='ltr'><strong>(ἴση.</strong></span> 
     </span>
    </p>
   </div>
   <div class='ocr_carea' id='block_1_75' title="bbox 392 4370 1979 4444">
    <p class='ocr_par' dir='ltr' id='par_1_75' title="bbox 392 4370 1979 4444">
     <span class='ocr_line' id='line_1_75' title="bbox 392 4370 1979 4444; baseline -0.003 -15"><span class='ocrx_word' id='word_1_554' title='bbox 392 4374 546 4442; x_wconf 72' lang='lat' dir='ltr'><strong>aut).</strong></span> <span class='ocrx_word' id='word_1_555' title='bbox 585 4372 908 4444; x_wconf 80' lang='lat' dir='ltr'><strong>Egredietur</strong></span> <span class='ocrx_word' id='word_1_556' title='bbox 958 4388 1086 4444; x_wconf 79' lang='lat' dir='ltr'><strong>ergo</strong></span> <span class='ocrx_word' id='word_1_557' title='bbox 1132 4372 1277 4429; x_wconf 89' lang='lat' dir='ltr'><strong>Deus</strong></span> <span class='ocrx_word' id='word_1_558' title='bbox 1324 4372 1390 4427; x_wconf 91' lang='lat' dir='ltr'><strong>de</strong></span> <span class='ocrx_word' id='word_1_559' title='bbox 1437 4371 1556 4427; x_wconf 86' lang='lat' dir='ltr'><strong>loco</strong></span> <span class='ocrx_word' id='word_1_560' title='bbox 1612 4386 1733 4437; x_wconf 86' lang='lat' dir='ltr'><strong>suo,</strong></span> <span class='ocrx_word' id='word_1_561' title='bbox 1763 4370 1979 4442; x_wconf 85' lang='lat' dir='ltr'><strong>quando</strong></span> 
     </span>
    </p>
   </div>
   <div class='ocr_carea' id='block_1_76' title="bbox 390 4461 1977 4533">
    <p class='ocr_par' dir='ltr' id='par_1_76' title="bbox 390 4461 1977 4533">
     <span class='ocr_line' id='line_1_76' title="bbox 390 4461 1977 4533; baseline -0.002 -14"><span class='ocrx_word' id='word_1_562' title='bbox 390 4464 628 4533; x_wconf 83' lang='lat' dir='ltr'><strong>quietem</strong></span> <span class='ocrx_word' id='word_1_563' title='bbox 672 4472 728 4518; x_wconf 88' lang='lat' dir='ltr'><strong>et</strong></span> <span class='ocrx_word' id='word_1_564' title='bbox 776 4463 1281 4526; x_wconf 86' lang='lat' dir='ltr'><strong>mansuetudinem,</strong></span> <span class='ocrx_word' id='word_1_565' title='bbox 1331 4471 1385 4516; x_wconf 90' lang='lat' dir='ltr'><strong>et</strong></span> <span class='ocrx_word' id='word_1_566' title='bbox 1432 4461 1775 4521; x_wconf 86' lang='lat' dir='ltr'><strong>clementiam</strong></span> <span class='ocrx_word' id='word_1_567' title='bbox 1825 4476 1977 4516; x_wconf 86' lang='lat' dir='ltr'><strong>suam</strong></span> 
     </span>
    </p>
   </div>
   <div class='ocr_carea' id='block_1_77' title="bbox 390 4553 2191 4693">
    <p class='ocr_par' dir='ltr' id='par_1_77' title="bbox 390 4553 2191 4693">
     <span class='ocr_line' id='line_1_77' title="bbox 390 4553 2053 4663; baseline -0.002 -53"><span class='ocrx_word' id='word_1_568' title='bbox 390 4572 488 4632; x_wconf 90' lang='lat' dir='ltr'><strong>pro</strong></span> <span class='ocrx_word' id='word_1_569' title='bbox 522 4557 904 4617; x_wconf 85' lang='lat' dir='ltr'><strong>emendatione</strong></span> <span class='ocrx_word' id='word_1_570' title='bbox 944 4557 1285 4637; x_wconf 84' lang='lat' dir='ltr'><strong>peccantium</strong></span> <span class='ocrx_word' id='word_1_571' title='bbox 1316 4569 1567 4627; x_wconf 87' lang='lat' dir='ltr'><strong>rumpere</strong></span> <span class='ocrx_word' id='word_1_572' title='bbox 1612 4555 1850 4626; x_wconf 77' lang='lat' dir='ltr'><strong>cogitur,</strong></span> <span class='ocrx_word' id='word_1_573' title='bbox 1883 4553 1972 4624; x_wconf 87' lang='lat' dir='ltr'><strong>qui</strong></span> <span class='ocrx_word' id='word_1_574' title='bbox 2005 4588 2053 4663; x_wconf 73' lang='lat' dir='ltr'><strong>D</strong></span> 
     </span>
     <span class='ocr_line' id='line_1_78' title="bbox 390 4637 2191 4693; baseline 0 0"><span class='ocrx_word' id='word_1_575' title='bbox 390 4664 511 4693; x_wconf 70' lang='lat' dir='ltr'><strong>rum</strong></span> <span class='ocrx_word' id='word_1_576' title='bbox 543 4664 642 4693; x_wconf 68' lang='lat' dir='ltr'><strong>no.1-</strong></span> <span class='ocrx_word' id='word_1_577' title='bbox 670 4655 916 4693; x_wconf 73' lang='lat' dir='ltr'><strong>naturam</strong></span> <span class='ocrx_word' id='word_1_578' title='bbox 948 4644 1227 4693; x_wconf 76' lang='lat' dir='ltr'><strong>dulcescit.</strong></span> <span class='ocrx_word' id='word_1_579' title='bbox 1255 4644 1383 4693; x_wconf 77' lang='lat' dir='ltr'><strong>\‘ilio</strong></span> <span class='ocrx_word' id='word_1_580' title='bbox 1412 4652 1597 4693; x_wconf 86' lang='lat' dir='ltr'><strong>nostro</strong></span> <span class='ocrx_word' id='word_1_581' title='bbox 1628 4658 1848 4693; x_wconf 86' lang='lat' dir='ltr'><strong>amarus</strong></span> <span class='ocrx_word' id='word_1_582' title='bbox 1894 4641 1974 4693; x_wconf 78' lang='lat' dir='ltr'><strong>ef-</strong></span> <span class='ocrx_word' id='word_1_583' title='bbox 2142 4637 2191 4693; x_wconf 65' lang='grc' dir='ltr'><strong><em>Ε</em></strong></span> 
     </span>
    </p>
   </div>
   <div class='ocr_carea' id='block_1_78' title="bbox 2193 4643 3684 4715">
    <p class='ocr_par' dir='ltr' id='par_1_78' title="bbox 2193 4643 3684 4715">
     <span class='ocr_line' id='line_1_79' title="bbox 2193 4643 3684 4715; baseline 0.009 -20"><span class='ocrx_word' id='word_1_584' title='bbox 2193 4656 2280 4694; x_wconf 77' lang='lat' dir='ltr'><strong>um</strong></span> <span class='ocrx_word' id='word_1_585' title='bbox 2315 4656 2441 4714; x_wconf 69' lang='lat' dir='ltr'><strong>ergo</strong></span> <span class='ocrx_word' id='word_1_586' title='bbox 2467 4643 2615 4698; x_wconf 77' lang='lat' dir='ltr'><strong>nobis</strong></span> <span class='ocrx_word' id='word_1_587' title='bbox 2652 4644 3145 4715; x_wconf 63' lang='lat' dir='ltr'><strong>disciplinaenum,</strong></span> <span class='ocrx_word' id='word_1_588' title='bbox 3188 4650 3431 4706; x_wconf 66' lang='lat' dir='ltr'><strong>inimicos</strong></span> <span class='ocrx_word' id='word_1_589' title='bbox 3466 4661 3684 4707; x_wconf 67' lang='lat' dir='ltr'><strong>neum</strong></span> 
     </span>
    </p>
   </div>
   <div class='ocr_carea' id='block_1_79' title="bbox 389 4641 1974 4720">
    <p class='ocr_par' dir='ltr' id='par_1_79' title="bbox 389 4641 1974 4720">
     <span class='ocr_line' id='line_1_80' title="bbox 389 4641 1974 4720; baseline -0.004 -16"><span class='ocrx_word' id='word_1_590' title='bbox 389 4664 512 4704; x_wconf 90' lang='lat' dir='ltr'><strong>cum</strong></span> <span class='ocrx_word' id='word_1_591' title='bbox 543 4664 642 4720; x_wconf 90' lang='lat' dir='ltr'><strong>per</strong></span> <span class='ocrx_word' id='word_1_592' title='bbox 669 4655 916 4702; x_wconf 84' lang='lat' dir='ltr'><strong>naturam</strong></span> <span class='ocrx_word' id='word_1_593' title='bbox 948 4644 1228 4710; x_wconf 84' lang='lat' dir='ltr'><strong>dulcescit,</strong></span> <span class='ocrx_word' id='word_1_594' title='bbox 1255 4644 1383 4698; x_wconf 75' lang='lat' dir='ltr'><strong>vitio</strong></span> <span class='ocrx_word' id='word_1_595' title='bbox 1412 4652 1597 4701; x_wconf 86' lang='lat' dir='ltr'><strong>nostro</strong></span> <span class='ocrx_word' id='word_1_596' title='bbox 1628 4658 1848 4698; x_wconf 88' lang='lat' dir='ltr'><strong>amarus</strong></span> <span class='ocrx_word' id='word_1_597' title='bbox 1894 4641 1974 4697; x_wconf 80' lang='lat' dir='ltr'><strong>el-</strong></span> 
     </span>
    </p>
   </div>
   <div class='ocr_carea' id='block_1_80' title="bbox 388 4733 1978 4808">
    <p class='ocr_par' dir='ltr' id='par_1_80' title="bbox 388 4733 1978 4808">
     <span class='ocr_line' id='line_1_81' title="bbox 388 4733 1978 4808; baseline -0.006 -12"><span class='ocrx_word' id='word_1_598' title='bbox 388 4742 593 4808; x_wconf 82' lang='lat' dir='ltr'><strong>licitur,</strong></span> <span class='ocrx_word' id='word_1_599' title='bbox 622 4755 731 4799; x_wconf 87' lang='lat' dir='ltr'><strong>non</strong></span> <span class='ocrx_word' id='word_1_600' title='bbox 751 4737 872 4803; x_wconf 89' lang='lat' dir='ltr'><strong>sibi,</strong></span> <span class='ocrx_word' id='word_1_601' title='bbox 905 4736 1001 4795; x_wconf 85' lang='lat' dir='ltr'><strong>sed</strong></span> <span class='ocrx_word' id='word_1_602' title='bbox 1030 4734 1418 4793; x_wconf 83' lang='lat' dir='ltr'><strong>sustinentibus</strong></span> <span class='ocrx_word' id='word_1_603' title='bbox 1444 4733 1640 4805; x_wconf 88' lang='lat' dir='ltr'><strong>quibus</strong></span> <span class='ocrx_word' id='word_1_604' title='bbox 1660 4746 1845 4787; x_wconf 89' lang='lat' dir='ltr'><strong>amara</strong></span> <span class='ocrx_word' id='word_1_605' title='bbox 1868 4738 1978 4788; x_wconf 75' lang='lat' dir='ltr'><strong>tor-</strong></span> 
     </span>
    </p>
   </div>
   <div class='ocr_carea' id='block_1_81' title="bbox 387 4821 1971 4900">
    <p class='ocr_par' dir='ltr' id='par_1_81' title="bbox 387 4821 1971 4900">
     <span class='ocr_line' id='line_1_82' title="bbox 387 4821 1971 4900; baseline -0.004 -14"><span class='ocrx_word' id='word_1_606' title='bbox 387 4840 571 4887; x_wconf 87' lang='lat' dir='ltr'><strong>menta</strong></span> <span class='ocrx_word' id='word_1_607' title='bbox 602 4840 747 4887; x_wconf 89' lang='lat' dir='ltr'><strong>sunt.</strong></span> <span class='ocrx_word' id='word_1_608' title='bbox 780 4828 857 4887; x_wconf 89' lang='lat' dir='ltr'><strong>De</strong></span> <span class='ocrx_word' id='word_1_609' title='bbox 897 4836 1089 4887; x_wconf 85' lang='lat' dir='ltr'><strong>natura</strong></span> <span class='ocrx_word' id='word_1_610' title='bbox 1120 4840 1332 4900; x_wconf 80' lang='lat' dir='ltr'><strong>quoque</strong></span> <span class='ocrx_word' id='word_1_611' title='bbox 1381 4824 1497 4895; x_wconf 80' lang='lat' dir='ltr'><strong>ejus</strong></span> <span class='ocrx_word' id='word_1_612' title='bbox 1546 4825 1704 4880; x_wconf 86' lang='lat' dir='ltr'><strong>aliter</strong></span> <span class='ocrx_word' id='word_1_613' title='bbox 1733 4823 1847 4895; x_wconf 88' lang='lat' dir='ltr'><strong>ipse</strong></span> <span class='ocrx_word' id='word_1_614' title='bbox 1894 4821 1971 4879; x_wconf 67' lang='grc' dir='ltr'><strong>ιο.</strong></span> 
     </span>
    </p>
   </div>
   <div class='ocr_carea' id='block_1_82' title="bbox 387 4914 1971 4992">
    <p class='ocr_par' dir='ltr' id='par_1_82' title="bbox 387 4914 1971 4992">
     <span class='ocr_line' id='line_1_83' title="bbox 387 4914 1971 4992; baseline -0.003 -18"><span class='ocrx_word' id='word_1_615' title='bbox 387 4922 574 4991; x_wconf 83' lang='lat' dir='ltr'><strong>quitur</strong></span> <span class='ocrx_word' id='word_1_616' title='bbox 600 4937 697 4992; x_wconf 87' lang='lat' dir='ltr'><strong>per</strong></span> <span class='ocrx_word' id='word_1_617' title='bbox 722 4921 1043 4991; x_wconf 83' lang='lat' dir='ltr'><strong>prophetam</strong></span> <span class='ocrx_word' id='word_1_618' title='bbox 1071 4918 1258 4975; x_wconf 87' lang='lat' dir='ltr'><strong>dicens</strong></span> <span class='ocrx_word' id='word_1_619' title='bbox 1292 4937 1304 4972; x_wconf 93' lang='lat'><strong>:</strong></span> <span class='ocrx_word' id='word_1_620' title='bbox 1343 4916 1457 4989; x_wconf 86' lang='lat' dir='ltr'><strong>Ego</strong></span> <span class='ocrx_word' id='word_1_621' title='bbox 1486 4935 1603 4972; x_wconf 90' lang='lat' dir='ltr'><strong>sum</strong></span> <span class='ocrx_word' id='word_1_622' title='bbox 1633 4914 1774 4971; x_wconf 85' lang='lat' dir='ltr'><strong>Deus</strong></span> <span class='ocrx_word' id='word_1_623' title='bbox 1796 4926 1843 4971; x_wconf 92' lang='lat' dir='ltr'><strong>et</strong></span> <span class='ocrx_word' id='word_1_624' title='bbox 1868 4933 1971 4971; x_wconf 89' lang='lat' dir='ltr'><strong>non</strong></span> 
     </span>
    </p>
   </div>
   <div class='ocr_carea' id='block_1_83' title="bbox 388 5006 1973 5083">
    <p class='ocr_par' dir='ltr' id='par_1_83' title="bbox 388 5006 1973 5083">
     <span class='ocr_line' id='line_1_84' title="bbox 388 5006 1973 5083; baseline -0.002 -19"><span class='ocrx_word' id='word_1_625' title='bbox 388 5021 680 5070; x_wconf 87' lang='lat' dir='ltr'><strong>cammutor</strong></span> <span class='ocrx_word' id='word_1_626' title='bbox 706 5010 963 5083; x_wconf 77' lang='lat' dir='ltr'><strong>(Malacli.</strong></span> <span class='ocrx_word' id='word_1_627' title='bbox 1011 5009 1117 5083; x_wconf 86' lang='grc' dir='ltr'>ιιι).</span> <span class='ocrx_word' id='word_1_628' title='bbox 1167 5008 1306 5065; x_wconf 82' lang='lat' dir='ltr'><strong>Hinc</strong></span> <span class='ocrx_word' id='word_1_629' title='bbox 1348 5016 1403 5063; x_wconf 87' lang='lat' dir='ltr'><strong>et</strong></span> <span class='ocrx_word' id='word_1_630' title='bbox 1432 5024 1529 5080; x_wconf 88' lang='lat' dir='ltr'><strong>per</strong></span> <span class='ocrx_word' id='word_1_631' title='bbox 1555 5006 1815 5063; x_wconf 83' lang='lat' dir='ltr'><strong>Jacobum</strong></span> <span class='ocrx_word' id='word_1_632' title='bbox 1838 5007 1973 5064; x_wconf 65' lang='lat' dir='ltr'><strong>dici:-</strong></span> 
     </span>
    </p>
   </div>
   <div class='ocr_carea' id='block_1_84' title="bbox 389 5096 1971 5175">
    <p class='ocr_par' dir='ltr' id='par_1_84' title="bbox 389 5096 1971 5175">
     <span class='ocr_line' id='line_1_85' title="bbox 389 5096 1971 5175; baseline -0.004 -16"><span class='ocrx_word' id='word_1_633' title='bbox 389 5113 478 5159; x_wconf 88' lang='lat' dir='ltr'><strong>tur</strong></span> <span class='ocrx_word' id='word_1_634' title='bbox 505 5120 518 5156; x_wconf 93' lang='lat'>:</span> <span class='ocrx_word' id='word_1_635' title='bbox 548 5102 703 5173; x_wconf 84' lang='lat' dir='ltr'><strong>Apud</strong></span> <span class='ocrx_word' id='word_1_636' title='bbox 725 5120 876 5175; x_wconf 86' lang='lat' dir='ltr'><strong>quem</strong></span> <span class='ocrx_word' id='word_1_637' title='bbox 898 5119 999 5158; x_wconf 90' lang='lat' dir='ltr'><strong>non</strong></span> <span class='ocrx_word' id='word_1_638' title='bbox 1028 5112 1101 5157; x_wconf 88' lang='lat' dir='ltr'><strong>est</strong></span> <span class='ocrx_word' id='word_1_639' title='bbox 1129 5103 1517 5167; x_wconf 81' lang='lat' dir='ltr'><strong>transmutatio,</strong></span> <span class='ocrx_word' id='word_1_640' title='bbox 1536 5118 1628 5156; x_wconf 88' lang='lat' dir='ltr'><strong>nec</strong></span> <span class='ocrx_word' id='word_1_641' title='bbox 1653 5096 1971 5156; x_wconf 66' lang='lat' dir='ltr'><strong>vicissitudiL</strong></span> 
     </span>
    </p>
   </div>
   <div class='ocr_carea' id='block_1_85' title="bbox 389 5188 1971 5275">
    <p class='ocr_par' dir='ltr' id='par_1_85' title="bbox 389 5188 1971 5275">
     <span class='ocr_line' id='line_1_86' title="bbox 389 5188 1971 5275; baseline -0.004 -21"><span class='ocrx_word' id='word_1_642' title='bbox 389 5196 471 5275; x_wconf 74' lang='lat' dir='ltr'><strong>uis</strong></span> <span class='ocrx_word' id='word_1_643' title='bbox 499 5192 826 5251; x_wconf 84' lang='lat' dir='ltr'><strong>obumbratio</strong></span> <span class='ocrx_word' id='word_1_644' title='bbox 850 5193 1057 5265; x_wconf 85' lang='lat' dir='ltr'><strong>(Jacob.</strong></span> <span class='ocrx_word' id='word_1_645' title='bbox 1089 5190 1150 5269; x_wconf 75' lang='grc' dir='ltr'><strong>ι).</strong></span> <span class='ocrx_word' id='word_1_646' title='bbox 1183 5192 1335 5249; x_wconf 83' lang='lat' dir='ltr'><strong>Unde</strong></span> <span class='ocrx_word' id='word_1_647' title='bbox 1364 5202 1417 5249; x_wconf 89' lang='lat' dir='ltr'><strong>et</strong></span> <span class='ocrx_word' id='word_1_648' title='bbox 1438 5192 1637 5248; x_wconf 86' lang='lat' dir='ltr'><strong>Paulus</strong></span> <span class='ocrx_word' id='word_1_649' title='bbox 1664 5193 1729 5247; x_wconf 91' lang='lat' dir='ltr'><strong>de</strong></span> <span class='ocrx_word' id='word_1_650' title='bbox 1753 5188 1971 5275; x_wconf 78' lang='lat' dir='ltr'><strong>Christo</strong></span> 
     </span>
    </p>
   </div>
   <div class='ocr_carea' id='block_1_86' title="bbox 386 5270 1971 5360">
    <p class='ocr_par' dir='ltr' id='par_1_86' title="bbox 386 5270 1971 5360">
     <span class='ocr_line' id='line_1_87' title="bbox 386 5270 1971 5360; baseline -0.003 -16"><span class='ocrx_word' id='word_1_651' title='bbox 386 5270 464 5351; x_wconf 74' lang='lat' dir='ltr'><strong>ait</strong></span> <span class='ocrx_word' id='word_1_652' title='bbox 492 5306 505 5342; x_wconf 89' lang='lat'>:</span> <span class='ocrx_word' id='word_1_653' title='bbox 541 5286 647 5355; x_wconf 85' lang='lat' dir='ltr'><strong>Qui</strong></span> <span class='ocrx_word' id='word_1_654' title='bbox 671 5296 745 5343; x_wconf 85' lang='lat' dir='ltr'><strong>est</strong></span> <span class='ocrx_word' id='word_1_655' title='bbox 772 5287 942 5360; x_wconf 86' lang='lat' dir='ltr'><strong>imago</strong></span> <span class='ocrx_word' id='word_1_656' title='bbox 982 5285 1077 5343; x_wconf 87' lang='lat' dir='ltr'><strong>Dei</strong></span> <span class='ocrx_word' id='word_1_657' title='bbox 1105 5285 1376 5342; x_wconf 76' lang='lat' dir='ltr'><strong>invisibilis</strong></span> <span class='ocrx_word' id='word_1_658' title='bbox 1406 5282 1629 5359; x_wconf 88' lang='lat' dir='ltr'><strong>(Coloss.</strong></span> <span class='ocrx_word' id='word_1_659' title='bbox 1656 5282 1717 5358; x_wconf 89' lang='lat'><strong>1).</strong></span> <span class='ocrx_word' id='word_1_660' title='bbox 1746 5270 1815 5340; x_wconf 77' lang='lat' dir='ltr'><strong>Et</strong></span> <span class='ocrx_word' id='word_1_661' title='bbox 1844 5299 1971 5340; x_wconf 84' lang='lat' dir='ltr'><strong>rur-</strong></span> 
     </span>
    </p>
   </div>
   <div class='ocr_carea' id='block_1_87' title="bbox 385 5374 1971 5452">
    <p class='ocr_par' dir='ltr' id='par_1_87' title="bbox 385 5374 1971 5452">
     <span class='ocr_line' id='line_1_88' title="bbox 385 5374 1971 5452; baseline -0.004 -14"><span class='ocrx_word' id='word_1_662' title='bbox 385 5397 506 5443; x_wconf 81' lang='lat' dir='ltr'><strong>sum</strong></span> <span class='ocrx_word' id='word_1_663' title='bbox 537 5400 550 5436; x_wconf 91' lang='lat'>:</span> <span class='ocrx_word' id='word_1_664' title='bbox 592 5378 719 5452; x_wconf 81' lang='lat' dir='ltr'><strong>Regi</strong></span> <span class='ocrx_word' id='word_1_665' title='bbox 748 5390 921 5439; x_wconf 85' lang='lat' dir='ltr'><strong>autem</strong></span> <span class='ocrx_word' id='word_1_666' title='bbox 941 5377 1253 5434; x_wconf 78' lang='lat' dir='ltr'><strong>swculorum</strong></span> <span class='ocrx_word' id='word_1_667' title='bbox 1282 5376 1692 5450; x_wconf 78' lang='lat' dir='ltr'><strong>incorruptibilis</strong></span> <span class='ocrx_word' id='word_1_668' title='bbox 1723 5374 1971 5432; x_wconf 83' lang='lat' dir='ltr'><strong>invisibili</strong></span> 
     </span>
    </p>
   </div>
   <div class='ocr_carea' id='block_1_88' title="bbox 384 5466 1969 5547">
    <p class='ocr_par' dir='ltr' id='par_1_88' title="bbox 384 5466 1969 5547">
     <span class='ocr_line' id='line_1_89' title="bbox 384 5466 1969 5547; baseline -0.007 -16"><span class='ocrx_word' id='word_1_669' title='bbox 384 5473 495 5532; x_wconf 72' lang='lat' dir='ltr'><strong>Deo</strong></span> <span class='ocrx_word' id='word_1_670' title='bbox 528 5472 581 5547; x_wconf 88' lang='lat' dir='ltr'><strong>(I</strong></span> <span class='ocrx_word' id='word_1_671' title='bbox 607 5470 740 5526; x_wconf 85' lang='lat' dir='ltr'><strong>Tim.</strong></span> <span class='ocrx_word' id='word_1_672' title='bbox 773 5470 835 5543; x_wconf 92' lang='lat'><strong>1).</strong></span> <span class='ocrx_word' id='word_1_673' title='bbox 874 5469 942 5525; x_wconf 84' lang='lat' dir='ltr'><strong>Et</strong></span> <span class='ocrx_word' id='word_1_674' title='bbox 962 5469 1016 5525; x_wconf 87' lang='lat' dir='ltr'><strong>in</strong></span> <span class='ocrx_word' id='word_1_675' title='bbox 1044 5468 1330 5542; x_wconf 83' lang='lat' dir='ltr'><strong>Evangelio</strong></span> <span class='ocrx_word' id='word_1_676' title='bbox 1357 5470 1619 5541; x_wconf 84' lang='lat' dir='ltr'><strong>scriptum</strong></span> <span class='ocrx_word' id='word_1_677' title='bbox 1644 5475 1728 5524; x_wconf 85' lang='lat' dir='ltr'><strong>est</strong></span> <span class='ocrx_word' id='word_1_678' title='bbox 1758 5485 1773 5522; x_wconf 89' lang='lat'><strong>:</strong></span> <span class='ocrx_word' id='word_1_679' title='bbox 1798 5466 1969 5522; x_wconf 89' lang='lat' dir='ltr'><strong>Deum</strong></span> 
     </span>
    </p>
   </div>
   <div class='ocr_carea' id='block_1_89' title="bbox 388 5562 1970 5640">
    <p class='ocr_par' dir='ltr' id='par_1_89' title="bbox 388 5562 1970 5640">
     <span class='ocr_line' id='line_1_90' title="bbox 388 5562 1970 5640; baseline -0.004 -16"><span class='ocrx_word' id='word_1_680' title='bbox 388 5585 537 5624; x_wconf 84' lang='lat' dir='ltr'><strong>nemo</strong></span> <span class='ocrx_word' id='word_1_681' title='bbox 560 5569 685 5624; x_wconf 87' lang='lat' dir='ltr'><strong>vidit</strong></span> <span class='ocrx_word' id='word_1_682' title='bbox 712 5583 965 5640; x_wconf 85' lang='lat' dir='ltr'><strong>unquam.</strong></span> <span class='ocrx_word' id='word_1_683' title='bbox 992 5563 1300 5638; x_wconf 85' lang='lat' dir='ltr'><strong>Unigenitus</strong></span> <span class='ocrx_word' id='word_1_684' title='bbox 1330 5562 1525 5631; x_wconf 86' lang='lat' dir='ltr'><strong>Filius,</strong></span> <span class='ocrx_word' id='word_1_685' title='bbox 1556 5564 1648 5636; x_wconf 87' lang='lat' dir='ltr'><strong>qui</strong></span> <span class='ocrx_word' id='word_1_686' title='bbox 1669 5572 1744 5620; x_wconf 89' lang='lat' dir='ltr'><strong>est</strong></span> <span class='ocrx_word' id='word_1_687' title='bbox 1773 5562 1829 5619; x_wconf 86' lang='lat' dir='ltr'><strong>in</strong></span> <span class='ocrx_word' id='word_1_688' title='bbox 1849 5563 1970 5619; x_wconf 83' lang='lat' dir='ltr'><strong>sinu</strong></span> 
     </span>
    </p>
   </div>
   <div class='ocr_carea' id='block_1_90' title="bbox 380 5654 1321 5732">
    <p class='ocr_par' dir='ltr' id='par_1_90' title="bbox 380 5654 1321 5732">
     <span class='ocr_line' id='line_1_91' title="bbox 380 5654 1321 5732; baseline -0.007 -13"><span class='ocrx_word' id='word_1_689' title='bbox 380 5654 590 5726; x_wconf 64' lang='lat' dir='ltr'><strong>Patris,</strong></span> <span class='ocrx_word' id='word_1_690' title='bbox 618 5662 725 5732; x_wconf 84' lang='lat' dir='ltr'><strong>ipse</strong></span> <span class='ocrx_word' id='word_1_691' title='bbox 753 5659 1017 5716; x_wconf 77' lang='lat' dir='ltr'><strong>ettarrarit</strong></span> <span class='ocrx_word' id='word_1_692' title='bbox 1049 5657 1229 5732; x_wconf 84' lang='lat' dir='ltr'><strong>(Joan.</strong></span> <span class='ocrx_word' id='word_1_693' title='bbox 1258 5656 1321 5731; x_wconf 82' lang='grc' dir='ltr'><strong>ι).</strong></span> 
     </span>
    </p>
   </div>
   <div class='ocr_carea' id='block_1_91' title="bbox 2089 3364 3681 3443">
    <p class='ocr_par' dir='ltr' id='par_1_91' title="bbox 2089 3364 3681 3443">
     <span class='ocr_line' id='line_1_92' title="bbox 2089 3364 3681 3443; baseline 0.008 -25"><span class='ocrx_word' id='word_1_694' title='bbox 2089 3364 2162 3419; x_wconf 84' lang='lat' dir='ltr'><strong>eti</strong></span> <span class='ocrx_word' id='word_1_695' title='bbox 2204 3381 2305 3435; x_wconf 88' lang='lat' dir='ltr'><strong>per</strong></span> <span class='ocrx_word' id='word_1_696' title='bbox 2345 3373 2519 3422; x_wconf 89' lang='lat' dir='ltr'><strong>totum</strong></span> <span class='ocrx_word' id='word_1_697' title='bbox 2550 3370 2739 3424; x_wconf 85' lang='lat' dir='ltr'><strong>orbem</strong></span> <span class='ocrx_word' id='word_1_698' title='bbox 2782 3371 3011 3443; x_wconf 85' lang='lat' dir='ltr'><strong>dispersi</strong></span> <span class='ocrx_word' id='word_1_699' title='bbox 3037 3382 3185 3440; x_wconf 86' lang='lat' dir='ltr'><strong>sunt,</strong></span> <span class='ocrx_word' id='word_1_700' title='bbox 3220 3383 3278 3429; x_wconf 88' lang='lat' dir='ltr'><strong>et</strong></span> <span class='ocrx_word' id='word_1_701' title='bbox 3306 3374 3530 3430; x_wconf 78' lang='lat' dir='ltr'><strong>tandem</strong></span> <span class='ocrx_word' id='word_1_702' title='bbox 3555 3389 3681 3430; x_wconf 83' lang='lat' dir='ltr'><strong>scn-</strong></span> 
     </span>
    </p>
   </div>
   <div class='ocr_carea' id='block_1_92' title="bbox 2092 3454 3679 3532">
    <p class='ocr_par' dir='ltr' id='par_1_92' title="bbox 2092 3454 3679 3532">
     <span class='ocr_line' id='line_1_93' title="bbox 2092 3454 3679 3532; baseline 0.006 -23"><span class='ocrx_word' id='word_1_703' title='bbox 2092 3454 2298 3511; x_wconf 88' lang='lat' dir='ltr'><strong>tiebant</strong></span> <span class='ocrx_word' id='word_1_704' title='bbox 2337 3458 2472 3513; x_wconf 91' lang='lat' dir='ltr'><strong>dure</strong></span> <span class='ocrx_word' id='word_1_705' title='bbox 2508 3461 2779 3531; x_wconf 88' lang='lat' dir='ltr'><strong>castigati,</strong></span> <span class='ocrx_word' id='word_1_706' title='bbox 2811 3465 2959 3532; x_wconf 91' lang='lat' dir='ltr'><strong>quod</strong></span> <span class='ocrx_word' id='word_1_707' title='bbox 3001 3472 3157 3519; x_wconf 82' lang='lat' dir='ltr'><strong>antea</strong></span> <span class='ocrx_word' id='word_1_708' title='bbox 3186 3464 3452 3521; x_wconf 81' lang='lat' dir='ltr'><strong>nolebant</strong></span> <span class='ocrx_word' id='word_1_709' title='bbox 3482 3464 3679 3521; x_wconf 88' lang='lat' dir='ltr'><strong>intelli-</strong></span> 
     </span>
    </p>
   </div>
   <div class='ocr_carea' id='block_1_93' title="bbox 2089 3549 3681 3623">
    <p class='ocr_par' dir='ltr' id='par_1_93' title="bbox 2089 3549 3681 3623">
     <span class='ocr_line' id='line_1_94' title="bbox 2089 3549 3681 3623; baseline 0.007 -24"><span class='ocrx_word' id='word_1_710' title='bbox 2089 3558 2217 3616; x_wconf 86' lang='lat' dir='ltr'><strong>gere</strong></span> <span class='ocrx_word' id='word_1_711' title='bbox 2240 3554 2462 3617; x_wconf 85' lang='lat' dir='ltr'><strong>paterua</strong></span> <span class='ocrx_word' id='word_1_712' title='bbox 2487 3549 2688 3618; x_wconf 77' lang='lat' dir='ltr'><strong>pietate</strong></span> <span class='ocrx_word' id='word_1_713' title='bbox 2712 3553 2974 3623; x_wconf 90' lang='lat' dir='ltr'><strong>correpti.</strong></span> <span class='ocrx_word' id='word_1_714' title='bbox 2997 3550 3146 3608; x_wconf 80' lang='lat' dir='ltr'><strong>Hanc</strong></span> <span class='ocrx_word' id='word_1_715' title='bbox 3169 3554 3504 3610; x_wconf 84' lang='lat' dir='ltr'><strong>sententiam</strong></span> <span class='ocrx_word' id='word_1_716' title='bbox 3531 3555 3681 3610; x_wconf 84' lang='lat' dir='ltr'><strong>simi-</strong></span> 
     </span>
    </p>
   </div>
   <div class='ocr_carea' id='block_1_94' title="bbox 2088 3634 3680 3716">
    <p class='ocr_par' dir='ltr' id='par_1_94' title="bbox 2088 3634 3680 3716">
     <span class='ocr_line' id='line_1_95' title="bbox 2088 3634 3680 3716; baseline 0.008 -28"><span class='ocrx_word' id='word_1_717' title='bbox 2088 3634 2215 3691; x_wconf 88' lang='lat' dir='ltr'><strong>liter</strong></span> <span class='ocrx_word' id='word_1_718' title='bbox 2250 3652 2541 3707; x_wconf 78' lang='lat' dir='ltr'><strong>possumus</strong></span> <span class='ocrx_word' id='word_1_719' title='bbox 2575 3649 2633 3694; x_wconf 88' lang='lat' dir='ltr'><strong>et</strong></span> <span class='ocrx_word' id='word_1_720' title='bbox 2665 3640 2733 3696; x_wconf 90' lang='lat' dir='ltr'><strong>de</strong></span> <span class='ocrx_word' id='word_1_721' title='bbox 2772 3642 3104 3714; x_wconf 83' lang='lat' dir='ltr'><strong>martyribus</strong></span> <span class='ocrx_word' id='word_1_722' title='bbox 3138 3643 3341 3698; x_wconf 88' lang='lat' dir='ltr'><strong>Christi</strong></span> <span class='ocrx_word' id='word_1_723' title='bbox 3390 3659 3458 3700; x_wconf 83' lang='lat' dir='ltr'><strong>ac</strong></span> <span class='ocrx_word' id='word_1_724' title='bbox 3500 3658 3680 3716; x_wconf 85' lang='lat' dir='ltr'><strong>perse-</strong></span> 
     </span>
    </p>
   </div>
   <div class='ocr_carea' id='block_1_95' title="bbox 2088 3727 3682 3806">
    <p class='ocr_par' dir='ltr' id='par_1_95' title="bbox 2088 3727 3682 3806">
     <span class='ocr_line' id='line_1_96' title="bbox 2088 3727 3682 3806; baseline 0.007 -27"><span class='ocrx_word' id='word_1_725' title='bbox 2088 3727 2368 3783; x_wconf 86' lang='lat' dir='ltr'><strong>cutoribus</strong></span> <span class='ocrx_word' id='word_1_726' title='bbox 2394 3744 2583 3785; x_wconf 86' lang='lat' dir='ltr'><strong>eorum</strong></span> <span class='ocrx_word' id='word_1_727' title='bbox 2621 3731 2943 3803; x_wconf 84' lang='lat' dir='ltr'><strong>intelligere,</strong></span> <span class='ocrx_word' id='word_1_728' title='bbox 2970 3733 3099 3803; x_wconf 86' lang='lat' dir='ltr'><strong>quia</strong></span> <span class='ocrx_word' id='word_1_729' title='bbox 3126 3748 3251 3789; x_wconf 89' lang='lat' dir='ltr'><strong>cum</strong></span> <span class='ocrx_word' id='word_1_730' title='bbox 3278 3734 3355 3790; x_wconf 90' lang='lat' dir='ltr'><strong>illi</strong></span> <span class='ocrx_word' id='word_1_731' title='bbox 3380 3735 3531 3806; x_wconf 82' lang='lat' dir='ltr'><strong>ipsos</strong></span> <span class='ocrx_word' id='word_1_732' title='bbox 3551 3751 3682 3790; x_wconf 58' lang='lat' dir='ltr'><strong>con.</strong></span> 
     </span>
    </p>
   </div>
   <div class='ocr_carea' id='block_1_96' title="bbox 2087 3815 3682 3900">
    <p class='ocr_par' dir='ltr' id='par_1_96' title="bbox 2087 3815 3682 3900">
     <span class='ocr_line' id='line_1_97' title="bbox 2087 3815 3682 3900; baseline 0.009 -29"><span class='ocrx_word' id='word_1_733' title='bbox 2087 3815 2324 3874; x_wconf 83' lang='lat' dir='ltr'><strong>fessores</strong></span> <span class='ocrx_word' id='word_1_734' title='bbox 2351 3821 2552 3877; x_wconf 88' lang='lat' dir='ltr'><strong>Christi</strong></span> <span class='ocrx_word' id='word_1_735' title='bbox 2589 3826 2875 3882; x_wconf 86' lang='lat' dir='ltr'><strong>tormentis</strong></span> <span class='ocrx_word' id='word_1_736' title='bbox 2921 3827 3241 3884; x_wconf 79' lang='lat' dir='ltr'><strong>cruciabam</strong></span> <span class='ocrx_word' id='word_1_737' title='bbox 3278 3831 3544 3900; x_wconf 80' lang='lat' dir='ltr'><strong>patientia</strong></span> <span class='ocrx_word' id='word_1_738' title='bbox 3590 3846 3682 3885; x_wconf 87' lang='lat' dir='ltr'><strong>co-</strong></span> 
     </span>
    </p>
   </div>
   <div class='ocr_carea' id='block_1_97' title="bbox 2088 3914 3685 3980">
    <p class='ocr_par' dir='ltr' id='par_1_97' title="bbox 2088 3914 3685 3980">
     <span class='ocr_line' id='line_1_98' title="bbox 2088 3914 3685 3980; baseline 0.008 -17"><span class='ocrx_word' id='word_1_739' title='bbox 2088 3923 2207 3963; x_wconf 87' lang='lat' dir='ltr'><strong>rum</strong></span> <span class='ocrx_word' id='word_1_740' title='bbox 2243 3920 2496 3980; x_wconf 84' lang='lat' dir='ltr'><strong>poterant</strong></span> <span class='ocrx_word' id='word_1_741' title='bbox 2523 3914 2569 3969; x_wconf 90' lang='lat' dir='ltr'><strong>si</strong></span> <span class='ocrx_word' id='word_1_742' title='bbox 2605 3915 2804 3971; x_wconf 83' lang='lat' dir='ltr'><strong>vellent</strong></span> <span class='ocrx_word' id='word_1_743' title='bbox 2832 3918 3027 3973; x_wconf 73' lang='lat' dir='ltr'><strong>instrui</strong></span> <span class='ocrx_word' id='word_1_744' title='bbox 3059 3926 3122 3973; x_wconf 90' lang='lat' dir='ltr'><strong>ut</strong></span> <span class='ocrx_word' id='word_1_745' title='bbox 3147 3919 3470 3976; x_wconf 74' lang='lat' dir='ltr'><strong>desererent</strong></span> <span class='ocrx_word' id='word_1_746' title='bbox 3509 3922 3685 3976; x_wconf 77' lang='lat' dir='ltr'><strong>idolo-</strong></span> 
     </span>
    </p>
   </div>
   <div class='ocr_carea' id='block_1_98' title="bbox 2088 4002 3679 4081">
    <p class='ocr_par' dir='ltr' id='par_1_98' title="bbox 2088 4002 3679 4081">
     <span class='ocr_line' id='line_1_99' title="bbox 2088 4002 3679 4081; baseline 0.007 -26"><span class='ocrx_word' id='word_1_747' title='bbox 2088 4016 2207 4056; x_wconf 90' lang='lat' dir='ltr'><strong>rum</strong></span> <span class='ocrx_word' id='word_1_748' title='bbox 2258 4002 2484 4071; x_wconf 88' lang='lat' dir='ltr'><strong>cultum,</strong></span> <span class='ocrx_word' id='word_1_749' title='bbox 2511 4014 2569 4060; x_wconf 90' lang='lat' dir='ltr'><strong>et</strong></span> <span class='ocrx_word' id='word_1_750' title='bbox 2591 4005 2916 4063; x_wconf 73' lang='lat' dir='ltr'><strong>Christiana:</strong></span> <span class='ocrx_word' id='word_1_751' title='bbox 2944 4022 3007 4064; x_wconf 81' lang='lat' dir='ltr'><strong>se</strong></span> <span class='ocrx_word' id='word_1_752' title='bbox 3042 4008 3294 4080; x_wconf 74' lang='lat' dir='ltr'><strong>religioni</strong></span> <span class='ocrx_word' id='word_1_753' title='bbox 3324 4011 3679 4081; x_wconf 59' lang='lat' dir='ltr'><strong>subiicerent.</strong></span> 
     </span>
    </p>
   </div>
   <div class='ocr_carea' id='block_1_99' title="bbox 2089 4088 3682 4172">
    <p class='ocr_par' dir='ltr' id='par_1_99' title="bbox 2089 4088 3682 4172">
     <span class='ocr_line' id='line_1_100' title="bbox 2089 4088 3682 4172; baseline 0.008 -26"><span class='ocrx_word' id='word_1_754' title='bbox 2089 4088 2195 4146; x_wconf 86' lang='lat' dir='ltr'><strong>Sed</strong></span> <span class='ocrx_word' id='word_1_755' title='bbox 2241 4092 2384 4148; x_wconf 89' lang='lat' dir='ltr'><strong>sicut</strong></span> <span class='ocrx_word' id='word_1_756' title='bbox 2429 4095 2505 4150; x_wconf 89' lang='lat' dir='ltr'><strong>illi</strong></span> <span class='ocrx_word' id='word_1_757' title='bbox 2533 4109 2634 4166; x_wconf 90' lang='lat' dir='ltr'><strong>per</strong></span> <span class='ocrx_word' id='word_1_758' title='bbox 2658 4112 2850 4167; x_wconf 78' lang='lat' dir='ltr'><strong>pmnas</strong></span> <span class='ocrx_word' id='word_1_759' title='bbox 2876 4100 3201 4171; x_wconf 78' lang='lat' dir='ltr'><strong>temporales</strong></span> <span class='ocrx_word' id='word_1_760' title='bbox 3222 4101 3454 4172; x_wconf 83' lang='lat' dir='ltr'><strong>gloriam</strong></span> <span class='ocrx_word' id='word_1_761' title='bbox 3480 4118 3682 4159; x_wconf 83' lang='lat' dir='ltr'><strong>conse-</strong></span> 
     </span>
    </p>
   </div>
   <div class='ocr_carea' id='block_1_100' title="bbox 2086 4185 3685 4267">
    <p class='ocr_par' dir='ltr' id='par_1_100' title="bbox 2086 4185 3685 4267">
     <span class='ocr_line' id='line_1_101' title="bbox 2086 4185 3685 4267; baseline 0.008 -29"><span class='ocrx_word' id='word_1_762' title='bbox 2086 4185 2199 4240; x_wconf 86' lang='lat' dir='ltr'><strong>cuti</strong></span> <span class='ocrx_word' id='word_1_763' title='bbox 2227 4193 2355 4240; x_wconf 86' lang='lat' dir='ltr'><strong>sunt</strong></span> <span class='ocrx_word' id='word_1_764' title='bbox 2380 4194 2663 4256; x_wconf 68' lang='lat' dir='ltr'><strong>teternam,</strong></span> <span class='ocrx_word' id='word_1_765' title='bbox 2699 4191 2775 4247; x_wconf 89' lang='lat' dir='ltr'><strong>ita</strong></span> <span class='ocrx_word' id='word_1_766' title='bbox 2800 4199 2862 4247; x_wconf 87' lang='lat' dir='ltr'><strong>et</strong></span> <span class='ocrx_word' id='word_1_767' title='bbox 2890 4192 2980 4247; x_wconf 88' lang='lat' dir='ltr'><strong>isti</strong></span> <span class='ocrx_word' id='word_1_768' title='bbox 3005 4202 3131 4264; x_wconf 86' lang='lat' dir='ltr'><strong>post</strong></span> <span class='ocrx_word' id='word_1_769' title='bbox 3156 4195 3355 4266; x_wconf 82' lang='lat' dir='ltr'><strong>gaudia</strong></span> <span class='ocrx_word' id='word_1_770' title='bbox 3381 4210 3557 4267; x_wconf 74' lang='lat' dir='ltr'><strong>parva</strong></span> <span class='ocrx_word' id='word_1_771' title='bbox 3581 4197 3685 4252; x_wconf 81' lang='lat' dir='ltr'><strong>hu-</strong></span> 
     </span>
    </p>
   </div>
   <div class='ocr_carea' id='block_1_101' title="bbox 2078 4273 3369 4352">
    <p class='ocr_par' dir='ltr' id='par_1_101' title="bbox 2078 4273 3369 4352">
     <span class='ocr_line' id='line_1_102' title="bbox 2078 4273 3369 4352; baseline 0.008 -21"><span class='ocrx_word' id='word_1_772' title='bbox 2078 4273 2170 4345; x_wconf 85' lang='lat' dir='ltr'><strong>jus</strong></span> <span class='ocrx_word' id='word_1_773' title='bbox 2196 4277 2323 4333; x_wconf 74' lang='lat' dir='ltr'><strong>vitte</strong></span> <span class='ocrx_word' id='word_1_774' title='bbox 2349 4279 2405 4335; x_wconf 91' lang='lat' dir='ltr'><strong>in</strong></span> <span class='ocrx_word' id='word_1_775' title='bbox 2432 4282 2701 4352; x_wconf 86' lang='lat' dir='ltr'><strong>supplicia</strong></span> <span class='ocrx_word' id='word_1_776' title='bbox 2728 4283 2965 4341; x_wconf 86' lang='lat' dir='ltr'><strong>demersi</strong></span> <span class='ocrx_word' id='word_1_777' title='bbox 2989 4294 3119 4341; x_wconf 85' lang='lat' dir='ltr'><strong>sunt</strong></span> <span class='ocrx_word' id='word_1_778' title='bbox 3140 4293 3369 4343; x_wconf 78' lang='lat' dir='ltr'><strong>teterua.</strong></span> 
     </span>
    </p>
   </div>
   <div class='ocr_carea' id='block_1_102' title="bbox 2659 4393 3063 4458">
    <p class='ocr_par' dir='ltr' id='par_1_102' title="bbox 2659 4393 3063 4458">
     <span class='ocr_line' id='line_1_103' title="bbox 2659 4393 3063 4458; baseline 0.005 -8"><span class='ocrx_word' id='word_1_779' title='bbox 2659 4393 2888 4458; x_wconf 75' lang='lat' dir='ltr'><strong>CAPUT</strong></span> <span class='ocrx_word' id='word_1_780' title='bbox 2928 4395 3063 4452; x_wconf 81' lang='lat' dir='ltr'><strong>XIV.</strong></span> 
     </span>
    </p>
   </div>
   <div class='ocr_carea' id='block_1_103' title="bbox 2089 4477 3685 4572">
    <p class='ocr_par' dir='ltr' id='par_1_103' title="bbox 2089 4477 3685 4572">
     <span class='ocr_line' id='line_1_104' title="bbox 2089 4477 3685 4572; baseline 0.009 -40"><span class='ocrx_word' id='word_1_781' title='bbox 2089 4477 2245 4543; x_wconf 86' lang='lat' dir='ltr'><strong>Quod</strong></span> <span class='ocrx_word' id='word_1_782' title='bbox 2271 4485 2605 4572; x_wconf 72' lang='lat' dir='ltr'><strong>commendat</strong></span> <span class='ocrx_word' id='word_1_783' title='bbox 2624 4483 2904 4572; x_wconf 68' lang='lat' dir='ltr'><strong>bonitatem</strong></span> <span class='ocrx_word' id='word_1_784' title='bbox 2942 4486 3299 4572; x_wconf 72' lang='lat' dir='ltr'><strong>suam_divina</strong></span> <span class='ocrx_word' id='word_1_785' title='bbox 3336 4489 3529 4572; x_wconf 73' lang='lat' dir='ltr'><strong>pietas,</strong></span> <span class='ocrx_word' id='word_1_786' title='bbox 3559 4508 3685 4563; x_wconf 77' lang='lat' dir='ltr'><strong>qua:</strong></span> 
     </span>
    </p>
   </div>
   <div class='ocr_carea' id='block_1_104' title="bbox 2338 4553 3392 4624">
    <p class='ocr_par' dir='ltr' id='par_1_104' title="bbox 2338 4553 3392 4624">
     <span class='ocr_line' id='line_1_105' title="bbox 2338 4553 3392 4624; baseline 0.008 -17"><span class='ocrx_word' id='word_1_787' title='bbox 2338 4553 2491 4624; x_wconf 80' lang='lat' dir='ltr'><strong>justo</strong></span> <span class='ocrx_word' id='word_1_788' title='bbox 2530 4564 2606 4609; x_wconf 86' lang='lat' dir='ltr'><strong>est</strong></span> <span class='ocrx_word' id='word_1_789' title='bbox 2635 4556 2690 4609; x_wconf 91' lang='lat' dir='ltr'><strong>in</strong></span> <span class='ocrx_word' id='word_1_790' title='bbox 2729 4557 2969 4611; x_wconf 75' lang='lat' dir='ltr'><strong>omnibus</strong></span> <span class='ocrx_word' id='word_1_791' title='bbox 3013 4558 3224 4623; x_wconf 72' lang='lat' dir='ltr'><strong>indiciis</strong></span> <span class='ocrx_word' id='word_1_792' title='bbox 3260 4553 3392 4615; x_wconf 68' lang='lat' dir='ltr'><strong>suis.</strong></span> 
     </span>
    </p>
   </div>
   <div class='ocr_carea' id='block_1_105' title="bbox 2076 4730 3686 4813">
    <p class='ocr_par' dir='ltr' id='par_1_105' title="bbox 2076 4730 3686 4813">
     <span class='ocr_line' id='line_1_106' title="bbox 2076 4730 3686 4813; baseline 0.007 -29"><span class='ocrx_word' id='word_1_793' title='bbox 2076 4730 2437 4802; x_wconf 69' lang='lat' dir='ltr'><strong>multipliciter</strong></span> <span class='ocrx_word' id='word_1_794' title='bbox 2491 4734 2760 4806; x_wconf 67' lang='lat' dir='ltr'><strong>ﬂagellas,</strong></span> <span class='ocrx_word' id='word_1_795' title='bbox 2825 4746 2881 4792; x_wconf 79' lang='lat' dir='ltr'><strong>ut</strong></span> <span class='ocrx_word' id='word_1_796' title='bbox 2938 4738 3219 4793; x_wconf 64' lang='lat' dir='ltr'><strong>bonitatem</strong></span> <span class='ocrx_word' id='word_1_797' title='bbox 3274 4751 3425 4794; x_wconf 72' lang='lat' dir='ltr'><strong>tum</strong></span> <span class='ocrx_word' id='word_1_798' title='bbox 3475 4744 3686 4813; x_wconf 67' lang='lat' dir='ltr'><strong>cogis:-</strong></span> 
     </span>
    </p>
   </div>
   <div class='ocr_carea' id='block_1_106' title="bbox 2075 4823 3684 4903">
    <p class='ocr_par' dir='ltr' id='par_1_106' title="bbox 2075 4823 3684 4903">
     <span class='ocr_line' id='line_1_107' title="bbox 2075 4823 3684 4903; baseline 0.006 -27"><span class='ocrx_word' id='word_1_799' title='bbox 2075 4836 2193 4876; x_wconf 78' lang='lat' dir='ltr'><strong>mus</strong></span> <span class='ocrx_word' id='word_1_800' title='bbox 2247 4823 2574 4893; x_wconf 79' lang='lat' dir='ltr'><strong>judicantes,</strong></span> <span class='ocrx_word' id='word_1_801' title='bbox 2616 4835 2668 4881; x_wconf 84' lang='lat' dir='ltr'><strong>et</strong></span> <span class='ocrx_word' id='word_1_802' title='bbox 2707 4843 2826 4881; x_wconf 76' lang='lat' dir='ltr'><strong>cum</strong></span> <span class='ocrx_word' id='word_1_803' title='bbox 2869 4828 2936 4883; x_wconf 81' lang='lat' dir='ltr'><strong>ds</strong></span> <span class='ocrx_word' id='word_1_804' title='bbox 2986 4829 3133 4883; x_wconf 85' lang='lat' dir='ltr'><strong>nobis</strong></span> <span class='ocrx_word' id='word_1_805' title='bbox 3166 4829 3464 4900; x_wconf 56' lang='lat' dir='ltr'><strong>judicatus:</strong></span> <span class='ocrx_word' id='word_1_806' title='bbox 3493 4848 3684 4903; x_wconf 54' lang='lat' dir='ltr'><strong>spem</strong></span> 
     </span>
    </p>
   </div>
   <div class='ocr_carea' id='block_1_107' title="bbox 2075 4914 3684 4996">
    <p class='ocr_par' dir='ltr' id='par_1_107' title="bbox 2075 4914 3684 4996">
     <span class='ocr_line' id='line_1_108' title="bbox 2075 4914 3684 4996; baseline 0.009 -29"><span class='ocrx_word' id='word_1_807' title='bbox 2075 4926 2194 4969; x_wconf 83' lang='lat' dir='ltr'><strong>mus</strong></span> <span class='ocrx_word' id='word_1_808' title='bbox 2235 4914 2653 4973; x_wconf 80' lang='lat' dir='ltr'><strong>misericordiam</strong></span> <span class='ocrx_word' id='word_1_809' title='bbox 2702 4929 2871 4975; x_wconf 68' lang='lat' dir='ltr'><strong>tuam.</strong></span> <span class='ocrx_word' id='word_1_810' title='bbox 2916 4920 3031 4978; x_wconf 78' lang='lat' dir='ltr'><strong>Hoc</strong></span> <span class='ocrx_word' id='word_1_811' title='bbox 3067 4930 3154 4977; x_wconf 85' lang='lat' dir='ltr'><strong>est</strong></span> <span class='ocrx_word' id='word_1_812' title='bbox 3183 4924 3333 4994; x_wconf 85' lang='lat' dir='ltr'><strong>quod</strong></span> <span class='ocrx_word' id='word_1_813' title='bbox 3373 4925 3428 4979; x_wconf 89' lang='lat' dir='ltr'><strong>in</strong></span> <span class='ocrx_word' id='word_1_814' title='bbox 3454 4925 3684 4996; x_wconf 60' lang='lat' dir='ltr'><strong>palmo</strong></span> 
     </span>
    </p>
   </div>
   <div class='ocr_carea' id='block_1_108' title="bbox 2074 5007 3682 5086">
    <p class='ocr_par' dir='ltr' id='par_1_108' title="bbox 2074 5007 3682 5086">
     <span class='ocr_line' id='line_1_109' title="bbox 2074 5007 3682 5086; baseline 0.007 -25"><span class='ocrx_word' id='word_1_815' title='bbox 2074 5007 2343 5079; x_wconf 85' lang='lat' dir='ltr'><strong>scriptum</strong></span> <span class='ocrx_word' id='word_1_816' title='bbox 2368 5018 2461 5066; x_wconf 82' lang='lat' dir='ltr'><strong>est</strong></span> <span class='ocrx_word' id='word_1_817' title='bbox 2502 5027 2516 5065; x_wconf 92' lang='lat'><strong>:</strong></span> <span class='ocrx_word' id='word_1_818' title='bbox 2567 5010 2740 5067; x_wconf 70' lang='lat' dir='ltr'><strong>Multa</strong></span> <span class='ocrx_word' id='word_1_819' title='bbox 2785 5013 3002 5085; x_wconf 70' lang='lat' dir='ltr'><strong>ﬂagella</strong></span> <span class='ocrx_word' id='word_1_820' title='bbox 3042 5016 3356 5085; x_wconf 80' lang='lat' dir='ltr'><strong>peccatoris,</strong></span> <span class='ocrx_word' id='word_1_821' title='bbox 3396 5028 3682 5086; x_wconf 61' lang='lat' dir='ltr'><strong>sperum</strong></span> 
     </span>
    </p>
   </div>
   <div class='ocr_carea' id='block_1_109' title="bbox 2076 5104 3681 5180">
    <p class='ocr_par' dir='ltr' id='par_1_109' title="bbox 2076 5104 3681 5180">
     <span class='ocr_line' id='line_1_110' title="bbox 2076 5104 3681 5180; baseline 0.004 -23"><span class='ocrx_word' id='word_1_822' title='bbox 2076 5110 2255 5158; x_wconf 74' lang='lat' dir='ltr'><strong>autem</strong></span> <span class='ocrx_word' id='word_1_823' title='bbox 2297 5105 2353 5159; x_wconf 87' lang='lat' dir='ltr'><strong>in</strong></span> <span class='ocrx_word' id='word_1_824' title='bbox 2399 5104 2626 5160; x_wconf 80' lang='lat' dir='ltr'><strong>Domino</strong></span> <span class='ocrx_word' id='word_1_825' title='bbox 2670 5106 3034 5162; x_wconf 69' lang='lat' dir='ltr'><strong>misericordia</strong></span> <span class='ocrx_word' id='word_1_826' title='bbox 3082 5109 3433 5163; x_wconf 54' lang='lat' dir='ltr'><strong>circumdat“</strong></span> <span class='ocrx_word' id='word_1_827' title='bbox 3486 5108 3681 5180; x_wconf 65' lang='lat' dir='ltr'><strong>(Pani.</strong></span> 
     </span>
    </p>
   </div>
   <div class='ocr_carea' id='block_1_110' title="bbox 2079 5193 3683 5268">
    <p class='ocr_par' dir='ltr' id='par_1_110' title="bbox 2079 5193 3683 5268">
     <span class='ocr_line' id='line_1_111' title="bbox 2079 5193 3683 5268; baseline 0.004 -19"><span class='ocrx_word' id='word_1_828' title='bbox 2079 5193 2252 5268; x_wconf 62' lang='grc' dir='ltr'><strong>χχχι).</strong></span> <span class='ocrx_word' id='word_1_829' title='bbox 2287 5194 2477 5268; x_wconf 79' lang='lat' dir='ltr'><strong>Magna</strong></span> <span class='ocrx_word' id='word_1_830' title='bbox 2504 5197 2647 5252; x_wconf 89' lang='lat' dir='ltr'><strong>enim</strong></span> <span class='ocrx_word' id='word_1_831' title='bbox 2673 5198 2928 5254; x_wconf 83' lang='lat' dir='ltr'><strong>distantia</strong></span> <span class='ocrx_word' id='word_1_832' title='bbox 2963 5207 3050 5255; x_wconf 89' lang='lat' dir='ltr'><strong>est</strong></span> <span class='ocrx_word' id='word_1_833' title='bbox 3075 5199 3225 5257; x_wconf 84' lang='lat' dir='ltr'><strong>inter</strong></span> <span class='ocrx_word' id='word_1_834' title='bbox 3259 5197 3529 5268; x_wconf 60' lang='lat' dir='ltr'><strong>inﬁciunt</strong></span> <span class='ocrx_word' id='word_1_835' title='bbox 3550 5200 3683 5255; x_wconf 73' lang='lat' dir='ltr'><strong>ele-</strong></span> 
     </span>
    </p>
   </div>
   <div class='ocr_carea' id='block_1_111' title="bbox 2070 5286 3682 5365">
    <p class='ocr_par' dir='ltr' id='par_1_111' title="bbox 2070 5286 3682 5365">
     <span class='ocr_line' id='line_1_112' title="bbox 2070 5286 3682 5365; baseline 0.004 -23"><span class='ocrx_word' id='word_1_836' title='bbox 2070 5292 2287 5344; x_wconf 74' lang='lat' dir='ltr'><strong>ctorum</strong></span> <span class='ocrx_word' id='word_1_837' title='bbox 2325 5296 2381 5347; x_wconf 89' lang='lat' dir='ltr'><strong>et</strong></span> <span class='ocrx_word' id='word_1_838' title='bbox 2410 5286 2789 5363; x_wconf 80' lang='lat' dir='ltr'><strong>reproborum,</strong></span> <span class='ocrx_word' id='word_1_839' title='bbox 2816 5291 2942 5364; x_wconf 83' lang='lat' dir='ltr'><strong>quia</strong></span> <span class='ocrx_word' id='word_1_840' title='bbox 2970 5290 3101 5347; x_wconf 85' lang='lat' dir='ltr'><strong>illos</strong></span> <span class='ocrx_word' id='word_1_841' title='bbox 3120 5291 3386 5349; x_wconf 82' lang='lat' dir='ltr'><strong>Dominus</strong></span> <span class='ocrx_word' id='word_1_842' title='bbox 3406 5293 3682 5365; x_wconf 76' lang='lat' dir='ltr'><strong>corripit,</strong></span> 
     </span>
    </p>
   </div>
   <div class='ocr_carea' id='block_1_112' title="bbox 2066 5381 3683 5461">
    <p class='ocr_par' dir='ltr' id='par_1_112' title="bbox 2066 5381 3683 5461">
     <span class='ocr_line' id='line_1_113' title="bbox 2066 5381 3683 5461; baseline 0.004 -26"><span class='ocrx_word' id='word_1_843' title='bbox 2066 5391 2138 5461; x_wconf 80' lang='grc' dir='ltr'><strong>¹ιιι</strong></span> <span class='ocrx_word' id='word_1_844' title='bbox 2163 5397 2192 5436; x_wconf 91' lang='lat' dir='ltr'><strong>a</strong></span> <span class='ocrx_word' id='word_1_845' title='bbox 2218 5381 2454 5454; x_wconf 87' lang='lat' dir='ltr'><strong>peccatis</strong></span> <span class='ocrx_word' id='word_1_846' title='bbox 2481 5383 2704 5437; x_wconf 88' lang='lat' dir='ltr'><strong>mundet</strong></span> <span class='ocrx_word' id='word_1_847' title='bbox 2726 5391 2783 5438; x_wconf 91' lang='lat' dir='ltr'><strong>et</strong></span> <span class='ocrx_word' id='word_1_848' title='bbox 2807 5400 2837 5438; x_wconf 88' lang='lat' dir='ltr'><strong>a</strong></span> <span class='ocrx_word' id='word_1_849' title='bbox 2860 5383 3009 5439; x_wconf 80' lang='lat' dir='ltr'><strong>vitiis</strong></span> <span class='ocrx_word' id='word_1_850' title='bbox 3028 5392 3300 5450; x_wconf 85' lang='lat' dir='ltr'><strong>coerceat,</strong></span> <span class='ocrx_word' id='word_1_851' title='bbox 3324 5384 3460 5441; x_wconf 80' lang='lat' dir='ltr'><strong>istos</strong></span> <span class='ocrx_word' id='word_1_852' title='bbox 3479 5396 3683 5441; x_wconf 76' lang='lat' dir='ltr'><strong>autem</strong></span> 
     </span>
    </p>
   </div>
   <div class='ocr_carea' id='block_1_113' title="bbox 2076 5473 3685 5548">
    <p class='ocr_par' dir='ltr' id='par_1_113' title="bbox 2076 5473 3685 5548">
     <span class='ocr_line' id='line_1_114' title="bbox 2076 5473 3685 5548; baseline 0.004 -17"><span class='ocrx_word' id='word_1_853' title='bbox 2076 5478 2137 5531; x_wconf 83' lang='lat' dir='ltr'><strong>ut</strong></span> <span class='ocrx_word' id='word_1_854' title='bbox 2165 5475 2427 5546; x_wconf 67' lang='lat' dir='ltr'><strong>superbia:</strong></span> <span class='ocrx_word' id='word_1_855' title='bbox 2448 5483 2505 5530; x_wconf 88' lang='lat' dir='ltr'><strong>et</strong></span> <span class='ocrx_word' id='word_1_856' title='bbox 2525 5473 2768 5547; x_wconf 71' lang='lat' dir='ltr'><strong>perﬁdiae</strong></span> <span class='ocrx_word' id='word_1_857' title='bbox 2807 5490 2918 5532; x_wconf 75' lang='lat' dir='ltr'><strong>sua:</strong></span> <span class='ocrx_word' id='word_1_858' title='bbox 2940 5488 3132 5548; x_wconf 65' lang='lat' dir='ltr'><strong>poenas</strong></span> <span class='ocrx_word' id='word_1_859' title='bbox 3176 5478 3347 5543; x_wconf 86' lang='lat' dir='ltr'><strong>luant,</strong></span> <span class='ocrx_word' id='word_1_860' title='bbox 3375 5486 3431 5535; x_wconf 88' lang='lat' dir='ltr'><strong>et</strong></span> <span class='ocrx_word' id='word_1_861' title='bbox 3470 5488 3685 5537; x_wconf 83' lang='lat' dir='ltr'><strong>contra</strong></span> 
     </span>
    </p>
   </div>
   <div class='ocr_carea' id='block_1_114' title="bbox 2079 5558 3689 5639">
    <p class='ocr_par' dir='ltr' id='par_1_114' title="bbox 2079 5558 3689 5639">
     <span class='ocr_line' id='line_1_115' title="bbox 2079 5558 3689 5639; baseline 0.006 -22"><span class='ocrx_word' id='word_1_862' title='bbox 2079 5558 2473 5618; x_wconf 82' lang='lat' dir='ltr'><strong>deminatorem</strong></span> <span class='ocrx_word' id='word_1_863' title='bbox 2508 5564 2749 5618; x_wconf 88' lang='lat' dir='ltr'><strong>omnium</strong></span> <span class='ocrx_word' id='word_1_864' title='bbox 2776 5574 2835 5619; x_wconf 89' lang='lat' dir='ltr'><strong>se</strong></span> <span class='ocrx_word' id='word_1_865' title='bbox 2879 5579 3185 5635; x_wconf 80' lang='lat' dir='ltr'><strong>repugnare</strong></span> <span class='ocrx_word' id='word_1_866' title='bbox 3215 5583 3323 5624; x_wconf 85' lang='lat' dir='ltr'><strong>non</strong></span> <span class='ocrx_word' id='word_1_867' title='bbox 3372 5582 3534 5639; x_wconf 83' lang='lat' dir='ltr'><strong>posse</strong></span> <span class='ocrx_word' id='word_1_868' title='bbox 3580 5584 3689 5626; x_wconf 56' lang='lat' dir='ltr'><strong>co-</strong></span> 
     </span>
    </p>
   </div>
   <div class='ocr_carea' id='block_1_115' title="bbox 2077 5652 3690 5729">
    <p class='ocr_par' dir='ltr' id='par_1_115' title="bbox 2077 5652 3690 5729">
     <span class='ocr_line' id='line_1_116' title="bbox 2077 5652 3690 5729; baseline 0.004 -21"><span class='ocrx_word' id='word_1_869' title='bbox 2077 5662 2355 5723; x_wconf 79' lang='lat' dir='ltr'><strong>guoscant.</strong></span> <span class='ocrx_word' id='word_1_870' title='bbox 2404 5652 2556 5709; x_wconf 81' lang='lat' dir='ltr'><strong>Felix</strong></span> <span class='ocrx_word' id='word_1_871' title='bbox 2594 5656 2798 5726; x_wconf 81' lang='lat' dir='ltr'><strong>quippe</strong></span> <span class='ocrx_word' id='word_1_872' title='bbox 2836 5664 2923 5711; x_wconf 85' lang='lat' dir='ltr'><strong>est</strong></span> <span class='ocrx_word' id='word_1_873' title='bbox 2960 5658 3055 5712; x_wconf 84' lang='lat' dir='ltr'><strong>oui</strong></span> <span class='ocrx_word' id='word_1_874' title='bbox 3088 5658 3145 5712; x_wconf 88' lang='lat' dir='ltr'><strong>in</strong></span> <span class='ocrx_word' id='word_1_875' title='bbox 3182 5658 3473 5729; x_wconf 73' lang='lat' dir='ltr'><strong>iudicando</strong></span> <span class='ocrx_word' id='word_1_876' title='bbox 3508 5673 3690 5715; x_wconf 76' lang='lat' dir='ltr'><strong>sem-</strong></span> 
     </span>
    </p>
   </div>
   <div class='ocr_carea' id='block_1_116' title="bbox 2066 5743 3688 5816">
    <p class='ocr_par' dir='ltr' id='par_1_116' title="bbox 2066 5743 3688 5816">
     <span class='ocr_line' id='line_1_117' title="bbox 2066 5743 3688 5816; baseline 0.006 -19"><span class='ocrx_word' id='word_1_877' title='bbox 2066 5750 2174 5813; x_wconf 79' lang='lat' dir='ltr'><strong>per</strong></span> <span class='ocrx_word' id='word_1_878' title='bbox 2202 5743 2454 5814; x_wconf 75' lang='lat' dir='ltr'><strong>pietatem</strong></span> <span class='ocrx_word' id='word_1_879' title='bbox 2490 5752 2650 5815; x_wconf 78' lang='lat' dir='ltr'><strong>atque</strong></span> <span class='ocrx_word' id='word_1_880' title='bbox 2677 5745 2974 5801; x_wconf 81' lang='lat' dir='ltr'><strong>bonitatem</strong></span> <span class='ocrx_word' id='word_1_881' title='bbox 2991 5746 3195 5816; x_wconf 74' lang='lat' dir='ltr'><strong>judicia</strong></span> <span class='ocrx_word' id='word_1_882' title='bbox 3214 5748 3300 5804; x_wconf 88' lang='lat' dir='ltr'><strong>sui</strong></span> <span class='ocrx_word' id='word_1_883' title='bbox 3327 5757 3453 5807; x_wconf 81' lang='lat' dir='ltr'><strong>ante</strong></span> <span class='ocrx_word' id='word_1_884' title='bbox 3467 5749 3688 5806; x_wconf 75' lang='lat' dir='ltr'><strong>oculos</strong></span> 
     </span>
    </p>
   </div>
   <div class='ocr_carea' id='block_1_117' title="bbox 2077 5837 3685 5908">
    <p class='ocr_par' dir='ltr' id='par_1_117' title="bbox 2077 5837 3685 5908">
     <span class='ocr_line' id='line_1_118' title="bbox 2077 5837 3685 5908; baseline 0.005 -17"><span class='ocrx_word' id='word_1_885' title='bbox 2077 5838 2245 5908; x_wconf 88' lang='lat' dir='ltr'><strong>ponit.</strong></span> <span class='ocrx_word' id='word_1_886' title='bbox 2290 5845 2342 5892; x_wconf 84' lang='lat' dir='ltr'><strong>ct</strong></span> <span class='ocrx_word' id='word_1_887' title='bbox 2374 5837 2512 5893; x_wconf 80' lang='lat' dir='ltr'><strong>sicut</strong></span> <span class='ocrx_word' id='word_1_888' title='bbox 2558 5837 2659 5893; x_wconf 86' lang='lat' dir='ltr'><strong>sibi</strong></span> <span class='ocrx_word' id='word_1_889' title='bbox 2703 5854 2731 5892; x_wconf 90' lang='lat' dir='ltr'><strong>a</strong></span> <span class='ocrx_word' id='word_1_890' title='bbox 2768 5837 2997 5895; x_wconf 78' lang='lat' dir='ltr'><strong>Domino</strong></span> <span class='ocrx_word' id='word_1_891' title='bbox 3035 5841 3280 5899; x_wconf 76' lang='lat' dir='ltr'><strong>misereri</strong></span> <span class='ocrx_word' id='word_1_892' title='bbox 3330 5840 3460 5904; x_wconf 84' lang='lat' dir='ltr'><strong>vult,</strong></span> <span class='ocrx_word' id='word_1_893' title='bbox 3489 5840 3589 5897; x_wconf 77' lang='lat' dir='ltr'><strong>sic</strong></span> <span class='ocrx_word' id='word_1_894' title='bbox 3618 5849 3685 5899; x_wconf 75' lang='lat' dir='ltr'><strong>et</strong></span> 
     </span>
    </p>
   </div>
  </div>
