3928 6182
293 424 417 501 rae
994 427 1031 475 -'
1145 442 1497 508 eomr.
1537 450 1605 509 lN
1643 436 1902 513 insnum
1942 454 2349 514 sanemus.
2385 488 2461 502 —-
2495 461 2623 527 LIB.
2661 430 2759 521 in.
3464 470 3573 534 τεο

292 535 942 659 ipseal-iisml-sercripon
964 537 1249 659 detrectet,
1272 564 1673 659 quiajudicium
1701 569 1885 659 eisine
1908 580 1960 639 Α
1985 572 2108 643 plus
2135 575 2334 629 mortui
2361 588 2588 646 possunt
2624 584 2788 649 quam
2828 579 2958 647 vivi,
2996 589 3052 638 et
3099 586 3301 642 mortui
3323 588 3569 659 potiores

291 650 698 718 misericordia,
750 650 843 722 qui
888 667 996 707 non
1054 650 1184 709 facit
1230 656 1683 714 misericordiam.
1734 658 1888 714 Beati

290 741 430 797 enim
463 740 855 807 msericordes,
893 741 1145 812 quoniam
1187 742 1288 813 ipsi
1322 745 1737 802 misericordiam
1762 765 1889 803 con-

288 838 580 905 sequentur
604 830 825 906 (Matth.
849 848 885 887 v
925 830 971 904 ).’

365 940 521 999 Unde
548 954 598 1001 et
646 943 752 998 illis
776 944 865 1015 qui
910 944 966 999 in
1013 946 1115 1000 vita
1148 963 1247 1000 sua
1291 950 1553 1003 insensate
1599 958 1647 1004 et
1687 949 1885 1021 injuste

289 1038 556 1103 riserunt,
597 1054 692 1108 per
716 1035 828 1091 Ilth
856 1053 974 1108 qua:
1003 1037 1274 1092 coluerunt
1301 1038 1490 1094 dedisti
1527 1057 1733 1094 summa
1775 1050 1884 1095 tor-

288 1143 492 1197 menta,
522 1133 713 1187 etenim
734 1133 791 1186 in
829 1135 1023 1188 erroris
1055 1130 1374 1191 via'diutius
1405 1148 1728 1203 erraverunt,
1759 1138 1882 1195 deos

289 1223 616 1278 a-stimantes
640 1224 752 1277 hac
787 1241 903 1296 qua:
928 1225 984 1281 in
1012 1222 1329 1281 animalibus
1365 1238 1487 1282 sunt
1524 1245 1878 1298 supervacua,

288 1314 558 1384 infantum
584 1314 970 1370 insensatorum
990 1332 1132 1370 more
1156 1315 1398 1385 viventes,
1423 1329 1633 1389 propter
1655 1320 1884 1373 hoctan-

287 1421 449 1475 quam
475 1405 656 1474 pueris
679 1404 958 1460 insensatis
991 1405 1260 1478 judicium
1302 1407 1359 1462 in
1397 1408 1628 1463 derisum
1667 1409 1878 1465 dedisti.

288 1495 487 1550 Merito
517 1495 595 1550 illi
624 1496 715 1565 qui
742 1496 795 1555 in
825 1498 936 1551 vita
968 1512 1065 1552 sua
1095 1495 1296 1565 injuste
1327 1506 1382 1553 et
1430 1499 1707 1555 insensate
1733 1500 1883 1555 vixe-

291 1593 438 1651 runt,
466 1601 566 1657 per
591 1586 708 1645 haec
732 1601 854 1657 quae
881 1586 1166 1642 coluerunt
1199 1589 1543 1646 sustinebant
1576 1598 1843 1646 tormenta
1861 1632 1876 1659 ,

287 1686 344 1731 et
372 1677 564 1733 divino
580 1674 789 1746 judicio
813 1693 936 1733 cum
964 1678 1219 1734 nolebant
1246 1679 1583 1736 conditorem
1612 1696 1770 1736 suum
1793 1697 1881 1737 co-

199 1821 203 1824 ι
286 1783 557 1847 gnoscere
573 1777 738 1842 atque
758 1770 1023 1841 condigne
1046 1771 1338 1838 honorare,
1359 1769 1544 1826 traditi
1564 1780 1694 1829 sunt
1716 1772 1769 1827 in
1794 1787 1879 1828 re-

283 1847 519 1929 probtim
550 1875 795 1926 sensum,
825 1868 883 1916 ut
910 1860 1153 1918 facerent
1176 1877 1243 1919 ea
1272 1878 1394 1934 qua:
1416 1879 1520 1919 non
1549 1864 1879 1920 conveniunt

1985 674 2113 720 sunt
2146 667 2300 732 vivis,
2335 683 2365 721 a
2395 669 2516 724 vivo
2540 670 2684 724 enim
2730 671 2841 726 Deo
2868 674 3184 732 recedentes
3218 678 3449 736 mortuis
3485 679 3570 737 fa-

1982 763 2132 820 vent,
2165 756 2220 811 in
2250 772 2477 827 quorum
2514 775 2761 827 numero,
2803 763 2942 818 sicut
2977 767 3237 837 scriptum
3279 776 3384 834 est,
3414 770 3567 826 Mor-

1984 848 2105 904 talis
2134 860 2398 904 mortuum
2437 852 2588 924 ﬁngit
2625 849 2869 909 manibus
2904 856 3095 929 iniquis
3123 858 3278 931 (Sap.
3322 860 3449 933 xv);
3483 863 3567 919 sic

1982 941 2127 995 enim
2151 941 2247 994 Dei
2278 940 2617 1010 majestatem
2656 953 2711 1000 et
2740 945 2966 1013 gloriam
3012 949 3348 1016 minuerunt,
3388 953 3569 1008 titho-

1984 1044 2102 1082 rum
2147 1045 2266 1099 qua:
2315 1031 2536 1085 minima
2568 1042 2624 1086 et
2673 1048 2836 1102 parva
2878 1045 3024 1101 sunt,
3074 1038 3413 1094 similitudini
3468 1042 3563 1097 Dei

1982 1117 2452 1174 honoriﬁcentiam
2477 1121 2690 1175 darent.
2718 1122 2885 1177 Primi
2911 1124 3054 1179 enim
3085 1125 3364 1199 Babylonii
3392 1130 3561 1184 Deum

1981 1212 2336 1276 vocaverunt,
2396 1211 2710 1282 figmentum
2764 1214 2941 1282 Belis,
2999 1220 3273 1292 quondam
3329 1221 3567 1278 hominis

1980 1301 2201 1366 mortui,
2225 1302 2318 1371 qui
2361 1303 2723 1374 principatum
2770 1306 2823 1360 in
2869 1314 2965 1362 eo‘s
3005 1309 3207 1363 dicitur
3237 1310 3432 1381 egisse.
3460 1311 3564 1369 Co-

1978 1392 2197 1450 luerunt
2218 1402 2273 1448 et
2298 1403 2605 1465 serpentem
2633 1396 2945 1464 draconem,
2975 1414 3134 1469 quem
3183 1402 3372 1457 Daniel
3400 1404 3563 1459 homo

1979 1482 2077 1539 Dei
2128 1484 2349 1551 occidit,
2390 1484 2543 1555 cujus
2593 1486 3004 1544 similitudinem
3052 1491 3274 1547 habent.
3321 1492 3563 1565 Egyptii

1980 1583 2157 1630 autem
2181 1575 2465 1631 coluerunt
2485 1579 2906 1648 quadrupedem,
2924 1595 3084 1651 quem
3102 1582 3355 1640 dicebant
3370 1585 3559 1656 Apeiu,

1980 1664 2036 1720 in
2086 1665 2493 1722 similitudinem
2523 1685 2723 1725 vaccae.
2755 1669 2907 1737 Quod
2953 1672 3157 1727 malum
3198 1674 3440 1731 imitatus
3479 1685 3565 1733 est

1977 1746 2289 1823 Jeroboam,
2320 1772 2516 1814 vaccas
2549 1757 2827 1815 instruens
2853 1760 2908 1815 in
2960 1760 3209 1818 Samaria
3232 1765 3429 1835 quibus
3475 1782 3565 1822 sa-

1980 1844 2291 1901 criﬁcarent
2335 1845 2527 1914 Judazi,
2569 1855 2625 1903 et
2645 1848 2916 1917 volucres,
2957 1851 3085 1922 quia
3125 1854 3378 1908 coracine
3403 1868 3562 1910 sacra

282 1950 638 2010 contumeliis
666 1951 961 2009 allicientes
983 1968 1213 2024 corpora
1238 1969 1338 2011 sua
1374 1955 1431 2010 in
1460 1955 1792 2026 semetipsis,
1819 1955 1874 2011 in
1905 1946 1951 2008 Β
1980 1937 2181 1993 habe“
2216 1938 2429 2010 ρίιειιηί-
2476 1938 2680 1996 Harum
2709 1949 2889 1998 tamen
2928 1945 3173 1999 omnium
3215 1960 3396 2000 rerum
3425 1961 3565 2016 (ιιιειε
3646 2012 3652 2018 .

281 2057 394 2116 quo
412 2051 474 2098 et
496 2042 589 2099 hic
616 2043 1028 2114 turpitudinem,
1056 2052 1110 2099 et
1143 2044 1198 2099 in
1227 2044 1411 2101 futuro
1442 2046 1742 2101 cruciatum
1772 2047 1873 2101 ha-

279 2136 485 2196 berent
508 2146 793 2194 aeternum.
818 2136 986 2208 Cujus
1007 2138 1089 2193 rei
1117 2138 1392 2208 apostolus
1430 2138 1630 2195 Paulus
1665 2139 1719 2194 in
1748 2136 1875 2211 Epi-

281 2229 426 2286 stula
450 2243 552 2285 sua
578 2229 647 2284 ad
673 2227 949 2284 Romanos
973 2230 1198 2300 exponit
1221 2232 1504 2286 veritatem
1537 2231 1612 2286 ita
1637 2231 1827 2288 dicens
1854 2250 1868 2287 :

283 2315 579 2376 Revelatur
627 2320 764 2375 enim
816 2320 899 2374 ira
950 2319 1048 2374 Dei
1108 2319 1175 2374 de
1224 2320 1350 2376 caelo
1404 2322 1461 2377 in
1514 2338 1719 2376 onmem
1780 2323 1874 2377 im-

280 2413 535 2485 pietatem
561 2420 611 2465 et
638 2410 950 2482 injustitiam
979 2411 1247 2465 hominum
1275 2428 1455 2466 eorum
1486 2412 1576 2484 qui
1602 2413 1871 2467 veritatem

283 2503 339 2557 in
356 2501 679 2572 injustitiam
707 2502 959 2567 detinent,
985 2503 1109 2572 quia
1130 2503 1269 2572 quod
1311 2512 1492 2557 notum
1519 2513 1597 2557 est
1623 2501 1724 2557 Dei
1752 2520 1871 2557 ma-

284 2592 537 2663 nifestum
564 2601 639 2648 est
668 2592 723 2646 in
744 2591 871 2645 illis.
902 2591 1043 2647 Deus
1072 2592 1211 2647 enim
1241 2590 1348 2647 illis
1377 2592 1748 2665 manifestarit.
1774 2590 1871 2647 In-

282 2683 515 2739 eisibilia
560 2684 697 2737 enim
721 2684 887 2753 ipsius
927 2700 960 2737 a
1008 2691 1250 2738 creatura
1284 2684 1468 2739 mundi
1522 2701 1616 2755 per
1655 2701 1718 2739 ea
1755 2701 1873 2756 qua:

283 2780 431 2848 [acta
456 2783 582 2828 sunt
608 2773 868 2828 intellecta
892 2773 1316 2843 conspiciuntur:
1337 2776 1651 2843 sempiterna
1670 2791 1874 2847 quoque

283 2868 457 2922 uirtus
479 2867 596 2936 ejus
616 2875 663 2920 et
687 2865 959 2930 divinitas,
986 2864 1063 2918 ita
1087 2874 1141 2917 ut
1171 2864 1276 2918 sint
1306 2864 1706 2930 inexcusabiles,
1747 2866 1874 2937 quia

284 2977 407 3016 cum
446 2960 802 3030 cognovissent
842 2957 1033 3023 Deum,
1062 2974 1166 3012 non
1194 2957 1328 3012 sicut
1354 2956 1524 3011 Deum
1547 2956 1874 3029 gloriﬁcave-

287 3059 438 3112 runt,
468 3057 561 3102 aut
602 3049 804 3120 gratias
835 3056 1082 3119 egerunt;
1112 3047 1204 3102 sed
1228 3056 1546 3101 evanuerunt
1578 3049 1635 3101 in
1675 3048 1875 3119 cogita-

286 3138 517 3193 tionibus
555 3138 686 3204 suis,
720 3147 766 3193 et
799 3138 1133 3195 obscuratum
1174 3146 1248 3192 est
1277 3153 1368 3191 cor
1391 3138 1641 3208 insipiens
1670 3154 1870 3192 eorum.

288 3228 533 3285 Dicentes
560 3231 697 3284 enim
737 3247 791 3285 se
830 3246 941 3285 esse
968 3230 1261 3301 sapientes,
1294 3228 1443 3283 stulti
1473 3229 1601 3300 [acti
1634 3236 1793 3294 sunt,
1825 3238 1873 3282 et

1976 2029 2274 2084 memoravi
2311 2030 2603 2086 simulacra
2640 2031 2923 2087 coluerunt
2941 2032 3203 2105 Egyptii,
3233 2042 3291 2090 et
3313 2033 3417 2090 alia
3444 2048 3568 2105 quas

1974 2133 2120 2174 nunc
2150 2119 2330 2175 dicere
2369 2134 2479 2176 non
2516 2128 2864 2178 est‘necesse.
2888 2121 3016 2177 Huic
3033 2122 3103 2177 ab
3131 2123 3218 2179 his
3256 2122 3399 2179 facta
3434 2131 3564 2180 sunt

1975 2211 2069 2283 qui
2092 2204 2366 2282 sapientes
2387 2226 2446 2269 se
2475 2213 2887 2270 aestimaverunt
2917 2216 2972 2270 iu
2997 2215 3232 2282 mundo;
3256 2217 3381 2286 quia
3407 2217 3557 2272 enim

1974 2299 2304 2357 invisibilem
2331 2302 2503 2358 Deum
2551 2320 2659 2360 non
2706 2305 3114 2361 honoraverunt
3154 2306 3261 2361 ista
3287 2305 3557 2373 faciendo,

1973 2406 2074 2448 nec
2089 2390 2155 2446 de
2180 2392 2266 2448 his
2289 2406 2410 2464 quae
2429 2392 2666 2450 visibilis
2693 2404 2820 2450 sunt
2846 2405 2997 2452 recte
3018 2410 3211 2467 sapere
3235 2405 3555 2468 potuerunt.

2046 2484 2151 2550 Qui
2178 2494 2352 2539 autem
2382 2483 2627 2540 ludibriis
2656 2495 2704 2540 et
2729 2486 3174 2558 increpationibus
3202 2505 3308 2543 non
3334 2489 3559 2560 correpti

1972 2586 2127 2643 sunt,
2164 2577 2379 2648 dignum
2418 2577 2517 2633 Dei
2543 2578 2810 2650 judicium
2831 2581 3028 2650 experti
3063 2589 3205 2634 sunt.
3239 2579 3440 2650 Utique
3463 2579 3559 2651 qui

1972 2682 2072 2740 per
2098 2666 2306 2739 ﬂagella
2344 2668 2442 2723 Dei
2477 2668 2747 2740 castigati,
2777 2671 3009 2726 correcti
3036 2687 3146 2726 non
3188 2680 3338 2738 sunt,
3369 2672 3559 2728 condi-

1974 2776 2134 2834 gnam
2153 2774 2369 2832 poanam
2393 2763 2755 2818 damnationis
2782 2764 2988 2833 experti
3011 2772 3165 2830 sunt;
3194 2764 3263 2819 ad
3284 2764 3388 2820 hoc
3411 2765 3559 2820 enim

1972 2853 2115 2908 Deus
2143 2853 2366 2924 corripit
2394 2861 2453 2909 ut
2478 2855 2751 2919 emendet,
2781 2854 2971 2910 nolens
3002 2870 3326 2926 quemquam
3354 2855 3555 2927 perire,

1974 2947 2100 3017 quia
2114 2962 2305 3002 omnes
2329 2948 2573 3002 homines
2596 2947 2709 3002 vult
2726 2947 2903 3003 salvos
2920 2963 3058 3014 esse,
3073 2954 3128 3003 et
3141 2948 3209 3003 ad
3228 2948 3558 3019 agnitionem

1976 3039 2221 3095 veritatis
2244 3040 2547 3111 pervenire.
2585 3039 2687 3107 Qui
2737 3050 2916 3096 autem
2946 3040 3191 3111 ingratus
3230 3049 3314 3096 est
3342 3039 3443 3095 Dei
3476 3038 3560 3093 vi-

1975 3128 2257 3193 sitatione,
2298 3136 2353 3183 et
2387 3143 2486 3198 per
2520 3128 2913 3199 impatientiam
2942 3130 3133 3185 incidit
3159 3130 3213 3184 in
3248 3142 3557 3184 murmura-

1977 3221 2214 3287 tionem,
2243 3220 2310 3277 de
2354 3223 2638 3293 temporali
2675 3222 2885 3295 ﬂagello
2924 3223 2993 3278 ad
3033 3230 3300 3279 tormenta
3342 3222 3560 3278 ducitur

288 3332 622 3378 mutaverunt
660 3322 882 3394 gloriam
924 3322 1337 3394 incorruptibilis
1370 3321 1493 3389 Dei,
1532 3324 1587 3376 in
1626 3319 1873 3376 similitu-
1899 3305 1944 3368 C
1973 3321 2255 3384 perpetua,
2287 3312 2411 3370 ideo
2432 3323 2488 3371 et
2515 3313 2583 3371 de
2605 3315 2796 3370 iisdem
2823 3315 3002 3385 impiis
3030 3314 3407 3386 subjungitur:

288 3414 467 3468 dinem
503 3414 749 3485 imaginis
789 3413 1141 3491 corruptibilis
1181 3413 1428 3478 hominis,
1457 3421 1504 3467 et
1532 3410 1799 3467 volucrum
1823 3420 1873 3465 et

288 3507 714 3579 quadrupedum,
766 3519 814 3562 et
860 3516 1179 3582 serpentum.
1215 3506 1439 3578 Propter
1472 3504 1612 3577 quod
1653 3502 1875 3559 tradidit

286 3599 407 3656 illos
437 3599 582 3657 Deus
598 3600 656 3659 in
676 3599 934 3657 desideria
961 3600 1134 3658 cordis
1160 3614 1341 3655 eorum
1370 3599 1426 3655 in
1458 3596 1872 3663 immunditiam,

288 3701 345 3745 ut
372 3689 704 3745 contumeliis
729 3690 953 3762 aﬂiciant
984 3705 1204 3762 corpora
1225 3707 1323 3743 sua
1352 3690 1407 3743 in
1442 3686 1752 3758 semetipsis,
1782 3686 1875 3758 qui

289 3791 738 3836 commutaverunt
759 3782 1023 3839 veritatem
1046 3778 1142 3835 Dei
1167 3780 1222 3834 in
1247 3779 1596 3844 mendacium,
1625 3788 1674 3833 et
1700 3776 1875 3833 colue-

290 3880 411 3931 runt
444 3881 492 3925 et
521 3871 808 3931 servierunt
841 3881 1098 3928 creatum
1124 3873 1300 3944 potius
1326 3888 1485 3945 quam
1498 3869 1757 3935 Creatori,
1784 3870 1876 3940 qui

289 3972 363 4019 est
399 3959 701 4021 benedictus
736 3963 793 4016 in
831 3960 1047 4018 swcula.
1108 3962 1274 4016 Amen
1306 3958 1479 4034 (Rom.
1519 3959 1582 4033 ι.)
1637 3958 1729 4014 Sic
1777 3957 1876 4014 ob-

290 4061 553 4107 caecatum
588 4060 674 4108 est
715 4068 812 4108 cor
853 4052 1067 4109 illorum
1099 4061 1159 4108 ut
1204 4054 1545 4125 majestatem
1583 4049 1874 4107 invisibilis

290 4139 409 4209 Dei,
441 4158 603 4219 quem
636 4159 703 4199 ex
749 4144 835 4200 bis
871 4144 1028 4201 factis
1084 4153 1449 4217 agnoverant,
1497 4160 1603 4199 non
1639 4142 1876 4200 homini-

2047 3401 2116 3458 In
2156 3404 2240 3460 his
2277 3405 2417 3460 enim
2451 3402 2572 3477 qua:
2602 3406 2936 3477 patiebantur
2959 3404 3172 3461 moleste
3203 3406 3470 3476 ferebant,
3503 3404 3561 3459 in

1975 3496 2162 3567 quibus
2186 3497 2442 3569 patientes
2477 3498 2907 3569 indignabantur,
2948 3513 3042 3570 per
3085 3498 3199 3553 hcce
3237 3512 3368 3570 quos
3402 3504 3558 3568 puta-

1976 3588 2101 3642 bant
2145 3587 2270 3643 deos
2294 3629 2308 3654 ,
2361 3586 2416 3643 in
2464 3590 2593 3659 ipsis
2629 3604 2751 3643 cum
2783 3591 3259 3644 exterminarentur
3306 3589 3558 3656 videntes,

1975 3682 2148 3747 illum,
2189 3698 2342 3755 quem
2381 3680 2506 3737 olim
2543 3682 2801 3754 negabant
2839 3699 2895 3736 se
2942 3698 3113 3749 nosse,
3158 3680 3328 3735 Deum
3377 3695 3558 3737 verum

1976 3785 2340 3846 agnoverunt;
2392 3783 2605 3846 propter
2651 3774 2795 3847 quod
2832 3781 2882 3829 et
2924 3773 3049 3844 linis
3113 3769 3561 3827 condemnationis

1974 3868 2190 3923 illorum
2216 3868 2401 3923 veniet.
2437 3867 2633 3923 Misera
2657 3866 2930 3938 gentilitas
2954 3881 3115 3936 quam
3142 3865 3232 3921 diu
3258 3862 3416 3919 idolis
3437 3876 3556 3918 ser-

1974 3958 2178 4025 vicbat,
2208 3958 2325 4013 haec
2349 3957 2516 4013 etiam
2553 3972 2741 4013 errore
2766 3957 2949 4012 delusa
2974 3958 3104 4012 deos
3127 3970 3248 4012 esse
3270 3955 3558 4026 putabant,

1976 4064 2208 4120 quorum
2253 4049 2694 4122 persuasionibus
2740 4049 3138 4105 seducebantur
3161 4089 3177 4115 ,
3231 4058 3287 4105 et
3335 4042 3562 4119 propter

1975 4139 2079 4195 hoc
2128 4138 2359 4196 diversis
2412 4139 2587 4210 plenis
2637 4138 3030 4195 adiciebantur.
3088 4139 3243 4197 Unde
3293 4148 3347 4194 et
3386 4155 3453 4194 ex
3491 4153 3558 4194 ea

290 4236 412 4303 bus,
459 4239 553 4294 sed
585 4238 727 4308 quod
767 4237 924 4310 pejus
960 4248 1045 4295 est
1068 4237 1434 4295 inexcusabile
1459 4237 1666 4296 crimen
1698 4235 1752 4292 in
1794 4236 1871 4291 si-
1970 4229 2193 4302 plurimi
2236 4230 2408 4286 Deum
2437 4245 2626 4285 verum
2649 4245 2809 4301 quem
2845 4239 3003 4286 antea
3047 4231 3103 4285 in
3143 4228 3420 4286 beneficiis
3446 4228 3560 4284 suis

288 4326 651 4385 militudinem
679 4329 957 4407 hominum
988 4338 1282 4396 mutarent,
1312 4340 1375 4386 ut
1401 4328 1577 4386 forma
1605 4327 1875 4398 corrupti-

287 4420 415 4479 bilis
444 4421 681 4477 hominis
711 4422 854 4479 Deus
881 4422 949 4479 ab
992 4420 1078 4479 his
1103 4431 1348 4489 vocetur,
1391 4421 1496 4478 hoc
1521 4428 1623 4487 est,
1655 4418 1875 4474 simula-

288 4524 443 4567 crum
472 4512 730 4579 bominis,
760 4521 820 4567 ut
845 4527 981 4582 quos
1004 4512 1155 4568 vivos
1178 4513 1396 4568 nomine
1422 4511 1516 4567 Dei
1543 4512 1745 4567 donare
1764 4523 1873 4564 non

287 4599 510 4667 audent,
563 4610 901 4657 mortuorum
945 4600 1209 4674 imagines
1259 4603 1312 4658 in
1343 4601 1568 4672 gloriam
1596 4600 1690 4655 Dei
1736 4599 1899 4656 reci-.

1976 4323 2198 4378 credere
2226 4320 2532 4387 noluerunt,
2564 4322 2709 4378 hunc
2751 4320 2805 4376 in
2823 4319 3028 4391 judicw
3044 4319 3193 4389 justo
3215 4318 3556 4391 postmodum

1975 4412 2399 4485 omnipotentem
2425 4420 2783 4486 agnoverunt.
2810 4411 2928 4467 Non
2957 4413 3103 4467 enim
3124 4418 3338 4481 poterat
3364 4410 3554 4475 latere,

1975 4520 2139 4576 quem
2180 4514 2392 4560 constat
2426 4503 2668 4561 omnium
2711 4504 3104 4561 dominatorem
3140 4517 3281 4569 esse,
3311 4502 3436 4572 quia
3460 4509 3556 4557 aut

1976 4598 2065 4654 hic
2111 4599 2634 4672 per'pmnltentiaml
2659 4597 2937 4654 conversis
2982 4596 3411 4652 misericordiam
3456 4595 3558 4649 im-

181 4713 191 4719 ·
287 4693 460 4768 piant.
489 4693 705 4762 Quanta
732 4694 1014 4767 aegritudo,
1045 4667 1246 4766 quanta
1277 4667 1505 4747 stultitia
1531 4691 1631 4747 ho‘s
1663 4689 1873 4761 sapien-
1899 4667 1952 4728 D
1974 4667 2182 4763 pendit,
2221 4667 2313 4746 aut
2358 4706 2459 4762 per
2496 4667 2803 4763 superbiam
2851 4688 3241 4747 rebellantibus
3273 4687 3327 4743 in
3372 4686 3556 4742 futuro

289 4795 372 4845 tes
418 4787 692 4860 appellare
732 4787 800 4845 ad
859 4778 1013 4843 suam
1065 4783 1467 4867 damnationem
1524 4780 1668 4854 apud
1732 4795 1869 4853 quos

1498 5094 1798 5173 LIBER
1868 5091 2350 5172 TERTIUS.

806 5345 1030 5403 CAPUT
1063 5343 1351 5404 PRIMUM.

286 5463 365 5522 De
390 5461 713 5520 idololatria:
728 5476 927 5531 errore.
950 5458 1104 5524 Quod
1129 5458 1229 5531 ipsi
1251 5456 1550 5531 idololatria
1574 5464 1868 5531 qu‘rerentes

353 5538 408 5591 in
442 5533 701 5613 creaturis
737 5528 1059 5614 (jreatorem,
1100 5527 1159 5583 si
1186 5527 1403 5592 vellent,
1437 5528 1547 5598 ipso
1582 5527 1868 5597 adjuvunte

353 5614 562 5679 possent
587 5618 757 5661 tne-ent
767 5617 836 5653 τε.

352 5717 506 5790 (Car.
557 5714 703 5788 xm.)
759 5713 894 5771 Vani
927 5724 1046 5771 sunt
1086 5723 1263 5768 autem
1306 5728 1482 5766 omnes
1525 5710 1781 5777 homines,
1815 5712 1869 5766 in

280 5811 470 5881 quibus
502 5823 607 5865 non
632 5807 802 5863 subest
823 5807 1040 5869 scientia
1068 5805 1185 5863 Dei.
1213 5803 1271 5865 Si
1293 5814 1472 5863 autem
1498 5802 1748 5858 universa
1776 5818 1871 5856 va-

283 5901 423 5965 nitas
449 5908 538 5957 est
567 5900 746 5956 omnis
781 5900 941 5956 homo
971 5899 1177 5966 vivens,
1205 5907 1406 5969 quanto
1435 5895 1604 5967 magis
1638 5892 1714 5950 illi
1743 5894 1866 5948 vani

1975 4796 2194 4854 pinnam
2225 4780 2425 4837 tribuit
2439 4782 2845 4851 sempiternam.

1998 4936 3555 4975 -ι-Ὗ--ι-ς-η-Μ

3528 5240 3543 5273 3

1979 5349 2125 5408 sunt,
2160 5341 2251 5417 qui
2280 5350 2579 5397 creatorem
2609 5357 2765 5398 suum
2792 5357 2899 5398 non
2922 5355 3241 5415 agnoscunt.
3280 5342 3419 5398 Vani
3438 5352 3561 5398 sunt

1975 5446 2150 5490 autem
2188 5450 2365 5488 omnes
2399 5433 2662 5500 homines,
2684 5426 2753 5489 'in
2794 5434 2979 5506 quibus
3007 5453 3114 5490 non
3140 5435 3311 5489 subest
3338 5431 3559 5489 scientia

1976 5523 2095 5588 Dei,
2128 5524 2231 5580 hoc
2259 5532 2361 5589 est,
2397 5525 2560 5578 timor
2585 5532 2640 5579 et
2666 5525 2967 5580 reverentia
2997 5523 3115 5580 Dei.
3150 5522 3302 5579 Unde
3333 5536 3433 5591 per
3454 5519 3557 5577 Job

1975 5602 2175 5673 dicitur
2212 5635 2226 5672 :
2271 5614 2407 5671 Ecce
2443 5618 2600 5672 timor
2638 5615 2882 5681 Domini,
2913 5618 3025 5686 ipsa
3065 5624 3140 5668 est
3177 5611 3466 5676 sapientia,
3506 5617 3559 5666 et

1977 5707 2212 5760 recedere
2240 5724 2271 5760 a
2315 5706 2453 5760 malo
2496 5705 2838 5776 intelligentia
2881 5704 3024 5776 (Job.
3075 5710 3287 5762 xavm).
3328 5697 3560 5756 Recedit

1975 5800 2120 5854 enim
2150 5816 2180 5852 a
2217 5798 2381 5865 malo,
2408 5799 2500 5870 qui
2543 5798 2746 5853 recedit
2785 5797 2851 5851 ab
2878 5795 3143 5850 idolorum
3173 5792 3315 5849 cultu
3342 5808 3369 5858 ς⁴
3401 5796 3557 5847 timet

1978 5892 2170 5959 Deum,
2202 5892 2294 5962 qui
2326 5889 2572 5947 mandata
2606 5887 2724 5960 ejus
2761 5886 3012 5943 custodit.
3057 5884 3279 5945 Initium
3307 5885 3443 5940 enim
3469 5899 3559 5940 se-
