  <div class='ocr_page' id='page_1' title='image "/cluster/home/n/w/nwhite01/storage/ocr_20150623/109/hvd.32044054759741/371.png"; bbox 0 0 3928 6182; ppageno 0'>
   <div class='ocr_carea' id='block_1_1' title="bbox 346 426 463 487">
    <p class='ocr_par' dir='ltr' id='par_1_1' title="bbox 346 426 463 487">
     <span class='ocr_line' id='line_1_1' title="bbox 346 426 463 487; baseline -0.06 -30"><span class='ocrx_word' id='word_1_1' title='bbox 346 426 463 487; x_wconf 58' lang='grc' dir='ltr'><strong>τε,</strong></span> 
     </span>
    </p>
   </div>
   <div class='ocr_carea' id='block_1_2' title="bbox 989 417 1932 495">
    <p class='ocr_par' dir='ltr' id='par_1_2' title="bbox 989 418 1932 481">
     <span class='ocr_line' id='line_1_2' title="bbox 989 418 1932 481; baseline 0 -2"><span class='ocrx_word' id='word_1_2' title='bbox 989 424 1050 479; x_wconf 87' lang='grc' dir='ltr'><strong>Β.</strong></span> <span class='ocrx_word' id='word_1_3' title='bbox 1090 419 1345 481; x_wconf 64' lang='lat' dir='ltr'><strong>RAMNI</strong></span> <span class='ocrx_word' id='word_1_4' title='bbox 1379 419 1601 479; x_wconf 66' lang='lat' dir='ltr'><strong>munt</strong></span> <span class='ocrx_word' id='word_1_5' title='bbox 1636 418 1932 479; x_wconf 64' lang='lat' dir='ltr'><strong>suam</strong></span> 
     </span>
    </p>
   </div>
   <div class='ocr_carea' id='block_1_3' title="bbox 2034 417 2943 495">
    <p class='ocr_par' dir='ltr' id='par_1_3' title="bbox 2034 417 2943 495">
     <span class='ocr_line' id='line_1_3' title="bbox 2034 417 2943 495; baseline -0.006 -16"><span class='ocrx_word' id='word_1_6' title='bbox 2034 418 2643 495; x_wconf 61' lang='lat' dir='ltr'><strong>lacessentium</strong></span> <span class='ocrx_word' id='word_1_7' title='bbox 2676 417 2864 491; x_wconf 62' lang='lat' dir='ltr'><strong>usus</strong></span> <span class='ocrx_word' id='word_1_8' title='bbox 2897 418 2943 474; x_wconf 84' lang='grc' dir='ltr'><em>ι.</em></span> 
     </span>
    </p>
   </div>
   <div class='ocr_carea' id='block_1_4' title="bbox 3511 417 3628 481">
    <p class='ocr_par' dir='ltr' id='par_1_4' title="bbox 3511 417 3628 481">
     <span class='ocr_line' id='line_1_4' title="bbox 3511 417 3628 481; baseline 0 -4"><span class='ocrx_word' id='word_1_9' title='bbox 3511 417 3628 481; x_wconf 63' lang='grc' dir='ltr'><strong>τω</strong></span> 
     </span>
    </p>
   </div>
   <div class='ocr_carea' id='block_1_5' title="bbox 344 527 3634 614">
    <p class='ocr_par' dir='ltr' id='par_1_5' title="bbox 344 527 3634 614">
     <span class='ocr_line' id='line_1_5' title="bbox 344 527 3634 614; baseline -0.007 -16"><span class='ocrx_word' id='word_1_10' title='bbox 344 542 555 614; x_wconf 66' lang='lat' dir='ltr'><strong>picum</strong></span> <span class='ocrx_word' id='word_1_11' title='bbox 582 542 738 594; x_wconf 67' lang='lat' dir='ltr'><strong>timor</strong></span> <span class='ocrx_word' id='word_1_12' title='bbox 773 536 1027 599; x_wconf 79' lang='lat' dir='ltr'><strong>Domini,</strong></span> <span class='ocrx_word' id='word_1_13' title='bbox 1052 534 1549 591; x_wconf 70' lang='lat' dir='ltr'><strong>intellectus-bonus</strong></span> <span class='ocrx_word' id='word_1_14' title='bbox 1571 533 1812 588; x_wconf 74' lang='lat' dir='ltr'><strong>omnibus</strong></span> <span class='ocrx_word' id='word_1_15' title='bbox 1844 532 1930 603; x_wconf 65' lang='lat' dir='ltr'><strong>fo-</strong></span> <span class='ocrx_word' id='word_1_16' title='bbox 1956 539 2010 600; x_wconf 77' lang='grc' dir='ltr'><strong>Α</strong></span> <span class='ocrx_word' id='word_1_17' title='bbox 2032 532 2213 589; x_wconf 88' lang='lat' dir='ltr'><strong>ciosas</strong></span> <span class='ocrx_word' id='word_1_18' title='bbox 2238 530 2669 603; x_wconf 80' lang='lat' dir='ltr'><strong>speciosissimus</strong></span> <span class='ocrx_word' id='word_1_19' title='bbox 2695 538 2753 589; x_wconf 82' lang='lat' dir='ltr'><strong>et</strong></span> <span class='ocrx_word' id='word_1_20' title='bbox 2788 527 3261 601; x_wconf 84' lang='lat' dir='ltr'><strong>splendidissimus</strong></span> <span class='ocrx_word' id='word_1_21' title='bbox 3299 544 3634 602; x_wconf 73' lang='lat' dir='ltr'><strong>agnoscere-</strong></span> 
     </span>
    </p>
   </div>
   <div class='ocr_carea' id='block_1_6' title="bbox 347 623 1108 698">
    <p class='ocr_par' dir='ltr' id='par_1_6' title="bbox 347 623 1108 698">
     <span class='ocr_line' id='line_1_6' title="bbox 347 623 1108 698; baseline -0.007 -12"><span class='ocrx_word' id='word_1_22' title='bbox 347 629 742 687; x_wconf 70' lang='lat' dir='ltr'><strong>cientibuseum</strong></span> <span class='ocrx_word' id='word_1_23' title='bbox 769 623 949 698; x_wconf 86' lang='lat' dir='ltr'><strong>(Psal.</strong></span> <span class='ocrx_word' id='word_1_24' title='bbox 977 629 1108 694; x_wconf 78' lang='lat' dir='ltr'><strong>cs).</strong></span> 
     </span>
    </p>
   </div>
   <div class='ocr_carea' id='block_1_7' title="bbox 422 713 1934 785">
    <p class='ocr_par' dir='ltr' id='par_1_7' title="bbox 422 713 1934 785">
     <span class='ocr_line' id='line_1_7' title="bbox 422 713 1934 785; baseline -0.004 -12"><span class='ocrx_word' id='word_1_25' title='bbox 422 718 488 773; x_wconf 83' lang='lat' dir='ltr'><strong>Et</strong></span> <span class='ocrx_word' id='word_1_26' title='bbox 516 718 582 772; x_wconf 72' lang='lat' dir='ltr'><strong>de</strong></span> <span class='ocrx_word' id='word_1_27' title='bbox 604 718 682 772; x_wconf 81' lang='lat' dir='ltr'><strong>Itis</strong></span> <span class='ocrx_word' id='word_1_28' title='bbox 708 733 827 785; x_wconf 71' lang='lat' dir='ltr'><strong>que</strong></span> <span class='ocrx_word' id='word_1_29' title='bbox 856 716 1098 771; x_wconf 72' lang='lat' dir='ltr'><strong>sidentur</strong></span> <span class='ocrx_word' id='word_1_30' title='bbox 1126 716 1264 770; x_wconf 70' lang='lat' dir='ltr'><strong>bona</strong></span> <span class='ocrx_word' id='word_1_31' title='bbox 1291 732 1397 769; x_wconf 83' lang='lat' dir='ltr'><strong>non</strong></span> <span class='ocrx_word' id='word_1_32' title='bbox 1423 721 1703 784; x_wconf 79' lang='lat' dir='ltr'><strong>potuerunt</strong></span> <span class='ocrx_word' id='word_1_33' title='bbox 1737 713 1934 768; x_wconf 73' lang='lat' dir='ltr'><strong>intelli-</strong></span> 
     </span>
    </p>
   </div>
   <div class='ocr_carea' id='block_1_8' title="bbox 345 804 1939 879">
    <p class='ocr_par' dir='ltr' id='par_1_8' title="bbox 345 804 1939 879">
     <span class='ocr_line' id='line_1_8' title="bbox 345 804 1939 879; baseline -0.003 -17"><span class='ocrx_word' id='word_1_34' title='bbox 345 824 464 879; x_wconf 78' lang='lat' dir='ltr'><strong>gere</strong></span> <span class='ocrx_word' id='word_1_35' title='bbox 484 823 605 862; x_wconf 69' lang='lat' dir='ltr'><strong>cura</strong></span> <span class='ocrx_word' id='word_1_36' title='bbox 628 807 718 877; x_wconf 81' lang='lat' dir='ltr'><strong>qui</strong></span> <span class='ocrx_word' id='word_1_37' title='bbox 748 815 846 861; x_wconf 75' lang='lat' dir='ltr'><strong>est.</strong></span> <span class='ocrx_word' id='word_1_38' title='bbox 887 807 967 861; x_wconf 81' lang='lat' dir='ltr'><strong>Ex</strong></span> <span class='ocrx_word' id='word_1_39' title='bbox 997 806 1153 863; x_wconf 88' lang='lat' dir='ltr'><strong>bouis</strong></span> <span class='ocrx_word' id='word_1_40' title='bbox 1189 804 1445 876; x_wconf 79' lang='lat' dir='ltr'><strong>operibus</strong></span> <span class='ocrx_word' id='word_1_41' title='bbox 1471 804 1616 859; x_wconf 91' lang='lat' dir='ltr'><strong>enim</strong></span> <span class='ocrx_word' id='word_1_42' title='bbox 1642 810 1939 873; x_wconf 86' lang='lat' dir='ltr'><strong>potuerunt</strong></span> 
     </span>
    </p>
   </div>
   <div class='ocr_carea' id='block_1_9' title="bbox 344 893 1937 970">
    <p class='ocr_par' dir='ltr' id='par_1_9' title="bbox 344 893 1937 970">
     <span class='ocr_line' id='line_1_9' title="bbox 344 893 1937 970; baseline -0.005 -15"><span class='ocrx_word' id='word_1_43' title='bbox 344 912 674 970; x_wconf 68' lang='lat' dir='ltr'><strong>cognoscere</strong></span> <span class='ocrx_word' id='word_1_44' title='bbox 713 898 918 953; x_wconf 87' lang='lat' dir='ltr'><strong>bonum</strong></span> <span class='ocrx_word' id='word_1_45' title='bbox 962 896 1251 961; x_wconf 75' lang='lat' dir='ltr'><strong>artiﬁcem,</strong></span> <span class='ocrx_word' id='word_1_46' title='bbox 1293 895 1385 967; x_wconf 87' lang='lat' dir='ltr'><strong>qui</strong></span> <span class='ocrx_word' id='word_1_47' title='bbox 1419 894 1643 966; x_wconf 81' lang='lat' dir='ltr'><strong>proprie</strong></span> <span class='ocrx_word' id='word_1_48' title='bbox 1676 902 1781 960; x_wconf 88' lang='lat' dir='ltr'><strong>est,</strong></span> <span class='ocrx_word' id='word_1_49' title='bbox 1806 893 1937 964; x_wconf 87' lang='lat' dir='ltr'><strong>quia</strong></span> 
     </span>
    </p>
   </div>
   <div class='ocr_carea' id='block_1_10' title="bbox 345 983 1936 1059">
    <p class='ocr_par' dir='ltr' id='par_1_10' title="bbox 345 983 1936 1059">
     <span class='ocr_line' id='line_1_10' title="bbox 345 983 1936 1059; baseline -0.004 -14"><span class='ocrx_word' id='word_1_50' title='bbox 345 1002 559 1059; x_wconf 61' lang='grc' dir='ltr'><strong>κωμι-</strong></span> <span class='ocrx_word' id='word_1_51' title='bbox 588 987 942 1042; x_wconf 84' lang='lat' dir='ltr'><strong>immutabilis</strong></span> <span class='ocrx_word' id='word_1_52' title='bbox 975 994 1079 1051; x_wconf 89' lang='lat' dir='ltr'><strong>est,</strong></span> <span class='ocrx_word' id='word_1_53' title='bbox 1110 986 1201 1055; x_wconf 90' lang='lat' dir='ltr'><strong>qui</strong></span> <span class='ocrx_word' id='word_1_54' title='bbox 1241 985 1389 1041; x_wconf 87' lang='lat' dir='ltr'><strong>solus</strong></span> <span class='ocrx_word' id='word_1_55' title='bbox 1416 984 1583 1040; x_wconf 88' lang='lat' dir='ltr'><strong>habet</strong></span> <span class='ocrx_word' id='word_1_56' title='bbox 1619 983 1936 1039; x_wconf 86' lang='lat' dir='ltr'><strong>immortali-</strong></span> 
     </span>
    </p>
   </div>
   <div class='ocr_carea' id='block_1_11' title="bbox 344 1072 1939 1144">
    <p class='ocr_par' dir='ltr' id='par_1_11' title="bbox 344 1072 1939 1144">
     <span class='ocr_line' id='line_1_11' title="bbox 344 1072 1939 1144; baseline -0.003 -13"><span class='ocrx_word' id='word_1_57' title='bbox 344 1076 529 1141; x_wconf 81' lang='lat' dir='ltr'><strong>latom,</strong></span> <span class='ocrx_word' id='word_1_58' title='bbox 562 1083 618 1131; x_wconf 90' lang='lat' dir='ltr'><strong>et</strong></span> <span class='ocrx_word' id='word_1_59' title='bbox 649 1075 825 1130; x_wconf 87' lang='lat' dir='ltr'><strong>lucem</strong></span> <span class='ocrx_word' id='word_1_60' title='bbox 860 1075 1067 1131; x_wconf 90' lang='lat' dir='ltr'><strong>habitat</strong></span> <span class='ocrx_word' id='word_1_61' title='bbox 1106 1073 1571 1139; x_wconf 83' lang='lat' dir='ltr'><strong>inaccessibilem;</strong></span> <span class='ocrx_word' id='word_1_62' title='bbox 1596 1072 1689 1144; x_wconf 90' lang='lat' dir='ltr'><strong>qui</strong></span> <span class='ocrx_word' id='word_1_63' title='bbox 1723 1088 1939 1143; x_wconf 83' lang='lat' dir='ltr'><strong>semper</strong></span> 
     </span>
    </p>
   </div>
   <div class='ocr_carea' id='block_1_12' title="bbox 345 1162 1936 1233">
    <p class='ocr_par' dir='ltr' id='par_1_12' title="bbox 345 1162 1936 1233">
     <span class='ocr_line' id='line_1_12' title="bbox 345 1162 1936 1233; baseline -0.006 -9"><span class='ocrx_word' id='word_1_64' title='bbox 345 1166 489 1223; x_wconf 77' lang='lat' dir='ltr'><strong>idem</strong></span> <span class='ocrx_word' id='word_1_65' title='bbox 508 1172 612 1231; x_wconf 83' lang='lat' dir='ltr'><strong>est,</strong></span> <span class='ocrx_word' id='word_1_66' title='bbox 636 1172 686 1220; x_wconf 87' lang='lat' dir='ltr'><strong>et</strong></span> <span class='ocrx_word' id='word_1_67' title='bbox 714 1162 869 1233; x_wconf 80' lang='lat' dir='ltr'><strong>cujus</strong></span> <span class='ocrx_word' id='word_1_68' title='bbox 899 1163 1028 1218; x_wconf 88' lang='lat' dir='ltr'><strong>anui</strong></span> <span class='ocrx_word' id='word_1_69' title='bbox 1054 1178 1331 1233; x_wconf 79' lang='lat' dir='ltr'><strong>nunquam</strong></span> <span class='ocrx_word' id='word_1_70' title='bbox 1349 1162 1635 1218; x_wconf 77' lang='lat' dir='ltr'><strong>deﬁcient:</strong></span> <span class='ocrx_word' id='word_1_71' title='bbox 1663 1162 1756 1232; x_wconf 87' lang='lat' dir='ltr'><strong>qui</strong></span> <span class='ocrx_word' id='word_1_72' title='bbox 1779 1169 1936 1216; x_wconf 71' lang='lat' dir='ltr'><strong>teter-</strong></span> 
     </span>
    </p>
   </div>
   <div class='ocr_carea' id='block_1_13' title="bbox 345 1252 1939 1324">
    <p class='ocr_par' dir='ltr' id='par_1_13' title="bbox 345 1252 1939 1324">
     <span class='ocr_line' id='line_1_13' title="bbox 345 1252 1939 1324; baseline -0.001 -13"><span class='ocrx_word' id='word_1_73' title='bbox 345 1271 457 1311; x_wconf 82' lang='lat' dir='ltr'><strong>uus</strong></span> <span class='ocrx_word' id='word_1_74' title='bbox 474 1264 532 1310; x_wconf 89' lang='lat' dir='ltr'><strong>et</strong></span> <span class='ocrx_word' id='word_1_75' title='bbox 554 1255 899 1324; x_wconf 85' lang='lat' dir='ltr'><strong>omnipotens</strong></span> <span class='ocrx_word' id='word_1_76' title='bbox 929 1254 1044 1308; x_wconf 81' lang='lat' dir='ltr'><strong>sine</strong></span> <span class='ocrx_word' id='word_1_77' title='bbox 1072 1253 1247 1319; x_wconf 87' lang='lat' dir='ltr'><strong>initio,</strong></span> <span class='ocrx_word' id='word_1_78' title='bbox 1270 1261 1327 1308; x_wconf 86' lang='lat' dir='ltr'><strong>et</strong></span> <span class='ocrx_word' id='word_1_79' title='bbox 1359 1254 1480 1309; x_wconf 84' lang='lat' dir='ltr'><strong>sine</strong></span> <span class='ocrx_word' id='word_1_80' title='bbox 1506 1254 1617 1308; x_wconf 82' lang='lat' dir='ltr'><strong>line</strong></span> <span class='ocrx_word' id='word_1_81' title='bbox 1637 1268 1853 1323; x_wconf 81' lang='lat' dir='ltr'><strong>semper</strong></span> <span class='ocrx_word' id='word_1_82' title='bbox 1880 1252 1939 1309; x_wconf 88' lang='lat' dir='ltr'><strong>in</strong></span> 
     </span>
    </p>
   </div>
   <div class='ocr_carea' id='block_1_14' title="bbox 346 1340 1939 1417">
    <p class='ocr_par' dir='ltr' id='par_1_14' title="bbox 346 1340 1939 1417">
     <span class='ocr_line' id='line_1_14' title="bbox 346 1340 1939 1417; baseline -0.003 -12"><span class='ocrx_word' id='word_1_83' title='bbox 346 1362 407 1406; x_wconf 81' lang='lat' dir='ltr'><strong>se</strong></span> <span class='ocrx_word' id='word_1_84' title='bbox 440 1340 687 1411; x_wconf 69' lang='lat' dir='ltr'><strong>manens,</strong></span> <span class='ocrx_word' id='word_1_85' title='bbox 708 1346 1006 1402; x_wconf 87' lang='lat' dir='ltr'><strong>secundum</strong></span> <span class='ocrx_word' id='word_1_86' title='bbox 1036 1345 1366 1400; x_wconf 82' lang='lat' dir='ltr'><strong>voluntatem</strong></span> <span class='ocrx_word' id='word_1_87' title='bbox 1393 1361 1547 1400; x_wconf 87' lang='lat' dir='ltr'><strong>suam</strong></span> <span class='ocrx_word' id='word_1_88' title='bbox 1582 1346 1721 1416; x_wconf 67' lang='lat' dir='ltr'><strong>regit</strong></span> <span class='ocrx_word' id='word_1_89' title='bbox 1749 1360 1813 1401; x_wconf 90' lang='lat' dir='ltr'><strong>ac</strong></span> <span class='ocrx_word' id='word_1_90' title='bbox 1840 1361 1939 1417; x_wconf 74' lang='lat' dir='ltr'><strong>gu-</strong></span> 
     </span>
    </p>
   </div>
   <div class='ocr_carea' id='block_1_15' title="bbox 345 1436 1937 1506">
    <p class='ocr_par' dir='ltr' id='par_1_15' title="bbox 345 1436 1937 1506">
     <span class='ocr_line' id='line_1_15' title="bbox 345 1436 1937 1506; baseline -0.001 -13"><span class='ocrx_word' id='word_1_91' title='bbox 345 1437 540 1493; x_wconf 84' lang='lat' dir='ltr'><strong>bernat</strong></span> <span class='ocrx_word' id='word_1_92' title='bbox 565 1437 782 1502; x_wconf 85' lang='lat' dir='ltr'><strong>omnia;</strong></span> <span class='ocrx_word' id='word_1_93' title='bbox 829 1437 1055 1506; x_wconf 76' lang='lat' dir='ltr'><strong>proinde</strong></span> <span class='ocrx_word' id='word_1_94' title='bbox 1081 1437 1292 1491; x_wconf 85' lang='lat' dir='ltr'><strong>vanitas</strong></span> <span class='ocrx_word' id='word_1_95' title='bbox 1326 1437 1610 1491; x_wconf 81' lang='lat' dir='ltr'><strong>hominum</strong></span> <span class='ocrx_word' id='word_1_96' title='bbox 1639 1436 1937 1491; x_wconf 85' lang='lat' dir='ltr'><strong>vanissima</strong></span> 
     </span>
    </p>
   </div>
   <div class='ocr_carea' id='block_1_16' title="bbox 348 1525 1940 1596">
    <p class='ocr_par' dir='ltr' id='par_1_16' title="bbox 348 1525 1940 1596">
     <span class='ocr_line' id='line_1_16' title="bbox 348 1525 1940 1596; baseline 0 -15"><span class='ocrx_word' id='word_1_97' title='bbox 348 1534 455 1593; x_wconf 86' lang='lat' dir='ltr'><strong>est,</strong></span> <span class='ocrx_word' id='word_1_98' title='bbox 488 1528 581 1596; x_wconf 87' lang='lat' dir='ltr'><strong>qui</strong></span> <span class='ocrx_word' id='word_1_99' title='bbox 613 1536 892 1581; x_wconf 84' lang='lat' dir='ltr'><strong>creaturas</strong></span> <span class='ocrx_word' id='word_1_100' title='bbox 915 1541 1016 1596; x_wconf 86' lang='lat' dir='ltr'><strong>pro</strong></span> <span class='ocrx_word' id='word_1_101' title='bbox 1048 1534 1296 1582; x_wconf 78' lang='lat' dir='ltr'><strong>creatore</strong></span> <span class='ocrx_word' id='word_1_102' title='bbox 1324 1537 1670 1582; x_wconf 83' lang='lat' dir='ltr'><strong>venerantur.</strong></span> <span class='ocrx_word' id='word_1_103' title='bbox 1704 1525 1864 1583; x_wconf 77' lang='lat' dir='ltr'><strong>[Inde</strong></span> <span class='ocrx_word' id='word_1_104' title='bbox 1884 1533 1940 1582; x_wconf 86' lang='lat' dir='ltr'><strong>et</strong></span> 
     </span>
    </p>
   </div>
   <div class='ocr_carea' id='block_1_17' title="bbox 348 1617 657 1689">
    <p class='ocr_par' dir='ltr' id='par_1_17' title="bbox 348 1617 657 1689">
     <span class='ocr_line' id='line_1_17' title="bbox 348 1617 657 1689; baseline 0 -18"><span class='ocrx_word' id='word_1_105' title='bbox 348 1617 601 1689; x_wconf 87' lang='lat' dir='ltr'><strong>sequitur</strong></span> <span class='ocrx_word' id='word_1_106' title='bbox 643 1659 657 1671; x_wconf 94' lang='lat'><strong>.</strong></span> 
     </span>
    </p>
   </div>
   <div class='ocr_carea' id='block_1_18' title="bbox 420 1710 1937 1782">
    <p class='ocr_par' dir='ltr' id='par_1_18' title="bbox 420 1710 1937 1782">
     <span class='ocr_line' id='line_1_18' title="bbox 420 1710 1937 1782; baseline -0.001 -16"><span class='ocrx_word' id='word_1_107' title='bbox 420 1710 606 1782; x_wconf 78' lang='lat' dir='ltr'><strong>Neque</strong></span> <span class='ocrx_word' id='word_1_108' title='bbox 640 1711 881 1781; x_wconf 72' lang='lat' dir='ltr'><strong>operibus</strong></span> <span class='ocrx_word' id='word_1_109' title='bbox 921 1710 1249 1765; x_wconf 75' lang='lat' dir='ltr'><strong>attendentes</strong></span> <span class='ocrx_word' id='word_1_110' title='bbox 1284 1719 1604 1781; x_wconf 75' lang='lat' dir='ltr'><strong>agnoverunt</strong></span> <span class='ocrx_word' id='word_1_111' title='bbox 1646 1710 1765 1781; x_wconf 82' lang='lat' dir='ltr'><strong>quis</strong></span> <span class='ocrx_word' id='word_1_112' title='bbox 1805 1717 1937 1765; x_wconf 76' lang='lat' dir='ltr'><strong>esset</strong></span> 
     </span>
    </p>
   </div>
   <div class='ocr_carea' id='block_1_19' title="bbox 348 1801 1935 1875">
    <p class='ocr_par' dir='ltr' id='par_1_19' title="bbox 348 1801 1935 1875">
     <span class='ocr_line' id='line_1_19' title="bbox 348 1801 1935 1875; baseline 0.001 -20"><span class='ocrx_word' id='word_1_113' title='bbox 348 1801 569 1872; x_wconf 61' lang='lat' dir='ltr'><strong>artifex,</strong></span> <span class='ocrx_word' id='word_1_114' title='bbox 586 1802 678 1859; x_wconf 82' lang='lat' dir='ltr'><strong>sed</strong></span> <span class='ocrx_word' id='word_1_115' title='bbox 705 1812 795 1855; x_wconf 82' lang='lat' dir='ltr'><strong>aut</strong></span> <span class='ocrx_word' id='word_1_116' title='bbox 824 1803 1015 1873; x_wconf 80' lang='lat' dir='ltr'><strong>ignem,</strong></span> <span class='ocrx_word' id='word_1_117' title='bbox 1037 1812 1133 1856; x_wconf 86' lang='lat' dir='ltr'><strong>aut</strong></span> <span class='ocrx_word' id='word_1_118' title='bbox 1154 1803 1427 1875; x_wconf 73' lang='lat' dir='ltr'><strong>spiritum,</strong></span> <span class='ocrx_word' id='word_1_119' title='bbox 1461 1812 1555 1858; x_wconf 81' lang='lat' dir='ltr'><strong>aut</strong></span> <span class='ocrx_word' id='word_1_120' title='bbox 1594 1803 1811 1857; x_wconf 80' lang='lat' dir='ltr'><strong>citatum</strong></span> <span class='ocrx_word' id='word_1_121' title='bbox 1842 1819 1935 1857; x_wconf 85' lang='lat' dir='ltr'><strong>ac-</strong></span> 
     </span>
    </p>
   </div>
   <div class='ocr_carea' id='block_1_20' title="bbox 2038 621 3629 693">
    <p class='ocr_par' dir='ltr' id='par_1_20' title="bbox 2038 621 3629 693">
     <span class='ocr_line' id='line_1_20' title="bbox 2038 621 3629 693; baseline -0.001 -11"><span class='ocrx_word' id='word_1_122' title='bbox 2038 636 2126 687; x_wconf 87' lang='lat' dir='ltr'><strong>tur</strong></span> <span class='ocrx_word' id='word_1_123' title='bbox 2168 636 2401 691; x_wconf 81' lang='lat' dir='ltr'><strong>creator,</strong></span> <span class='ocrx_word' id='word_1_124' title='bbox 2445 626 2540 682; x_wconf 84' lang='lat' dir='ltr'><strong>sed</strong></span> <span class='ocrx_word' id='word_1_125' title='bbox 2572 631 2908 682; x_wconf 82' lang='lat' dir='ltr'><strong>evanuerunt</strong></span> <span class='ocrx_word' id='word_1_126' title='bbox 2947 622 3002 678; x_wconf 92' lang='lat' dir='ltr'><strong>in</strong></span> <span class='ocrx_word' id='word_1_127' title='bbox 3040 621 3464 693; x_wconf 75' lang='lat' dir='ltr'><strong>cogitationibus</strong></span> <span class='ocrx_word' id='word_1_128' title='bbox 3490 624 3629 687; x_wconf 85' lang='lat' dir='ltr'><strong>suis.</strong></span> 
     </span>
    </p>
   </div>
   <div class='ocr_carea' id='block_1_21' title="bbox 2037 714 3613 789">
    <p class='ocr_par' dir='ltr' id='par_1_21' title="bbox 2037 714 3613 789">
     <span class='ocr_line' id='line_1_21' title="bbox 2037 714 3613 789; baseline -0.002 -16"><span class='ocrx_word' id='word_1_129' title='bbox 2037 726 2097 773; x_wconf 89' lang='lat' dir='ltr'><strong>et</strong></span> <span class='ocrx_word' id='word_1_130' title='bbox 2119 717 2399 789; x_wconf 62' lang='lat' dir='ltr'><strong>elegerunt</strong></span> <span class='ocrx_word' id='word_1_131' title='bbox 2425 716 2631 772; x_wconf 76' lang='lat' dir='ltr'><strong>servire</strong></span> <span class='ocrx_word' id='word_1_132' title='bbox 2665 724 2934 771; x_wconf 63' lang='lat' dir='ltr'><strong>creatur-ai</strong></span> <span class='ocrx_word' id='word_1_133' title='bbox 2962 714 3146 783; x_wconf 86' lang='lat' dir='ltr'><strong>potius</strong></span> <span class='ocrx_word' id='word_1_134' title='bbox 3170 727 3338 783; x_wconf 82' lang='lat' dir='ltr'><strong>quam</strong></span> <span class='ocrx_word' id='word_1_135' title='bbox 3363 714 3613 770; x_wconf 87' lang='lat' dir='ltr'><strong>creatori</strong></span> 
     </span>
    </p>
   </div>
   <div class='ocr_carea' id='block_1_22' title="bbox 2037 804 3637 879">
    <p class='ocr_par' dir='ltr' id='par_1_22' title="bbox 2037 804 3637 879">
     <span class='ocr_line' id='line_1_22' title="bbox 2037 804 3637 879; baseline -0.002 -15"><span class='ocrx_word' id='word_1_136' title='bbox 2037 810 2130 879; x_wconf 89' lang='lat' dir='ltr'><strong>qui</strong></span> <span class='ocrx_word' id='word_1_137' title='bbox 2153 817 2238 864; x_wconf 87' lang='lat' dir='ltr'><strong>est</strong></span> <span class='ocrx_word' id='word_1_138' title='bbox 2262 808 2577 863; x_wconf 82' lang='lat' dir='ltr'><strong>benedictus</strong></span> <span class='ocrx_word' id='word_1_139' title='bbox 2605 807 2660 861; x_wconf 93' lang='lat' dir='ltr'><strong>in</strong></span> <span class='ocrx_word' id='word_1_140' title='bbox 2689 805 2908 861; x_wconf 65' lang='lat' dir='ltr'><strong>secula.</strong></span> <span class='ocrx_word' id='word_1_141' title='bbox 2936 804 3059 860; x_wconf 82' lang='lat' dir='ltr'><strong>Non</strong></span> <span class='ocrx_word' id='word_1_142' title='bbox 3089 812 3298 861; x_wconf 78' lang='lat' dir='ltr'><strong>tantum</strong></span> <span class='ocrx_word' id='word_1_143' title='bbox 3322 820 3457 878; x_wconf 69' lang='lat' dir='ltr'><strong>ergo</strong></span> <span class='ocrx_word' id='word_1_144' title='bbox 3483 806 3637 861; x_wconf 83' lang='lat' dir='ltr'><strong>veri-</strong></span> 
     </span>
    </p>
   </div>
   <div class='ocr_carea' id='block_1_23' title="bbox 2038 894 3637 963">
    <p class='ocr_par' dir='ltr' id='par_1_23' title="bbox 2038 894 3637 963">
     <span class='ocr_line' id='line_1_23' title="bbox 2038 894 3637 963; baseline -0.002 -10"><span class='ocrx_word' id='word_1_145' title='bbox 2038 907 2171 963; x_wconf 83' lang='lat' dir='ltr'><strong>tate,</strong></span> <span class='ocrx_word' id='word_1_146' title='bbox 2202 897 2298 954; x_wconf 87' lang='lat' dir='ltr'><strong>sed</strong></span> <span class='ocrx_word' id='word_1_147' title='bbox 2325 897 2488 954; x_wconf 89' lang='lat' dir='ltr'><strong>etiam</strong></span> <span class='ocrx_word' id='word_1_148' title='bbox 2528 894 2709 951; x_wconf 76' lang='lat' dir='ltr'><strong>verbis</strong></span> <span class='ocrx_word' id='word_1_149' title='bbox 2743 895 2859 951; x_wconf 88' lang='lat' dir='ltr'><strong>suis</strong></span> <span class='ocrx_word' id='word_1_150' title='bbox 2896 895 3279 963; x_wconf 80' lang='lat' dir='ltr'><strong>revincuntur;</strong></span> <span class='ocrx_word' id='word_1_151' title='bbox 3315 896 3461 952; x_wconf 82' lang='lat' dir='ltr'><strong>sicut</strong></span> <span class='ocrx_word' id='word_1_152' title='bbox 3486 897 3637 951; x_wconf 87' lang='lat' dir='ltr'><strong>enim</strong></span> 
     </span>
    </p>
   </div>
   <div class='ocr_carea' id='block_1_24' title="bbox 2039 984 3635 1057">
    <p class='ocr_par' dir='ltr' id='par_1_24' title="bbox 2039 984 3635 1057">
     <span class='ocr_line' id='line_1_24' title="bbox 2039 984 3635 1057; baseline -0.003 -12"><span class='ocrx_word' id='word_1_153' title='bbox 2039 989 2231 1045; x_wconf 87' lang='lat' dir='ltr'><strong>domus</strong></span> <span class='ocrx_word' id='word_1_154' title='bbox 2260 990 2315 1044; x_wconf 89' lang='lat' dir='ltr'><strong>in</strong></span> <span class='ocrx_word' id='word_1_155' title='bbox 2345 1003 2501 1043; x_wconf 91' lang='lat' dir='ltr'><strong>usum</strong></span> <span class='ocrx_word' id='word_1_156' title='bbox 2540 987 2821 1043; x_wconf 72' lang='lat' dir='ltr'><strong>habitandi</strong></span> <span class='ocrx_word' id='word_1_157' title='bbox 2865 984 3006 1041; x_wconf 82' lang='lat' dir='ltr'><strong>faeta</strong></span> <span class='ocrx_word' id='word_1_158' title='bbox 3048 1001 3146 1057; x_wconf 88' lang='lat' dir='ltr'><strong>per</strong></span> <span class='ocrx_word' id='word_1_159' title='bbox 3177 1001 3237 1042; x_wconf 88' lang='lat' dir='ltr'><strong>se</strong></span> <span class='ocrx_word' id='word_1_160' title='bbox 3271 986 3415 1042; x_wconf 85' lang='lat' dir='ltr'><strong>nihil</strong></span> <span class='ocrx_word' id='word_1_161' title='bbox 3444 987 3635 1052; x_wconf 86' lang='lat' dir='ltr'><strong>sentit,</strong></span> 
     </span>
    </p>
   </div>
   <div class='ocr_carea' id='block_1_25' title="bbox 2040 1073 3635 1149">
    <p class='ocr_par' dir='ltr' id='par_1_25' title="bbox 2040 1073 3635 1149">
     <span class='ocr_line' id='line_1_25' title="bbox 2040 1073 3635 1149; baseline -0.004 -14"><span class='ocrx_word' id='word_1_162' title='bbox 2040 1080 2367 1149; x_wconf 84' lang='lat' dir='ltr'><strong>dominoque</strong></span> <span class='ocrx_word' id='word_1_163' title='bbox 2414 1077 2656 1149; x_wconf 85' lang='lat' dir='ltr'><strong>subjecta</strong></span> <span class='ocrx_word' id='word_1_164' title='bbox 2688 1084 2774 1132; x_wconf 87' lang='lat' dir='ltr'><strong>est</strong></span> <span class='ocrx_word' id='word_1_165' title='bbox 2809 1076 2903 1147; x_wconf 92' lang='lat' dir='ltr'><strong>qui</strong></span> <span class='ocrx_word' id='word_1_166' title='bbox 2945 1090 3065 1130; x_wconf 90' lang='lat' dir='ltr'><strong>eam</strong></span> <span class='ocrx_word' id='word_1_167' title='bbox 3105 1073 3233 1130; x_wconf 77' lang='lat' dir='ltr'><strong>iecit</strong></span> <span class='ocrx_word' id='word_1_168' title='bbox 3274 1084 3370 1130; x_wconf 87' lang='lat' dir='ltr'><strong>aut</strong></span> <span class='ocrx_word' id='word_1_169' title='bbox 3422 1075 3635 1138; x_wconf 86' lang='lat' dir='ltr'><strong>incolit,</strong></span> 
     </span>
    </p>
   </div>
   <div class='ocr_carea' id='block_1_26' title="bbox 2040 1164 3636 1241">
    <p class='ocr_par' dir='ltr' id='par_1_26' title="bbox 2040 1164 3636 1241">
     <span class='ocr_line' id='line_1_26' title="bbox 2040 1164 3636 1241; baseline -0.004 -15"><span class='ocrx_word' id='word_1_170' title='bbox 2040 1171 2115 1226; x_wconf 91' lang='lat' dir='ltr'><strong>ita</strong></span> <span class='ocrx_word' id='word_1_171' title='bbox 2142 1171 2374 1225; x_wconf 89' lang='lat' dir='ltr'><strong>mundus</strong></span> <span class='ocrx_word' id='word_1_172' title='bbox 2391 1184 2490 1241; x_wconf 88' lang='lat' dir='ltr'><strong>per</strong></span> <span class='ocrx_word' id='word_1_173' title='bbox 2517 1183 2575 1224; x_wconf 89' lang='lat' dir='ltr'><strong>se</strong></span> <span class='ocrx_word' id='word_1_174' title='bbox 2596 1166 2729 1224; x_wconf 81' lang='lat' dir='ltr'><strong>nihil</strong></span> <span class='ocrx_word' id='word_1_175' title='bbox 2753 1168 2995 1223; x_wconf 88' lang='lat' dir='ltr'><strong>sentiens</strong></span> <span class='ocrx_word' id='word_1_176' title='bbox 3020 1165 3210 1221; x_wconf 78' lang='lat' dir='ltr'><strong>facturi</strong></span> <span class='ocrx_word' id='word_1_177' title='bbox 3235 1164 3345 1221; x_wconf 77' lang='lat' dir='ltr'><strong>Deo</strong></span> <span class='ocrx_word' id='word_1_178' title='bbox 3363 1164 3636 1235; x_wconf 41' lang='lat' dir='ltr'><strong>sul‘jacet,</strong></span> 
     </span>
    </p>
   </div>
   <div class='ocr_carea' id='block_1_27' title="bbox 2040 1242 3639 1333">
    <p class='ocr_par' dir='ltr' id='par_1_27' title="bbox 2040 1242 3639 1333">
     <span class='ocr_line' id='line_1_27' title="bbox 2040 1242 3639 1333; baseline -0.004 -17"><span class='ocrx_word' id='word_1_179' title='bbox 2040 1261 2134 1333; x_wconf 89' lang='lat' dir='ltr'><strong>qui</strong></span> <span class='ocrx_word' id='word_1_180' title='bbox 2182 1275 2306 1315; x_wconf 90' lang='lat' dir='ltr'><strong>eum</strong></span> <span class='ocrx_word' id='word_1_181' title='bbox 2351 1260 2403 1313; x_wconf 90' lang='lat' dir='ltr'><strong>in</strong></span> <span class='ocrx_word' id='word_1_182' title='bbox 2445 1242 2604 1313; x_wconf 87' lang='lat' dir='ltr'><strong>usum</strong></span> <span class='ocrx_word' id='word_1_183' title='bbox 2645 1257 2729 1313; x_wconf 88' lang='lat' dir='ltr'><strong>sui</strong></span> <span class='ocrx_word' id='word_1_184' title='bbox 2784 1255 2929 1312; x_wconf 79' lang='lat' dir='ltr'><strong>fecit.</strong></span> <span class='ocrx_word' id='word_1_185' title='bbox 2980 1255 3195 1327; x_wconf 80' lang='lat' dir='ltr'><strong>Duplici</strong></span> <span class='ocrx_word' id='word_1_186' title='bbox 3239 1268 3370 1325; x_wconf 78' lang='lat' dir='ltr'><strong>ergo</strong></span> <span class='ocrx_word' id='word_1_187' title='bbox 3423 1258 3639 1310; x_wconf 79' lang='lat' dir='ltr'><strong>ratione</strong></span> 
     </span>
    </p>
   </div>
   <div class='ocr_carea' id='block_1_28' title="bbox 2040 1345 3636 1421">
    <p class='ocr_par' dir='ltr' id='par_1_28' title="bbox 2040 1345 3636 1421">
     <span class='ocr_line' id='line_1_28' title="bbox 2040 1345 3636 1421; baseline -0.004 -15"><span class='ocrx_word' id='word_1_188' title='bbox 2040 1358 2292 1421; x_wconf 86' lang='lat' dir='ltr'><strong>peccator</strong></span> <span class='ocrx_word' id='word_1_189' title='bbox 2327 1349 2401 1405; x_wconf 82' lang='lat' dir='ltr'><strong>ab</strong></span> <span class='ocrx_word' id='word_1_190' title='bbox 2430 1347 2834 1420; x_wconf 81' lang='lat' dir='ltr'><strong>insipientibus,</strong></span> <span class='ocrx_word' id='word_1_191' title='bbox 2874 1347 3109 1417; x_wconf 88' lang='lat' dir='ltr'><strong>primum</strong></span> <span class='ocrx_word' id='word_1_192' title='bbox 3153 1346 3297 1416; x_wconf 88' lang='lat' dir='ltr'><strong>quod</strong></span> <span class='ocrx_word' id='word_1_193' title='bbox 3334 1345 3636 1413; x_wconf 83' lang='lat' dir='ltr'><strong>elementa,</strong></span> 
     </span>
    </p>
   </div>
   <div class='ocr_carea' id='block_1_29' title="bbox 2042 1434 3642 1510">
    <p class='ocr_par' dir='ltr' id='par_1_29' title="bbox 2042 1434 3642 1510">
     <span class='ocr_line' id='line_1_29' title="bbox 2042 1434 3642 1510; baseline -0.003 -15"><span class='ocrx_word' id='word_1_194' title='bbox 2042 1439 2095 1495; x_wconf 89' lang='lat' dir='ltr'><strong>id</strong></span> <span class='ocrx_word' id='word_1_195' title='bbox 2125 1448 2229 1505; x_wconf 89' lang='lat' dir='ltr'><strong>est,</strong></span> <span class='ocrx_word' id='word_1_196' title='bbox 2278 1438 2371 1494; x_wconf 88' lang='lat' dir='ltr'><strong>Dei</strong></span> <span class='ocrx_word' id='word_1_197' title='bbox 2400 1453 2564 1510; x_wconf 87' lang='lat' dir='ltr'><strong>opera</strong></span> <span class='ocrx_word' id='word_1_198' title='bbox 2606 1437 2717 1493; x_wconf 90' lang='lat' dir='ltr'><strong>Deo</strong></span> <span class='ocrx_word' id='word_1_199' title='bbox 2759 1437 3074 1509; x_wconf 66' lang='lat' dir='ltr'><strong>praeferunt,</strong></span> <span class='ocrx_word' id='word_1_200' title='bbox 3106 1435 3299 1491; x_wconf 84' lang='lat' dir='ltr'><strong>deinde</strong></span> <span class='ocrx_word' id='word_1_201' title='bbox 3335 1436 3489 1506; x_wconf 83' lang='lat' dir='ltr'><strong>quod</strong></span> <span class='ocrx_word' id='word_1_202' title='bbox 3530 1434 3642 1491; x_wconf 87' lang='lat' dir='ltr'><strong>ele-</strong></span> 
     </span>
    </p>
   </div>
   <div class='ocr_carea' id='block_1_30' title="bbox 2041 1527 3644 1601">
    <p class='ocr_par' dir='ltr' id='par_1_30' title="bbox 2041 1527 3644 1601">
     <span class='ocr_line' id='line_1_30' title="bbox 2041 1527 3644 1601; baseline -0.001 -15"><span class='ocrx_word' id='word_1_203' title='bbox 2041 1540 2344 1586; x_wconf 88' lang='lat' dir='ltr'><strong>mentorum</strong></span> <span class='ocrx_word' id='word_1_204' title='bbox 2392 1529 2633 1600; x_wconf 89' lang='lat' dir='ltr'><strong>ipsorum</strong></span> <span class='ocrx_word' id='word_1_205' title='bbox 2674 1527 2874 1601; x_wconf 80' lang='lat' dir='ltr'><strong>ﬁguras</strong></span> <span class='ocrx_word' id='word_1_206' title='bbox 2914 1527 3151 1583; x_wconf 89' lang='lat' dir='ltr'><strong>humana</strong></span> <span class='ocrx_word' id='word_1_207' title='bbox 3180 1529 3359 1599; x_wconf 82' lang='lat' dir='ltr'><strong>specie</strong></span> <span class='ocrx_word' id='word_1_208' title='bbox 3388 1541 3644 1599; x_wconf 83' lang='lat' dir='ltr'><strong>compre-</strong></span> 
     </span>
    </p>
   </div>
   <div class='ocr_carea' id='block_1_31' title="bbox 2044 1617 3641 1688">
    <p class='ocr_par' dir='ltr' id='par_1_31' title="bbox 2044 1617 3641 1688">
     <span class='ocr_line' id='line_1_31' title="bbox 2044 1617 3641 1688; baseline -0.001 -12"><span class='ocrx_word' id='word_1_209' title='bbox 2044 1620 2239 1676; x_wconf 88' lang='lat' dir='ltr'><strong>hensas</strong></span> <span class='ocrx_word' id='word_1_210' title='bbox 2274 1618 2477 1684; x_wconf 89' lang='lat' dir='ltr'><strong>colunt,</strong></span> <span class='ocrx_word' id='word_1_211' title='bbox 2516 1633 2640 1674; x_wconf 88' lang='lat' dir='ltr'><strong>nam</strong></span> <span class='ocrx_word' id='word_1_212' title='bbox 2679 1617 2810 1673; x_wconf 83' lang='lat' dir='ltr'><strong>solis</strong></span> <span class='ocrx_word' id='word_1_213' title='bbox 2843 1617 3090 1688; x_wconf 78' lang='lat' dir='ltr'><strong>lunaeque</strong></span> <span class='ocrx_word' id='word_1_214' title='bbox 3117 1617 3404 1674; x_wconf 83' lang='lat' dir='ltr'><strong>sinudacra</strong></span> <span class='ocrx_word' id='word_1_215' title='bbox 3435 1618 3641 1675; x_wconf 81' lang='lat' dir='ltr'><strong>huma-</strong></span> 
     </span>
    </p>
   </div>
   <div class='ocr_carea' id='block_1_32' title="bbox 2040 1706 3638 1779">
    <p class='ocr_par' dir='ltr' id='par_1_32' title="bbox 2040 1706 3638 1779">
     <span class='ocr_line' id='line_1_32' title="bbox 2040 1706 3638 1779; baseline -0.002 -13"><span class='ocrx_word' id='word_1_216' title='bbox 2040 1728 2169 1766; x_wconf 90' lang='lat' dir='ltr'><strong>num</strong></span> <span class='ocrx_word' id='word_1_217' title='bbox 2192 1712 2247 1765; x_wconf 86' lang='lat' dir='ltr'><strong>in</strong></span> <span class='ocrx_word' id='word_1_218' title='bbox 2275 1713 2491 1766; x_wconf 91' lang='lat' dir='ltr'><strong>modum</strong></span> <span class='ocrx_word' id='word_1_219' title='bbox 2521 1708 2782 1774; x_wconf 81' lang='lat' dir='ltr'><strong>formant,</strong></span> <span class='ocrx_word' id='word_1_220' title='bbox 2811 1706 2937 1762; x_wconf 87' lang='lat' dir='ltr'><strong>item</strong></span> <span class='ocrx_word' id='word_1_221' title='bbox 2966 1708 3105 1779; x_wconf 76' lang='lat' dir='ltr'><strong>ignis</strong></span> <span class='ocrx_word' id='word_1_222' title='bbox 3135 1716 3190 1762; x_wconf 89' lang='lat' dir='ltr'><strong>et</strong></span> <span class='ocrx_word' id='word_1_223' title='bbox 3229 1715 3391 1762; x_wconf 75' lang='lat' dir='ltr'><strong>terra:</strong></span> <span class='ocrx_word' id='word_1_224' title='bbox 3417 1716 3477 1762; x_wconf 89' lang='lat' dir='ltr'><strong>et</strong></span> <span class='ocrx_word' id='word_1_225' title='bbox 3522 1723 3638 1763; x_wconf 83' lang='lat' dir='ltr'><strong>ma-</strong></span> 
     </span>
    </p>
   </div>
   <div class='ocr_carea' id='block_1_33' title="bbox 2041 1796 3637 1871">
    <p class='ocr_par' dir='ltr' id='par_1_33' title="bbox 2041 1796 3637 1871">
     <span class='ocr_line' id='line_1_33' title="bbox 2041 1796 3637 1871; baseline -0.001 -15"><span class='ocrx_word' id='word_1_226' title='bbox 2041 1801 2119 1856; x_wconf 90' lang='lat' dir='ltr'><strong>ris</strong></span> <span class='ocrx_word' id='word_1_227' title='bbox 2155 1816 2276 1871; x_wconf 76' lang='lat' dir='ltr'><strong>quae</strong></span> <span class='ocrx_word' id='word_1_228' title='bbox 2329 1799 2665 1864; x_wconf 78' lang='lat' dir='ltr'><strong>Vulcanum,</strong></span> <span class='ocrx_word' id='word_1_229' title='bbox 2720 1797 2981 1864; x_wconf 78' lang='lat' dir='ltr'><strong>Vestam,</strong></span> <span class='ocrx_word' id='word_1_230' title='bbox 3039 1796 3342 1869; x_wconf 70' lang='lat' dir='ltr'><strong>Neptunum</strong></span> <span class='ocrx_word' id='word_1_231' title='bbox 3411 1807 3637 1855; x_wconf 77' lang='lat' dir='ltr'><strong>vocant.</strong></span> 
     </span>
    </p>
   </div>
   <div class='ocr_carea' id='block_1_34' title="bbox 349 1887 3641 1965">
    <p class='ocr_par' dir='ltr' id='par_1_34' title="bbox 349 1887 3641 1965">
     <span class='ocr_line' id='line_1_34' title="bbox 349 1887 3641 1965; baseline -0.001 -17"><span class='ocrx_word' id='word_1_232' title='bbox 349 1908 490 1959; x_wconf 58' lang='lat' dir='ltr'><strong>rem,</strong></span> <span class='ocrx_word' id='word_1_233' title='bbox 516 1902 609 1947; x_wconf 72' lang='lat' dir='ltr'><strong>aut</strong></span> <span class='ocrx_word' id='word_1_234' title='bbox 633 1908 819 1961; x_wconf 64' lang='lat' dir='ltr'><strong>gyrum</strong></span> <span class='ocrx_word' id='word_1_235' title='bbox 852 1890 1147 1956; x_wconf 73' lang='lat' dir='ltr'><strong>stellarum,</strong></span> <span class='ocrx_word' id='word_1_236' title='bbox 1194 1902 1287 1947; x_wconf 87' lang='lat' dir='ltr'><strong>aut</strong></span> <span class='ocrx_word' id='word_1_237' title='bbox 1326 1893 1543 1947; x_wconf 80' lang='lat' dir='ltr'><strong>nimiam</strong></span> <span class='ocrx_word' id='word_1_238' title='bbox 1589 1909 1811 1965; x_wconf 67' lang='lat' dir='ltr'><strong>aquari,</strong></span> <span class='ocrx_word' id='word_1_239' title='bbox 1844 1901 1936 1947; x_wconf 72' lang='lat' dir='ltr'><strong>aut</strong></span> <span class='ocrx_word' id='word_1_240' title='bbox 1966 1888 2013 1948; x_wconf 84' lang='grc' dir='ltr'>Β</span> <span class='ocrx_word' id='word_1_241' title='bbox 2040 1889 2213 1944; x_wconf 81' lang='lat' dir='ltr'><strong>Tanta</strong></span> <span class='ocrx_word' id='word_1_242' title='bbox 2244 1889 2490 1944; x_wconf 86' lang='lat' dir='ltr'><strong>homines</strong></span> <span class='ocrx_word' id='word_1_243' title='bbox 2519 1888 2811 1960; x_wconf 83' lang='lat' dir='ltr'><strong>imaginum</strong></span> <span class='ocrx_word' id='word_1_244' title='bbox 2841 1887 3109 1958; x_wconf 79' lang='lat' dir='ltr'><strong>cupiditas</strong></span> <span class='ocrx_word' id='word_1_245' title='bbox 3159 1897 3324 1956; x_wconf 85' lang='lat' dir='ltr'><strong>tenet,</strong></span> <span class='ocrx_word' id='word_1_246' title='bbox 3364 1899 3431 1944; x_wconf 81' lang='lat' dir='ltr'><strong>ut</strong></span> <span class='ocrx_word' id='word_1_247' title='bbox 3470 1891 3641 1945; x_wconf 78' lang='lat' dir='ltr'><strong>etiam</strong></span> 
     </span>
    </p>
   </div>
   <div class='ocr_carea' id='block_1_35' title="bbox 346 1981 1941 2053">
    <p class='ocr_par' dir='ltr' id='par_1_35' title="bbox 346 1981 1941 2053">
     <span class='ocr_line' id='line_1_35' title="bbox 346 1981 1941 2053; baseline 0.001 -17"><span class='ocrx_word' id='word_1_248' title='bbox 346 1981 513 2037; x_wconf 72' lang='lat' dir='ltr'><strong>solum</strong></span> <span class='ocrx_word' id='word_1_249' title='bbox 536 1990 585 2036; x_wconf 83' lang='lat' dir='ltr'><strong>ot</strong></span> <span class='ocrx_word' id='word_1_250' title='bbox 615 1981 817 2046; x_wconf 78' lang='lat' dir='ltr'><strong>lunam,</strong></span> <span class='ocrx_word' id='word_1_251' title='bbox 852 1992 1075 2037; x_wconf 80' lang='lat' dir='ltr'><strong>rectores</strong></span> <span class='ocrx_word' id='word_1_252' title='bbox 1113 1981 1255 2036; x_wconf 79' lang='lat' dir='ltr'><strong>urbis</strong></span> <span class='ocrx_word' id='word_1_253' title='bbox 1282 1991 1540 2036; x_wconf 82' lang='lat' dir='ltr'><strong>terrarum</strong></span> <span class='ocrx_word' id='word_1_254' title='bbox 1575 1982 1699 2036; x_wconf 85' lang='lat' dir='ltr'><strong>deos</strong></span> <span class='ocrx_word' id='word_1_255' title='bbox 1728 1992 1941 2053; x_wconf 75' lang='lat' dir='ltr'><strong>putare-</strong></span> 
     </span>
    </p>
   </div>
   <div class='ocr_carea' id='block_1_36' title="bbox 349 2072 1941 2146">
    <p class='ocr_par' dir='ltr' id='par_1_36' title="bbox 349 2072 1941 2146">
     <span class='ocr_line' id='line_1_36' title="bbox 349 2072 1941 2146; baseline 0.003 -19"><span class='ocrx_word' id='word_1_256' title='bbox 349 2083 493 2128; x_wconf 66' lang='grc' dir='ltr'><em>τινα.</em></span> <span class='ocrx_word' id='word_1_257' title='bbox 518 2072 622 2127; x_wconf 67' lang='lat' dir='ltr'><strong>Alii</strong></span> <span class='ocrx_word' id='word_1_258' title='bbox 654 2074 803 2128; x_wconf 87' lang='lat' dir='ltr'><strong>enim</strong></span> <span class='ocrx_word' id='word_1_259' title='bbox 837 2074 1024 2142; x_wconf 76' lang='lat' dir='ltr'><strong>ignem</strong></span> <span class='ocrx_word' id='word_1_260' title='bbox 1054 2088 1160 2144; x_wconf 77' lang='lat' dir='ltr'><strong>pro</strong></span> <span class='ocrx_word' id='word_1_261' title='bbox 1195 2073 1416 2129; x_wconf 85' lang='lat' dir='ltr'><strong>numine</strong></span> <span class='ocrx_word' id='word_1_262' title='bbox 1456 2074 1733 2141; x_wconf 81' lang='lat' dir='ltr'><strong>colebant,</strong></span> <span class='ocrx_word' id='word_1_263' title='bbox 1778 2091 1941 2146; x_wconf 83' lang='lat' dir='ltr'><strong>quem</strong></span> 
     </span>
    </p>
   </div>
   <div class='ocr_carea' id='block_1_37' title="bbox 348 2164 1938 2234">
    <p class='ocr_par' dir='ltr' id='par_1_37' title="bbox 348 2164 1938 2234">
     <span class='ocr_line' id='line_1_37' title="bbox 348 2164 1938 2234; baseline 0.002 -14"><span class='ocrx_word' id='word_1_264' title='bbox 348 2164 696 2234; x_wconf 76' lang='lat' dir='ltr'><strong>appellabant</strong></span> <span class='ocrx_word' id='word_1_265' title='bbox 734 2164 1069 2231; x_wconf 79' lang='lat' dir='ltr'><strong>Vulcanum;</strong></span> <span class='ocrx_word' id='word_1_266' title='bbox 1118 2164 1217 2220; x_wconf 87' lang='lat' dir='ltr'><strong>alii</strong></span> <span class='ocrx_word' id='word_1_267' title='bbox 1266 2166 1526 2223; x_wconf 64' lang='lat' dir='ltr'><strong>attherem</strong></span> <span class='ocrx_word' id='word_1_268' title='bbox 1571 2166 1687 2221; x_wconf 63' lang='lat' dir='ltr'><strong>sine</strong></span> <span class='ocrx_word' id='word_1_269' title='bbox 1733 2180 1938 2234; x_wconf 86' lang='lat' dir='ltr'><strong>aerem,</strong></span> 
     </span>
    </p>
   </div>
   <div class='ocr_carea' id='block_1_38' title="bbox 348 2254 1942 2327">
    <p class='ocr_par' dir='ltr' id='par_1_38' title="bbox 348 2254 1942 2327">
     <span class='ocr_line' id='line_1_38' title="bbox 348 2254 1942 2327; baseline 0.002 -18"><span class='ocrx_word' id='word_1_270' title='bbox 348 2270 517 2327; x_wconf 76' lang='lat' dir='ltr'><strong>quem</strong></span> <span class='ocrx_word' id='word_1_271' title='bbox 556 2256 956 2327; x_wconf 71' lang='lat' dir='ltr'><strong>nuncupabant</strong></span> <span class='ocrx_word' id='word_1_272' title='bbox 995 2254 1183 2310; x_wconf 78' lang='lat' dir='ltr'><strong>Jovem</strong></span> <span class='ocrx_word' id='word_1_273' title='bbox 1232 2262 1326 2311; x_wconf 84' lang='lat' dir='ltr'><strong>aut</strong></span> <span class='ocrx_word' id='word_1_274' title='bbox 1370 2254 1671 2323; x_wconf 79' lang='lat' dir='ltr'><strong>lunonem;</strong></span> <span class='ocrx_word' id='word_1_275' title='bbox 1722 2255 1814 2311; x_wconf 89' lang='lat' dir='ltr'><strong>alii</strong></span> <span class='ocrx_word' id='word_1_276' title='bbox 1861 2257 1942 2312; x_wconf 78' lang='lat' dir='ltr'><strong>ni-</strong></span> 
     </span>
    </p>
   </div>
   <div class='ocr_carea' id='block_1_39' title="bbox 350 2346 1941 2422">
    <p class='ocr_par' dir='ltr' id='par_1_39' title="bbox 350 2346 1941 2422">
     <span class='ocr_line' id='line_1_39' title="bbox 350 2346 1941 2422; baseline 0.003 -21"><span class='ocrx_word' id='word_1_277' title='bbox 350 2346 519 2403; x_wconf 77' lang='lat' dir='ltr'><strong>mium</strong></span> <span class='ocrx_word' id='word_1_278' title='bbox 533 2361 755 2416; x_wconf 72' lang='lat' dir='ltr'><strong>aquam,</strong></span> <span class='ocrx_word' id='word_1_279' title='bbox 785 2362 960 2419; x_wconf 64' lang='lat' dir='ltr'><strong>quam.</strong></span> <span class='ocrx_word' id='word_1_280' title='bbox 976 2347 1280 2418; x_wconf 81' lang='lat' dir='ltr'><strong>Neptunum</strong></span> <span class='ocrx_word' id='word_1_281' title='bbox 1312 2348 1701 2414; x_wconf 78' lang='lat' dir='ltr'><strong>nominabant;</strong></span> <span class='ocrx_word' id='word_1_282' title='bbox 1729 2348 1821 2405; x_wconf 85' lang='lat' dir='ltr'><strong>alii</strong></span> <span class='ocrx_word' id='word_1_283' title='bbox 1846 2365 1941 2422; x_wconf 70' lang='lat' dir='ltr'><strong>gy-</strong></span> 
     </span>
    </p>
   </div>
   <div class='ocr_carea' id='block_1_40' title="bbox 348 2438 1940 2511">
    <p class='ocr_par' dir='ltr' id='par_1_40' title="bbox 348 2438 1940 2511">
     <span class='ocr_line' id='line_1_40' title="bbox 348 2438 1940 2511; baseline 0.002 -19"><span class='ocrx_word' id='word_1_284' title='bbox 348 2452 476 2495; x_wconf 80' lang='lat' dir='ltr'><strong>rum.</strong></span> <span class='ocrx_word' id='word_1_285' title='bbox 499 2438 920 2509; x_wconf 70' lang='lat' dir='ltr'><strong>stellarum,qui</strong></span> <span class='ocrx_word' id='word_1_286' title='bbox 950 2454 981 2492; x_wconf 88' lang='lat' dir='ltr'><strong>a</strong></span> <span class='ocrx_word' id='word_1_287' title='bbox 1018 2438 1247 2494; x_wconf 79' lang='lat' dir='ltr'><strong>diversis</strong></span> <span class='ocrx_word' id='word_1_288' title='bbox 1289 2438 1475 2510; x_wconf 69' lang='lat' dir='ltr'><strong>ﬁguris</strong></span> <span class='ocrx_word' id='word_1_289' title='bbox 1501 2439 1814 2495; x_wconf 86' lang='lat' dir='ltr'><strong>animalium</strong></span> <span class='ocrx_word' id='word_1_290' title='bbox 1841 2457 1940 2511; x_wconf 82' lang='lat' dir='ltr'><strong>po-</strong></span> 
     </span>
    </p>
   </div>
   <div class='ocr_carea' id='block_1_41' title="bbox 348 2529 1938 2598">
    <p class='ocr_par' dir='ltr' id='par_1_41' title="bbox 348 2529 1938 2598">
     <span class='ocr_line' id='line_1_41' title="bbox 348 2529 1938 2598; baseline 0.003 -15"><span class='ocrx_word' id='word_1_291' title='bbox 348 2529 574 2584; x_wconf 78' lang='lat' dir='ltr'><strong>sitiones</strong></span> <span class='ocrx_word' id='word_1_292' title='bbox 597 2538 664 2585; x_wconf 70' lang='lat' dir='ltr'><strong>et;</strong></span> <span class='ocrx_word' id='word_1_293' title='bbox 680 2545 876 2585; x_wconf 76' lang='lat' dir='ltr'><strong>cursus</strong></span> <span class='ocrx_word' id='word_1_294' title='bbox 899 2529 1295 2586; x_wconf 82' lang='lat' dir='ltr'><strong>distribuebant</strong></span> <span class='ocrx_word' id='word_1_295' title='bbox 1318 2539 1588 2586; x_wconf 82' lang='lat' dir='ltr'><strong>astrorum</strong></span> <span class='ocrx_word' id='word_1_296' title='bbox 1607 2548 1631 2598; x_wconf 75' lang='lat'><strong>;</strong></span> <span class='ocrx_word' id='word_1_297' title='bbox 1654 2532 1742 2587; x_wconf 89' lang='lat' dir='ltr'><strong>alii</strong></span> <span class='ocrx_word' id='word_1_298' title='bbox 1769 2532 1938 2589; x_wconf 84' lang='lat' dir='ltr'><strong>solem</strong></span> 
     </span>
    </p>
   </div>
   <div class='ocr_carea' id='block_1_42' title="bbox 349 2616 1940 2693">
    <p class='ocr_par' dir='ltr' id='par_1_42' title="bbox 349 2616 1940 2693">
     <span class='ocr_line' id='line_1_42' title="bbox 349 2616 1940 2693; baseline 0 -16"><span class='ocrx_word' id='word_1_299' title='bbox 349 2634 453 2688; x_wconf 69' lang='lat' dir='ltr'><strong>pro</strong></span> <span class='ocrx_word' id='word_1_300' title='bbox 480 2620 605 2677; x_wconf 82' lang='lat' dir='ltr'><strong>Deo-</strong></span> <span class='ocrx_word' id='word_1_301' title='bbox 633 2619 1057 2685; x_wconf 86' lang='lat' dir='ltr'><strong>venerabantur,</strong></span> <span class='ocrx_word' id='word_1_302' title='bbox 1085 2634 1253 2690; x_wconf 75' lang='lat' dir='ltr'><strong>quem</strong></span> <span class='ocrx_word' id='word_1_303' title='bbox 1294 2616 1558 2676; x_wconf 80' lang='lat' dir='ltr'><strong>Phoebum</strong></span> <span class='ocrx_word' id='word_1_304' title='bbox 1605 2636 1700 2676; x_wconf 88' lang='lat' dir='ltr'><strong>seu</strong></span> <span class='ocrx_word' id='word_1_305' title='bbox 1735 2622 1940 2693; x_wconf 79' lang='lat' dir='ltr'><strong>Apolli-</strong></span> 
     </span>
    </p>
   </div>
   <div class='ocr_carea' id='block_1_43' title="bbox 350 2709 1939 2780">
    <p class='ocr_par' dir='ltr' id='par_1_43' title="bbox 350 2709 1939 2780">
     <span class='ocr_line' id='line_1_43' title="bbox 350 2709 1939 2780; baseline 0.003 -17"><span class='ocrx_word' id='word_1_306' title='bbox 350 2723 475 2763; x_wconf 85' lang='lat' dir='ltr'><strong>nem</strong></span> <span class='ocrx_word' id='word_1_307' title='bbox 501 2709 796 2775; x_wconf 79' lang='lat' dir='ltr'><strong>vocabant;</strong></span> <span class='ocrx_word' id='word_1_308' title='bbox 840 2710 931 2764; x_wconf 86' lang='lat' dir='ltr'><strong>alii</strong></span> <span class='ocrx_word' id='word_1_309' title='bbox 977 2709 1181 2777; x_wconf 80' lang='lat' dir='ltr'><strong>lunam,</strong></span> <span class='ocrx_word' id='word_1_310' title='bbox 1225 2726 1386 2780; x_wconf 81' lang='lat' dir='ltr'><strong>quam</strong></span> <span class='ocrx_word' id='word_1_311' title='bbox 1435 2711 1660 2767; x_wconf 84' lang='lat' dir='ltr'><strong>Dianam</strong></span> <span class='ocrx_word' id='word_1_312' title='bbox 1699 2714 1939 2769; x_wconf 80' lang='lat' dir='ltr'><strong>vocitare</strong></span> 
     </span>
    </p>
   </div>
   <div class='ocr_carea' id='block_1_44' title="bbox 348 2799 1939 2872">
    <p class='ocr_par' dir='ltr' id='par_1_44' title="bbox 348 2799 1939 2872">
     <span class='ocr_line' id='line_1_44' title="bbox 348 2799 1939 2872; baseline 0.003 -19"><span class='ocrx_word' id='word_1_313' title='bbox 348 2799 760 2857; x_wconf 66' lang='lat' dir='ltr'><strong>snlebanLIali</strong></span> <span class='ocrx_word' id='word_1_314' title='bbox 800 2801 945 2856; x_wconf 84' lang='lat' dir='ltr'><strong>enim</strong></span> <span class='ocrx_word' id='word_1_315' title='bbox 981 2816 1169 2857; x_wconf 87' lang='lat' dir='ltr'><strong>errore</strong></span> <span class='ocrx_word' id='word_1_316' title='bbox 1207 2800 1438 2872; x_wconf 88' lang='lat' dir='ltr'><strong>decepti,</strong></span> <span class='ocrx_word' id='word_1_317' title='bbox 1481 2803 1732 2861; x_wconf 83' lang='lat' dir='ltr'><strong>virtutem</strong></span> <span class='ocrx_word' id='word_1_318' title='bbox 1764 2803 1939 2859; x_wconf 89' lang='lat' dir='ltr'><strong>omni-</strong></span> 
     </span>
    </p>
   </div>
   <div class='ocr_carea' id='block_1_45' title="bbox 351 2887 1939 2964">
    <p class='ocr_par' dir='ltr' id='par_1_45' title="bbox 351 2887 1939 2964">
     <span class='ocr_line' id='line_1_45' title="bbox 351 2887 1939 2964; baseline 0.005 -25"><span class='ocrx_word' id='word_1_319' title='bbox 351 2887 589 2957; x_wconf 76' lang='lat' dir='ltr'><strong>potentis</strong></span> <span class='ocrx_word' id='word_1_320' title='bbox 613 2889 708 2944; x_wconf 81' lang='lat' dir='ltr'><strong>dei</strong></span> <span class='ocrx_word' id='word_1_321' title='bbox 729 2888 877 2944; x_wconf 76' lang='lat' dir='ltr'><strong>falsis</strong></span> <span class='ocrx_word' id='word_1_322' title='bbox 904 2889 1174 2959; x_wconf 69' lang='lat' dir='ltr'><strong>ﬁgmentis</strong></span> <span class='ocrx_word' id='word_1_323' title='bbox 1203 2891 1315 2946; x_wconf 89' lang='lat' dir='ltr'><strong>suis</strong></span> <span class='ocrx_word' id='word_1_324' title='bbox 1346 2891 1711 2958; x_wconf 85' lang='lat' dir='ltr'><strong>ascrihebant,</strong></span> <span class='ocrx_word' id='word_1_325' title='bbox 1737 2902 1794 2947; x_wconf 93' lang='lat' dir='ltr'><strong>ut</strong></span> <span class='ocrx_word' id='word_1_326' title='bbox 1818 2893 1939 2964; x_wconf 91' lang='lat' dir='ltr'><strong>qui-</strong></span> 
     </span>
    </p>
   </div>
   <div class='ocr_carea' id='block_1_46' title="bbox 347 2979 1939 3051">
    <p class='ocr_par' dir='ltr' id='par_1_46' title="bbox 347 2979 1939 3051">
     <span class='ocr_line' id='line_1_46' title="bbox 347 2979 1939 3051; baseline 0.003 -18"><span class='ocrx_word' id='word_1_327' title='bbox 347 2979 477 3033; x_wconf 78' lang='lat' dir='ltr'><strong>dam</strong></span> <span class='ocrx_word' id='word_1_328' title='bbox 497 2988 775 3048; x_wconf 82' lang='lat' dir='ltr'><strong>poetarum</strong></span> <span class='ocrx_word' id='word_1_329' title='bbox 801 2980 1085 3051; x_wconf 70' lang='lat' dir='ltr'><strong>gentilium</strong></span> <span class='ocrx_word' id='word_1_330' title='bbox 1108 2981 1281 3035; x_wconf 88' lang='lat' dir='ltr'><strong>tribus</strong></span> <span class='ocrx_word' id='word_1_331' title='bbox 1308 2982 1553 3037; x_wconf 84' lang='lat' dir='ltr'><strong>versibus</strong></span> <span class='ocrx_word' id='word_1_332' title='bbox 1580 2982 1653 3036; x_wconf 87' lang='lat' dir='ltr'><strong>ita</strong></span> <span class='ocrx_word' id='word_1_333' title='bbox 1683 2984 1939 3038; x_wconf 88' lang='lat' dir='ltr'><strong>termina-</strong></span> 
     </span>
    </p>
   </div>
   <div class='ocr_carea' id='block_1_47' title="bbox 349 3070 682 3127">
    <p class='ocr_par' dir='ltr' id='par_1_47' title="bbox 349 3070 682 3127">
     <span class='ocr_line' id='line_1_47' title="bbox 349 3070 682 3127; baseline -0.006 -1"><span class='ocrx_word' id='word_1_334' title='bbox 349 3079 433 3126; x_wconf 82' lang='lat' dir='ltr'><strong>ret</strong></span> <span class='ocrx_word' id='word_1_335' title='bbox 456 3070 682 3127; x_wconf 83' lang='lat' dir='ltr'><strong>dicens:</strong></span> 
     </span>
    </p>
   </div>
   <div class='ocr_carea' id='block_1_48' title="bbox 529 3167 1690 3233">
    <p class='ocr_par' dir='ltr' id='par_1_48' title="bbox 529 3167 1690 3233">
     <span class='ocr_line' id='line_1_48' title="bbox 529 3167 1690 3233; baseline 0.002 -16"><span class='ocrx_word' id='word_1_336' title='bbox 529 3168 624 3233; x_wconf 63' lang='lat' dir='ltr'><strong>Tot</strong></span> <span class='ocrx_word' id='word_1_337' title='bbox 644 3181 850 3233; x_wconf 82' lang='lat' dir='ltr'><strong>numero</strong></span> <span class='ocrx_word' id='word_1_338' title='bbox 870 3167 1222 3233; x_wconf 75' lang='lat' dir='ltr'><strong>tallqueDcus.</strong></span> <span class='ocrx_word' id='word_1_339' title='bbox 1234 3167 1489 3217; x_wconf 73' lang='lat' dir='ltr'><strong>sinutlacra</strong></span> <span class='ocrx_word' id='word_1_340' title='bbox 1524 3169 1690 3229; x_wconf 75' lang='lat' dir='ltr'><strong>ﬁguris</strong></span> 
     </span>
    </p>
   </div>
   <div class='ocr_carea' id='block_1_49' title="bbox 537 3228 1775 3292">
    <p class='ocr_par' dir='ltr' id='par_1_49' title="bbox 537 3228 1775 3292">
     <span class='ocr_line' id='line_1_49' title="bbox 537 3228 1775 3292; baseline 0.002 -15"><span class='ocrx_word' id='word_1_341' title='bbox 537 3228 778 3292; x_wconf 78' lang='lat' dir='ltr'><strong>Imposuit</strong></span> <span class='ocrx_word' id='word_1_342' title='bbox 796 3232 938 3292; x_wconf 74' lang='lat' dir='ltr'><strong>cut-Io,</strong></span> <span class='ocrx_word' id='word_1_343' title='bbox 968 3228 1155 3291; x_wconf 76' lang='lat' dir='ltr'><strong>perque</strong></span> <span class='ocrx_word' id='word_1_344' title='bbox 1178 3236 1309 3292; x_wconf 80' lang='lat' dir='ltr'><strong>atras</strong></span> <span class='ocrx_word' id='word_1_345' title='bbox 1333 3242 1495 3290; x_wconf 79' lang='lat' dir='ltr'><strong>sparsa</strong></span> <span class='ocrx_word' id='word_1_346' title='bbox 1522 3233 1775 3291; x_wconf 72' lang='lat' dir='ltr'><strong>tenebras,</strong></span> 
     </span>
    </p>
   </div>
   <div class='ocr_carea' id='block_1_50' title="bbox 532 3291 1589 3353">
    <p class='ocr_par' dir='ltr' id='par_1_50' title="bbox 532 3291 1589 3353">
     <span class='ocr_line' id='line_1_50' title="bbox 532 3291 1589 3353; baseline -0.002 -10"><span class='ocrx_word' id='word_1_347' title='bbox 532 3291 672 3343; x_wconf 68' lang='lat' dir='ltr'><strong>Clara</strong></span> <span class='ocrx_word' id='word_1_348' title='bbox 692 3291 1207 3353; x_wconf 54' lang='lat' dir='ltr'><strong>rumasuﬂussitdare</strong></span> <span class='ocrx_word' id='word_1_349' title='bbox 1231 3291 1412 3340; x_wconf 85' lang='lat' dir='ltr'><strong>lumina</strong></span> <span class='ocrx_word' id='word_1_350' title='bbox 1438 3294 1589 3341; x_wconf 60' lang='lat' dir='ltr'><strong>nocti.</strong></span> 
     </span>
    </p>
   </div>
   <div class='ocr_carea' id='block_1_51' title="bbox 345 3370 1935 3445">
    <p class='ocr_par' dir='ltr' id='par_1_51' title="bbox 345 3370 1935 3445">
     <span class='ocr_line' id='line_1_51' title="bbox 345 3370 1935 3445; baseline 0.004 -21"><span class='ocrx_word' id='word_1_351' title='bbox 345 3370 585 3437; x_wconf 70' lang='lat' dir='ltr'><strong>Quod-si</strong></span> <span class='ocrx_word' id='word_1_352' title='bbox 610 3370 728 3427; x_wconf 77' lang='lat' dir='ltr'><strong>ﬁeri</strong></span> <span class='ocrx_word' id='word_1_353' title='bbox 756 3386 870 3426; x_wconf 79' lang='lat' dir='ltr'><strong>non</strong></span> <span class='ocrx_word' id='word_1_354' title='bbox 890 3379 1073 3441; x_wconf 77' lang='lat' dir='ltr'><strong>potest</strong></span> <span class='ocrx_word' id='word_1_355' title='bbox 1098 3380 1158 3426; x_wconf 87' lang='lat' dir='ltr'><strong>ut</strong></span> <span class='ocrx_word' id='word_1_356' title='bbox 1193 3371 1363 3428; x_wconf 72' lang='lat' dir='ltr'><strong>stella:</strong></span> <span class='ocrx_word' id='word_1_357' title='bbox 1400 3373 1476 3428; x_wconf 86' lang='lat' dir='ltr'><strong>dii</strong></span> <span class='ocrx_word' id='word_1_358' title='bbox 1509 3373 1639 3439; x_wconf 88' lang='lat' dir='ltr'><strong>sint,</strong></span> <span class='ocrx_word' id='word_1_359' title='bbox 1666 3388 1809 3445; x_wconf 79' lang='lat' dir='ltr'><strong>ergo</strong></span> <span class='ocrx_word' id='word_1_360' title='bbox 1833 3390 1935 3431; x_wconf 89' lang='lat' dir='ltr'><strong>nec</strong></span> 
     </span>
    </p>
   </div>
   <div class='ocr_carea' id='block_1_52' title="bbox 342 3459 1935 3533">
    <p class='ocr_par' dir='ltr' id='par_1_52' title="bbox 342 3459 1935 3533">
     <span class='ocr_line' id='line_1_52' title="bbox 342 3459 1935 3533; baseline 0.004 -18"><span class='ocrx_word' id='word_1_361' title='bbox 342 3459 429 3515; x_wconf 83' lang='lat' dir='ltr'><strong>sol</strong></span> <span class='ocrx_word' id='word_1_362' title='bbox 452 3459 669 3530; x_wconf 61' lang='lat' dir='ltr'><strong>qudem</strong></span> <span class='ocrx_word' id='word_1_363' title='bbox 694 3475 763 3516; x_wconf 84' lang='lat' dir='ltr'><strong>ac</strong></span> <span class='ocrx_word' id='word_1_364' title='bbox 784 3459 910 3516; x_wconf 84' lang='lat' dir='ltr'><strong>luna</strong></span> <span class='ocrx_word' id='word_1_365' title='bbox 940 3461 1019 3517; x_wconf 87' lang='lat' dir='ltr'><strong>dii</strong></span> <span class='ocrx_word' id='word_1_366' title='bbox 1040 3476 1164 3518; x_wconf 83' lang='lat' dir='ltr'><strong>esse</strong></span> <span class='ocrx_word' id='word_1_367' title='bbox 1204 3470 1447 3531; x_wconf 82' lang='lat' dir='ltr'><strong>possunt.</strong></span> <span class='ocrx_word' id='word_1_368' title='bbox 1480 3464 1732 3533; x_wconf 81' lang='lat' dir='ltr'><strong>quoniam</strong></span> <span class='ocrx_word' id='word_1_369' title='bbox 1776 3464 1935 3521; x_wconf 72' lang='lat' dir='ltr'><strong>lumi-</strong></span> 
     </span>
    </p>
   </div>
   <div class='ocr_carea' id='block_1_53' title="bbox 344 3551 1933 3628">
    <p class='ocr_par' dir='ltr' id='par_1_53' title="bbox 344 3551 1933 3628">
     <span class='ocr_line' id='line_1_53' title="bbox 344 3551 1933 3628; baseline 0.003 -21"><span class='ocrx_word' id='word_1_370' title='bbox 344 3551 506 3608; x_wconf 75' lang='lat' dir='ltr'><strong>nibus</strong></span> <span class='ocrx_word' id='word_1_371' title='bbox 533 3559 827 3618; x_wconf 71' lang='lat' dir='ltr'><strong>astrorum,</strong></span> <span class='ocrx_word' id='word_1_372' title='bbox 860 3569 967 3608; x_wconf 84' lang='lat' dir='ltr'><strong>non</strong></span> <span class='ocrx_word' id='word_1_373' title='bbox 998 3552 1211 3609; x_wconf 74' lang='lat' dir='ltr'><strong>ratione</strong></span> <span class='ocrx_word' id='word_1_374' title='bbox 1244 3551 1645 3620; x_wconf 65' lang='lat' dir='ltr'><strong>dilibrunt,,sed</strong></span> <span class='ocrx_word' id='word_1_375' title='bbox 1666 3557 1933 3628; x_wconf 66' lang='lat' dir='ltr'><strong>magnim-</strong></span> 
     </span>
    </p>
   </div>
   <div class='ocr_carea' id='block_1_54' title="bbox 346 3639 1931 3714">
    <p class='ocr_par' dir='ltr' id='par_1_54' title="bbox 346 3639 1931 3714">
     <span class='ocr_line' id='line_1_54' title="bbox 346 3639 1931 3714; baseline 0.003 -19"><span class='ocrx_word' id='word_1_376' title='bbox 346 3639 490 3695; x_wconf 78' lang='lat' dir='ltr'><strong>dine.</strong></span> <span class='ocrx_word' id='word_1_377' title='bbox 524 3639 756 3707; x_wconf 74' lang='lat' dir='ltr'><strong>Quodsi</strong></span> <span class='ocrx_word' id='word_1_378' title='bbox 782 3640 855 3699; x_wconf 87' lang='lat' dir='ltr'><strong>dii</strong></span> <span class='ocrx_word' id='word_1_379' title='bbox 884 3656 991 3696; x_wconf 87' lang='lat' dir='ltr'><strong>non</strong></span> <span class='ocrx_word' id='word_1_380' title='bbox 1023 3649 1150 3697; x_wconf 64' lang='lat' dir='ltr'><strong>sun</strong></span> <span class='ocrx_word' id='word_1_381' title='bbox 1177 3642 1257 3708; x_wconf 79' lang='lat' dir='ltr'><strong>bi,</strong></span> <span class='ocrx_word' id='word_1_382' title='bbox 1289 3657 1421 3712; x_wconf 78' lang='lat' dir='ltr'><strong>ergo</strong></span> <span class='ocrx_word' id='word_1_383' title='bbox 1454 3642 1783 3699; x_wconf 73' lang='lat' dir='ltr'><strong>necemlum</strong></span> <span class='ocrx_word' id='word_1_384' title='bbox 1809 3646 1931 3714; x_wconf 83' lang='lat' dir='ltr'><strong>qui-</strong></span> 
     </span>
    </p>
   </div>
   <div class='ocr_carea' id='block_1_55' title="bbox 342 3728 1933 3800">
    <p class='ocr_par' dir='ltr' id='par_1_55' title="bbox 342 3728 1933 3800">
     <span class='ocr_line' id='line_1_55' title="bbox 342 3728 1933 3800; baseline 0.004 -16"><span class='ocrx_word' id='word_1_385' title='bbox 342 3728 492 3794; x_wconf 80' lang='lat' dir='ltr'><strong>dem‘,</strong></span> <span class='ocrx_word' id='word_1_386' title='bbox 521 3729 581 3784; x_wconf 83' lang='lat' dir='ltr'><strong>in</strong></span> <span class='ocrx_word' id='word_1_387' title='bbox 621 3744 737 3800; x_wconf 66' lang='lat' dir='ltr'><strong>qua</strong></span> <span class='ocrx_word' id='word_1_388' title='bbox 761 3728 849 3785; x_wconf 87' lang='lat' dir='ltr'><strong>illa</strong></span> <span class='ocrx_word' id='word_1_389' title='bbox 877 3730 1061 3785; x_wconf 83' lang='lat' dir='ltr'><strong>omnia</strong></span> <span class='ocrx_word' id='word_1_390' title='bbox 1098 3731 1464 3787; x_wconf 77' lang='lat' dir='ltr'><strong>continentur.</strong></span> <span class='ocrx_word' id='word_1_391' title='bbox 1488 3730 1671 3787; x_wconf 85' lang='lat' dir='ltr'><strong>Simili</strong></span> <span class='ocrx_word' id='word_1_392' title='bbox 1695 3734 1851 3789; x_wconf 89' lang='lat' dir='ltr'><strong>modo</strong></span> <span class='ocrx_word' id='word_1_393' title='bbox 1885 3734 1933 3790; x_wconf 91' lang='lat' dir='ltr'><strong>si</strong></span> 
     </span>
    </p>
   </div>
   <div class='ocr_carea' id='block_1_56' title="bbox 346 3822 1932 3896">
    <p class='ocr_par' dir='ltr' id='par_1_56' title="bbox 346 3822 1932 3896">
     <span class='ocr_line' id='line_1_56' title="bbox 346 3822 1932 3896; baseline 0.005 -20"><span class='ocrx_word' id='word_1_394' title='bbox 346 3830 496 3877; x_wconf 77' lang='lat' dir='ltr'><strong>tem</strong></span> <span class='ocrx_word' id='word_1_395' title='bbox 534 3837 697 3891; x_wconf 78' lang='lat' dir='ltr'><strong>quam</strong></span> <span class='ocrx_word' id='word_1_396' title='bbox 739 3822 1031 3890; x_wconf 82' lang='lat' dir='ltr'><strong>calcamus,</strong></span> <span class='ocrx_word' id='word_1_397' title='bbox 1061 3838 1235 3893; x_wconf 74' lang='lat' dir='ltr'><strong>quam</strong></span> <span class='ocrx_word' id='word_1_398' title='bbox 1271 3824 1580 3896; x_wconf 71' lang='lat' dir='ltr'><strong>subigimus</strong></span> <span class='ocrx_word' id='word_1_399' title='bbox 1601 3833 1669 3880; x_wconf 81' lang='lat' dir='ltr'><strong>et</strong></span> <span class='ocrx_word' id='word_1_400' title='bbox 1704 3826 1932 3884; x_wconf 84' lang='lat' dir='ltr'><strong>colimus</strong></span> 
     </span>
    </p>
   </div>
   <div class='ocr_carea' id='block_1_57' title="bbox 343 3912 1931 3985">
    <p class='ocr_par' dir='ltr' id='par_1_57' title="bbox 343 3912 1931 3985">
     <span class='ocr_line' id='line_1_57' title="bbox 343 3912 1931 3985; baseline 0.003 -16"><span class='ocrx_word' id='word_1_401' title='bbox 343 3913 416 3969; x_wconf 79' lang='lat' dir='ltr'><strong>ad</strong></span> <span class='ocrx_word' id='word_1_402' title='bbox 436 3912 659 3980; x_wconf 74' lang='lat' dir='ltr'><strong>victum,</strong></span> <span class='ocrx_word' id='word_1_403' title='bbox 675 3913 811 3969; x_wconf 87' lang='lat' dir='ltr'><strong>deus</strong></span> <span class='ocrx_word' id='word_1_404' title='bbox 829 3928 937 3968; x_wconf 86' lang='lat' dir='ltr'><strong>non</strong></span> <span class='ocrx_word' id='word_1_405' title='bbox 958 3922 1063 3982; x_wconf 87' lang='lat' dir='ltr'><strong>est,</strong></span> <span class='ocrx_word' id='word_1_406' title='bbox 1085 3928 1186 3970; x_wconf 84' lang='lat' dir='ltr'><strong>nec</strong></span> <span class='ocrx_word' id='word_1_407' title='bbox 1201 3913 1617 3985; x_wconf 78' lang='lat' dir='ltr'><strong>campiquidem</strong></span> <span class='ocrx_word' id='word_1_408' title='bbox 1630 3930 1694 3971; x_wconf 79' lang='lat' dir='ltr'><strong>ac</strong></span> <span class='ocrx_word' id='word_1_409' title='bbox 1719 3927 1931 3974; x_wconf 85' lang='lat' dir='ltr'><strong>montes</strong></span> 
     </span>
    </p>
   </div>
   <div class='ocr_carea' id='block_1_58' title="bbox 340 4001 1928 4074">
    <p class='ocr_par' dir='ltr' id='par_1_58' title="bbox 340 4001 1928 4074">
     <span class='ocr_line' id='line_1_58' title="bbox 340 4001 1928 4074; baseline 0.001 -16"><span class='ocrx_word' id='word_1_410' title='bbox 340 4001 417 4058; x_wconf 78' lang='lat' dir='ltr'><strong>dii</strong></span> <span class='ocrx_word' id='word_1_411' title='bbox 441 4010 630 4068; x_wconf 74' lang='lat' dir='ltr'><strong>onuit;</strong></span> <span class='ocrx_word' id='word_1_412' title='bbox 654 4003 701 4058; x_wconf 88' lang='lat' dir='ltr'><strong>si</strong></span> <span class='ocrx_word' id='word_1_413' title='bbox 728 4002 782 4058; x_wconf 86' lang='lat' dir='ltr'><strong>hi</strong></span> <span class='ocrx_word' id='word_1_414' title='bbox 810 4002 885 4059; x_wconf 87' lang='lat' dir='ltr'><strong>dii</strong></span> <span class='ocrx_word' id='word_1_415' title='bbox 905 4018 1014 4058; x_wconf 89' lang='lat' dir='ltr'><strong>non</strong></span> <span class='ocrx_word' id='word_1_416' title='bbox 1037 4010 1183 4069; x_wconf 88' lang='lat' dir='ltr'><strong>sunt,</strong></span> <span class='ocrx_word' id='word_1_417' title='bbox 1211 4017 1341 4074; x_wconf 74' lang='lat' dir='ltr'><strong>ergo</strong></span> <span class='ocrx_word' id='word_1_418' title='bbox 1370 4017 1472 4059; x_wconf 73' lang='lat' dir='ltr'><strong>nec</strong></span> <span class='ocrx_word' id='word_1_419' title='bbox 1496 4003 1654 4060; x_wconf 88' lang='lat' dir='ltr'><strong>tellus</strong></span> <span class='ocrx_word' id='word_1_420' title='bbox 1674 4005 1928 4060; x_wconf 81' lang='lat' dir='ltr'><strong>universa</strong></span> 
     </span>
    </p>
   </div>
   <div class='ocr_carea' id='block_1_59' title="bbox 342 4094 1931 4167">
    <p class='ocr_par' dir='ltr' id='par_1_59' title="bbox 342 4094 1931 4167">
     <span class='ocr_line' id='line_1_59' title="bbox 342 4094 1931 4167; baseline 0 -14"><span class='ocrx_word' id='word_1_421' title='bbox 342 4094 483 4153; x_wconf 73' lang='lat' dir='ltr'><strong>deus</strong></span> <span class='ocrx_word' id='word_1_422' title='bbox 510 4094 681 4149; x_wconf 85' lang='lat' dir='ltr'><strong>videri</strong></span> <span class='ocrx_word' id='word_1_423' title='bbox 708 4103 906 4164; x_wconf 87' lang='lat' dir='ltr'><strong>potest.</strong></span> <span class='ocrx_word' id='word_1_424' title='bbox 935 4095 1075 4151; x_wconf 83' lang='lat' dir='ltr'><strong>item</strong></span> <span class='ocrx_word' id='word_1_425' title='bbox 1100 4095 1146 4150; x_wconf 90' lang='lat' dir='ltr'><strong>si</strong></span> <span class='ocrx_word' id='word_1_426' title='bbox 1170 4111 1319 4166; x_wconf 84' lang='lat' dir='ltr'><strong>aqua</strong></span> <span class='ocrx_word' id='word_1_427' title='bbox 1340 4110 1462 4167; x_wconf 74' lang='lat' dir='ltr'><strong>qna:</strong></span> <span class='ocrx_word' id='word_1_428' title='bbox 1496 4096 1665 4153; x_wconf 83' lang='lat' dir='ltr'><strong>servit</strong></span> <span class='ocrx_word' id='word_1_429' title='bbox 1689 4098 1931 4153; x_wconf 81' lang='lat' dir='ltr'><strong>animau-</strong></span> 
     </span>
    </p>
   </div>
   <div class='ocr_carea' id='block_1_60' title="bbox 342 4183 1928 4254">
    <p class='ocr_par' dir='ltr' id='par_1_60' title="bbox 342 4183 1928 4254">
     <span class='ocr_line' id='line_1_60' title="bbox 342 4183 1928 4254; baseline 0.003 -14"><span class='ocrx_word' id='word_1_430' title='bbox 342 4184 491 4240; x_wconf 83' lang='lat' dir='ltr'><strong>tibus</strong></span> <span class='ocrx_word' id='word_1_431' title='bbox 505 4185 755 4241; x_wconf 62' lang='lat' dir='ltr'><strong>ad&#39;usum</strong></span> <span class='ocrx_word' id='word_1_432' title='bbox 782 4183 1009 4240; x_wconf 74' lang='lat' dir='ltr'><strong>bibendi.</strong></span> <span class='ocrx_word' id='word_1_433' title='bbox 1022 4193 1115 4240; x_wconf 89' lang='lat' dir='ltr'><strong>aut</strong></span> <span class='ocrx_word' id='word_1_434' title='bbox 1144 4185 1357 4243; x_wconf 72' lang='lat' dir='ltr'><strong>lavandi</strong></span> <span class='ocrx_word' id='word_1_435' title='bbox 1398 4187 1533 4243; x_wconf 88' lang='lat' dir='ltr'><strong>deus</strong></span> <span class='ocrx_word' id='word_1_436' title='bbox 1559 4202 1664 4242; x_wconf 81' lang='lat' dir='ltr'><strong>non</strong></span> <span class='ocrx_word' id='word_1_437' title='bbox 1693 4196 1797 4254; x_wconf 88' lang='lat' dir='ltr'><strong>est,</strong></span> <span class='ocrx_word' id='word_1_438' title='bbox 1825 4203 1928 4245; x_wconf 89' lang='lat' dir='ltr'><strong>nec</strong></span> 
     </span>
    </p>
   </div>
   <div class='ocr_carea' id='block_1_61' title="bbox 340 4272 1927 4346">
    <p class='ocr_par' dir='ltr' id='par_1_61' title="bbox 340 4272 1927 4346">
     <span class='ocr_line' id='line_1_61' title="bbox 340 4272 1927 4346; baseline 0.002 -15"><span class='ocrx_word' id='word_1_439' title='bbox 340 4272 519 4331; x_wconf 67' lang='lat' dir='ltr'><strong>fontes</strong></span> <span class='ocrx_word' id='word_1_440' title='bbox 545 4273 762 4344; x_wconf 78' lang='lat' dir='ltr'><strong>quidem</strong></span> <span class='ocrx_word' id='word_1_441' title='bbox 790 4287 858 4329; x_wconf 81' lang='lat' dir='ltr'><strong>ex</strong></span> <span class='ocrx_word' id='word_1_442' title='bbox 883 4274 1082 4344; x_wconf 85' lang='lat' dir='ltr'><strong>quibus</strong></span> <span class='ocrx_word' id='word_1_443' title='bbox 1118 4290 1265 4345; x_wconf 81' lang='lat' dir='ltr'><strong>aqua</strong></span> <span class='ocrx_word' id='word_1_444' title='bbox 1293 4275 1530 4346; x_wconf 81' lang='lat' dir='ltr'><strong>proﬂuit.</strong></span> <span class='ocrx_word' id='word_1_445' title='bbox 1556 4274 1619 4332; x_wconf 87' lang='lat' dir='ltr'><strong>Si</strong></span> <span class='ocrx_word' id='word_1_446' title='bbox 1642 4274 1822 4333; x_wconf 82' lang='lat' dir='ltr'><strong>fontes</strong></span> <span class='ocrx_word' id='word_1_447' title='bbox 1852 4276 1927 4334; x_wconf 87' lang='lat' dir='ltr'><strong>dii</strong></span> 
     </span>
    </p>
   </div>
   <div class='ocr_carea' id='block_1_62' title="bbox 341 4365 1929 4439">
    <p class='ocr_par' dir='ltr' id='par_1_62' title="bbox 341 4365 1929 4439">
     <span class='ocr_line' id='line_1_62' title="bbox 341 4365 1929 4439; baseline 0.003 -16"><span class='ocrx_word' id='word_1_448' title='bbox 341 4379 455 4423; x_wconf 75' lang='lat' dir='ltr'><strong>non</strong></span> <span class='ocrx_word' id='word_1_449' title='bbox 476 4374 627 4432; x_wconf 80' lang='lat' dir='ltr'><strong>sunt,</strong></span> <span class='ocrx_word' id='word_1_450' title='bbox 654 4381 757 4423; x_wconf 87' lang='lat' dir='ltr'><strong>nec</strong></span> <span class='ocrx_word' id='word_1_451' title='bbox 787 4365 1012 4423; x_wconf 77' lang='lat' dir='ltr'><strong>ﬂumina</strong></span> <span class='ocrx_word' id='word_1_452' title='bbox 1041 4367 1263 4438; x_wconf 82' lang='lat' dir='ltr'><strong>quidem</strong></span> <span class='ocrx_word' id='word_1_453' title='bbox 1287 4384 1411 4439; x_wconf 71' lang='lat' dir='ltr'><strong>qua:</strong></span> <span class='ocrx_word' id='word_1_454' title='bbox 1451 4368 1525 4425; x_wconf 84' lang='lat' dir='ltr'><strong>de</strong></span> <span class='ocrx_word' id='word_1_455' title='bbox 1560 4370 1798 4426; x_wconf 75' lang='lat' dir='ltr'><strong>fontibus</strong></span> <span class='ocrx_word' id='word_1_456' title='bbox 1825 4371 1929 4427; x_wconf 89' lang='lat' dir='ltr'><strong>col-</strong></span> 
     </span>
    </p>
   </div>
   <div class='ocr_carea' id='block_1_63' title="bbox 338 4454 1927 4533">
    <p class='ocr_par' dir='ltr' id='par_1_63' title="bbox 338 4454 1927 4533">
     <span class='ocr_line' id='line_1_63' title="bbox 338 4454 1927 4533; baseline 0.004 -22"><span class='ocrx_word' id='word_1_457' title='bbox 338 4454 597 4527; x_wconf 71' lang='lat' dir='ltr'><strong>liguntur.</strong></span> <span class='ocrx_word' id='word_1_458' title='bbox 627 4455 686 4513; x_wconf 88' lang='lat' dir='ltr'><strong>Si</strong></span> <span class='ocrx_word' id='word_1_459' title='bbox 710 4454 933 4517; x_wconf 76' lang='lat' dir='ltr'><strong>ﬂumina</strong></span> <span class='ocrx_word' id='word_1_460' title='bbox 964 4473 1182 4530; x_wconf 83' lang='lat' dir='ltr'><strong>quoque</strong></span> <span class='ocrx_word' id='word_1_461' title='bbox 1205 4458 1278 4515; x_wconf 87' lang='lat' dir='ltr'><strong>dii</strong></span> <span class='ocrx_word' id='word_1_462' title='bbox 1308 4474 1423 4515; x_wconf 84' lang='lat' dir='ltr'><strong>non</strong></span> <span class='ocrx_word' id='word_1_463' title='bbox 1445 4468 1591 4525; x_wconf 84' lang='lat' dir='ltr'><strong>sunt,</strong></span> <span class='ocrx_word' id='word_1_464' title='bbox 1620 4477 1749 4533; x_wconf 75' lang='lat' dir='ltr'><strong>ergo</strong></span> <span class='ocrx_word' id='word_1_465' title='bbox 1776 4477 1927 4519; x_wconf 83' lang='lat' dir='ltr'><strong>mare</strong></span> 
     </span>
    </p>
   </div>
   <div class='ocr_carea' id='block_1_64' title="bbox 2039 1981 3641 2050">
    <p class='ocr_par' dir='ltr' id='par_1_64' title="bbox 2039 1981 3641 2050">
     <span class='ocr_line' id='line_1_64' title="bbox 2039 1981 3641 2050; baseline 0.002 -14"><span class='ocrx_word' id='word_1_466' title='bbox 2039 1982 2230 2037; x_wconf 85' lang='lat' dir='ltr'><strong>viliora</strong></span> <span class='ocrx_word' id='word_1_467' title='bbox 2261 1982 2526 2037; x_wconf 83' lang='lat' dir='ltr'><strong>ducantur</strong></span> <span class='ocrx_word' id='word_1_468' title='bbox 2551 1981 2640 2035; x_wconf 80' lang='lat' dir='ltr'><strong>illa</strong></span> <span class='ocrx_word' id='word_1_469' title='bbox 2667 1994 2786 2050; x_wconf 81' lang='lat' dir='ltr'><strong>quae</strong></span> <span class='ocrx_word' id='word_1_470' title='bbox 2828 1994 2954 2034; x_wconf 85' lang='lat' dir='ltr'><strong>rara</strong></span> <span class='ocrx_word' id='word_1_471' title='bbox 3000 1990 3145 2044; x_wconf 86' lang='lat' dir='ltr'><strong>sunt,</strong></span> <span class='ocrx_word' id='word_1_472' title='bbox 3183 1995 3316 2036; x_wconf 85' lang='lat' dir='ltr'><strong>auro</strong></span> <span class='ocrx_word' id='word_1_473' title='bbox 3345 1983 3566 2038; x_wconf 65' lang='lat' dir='ltr'><strong>scdicet</strong></span> <span class='ocrx_word' id='word_1_474' title='bbox 3588 1992 3641 2039; x_wconf 86' lang='lat' dir='ltr'><strong>et</strong></span> 
     </span>
    </p>
   </div>
   <div class='ocr_carea' id='block_1_65' title="bbox 2038 2071 3641 2144">
    <p class='ocr_par' dir='ltr' id='par_1_65' title="bbox 2038 2071 3641 2144">
     <span class='ocr_line' id='line_1_65' title="bbox 2038 2071 3641 2144; baseline 0.002 -17"><span class='ocrx_word' id='word_1_475' title='bbox 2038 2074 2264 2144; x_wconf 77' lang='lat' dir='ltr'><strong>geinmis</strong></span> <span class='ocrx_word' id='word_1_476' title='bbox 2298 2081 2354 2127; x_wconf 89' lang='lat' dir='ltr'><strong>et</strong></span> <span class='ocrx_word' id='word_1_477' title='bbox 2385 2074 2547 2129; x_wconf 88' lang='lat' dir='ltr'><strong>ebore</strong></span> <span class='ocrx_word' id='word_1_478' title='bbox 2576 2071 2934 2137; x_wconf 80' lang='lat' dir='ltr'><strong>delectantur,</strong></span> <span class='ocrx_word' id='word_1_479' title='bbox 2973 2071 3165 2127; x_wconf 86' lang='lat' dir='ltr'><strong>horum</strong></span> <span class='ocrx_word' id='word_1_480' title='bbox 3197 2074 3553 2143; x_wconf 81' lang='lat' dir='ltr'><strong>pulchritudo</strong></span> <span class='ocrx_word' id='word_1_481' title='bbox 3580 2090 3641 2131; x_wconf 87' lang='lat' dir='ltr'><strong>ac</strong></span> 
     </span>
    </p>
   </div>
   <div class='ocr_carea' id='block_1_66' title="bbox 2039 2157 3638 2236">
    <p class='ocr_par' dir='ltr' id='par_1_66' title="bbox 2039 2157 3638 2236">
     <span class='ocr_line' id='line_1_66' title="bbox 2039 2157 3638 2236; baseline 0.003 -18"><span class='ocrx_word' id='word_1_482' title='bbox 2039 2166 2185 2220; x_wconf 89' lang='lat' dir='ltr'><strong>nitor</strong></span> <span class='ocrx_word' id='word_1_483' title='bbox 2206 2164 2519 2236; x_wconf 79' lang='lat' dir='ltr'><strong>perstringit</strong></span> <span class='ocrx_word' id='word_1_484' title='bbox 2541 2164 2744 2229; x_wconf 89' lang='lat' dir='ltr'><strong>oculos,</strong></span> <span class='ocrx_word' id='word_1_485' title='bbox 2770 2174 2870 2219; x_wconf 84' lang='lat' dir='ltr'><strong>nec</strong></span> <span class='ocrx_word' id='word_1_486' title='bbox 2893 2162 3063 2218; x_wconf 74' lang='lat' dir='ltr'><strong>ullam</strong></span> <span class='ocrx_word' id='word_1_487' title='bbox 3080 2157 3401 2236; x_wconf 79' lang='lat' dir='ltr'><strong>religionem</strong></span> <span class='ocrx_word' id='word_1_488' title='bbox 3420 2176 3638 2236; x_wconf 74' lang='lat' dir='ltr'><strong>putant,</strong></span> 
     </span>
    </p>
   </div>
   <div class='ocr_carea' id='block_1_67' title="bbox 2039 2254 3641 2326">
    <p class='ocr_par' dir='ltr' id='par_1_67' title="bbox 2039 2254 3641 2326">
     <span class='ocr_line' id='line_1_67' title="bbox 2039 2254 3641 2326; baseline 0.002 -17"><span class='ocrx_word' id='word_1_489' title='bbox 2039 2255 2346 2326; x_wconf 83' lang='lat' dir='ltr'><strong>ubicunque</strong></span> <span class='ocrx_word' id='word_1_490' title='bbox 2395 2255 2486 2310; x_wconf 83' lang='lat' dir='ltr'><strong>illa</strong></span> <span class='ocrx_word' id='word_1_491' title='bbox 2538 2266 2645 2311; x_wconf 87' lang='lat' dir='ltr'><strong>non</strong></span> <span class='ocrx_word' id='word_1_492' title='bbox 2691 2254 2979 2311; x_wconf 73' lang='lat' dir='ltr'><strong>fulserunt.</strong></span> <span class='ocrx_word' id='word_1_493' title='bbox 3026 2254 3213 2325; x_wconf 83' lang='lat' dir='ltr'><strong>Itaque</strong></span> <span class='ocrx_word' id='word_1_494' title='bbox 3258 2257 3371 2312; x_wconf 62' lang='lat' dir='ltr'><strong>sub”</strong></span> <span class='ocrx_word' id='word_1_495' title='bbox 3407 2257 3641 2312; x_wconf 84' lang='lat' dir='ltr'><strong>obtentu</strong></span> 
     </span>
    </p>
   </div>
   <div class='ocr_carea' id='block_1_68' title="bbox 2039 2339 3640 2420">
    <p class='ocr_par' dir='ltr' id='par_1_68' title="bbox 2039 2339 3640 2420">
     <span class='ocr_line' id='line_1_68' title="bbox 2039 2339 3640 2420; baseline -0.001 -13"><span class='ocrx_word' id='word_1_496' title='bbox 2039 2339 2262 2407; x_wconf 86' lang='lat' dir='ltr'><strong>deorum</strong></span> <span class='ocrx_word' id='word_1_497' title='bbox 2291 2351 2518 2406; x_wconf 82' lang='lat' dir='ltr'><strong>avaritia</strong></span> <span class='ocrx_word' id='word_1_498' title='bbox 2561 2359 2615 2406; x_wconf 90' lang='lat' dir='ltr'><strong>et</strong></span> <span class='ocrx_word' id='word_1_499' title='bbox 2645 2349 2914 2420; x_wconf 83' lang='lat' dir='ltr'><strong>cupiditas</strong></span> <span class='ocrx_word' id='word_1_500' title='bbox 2954 2348 3170 2416; x_wconf 85' lang='lat' dir='ltr'><strong>colitur,</strong></span> <span class='ocrx_word' id='word_1_501' title='bbox 3214 2351 3449 2406; x_wconf 84' lang='lat' dir='ltr'><strong>credunt</strong></span> <span class='ocrx_word' id='word_1_502' title='bbox 3489 2353 3640 2406; x_wconf 85' lang='lat' dir='ltr'><strong>enim</strong></span> 
     </span>
    </p>
   </div>
   <div class='ocr_carea' id='block_1_69' title="bbox 2039 2442 3641 2514">
    <p class='ocr_par' dir='ltr' id='par_1_69' title="bbox 2039 2442 3641 2514">
     <span class='ocr_line' id='line_1_69' title="bbox 2039 2442 3641 2514; baseline 0.001 -15"><span class='ocrx_word' id='word_1_503' title='bbox 2039 2443 2167 2499; x_wconf 86' lang='lat' dir='ltr'><strong>deos</strong></span> <span class='ocrx_word' id='word_1_504' title='bbox 2209 2458 2393 2498; x_wconf 89' lang='lat' dir='ltr'><strong>amare</strong></span> <span class='ocrx_word' id='word_1_505' title='bbox 2442 2443 2705 2514; x_wconf 88' lang='lat' dir='ltr'><strong>quidquid</strong></span> <span class='ocrx_word' id='word_1_506' title='bbox 2756 2442 2858 2513; x_wconf 91' lang='lat' dir='ltr'><strong>ipsi</strong></span> <span class='ocrx_word' id='word_1_507' title='bbox 2906 2443 3319 2512; x_wconf 86' lang='lat' dir='ltr'><strong>concupiscunt,</strong></span> <span class='ocrx_word' id='word_1_508' title='bbox 3369 2443 3641 2513; x_wconf 85' lang='lat' dir='ltr'><strong>quidquid</strong></span> 
     </span>
    </p>
   </div>
   <div class='ocr_carea' id='block_1_70' title="bbox 2037 2532 3642 2605">
    <p class='ocr_par' dir='ltr' id='par_1_70' title="bbox 2037 2532 3642 2605">
     <span class='ocr_line' id='line_1_70' title="bbox 2037 2532 3642 2605; baseline 0.001 -18"><span class='ocrx_word' id='word_1_509' title='bbox 2037 2543 2124 2588; x_wconf 88' lang='lat' dir='ltr'><strong>est</strong></span> <span class='ocrx_word' id='word_1_510' title='bbox 2163 2543 2388 2604; x_wconf 85' lang='lat' dir='ltr'><strong>propter</strong></span> <span class='ocrx_word' id='word_1_511' title='bbox 2435 2532 2581 2604; x_wconf 90' lang='lat' dir='ltr'><strong>quod</strong></span> <span class='ocrx_word' id='word_1_512' title='bbox 2607 2532 2753 2590; x_wconf 81' lang='lat' dir='ltr'><strong>furta</strong></span> <span class='ocrx_word' id='word_1_513' title='bbox 2783 2542 2836 2588; x_wconf 90' lang='lat' dir='ltr'><strong>et</strong></span> <span class='ocrx_word' id='word_1_514' title='bbox 2872 2533 3160 2588; x_wconf 80' lang='lat' dir='ltr'><strong>homicidia</strong></span> <span class='ocrx_word' id='word_1_515' title='bbox 3188 2532 3476 2588; x_wconf 86' lang='lat' dir='ltr'><strong>latrocinia</strong></span> <span class='ocrx_word' id='word_1_516' title='bbox 3504 2548 3642 2605; x_wconf 86' lang='lat' dir='ltr'><strong>quo-</strong></span> 
     </span>
    </p>
   </div>
   <div class='ocr_carea' id='block_1_71' title="bbox 2040 2620 3643 2694">
    <p class='ocr_par' dir='ltr' id='par_1_71' title="bbox 2040 2620 3643 2694">
     <span class='ocr_line' id='line_1_71' title="bbox 2040 2620 3643 2694; baseline 0.002 -18"><span class='ocrx_word' id='word_1_517' title='bbox 2040 2620 2169 2677; x_wconf 89' lang='lat' dir='ltr'><strong>tidie</strong></span> <span class='ocrx_word' id='word_1_518' title='bbox 2206 2623 2469 2690; x_wconf 90' lang='lat' dir='ltr'><strong>serviunt,</strong></span> <span class='ocrx_word' id='word_1_519' title='bbox 2498 2632 2720 2694; x_wconf 83' lang='lat' dir='ltr'><strong>propter</strong></span> <span class='ocrx_word' id='word_1_520' title='bbox 2746 2623 2892 2693; x_wconf 89' lang='lat' dir='ltr'><strong>quod</strong></span> <span class='ocrx_word' id='word_1_521' title='bbox 2930 2622 3072 2679; x_wconf 84' lang='lat' dir='ltr'><strong>bella</strong></span> <span class='ocrx_word' id='word_1_522' title='bbox 3113 2638 3209 2693; x_wconf 83' lang='lat' dir='ltr'><strong>per</strong></span> <span class='ocrx_word' id='word_1_523' title='bbox 3242 2632 3418 2679; x_wconf 89' lang='lat' dir='ltr'><strong>totum</strong></span> <span class='ocrx_word' id='word_1_524' title='bbox 3444 2624 3643 2680; x_wconf 82' lang='lat' dir='ltr'><strong>orbem</strong></span> 
     </span>
    </p>
   </div>
   <div class='ocr_carea' id='block_1_72' title="bbox 2037 2713 3644 2786">
    <p class='ocr_par' dir='ltr' id='par_1_72' title="bbox 2037 2713 3644 2786">
     <span class='ocr_line' id='line_1_72' title="bbox 2037 2713 3644 2786; baseline 0.004 -19"><span class='ocrx_word' id='word_1_525' title='bbox 2037 2714 2260 2784; x_wconf 87' lang='lat' dir='ltr'><strong>populos</strong></span> <span class='ocrx_word' id='word_1_526' title='bbox 2297 2714 2568 2786; x_wconf 88' lang='lat' dir='ltr'><strong>urbesque</strong></span> <span class='ocrx_word' id='word_1_527' title='bbox 2613 2715 2956 2769; x_wconf 87' lang='lat' dir='ltr'><strong>subvertuut.</strong></span> <span class='ocrx_word' id='word_1_528' title='bbox 2989 2713 3319 2769; x_wconf 84' lang='lat' dir='ltr'><strong>Conscerant</strong></span> <span class='ocrx_word' id='word_1_529' title='bbox 3358 2730 3495 2786; x_wconf 82' lang='lat' dir='ltr'><strong>ergo</strong></span> <span class='ocrx_word' id='word_1_530' title='bbox 3539 2715 3644 2774; x_wconf 75' lang='lat' dir='ltr'><strong>diis</strong></span> 
     </span>
    </p>
   </div>
   <div class='ocr_carea' id='block_1_73' title="bbox 2038 2804 3643 2876">
    <p class='ocr_par' dir='ltr' id='par_1_73' title="bbox 2038 2804 3643 2876">
     <span class='ocr_line' id='line_1_73' title="bbox 2038 2804 3643 2876; baseline 0.002 -18"><span class='ocrx_word' id='word_1_531' title='bbox 2038 2805 2324 2860; x_wconf 89' lang='lat' dir='ltr'><strong>manubias</strong></span> <span class='ocrx_word' id='word_1_532' title='bbox 2346 2814 2401 2860; x_wconf 88' lang='lat' dir='ltr'><strong>et</strong></span> <span class='ocrx_word' id='word_1_533' title='bbox 2426 2804 2642 2876; x_wconf 87' lang='lat' dir='ltr'><strong>rapinas</strong></span> <span class='ocrx_word' id='word_1_534' title='bbox 2664 2820 2810 2871; x_wconf 87' lang='lat' dir='ltr'><strong>suas,</strong></span> <span class='ocrx_word' id='word_1_535' title='bbox 2836 2821 2974 2876; x_wconf 88' lang='lat' dir='ltr'><strong>quos</strong></span> <span class='ocrx_word' id='word_1_536' title='bbox 3000 2814 3147 2860; x_wconf 87' lang='lat' dir='ltr'><strong>certe</strong></span> <span class='ocrx_word' id='word_1_537' title='bbox 3170 2821 3393 2861; x_wconf 88' lang='lat' dir='ltr'><strong>necesse</strong></span> <span class='ocrx_word' id='word_1_538' title='bbox 3419 2816 3511 2861; x_wconf 84' lang='lat' dir='ltr'><strong>est</strong></span> <span class='ocrx_word' id='word_1_539' title='bbox 3538 2809 3643 2862; x_wconf 83' lang='lat' dir='ltr'><strong>im-</strong></span> 
     </span>
    </p>
   </div>
   <div class='ocr_carea' id='block_1_74' title="bbox 2037 2896 3640 2967">
    <p class='ocr_par' dir='ltr' id='par_1_74' title="bbox 2037 2896 3640 2967">
     <span class='ocr_line' id='line_1_74' title="bbox 2037 2896 3640 2967; baseline 0.001 -15"><span class='ocrx_word' id='word_1_540' title='bbox 2037 2896 2257 2952; x_wconf 85' lang='lat' dir='ltr'><strong>becilles</strong></span> <span class='ocrx_word' id='word_1_541' title='bbox 2281 2912 2423 2964; x_wconf 88' lang='lat' dir='ltr'><strong>esse,</strong></span> <span class='ocrx_word' id='word_1_542' title='bbox 2448 2914 2511 2954; x_wconf 89' lang='lat' dir='ltr'><strong>ac</strong></span> <span class='ocrx_word' id='word_1_543' title='bbox 2538 2912 2763 2953; x_wconf 76' lang='lat' dir='ltr'><strong>summa:</strong></span> <span class='ocrx_word' id='word_1_544' title='bbox 2792 2897 3010 2953; x_wconf 82' lang='lat' dir='ltr'><strong>virtutis</strong></span> <span class='ocrx_word' id='word_1_545' title='bbox 3044 2898 3375 2967; x_wconf 77' lang='lat' dir='ltr'><strong>inexpertos,</strong></span> <span class='ocrx_word' id='word_1_546' title='bbox 3418 2900 3465 2953; x_wconf 89' lang='lat' dir='ltr'><strong>si</strong></span> <span class='ocrx_word' id='word_1_547' title='bbox 3506 2900 3640 2955; x_wconf 85' lang='lat' dir='ltr'><strong>sub-</strong></span> 
     </span>
    </p>
   </div>
   <div class='ocr_carea' id='block_1_75' title="bbox 2030 2987 3643 3061">
    <p class='ocr_par' dir='ltr' id='par_1_75' title="bbox 2030 2987 3643 3061">
     <span class='ocr_line' id='line_1_75' title="bbox 2030 2987 3643 3061; baseline 0 -17"><span class='ocrx_word' id='word_1_548' title='bbox 2030 2987 2162 3058; x_wconf 85' lang='lat' dir='ltr'><strong>jecti</strong></span> <span class='ocrx_word' id='word_1_549' title='bbox 2190 2999 2317 3044; x_wconf 89' lang='lat' dir='ltr'><strong>sunt</strong></span> <span class='ocrx_word' id='word_1_550' title='bbox 2335 2989 2747 3060; x_wconf 89' lang='lat' dir='ltr'><strong>cupiditatibus:</strong></span> <span class='ocrx_word' id='word_1_551' title='bbox 2781 3003 2883 3044; x_wconf 88' lang='lat' dir='ltr'><strong>cur</strong></span> <span class='ocrx_word' id='word_1_552' title='bbox 2908 2988 3051 3043; x_wconf 91' lang='lat' dir='ltr'><strong>enim</strong></span> <span class='ocrx_word' id='word_1_553' title='bbox 3081 2987 3328 3043; x_wconf 74' lang='lat' dir='ltr'><strong>caelestes</strong></span> <span class='ocrx_word' id='word_1_554' title='bbox 3355 3004 3455 3044; x_wconf 89' lang='lat' dir='ltr'><strong>eos</strong></span> <span class='ocrx_word' id='word_1_555' title='bbox 3476 3000 3643 3061; x_wconf 84' lang='lat' dir='ltr'><strong>pute-</strong></span> 
     </span>
    </p>
   </div>
   <div class='ocr_carea' id='block_1_76' title="bbox 2038 3079 3644 3151">
    <p class='ocr_par' dir='ltr' id='par_1_76' title="bbox 2038 3079 3644 3151">
     <span class='ocr_line' id='line_1_76' title="bbox 2038 3079 3644 3151; baseline 0.001 -15"><span class='ocrx_word' id='word_1_556' title='bbox 2038 3094 2181 3147; x_wconf 90' lang='lat' dir='ltr'><strong>mus,</strong></span> <span class='ocrx_word' id='word_1_557' title='bbox 2223 3081 2269 3135; x_wconf 90' lang='lat' dir='ltr'><strong>si</strong></span> <span class='ocrx_word' id='word_1_558' title='bbox 2313 3080 2625 3137; x_wconf 89' lang='lat' dir='ltr'><strong>desiderant</strong></span> <span class='ocrx_word' id='word_1_559' title='bbox 2665 3080 2869 3151; x_wconf 85' lang='lat' dir='ltr'><strong>aliquid</strong></span> <span class='ocrx_word' id='word_1_560' title='bbox 2910 3096 2977 3135; x_wconf 80' lang='lat' dir='ltr'><strong>cx</strong></span> <span class='ocrx_word' id='word_1_561' title='bbox 3007 3079 3187 3133; x_wconf 80' lang='lat' dir='ltr'><strong>terra?</strong></span> <span class='ocrx_word' id='word_1_562' title='bbox 3226 3079 3310 3133; x_wconf 79' lang='lat' dir='ltr'><strong>vel</strong></span> <span class='ocrx_word' id='word_1_563' title='bbox 3346 3079 3569 3147; x_wconf 73' lang='lat' dir='ltr'><strong>beatus,</strong></span> <span class='ocrx_word' id='word_1_564' title='bbox 3597 3082 3644 3137; x_wconf 89' lang='lat' dir='ltr'><strong>si</strong></span> 
     </span>
    </p>
   </div>
   <div class='ocr_carea' id='block_1_77' title="bbox 2037 3171 3647 3247">
    <p class='ocr_par' dir='ltr' id='par_1_77' title="bbox 2037 3171 3647 3247">
     <span class='ocr_line' id='line_1_77' title="bbox 2037 3171 3647 3247; baseline -0.001 -18"><span class='ocrx_word' id='word_1_565' title='bbox 2037 3174 2218 3243; x_wconf 86' lang='lat' dir='ltr'><strong>aliqua</strong></span> <span class='ocrx_word' id='word_1_566' title='bbox 2249 3190 2312 3230; x_wconf 88' lang='lat' dir='ltr'><strong>re</strong></span> <span class='ocrx_word' id='word_1_567' title='bbox 2339 3173 2613 3247; x_wconf 78' lang='lat' dir='ltr'><strong>indigent?</strong></span> <span class='ocrx_word' id='word_1_568' title='bbox 2645 3172 2731 3229; x_wconf 86' lang='lat' dir='ltr'><strong>vel</strong></span> <span class='ocrx_word' id='word_1_569' title='bbox 2760 3172 3120 3244; x_wconf 83' lang='lat' dir='ltr'><strong>incorruptos,</strong></span> <span class='ocrx_word' id='word_1_570' title='bbox 3158 3172 3205 3227; x_wconf 91' lang='lat' dir='ltr'><strong>si</strong></span> <span class='ocrx_word' id='word_1_571' title='bbox 3250 3171 3521 3242; x_wconf 78' lang='lat' dir='ltr'><strong>voluptati</strong></span> <span class='ocrx_word' id='word_1_572' title='bbox 3550 3176 3647 3228; x_wconf 83' lang='lat' dir='ltr'><strong>ha-</strong></span> 
     </span>
    </p>
   </div>
   <div class='ocr_carea' id='block_1_78' title="bbox 1960 3240 3644 3340">
    <p class='ocr_par' dir='ltr' id='par_1_78' title="bbox 1960 3240 3644 3340">
     <span class='ocr_line' id='line_1_78' title="bbox 1960 3240 3644 3340; baseline -0.001 -16"><span class='ocrx_word' id='word_1_573' title='bbox 1960 3240 2005 3303; x_wconf 71' lang='lat' dir='ltr'>c</span> <span class='ocrx_word' id='word_1_574' title='bbox 2036 3240 2166 3324; x_wconf 72' lang='lat' dir='ltr'><strong>bent</strong></span> <span class='ocrx_word' id='word_1_575' title='bbox 2209 3283 2275 3322; x_wconf 89' lang='lat' dir='ltr'><strong>ea</strong></span> <span class='ocrx_word' id='word_1_576' title='bbox 2311 3267 2366 3324; x_wconf 93' lang='lat' dir='ltr'><strong>in</strong></span> <span class='ocrx_word' id='word_1_577' title='bbox 2409 3240 2606 3340; x_wconf 75' lang='lat' dir='ltr'><strong>quibus</strong></span> <span class='ocrx_word' id='word_1_578' title='bbox 2652 3240 2999 3337; x_wconf 39' lang='lat' dir='ltr'><strong>appetendis—</strong></span> <span class='ocrx_word' id='word_1_579' title='bbox 3032 3264 3299 3336; x_wconf 84' lang='lat' dir='ltr'><strong>cupiditas</strong></span> <span class='ocrx_word' id='word_1_580' title='bbox 3351 3240 3644 3322; x_wconf 68' lang='lat' dir='ltr'><strong>hominum</strong></span> 
     </span>
    </p>
   </div>
   <div class='ocr_carea' id='block_1_79' title="bbox 2034 3359 2797 3416">
    <p class='ocr_par' dir='ltr' id='par_1_79' title="bbox 2034 3359 2797 3416">
     <span class='ocr_line' id='line_1_79' title="bbox 2034 3359 2797 3416; baseline -0.003 -1"><span class='ocrx_word' id='word_1_581' title='bbox 2034 3375 2142 3415; x_wconf 85' lang='lat' dir='ltr'><strong>non</strong></span> <span class='ocrx_word' id='word_1_582' title='bbox 2170 3359 2441 3415; x_wconf 88' lang='lat' dir='ltr'><strong>immerito</strong></span> <span class='ocrx_word' id='word_1_583' title='bbox 2465 3359 2797 3416; x_wconf 85' lang='lat' dir='ltr'><strong>damnatur?</strong></span> 
     </span>
    </p>
   </div>
   <div class='ocr_carea' id='block_1_80' title="bbox 2667 3448 2995 3506">
    <p class='ocr_par' dir='ltr' id='par_1_80' title="bbox 2667 3448 2995 3506">
     <span class='ocr_line' id='line_1_80' title="bbox 2667 3448 2995 3506; baseline -0.003 0"><span class='ocrx_word' id='word_1_584' title='bbox 2667 3448 2895 3506; x_wconf 80' lang='lat' dir='ltr'><strong>CAPUT</strong></span> <span class='ocrx_word' id='word_1_585' title='bbox 2933 3448 2995 3505; x_wconf 81' lang='grc' dir='ltr'><strong>ῐῐ.</strong></span> 
     </span>
    </p>
   </div>
   <div class='ocr_carea' id='block_1_81' title="bbox 2563 3538 3097 3613">
    <p class='ocr_par' dir='ltr' id='par_1_81' title="bbox 2563 3538 3097 3613">
     <span class='ocr_line' id='line_1_81' title="bbox 2563 3538 3097 3613; baseline -0.002 -17"><span class='ocrx_word' id='word_1_586' title='bbox 2563 3538 2812 3612; x_wconf 74' lang='lat' dir='ltr'><strong>Sequitur</strong></span> <span class='ocrx_word' id='word_1_587' title='bbox 2833 3552 2887 3596; x_wconf 90' lang='lat' dir='ltr'><strong>ut</strong></span> <span class='ocrx_word' id='word_1_588' title='bbox 2916 3557 3097 3613; x_wconf 82' lang='lat' dir='ltr'><strong>supra.</strong></span> 
     </span>
    </p>
   </div>
   <div class='ocr_carea' id='block_1_82' title="bbox 2104 3628 3643 3704">
    <p class='ocr_par' dir='ltr' id='par_1_82' title="bbox 2104 3628 3643 3704">
     <span class='ocr_line' id='line_1_82' title="bbox 2104 3628 3643 3704; baseline 0.001 -16"><span class='ocrx_word' id='word_1_589' title='bbox 2104 3628 2210 3688; x_wconf 80' lang='lat' dir='ltr'><strong>Sed</strong></span> <span class='ocrx_word' id='word_1_590' title='bbox 2238 3644 2413 3689; x_wconf 82' lang='lat' dir='ltr'><strong>tamen</strong></span> <span class='ocrx_word' id='word_1_591' title='bbox 2449 3633 2504 3689; x_wconf 83' lang='lat' dir='ltr'><strong>in</strong></span> <span class='ocrx_word' id='word_1_592' title='bbox 2548 3633 2629 3688; x_wconf 82' lang='lat' dir='ltr'><strong>his</strong></span> <span class='ocrx_word' id='word_1_593' title='bbox 2658 3634 2833 3687; x_wconf 82' lang='lat' dir='ltr'><strong>adhuc</strong></span> <span class='ocrx_word' id='word_1_594' title='bbox 2870 3634 3043 3688; x_wconf 86' lang='lat' dir='ltr'><strong>minor</strong></span> <span class='ocrx_word' id='word_1_595' title='bbox 3078 3643 3152 3688; x_wconf 79' lang='lat' dir='ltr'><strong>est</strong></span> <span class='ocrx_word' id='word_1_596' title='bbox 3195 3633 3429 3704; x_wconf 82' lang='lat' dir='ltr'><strong>querela.</strong></span> <span class='ocrx_word' id='word_1_597' title='bbox 3477 3632 3558 3689; x_wconf 80' lang='lat' dir='ltr'><strong>Et</strong></span> <span class='ocrx_word' id='word_1_598' title='bbox 3587 3635 3643 3689; x_wconf 74' lang='lat' dir='ltr'><strong>lli</strong></span> 
     </span>
    </p>
   </div>
   <div class='ocr_carea' id='block_1_83' title="bbox 2031 3721 3644 3794">
    <p class='ocr_par' dir='ltr' id='par_1_83' title="bbox 2031 3721 3644 3794">
     <span class='ocr_line' id='line_1_83' title="bbox 2031 3721 3644 3794; baseline 0 -15"><span class='ocrx_word' id='word_1_599' title='bbox 2031 3724 2169 3779; x_wconf 85' lang='lat' dir='ltr'><strong>enim</strong></span> <span class='ocrx_word' id='word_1_600' title='bbox 2205 3723 2444 3794; x_wconf 76' lang='lat' dir='ltr'><strong>fortassis</strong></span> <span class='ocrx_word' id='word_1_601' title='bbox 2472 3733 2648 3777; x_wconf 82' lang='lat' dir='ltr'><strong>errant</strong></span> <span class='ocrx_word' id='word_1_602' title='bbox 2678 3722 2847 3777; x_wconf 85' lang='lat' dir='ltr'><strong>Deum</strong></span> <span class='ocrx_word' id='word_1_603' title='bbox 2881 3733 3171 3794; x_wconf 78' lang='lat' dir='ltr'><strong>quwrentes</strong></span> <span class='ocrx_word' id='word_1_604' title='bbox 3201 3732 3248 3776; x_wconf 87' lang='lat' dir='ltr'><strong>ct</strong></span> <span class='ocrx_word' id='word_1_605' title='bbox 3279 3721 3513 3779; x_wconf 80' lang='lat' dir='ltr'><strong>uolentes</strong></span> <span class='ocrx_word' id='word_1_606' title='bbox 3554 3727 3644 3780; x_wconf 83' lang='lat' dir='ltr'><strong>in-</strong></span> 
     </span>
    </p>
   </div>
   <div class='ocr_carea' id='block_1_84' title="bbox 2032 3810 3643 3884">
    <p class='ocr_par' dir='ltr' id='par_1_84' title="bbox 2032 3810 3643 3884">
     <span class='ocr_line' id='line_1_84' title="bbox 2032 3810 3643 3884; baseline 0.001 -16"><span class='ocrx_word' id='word_1_607' title='bbox 2032 3815 2222 3868; x_wconf 79' lang='lat' dir='ltr'><strong>uenire.</strong></span> <span class='ocrx_word' id='word_1_608' title='bbox 2271 3811 2482 3869; x_wconf 80' lang='lat' dir='ltr'><strong>Etenim</strong></span> <span class='ocrx_word' id='word_1_609' title='bbox 2527 3830 2645 3867; x_wconf 86' lang='lat' dir='ltr'><strong>cum</strong></span> <span class='ocrx_word' id='word_1_610' title='bbox 2691 3813 2746 3867; x_wconf 89' lang='lat' dir='ltr'><strong>in</strong></span> <span class='ocrx_word' id='word_1_611' title='bbox 2789 3811 3027 3884; x_wconf 80' lang='lat' dir='ltr'><strong>operibus</strong></span> <span class='ocrx_word' id='word_1_612' title='bbox 3056 3810 3199 3867; x_wconf 81' lang='lat' dir='ltr'><strong>illius</strong></span> <span class='ocrx_word' id='word_1_613' title='bbox 3232 3827 3643 3883; x_wconf 78' lang='lat' dir='ltr'><strong>conuersentur,</strong></span> 
     </span>
    </p>
   </div>
   <div class='ocr_carea' id='block_1_85' title="bbox 2032 3904 3644 3979">
    <p class='ocr_par' dir='ltr' id='par_1_85' title="bbox 2032 3904 3644 3979">
     <span class='ocr_line' id='line_1_85' title="bbox 2032 3904 3644 3979; baseline 0.002 -19"><span class='ocrx_word' id='word_1_614' title='bbox 2032 3906 2329 3978; x_wconf 78' lang='lat' dir='ltr'><strong>inquirunt,</strong></span> <span class='ocrx_word' id='word_1_615' title='bbox 2366 3916 2415 3960; x_wconf 84' lang='lat' dir='ltr'><strong>et</strong></span> <span class='ocrx_word' id='word_1_616' title='bbox 2461 3921 2770 3979; x_wconf 79' lang='lat' dir='ltr'><strong>persuasum</strong></span> <span class='ocrx_word' id='word_1_617' title='bbox 2817 3904 3005 3959; x_wconf 83' lang='lat' dir='ltr'><strong>habent</strong></span> <span class='ocrx_word' id='word_1_618' title='bbox 3046 3906 3296 3973; x_wconf 86' lang='lat' dir='ltr'><strong>quoniam</strong></span> <span class='ocrx_word' id='word_1_619' title='bbox 3328 3905 3466 3960; x_wconf 87' lang='lat' dir='ltr'><strong>bona</strong></span> <span class='ocrx_word' id='word_1_620' title='bbox 3509 3918 3644 3964; x_wconf 77' lang='lat' dir='ltr'><strong>sunt</strong></span> 
     </span>
    </p>
   </div>
   <div class='ocr_carea' id='block_1_86' title="bbox 2029 3994 3646 4069">
    <p class='ocr_par' dir='ltr' id='par_1_86' title="bbox 2029 3994 3646 4069">
     <span class='ocr_line' id='line_1_86' title="bbox 2029 3994 3646 4069; baseline -0.001 -15"><span class='ocrx_word' id='word_1_621' title='bbox 2029 4016 2146 4066; x_wconf 77' lang='lat' dir='ltr'><strong>qua:</strong></span> <span class='ocrx_word' id='word_1_622' title='bbox 2179 3999 2369 4054; x_wconf 82' lang='lat' dir='ltr'><strong>rident.</strong></span> <span class='ocrx_word' id='word_1_623' title='bbox 2410 3994 2610 4053; x_wconf 84' lang='lat' dir='ltr'><strong>Iterum</strong></span> <span class='ocrx_word' id='word_1_624' title='bbox 2656 4007 2830 4053; x_wconf 80' lang='lat' dir='ltr'><strong>autem</strong></span> <span class='ocrx_word' id='word_1_625' title='bbox 2870 4015 2963 4051; x_wconf 87' lang='lat' dir='ltr'><strong>nec</strong></span> <span class='ocrx_word' id='word_1_626' title='bbox 3000 3998 3083 4052; x_wconf 79' lang='lat' dir='ltr'><strong>Itis</strong></span> <span class='ocrx_word' id='word_1_627' title='bbox 3127 3999 3274 4052; x_wconf 81' lang='lat' dir='ltr'><strong>debet</strong></span> <span class='ocrx_word' id='word_1_628' title='bbox 3310 3999 3542 4069; x_wconf 81' lang='lat' dir='ltr'><strong>ignosci.</strong></span> <span class='ocrx_word' id='word_1_629' title='bbox 3578 3999 3646 4059; x_wconf 81' lang='lat' dir='ltr'><strong>Si</strong></span> 
     </span>
    </p>
   </div>
   <div class='ocr_carea' id='block_1_87' title="bbox 2030 4095 3646 4165">
    <p class='ocr_par' dir='ltr' id='par_1_87' title="bbox 2030 4095 3646 4165">
     <span class='ocr_line' id='line_1_87' title="bbox 2030 4095 3646 4165; baseline 0.001 -15"><span class='ocrx_word' id='word_1_630' title='bbox 2030 4095 2165 4150; x_wconf 71' lang='lat' dir='ltr'><strong>enim</strong></span> <span class='ocrx_word' id='word_1_631' title='bbox 2192 4104 2396 4149; x_wconf 84' lang='lat' dir='ltr'><strong>tantum</strong></span> <span class='ocrx_word' id='word_1_632' title='bbox 2418 4102 2698 4165; x_wconf 77' lang='lat' dir='ltr'><strong>potuerunt</strong></span> <span class='ocrx_word' id='word_1_633' title='bbox 2733 4095 2865 4147; x_wconf 83' lang='lat' dir='ltr'><strong>scire</strong></span> <span class='ocrx_word' id='word_1_634' title='bbox 2904 4103 2958 4146; x_wconf 84' lang='lat' dir='ltr'><strong>ut</strong></span> <span class='ocrx_word' id='word_1_635' title='bbox 2995 4103 3205 4163; x_wconf 82' lang='lat' dir='ltr'><strong>possent</strong></span> <span class='ocrx_word' id='word_1_636' title='bbox 3235 4095 3507 4148; x_wconf 66' lang='lat' dir='ltr'><strong>u&#39;stimare</strong></span> <span class='ocrx_word' id='word_1_637' title='bbox 3534 4112 3646 4151; x_wconf 71' lang='lat' dir='ltr'><strong>ste-</strong></span> 
     </span>
    </p>
   </div>
   <div class='ocr_carea' id='block_1_88' title="bbox 2030 4182 3645 4258">
    <p class='ocr_par' dir='ltr' id='par_1_88' title="bbox 2030 4182 3645 4258">
     <span class='ocr_line' id='line_1_88' title="bbox 2030 4182 3645 4258; baseline 0.001 -18"><span class='ocrx_word' id='word_1_638' title='bbox 2030 4186 2228 4250; x_wconf 80' lang='lat' dir='ltr'><strong>culunt,</strong></span> <span class='ocrx_word' id='word_1_639' title='bbox 2249 4184 2509 4258; x_wconf 82' lang='lat' dir='ltr'><strong>quomodo</strong></span> <span class='ocrx_word' id='word_1_640' title='bbox 2536 4184 2694 4255; x_wconf 83' lang='lat' dir='ltr'><strong>hujus</strong></span> <span class='ocrx_word' id='word_1_641' title='bbox 2725 4182 3005 4239; x_wconf 80' lang='lat' dir='ltr'><strong>Dominum</strong></span> <span class='ocrx_word' id='word_1_642' title='bbox 3037 4183 3249 4254; x_wconf 78' lang='lat' dir='ltr'><strong>facilius</strong></span> <span class='ocrx_word' id='word_1_643' title='bbox 3279 4200 3382 4238; x_wconf 80' lang='lat' dir='ltr'><strong>non</strong></span> <span class='ocrx_word' id='word_1_644' title='bbox 3412 4185 3645 4241; x_wconf 73' lang='lat' dir='ltr'><strong>iurene—</strong></span> 
     </span>
    </p>
   </div>
   <div class='ocr_carea' id='block_1_89' title="bbox 2030 4274 3642 4348">
    <p class='ocr_par' dir='ltr' id='par_1_89' title="bbox 2030 4274 3642 4348">
     <span class='ocr_line' id='line_1_89' title="bbox 2030 4274 3642 4348; baseline 0.001 -17"><span class='ocrx_word' id='word_1_645' title='bbox 2030 4277 2194 4333; x_wconf 80' lang='lat' dir='ltr'><strong>runt?</strong></span> <span class='ocrx_word' id='word_1_646' title='bbox 2214 4274 2384 4348; x_wconf 85' lang='lat' dir='ltr'><strong>Hujus</strong></span> <span class='ocrx_word' id='word_1_647' title='bbox 2410 4276 2509 4332; x_wconf 89' lang='lat' dir='ltr'><strong>loci</strong></span> <span class='ocrx_word' id='word_1_648' title='bbox 2538 4276 2943 4332; x_wconf 88' lang='lat' dir='ltr'><strong>similitudinem</strong></span> <span class='ocrx_word' id='word_1_649' title='bbox 2970 4275 3171 4332; x_wconf 85' lang='lat' dir='ltr'><strong>Paulus</strong></span> <span class='ocrx_word' id='word_1_650' title='bbox 3193 4277 3470 4347; x_wconf 87' lang='lat' dir='ltr'><strong>apostolus</strong></span> <span class='ocrx_word' id='word_1_651' title='bbox 3495 4280 3642 4335; x_wconf 87' lang='lat' dir='ltr'><strong>scri-</strong></span> 
     </span>
    </p>
   </div>
   <div class='ocr_carea' id='block_1_90' title="bbox 2028 4369 3643 4441">
    <p class='ocr_par' dir='ltr' id='par_1_90' title="bbox 2028 4369 3643 4441">
     <span class='ocr_line' id='line_1_90' title="bbox 2028 4369 3643 4441; baseline 0.001 -14"><span class='ocrx_word' id='word_1_652' title='bbox 2028 4369 2163 4427; x_wconf 82' lang='lat' dir='ltr'><strong>bens</strong></span> <span class='ocrx_word' id='word_1_653' title='bbox 2188 4372 2256 4426; x_wconf 90' lang='lat' dir='ltr'><strong>ad</strong></span> <span class='ocrx_word' id='word_1_654' title='bbox 2278 4372 2549 4426; x_wconf 81' lang='lat' dir='ltr'><strong>Romanos</strong></span> <span class='ocrx_word' id='word_1_655' title='bbox 2575 4370 2629 4425; x_wconf 92' lang='lat' dir='ltr'><strong>iu</strong></span> <span class='ocrx_word' id='word_1_656' title='bbox 2658 4369 2896 4441; x_wconf 83' lang='lat' dir='ltr'><strong>Epistola</strong></span> <span class='ocrx_word' id='word_1_657' title='bbox 2923 4385 3042 4436; x_wconf 90' lang='lat' dir='ltr'><strong>sua,</strong></span> <span class='ocrx_word' id='word_1_658' title='bbox 3075 4370 3217 4425; x_wconf 91' lang='lat' dir='ltr'><strong>sicut</strong></span> <span class='ocrx_word' id='word_1_659' title='bbox 3233 4369 3343 4438; x_wconf 90' lang='lat' dir='ltr'><strong>jam</strong></span> <span class='ocrx_word' id='word_1_660' title='bbox 3371 4374 3643 4440; x_wconf 88' lang='lat' dir='ltr'><strong>superius</strong></span> 
     </span>
    </p>
   </div>
   <div class='ocr_carea' id='block_1_91' title="bbox 2028 4458 3640 4531">
    <p class='ocr_par' dir='ltr' id='par_1_91' title="bbox 2028 4458 3640 4531">
     <span class='ocr_line' id='line_1_91' title="bbox 2028 4458 3640 4531; baseline 0.002 -16"><span class='ocrx_word' id='word_1_661' title='bbox 2028 4460 2383 4525; x_wconf 86' lang='lat' dir='ltr'><strong>ostendimus,</strong></span> <span class='ocrx_word' id='word_1_662' title='bbox 2418 4460 2688 4531; x_wconf 75' lang='lat' dir='ltr'><strong>expressit</strong></span> <span class='ocrx_word' id='word_1_663' title='bbox 2734 4460 2919 4515; x_wconf 80' lang='lat' dir='ltr'><strong>dicens</strong></span> <span class='ocrx_word' id='word_1_664' title='bbox 2961 4479 2974 4515; x_wconf 88' lang='lat'><strong>:</strong></span> <span class='ocrx_word' id='word_1_665' title='bbox 3034 4458 3309 4515; x_wconf 81' lang='lat' dir='ltr'><strong>Revelalur</strong></span> <span class='ocrx_word' id='word_1_666' title='bbox 3349 4462 3497 4514; x_wconf 81' lang='lat' dir='ltr'><strong>enim</strong></span> <span class='ocrx_word' id='word_1_667' title='bbox 3551 4465 3640 4519; x_wconf 82' lang='lat' dir='ltr'><strong>ira</strong></span> 
     </span>
    </p>
   </div>
   <div class='ocr_carea' id='block_1_92' title="bbox 338 4547 3640 4624">
    <p class='ocr_par' dir='ltr' id='par_1_92' title="bbox 338 4547 3640 4624">
     <span class='ocr_line' id='line_1_92' title="bbox 338 4547 3640 4624; baseline 0.001 -19"><span class='ocrx_word' id='word_1_668' title='bbox 338 4549 484 4619; x_wconf 80' lang='lat' dir='ltr'><strong>quod</strong></span> <span class='ocrx_word' id='word_1_669' title='bbox 504 4547 911 4610; x_wconf 46' lang='lat' dir='ltr'><strong>eX’ﬂuminihus</strong></span> <span class='ocrx_word' id='word_1_670' title='bbox 936 4559 1151 4609; x_wconf 81' lang='lat' dir='ltr'><strong>constat</strong></span> <span class='ocrx_word' id='word_1_671' title='bbox 1189 4552 1324 4607; x_wconf 81' lang='lat' dir='ltr'><strong>deus</strong></span> <span class='ocrx_word' id='word_1_672' title='bbox 1350 4552 1541 4608; x_wconf 77' lang='lat' dir='ltr'><strong>haberi</strong></span> <span class='ocrx_word' id='word_1_673' title='bbox 1581 4569 1690 4610; x_wconf 85' lang='lat' dir='ltr'><strong>non</strong></span> <span class='ocrx_word' id='word_1_674' title='bbox 1725 4563 1921 4624; x_wconf 81' lang='lat' dir='ltr'><strong>potest.</strong></span> <span class='ocrx_word' id='word_1_675' title='bbox 1954 4603 2001 4624; x_wconf 51' lang='grc' dir='ltr'>λ</span> <span class='ocrx_word' id='word_1_676' title='bbox 2028 4551 2128 4607; x_wconf 86' lang='lat' dir='ltr'><strong>Dei</strong></span> <span class='ocrx_word' id='word_1_677' title='bbox 2164 4551 2229 4606; x_wconf 81' lang='lat' dir='ltr'><strong>dc</strong></span> <span class='ocrx_word' id='word_1_678' title='bbox 2265 4551 2391 4606; x_wconf 68' lang='lat' dir='ltr'><strong>calo</strong></span> <span class='ocrx_word' id='word_1_679' title='bbox 2430 4568 2587 4622; x_wconf 80' lang='lat' dir='ltr'><strong>super</strong></span> <span class='ocrx_word' id='word_1_680' title='bbox 2628 4568 2832 4606; x_wconf 84' lang='lat' dir='ltr'><strong>omnem</strong></span> <span class='ocrx_word' id='word_1_681' title='bbox 2863 4551 3179 4623; x_wconf 80' lang='lat' dir='ltr'><strong>impietatem</strong></span> <span class='ocrx_word' id='word_1_682' title='bbox 3219 4562 3265 4605; x_wconf 85' lang='lat' dir='ltr'><strong>et</strong></span> <span class='ocrx_word' id='word_1_683' title='bbox 3300 4548 3640 4622; x_wconf 70' lang='lat' dir='ltr'><strong>injustitiant</strong></span> 
     </span>
    </p>
   </div>
   <div class='ocr_carea' id='block_1_93' title="bbox 337 4603 3636 4716">
    <p class='ocr_par' dir='ltr' id='par_1_93' title="bbox 337 4603 3636 4716">
     <span class='ocr_line' id='line_1_93' title="bbox 337 4603 3636 4716; baseline 0.001 -19"><span class='ocrx_word' id='word_1_684' title='bbox 337 4638 495 4707; x_wconf 81' lang='lat' dir='ltr'><strong>Quod</strong></span> <span class='ocrx_word' id='word_1_685' title='bbox 517 4641 569 4696; x_wconf 89' lang='lat' dir='ltr'><strong>si</strong></span> <span class='ocrx_word' id='word_1_686' title='bbox 594 4655 770 4712; x_wconf 84' lang='lat' dir='ltr'><strong>neque</strong></span> <span class='ocrx_word' id='word_1_687' title='bbox 791 4641 1011 4708; x_wconf 71' lang='grc' dir='ltr'><em>ωςιιιω,</em></span> <span class='ocrx_word' id='word_1_688' title='bbox 1033 4656 1208 4713; x_wconf 88' lang='lat' dir='ltr'><strong>neque</strong></span> <span class='ocrx_word' id='word_1_689' title='bbox 1238 4650 1403 4707; x_wconf 89' lang='lat' dir='ltr'><strong>terra,</strong></span> <span class='ocrx_word' id='word_1_690' title='bbox 1428 4656 1607 4713; x_wconf 89' lang='lat' dir='ltr'><strong>neque</strong></span> <span class='ocrx_word' id='word_1_691' title='bbox 1630 4603 1781 4699; x_wconf 38' lang='lat' dir='ltr'><strong>multo</strong></span> <span class='ocrx_word' id='word_1_692' title='bbox 1803 4659 1924 4716; x_wconf 68' lang='lat' dir='ltr'><strong>quae</strong></span> <span class='ocrx_word' id='word_1_693' title='bbox 1951 4603 2004 4666; x_wconf 66' lang='grc' dir='ltr'>Β</span> <span class='ocrx_word' id='word_1_694' title='bbox 2026 4643 2314 4708; x_wconf 78' lang='lat' dir='ltr'><strong>hominum,</strong></span> <span class='ocrx_word' id='word_1_695' title='bbox 2338 4659 2518 4698; x_wconf 74' lang='lat' dir='ltr'><strong>eorum</strong></span> <span class='ocrx_word' id='word_1_696' title='bbox 2539 4644 2630 4715; x_wconf 88' lang='lat' dir='ltr'><strong>qui</strong></span> <span class='ocrx_word' id='word_1_697' title='bbox 2654 4643 2917 4699; x_wconf 82' lang='lat' dir='ltr'><strong>ueritatem</strong></span> <span class='ocrx_word' id='word_1_698' title='bbox 2933 4603 3037 4698; x_wconf 47' lang='lat' dir='ltr'><strong>Tim“</strong></span> <span class='ocrx_word' id='word_1_699' title='bbox 3058 4643 3114 4697; x_wconf 84' lang='lat' dir='ltr'><strong>in</strong></span> <span class='ocrx_word' id='word_1_700' title='bbox 3140 4642 3459 4713; x_wconf 79' lang='lat' dir='ltr'><strong>injustitiam</strong></span> <span class='ocrx_word' id='word_1_701' title='bbox 3486 4646 3636 4699; x_wconf 78' lang='lat' dir='ltr'><strong>deti-</strong></span> 
     </span>
    </p>
   </div>
   <div class='ocr_carea' id='block_1_94' title="bbox 337 4730 3641 4806">
    <p class='ocr_par' dir='ltr' id='par_1_94' title="bbox 337 4730 3641 4806">
     <span class='ocr_line' id='line_1_94' title="bbox 337 4730 3641 4806; baseline 0.001 -21"><span class='ocrx_word' id='word_1_702' title='bbox 337 4730 523 4787; x_wconf 89' lang='lat' dir='ltr'><strong>mundi</strong></span> <span class='ocrx_word' id='word_1_703' title='bbox 549 4740 736 4802; x_wconf 87' lang='lat' dir='ltr'><strong>partes</strong></span> <span class='ocrx_word' id='word_1_704' title='bbox 763 4741 906 4797; x_wconf 88' lang='lat' dir='ltr'><strong>sunt,</strong></span> <span class='ocrx_word' id='word_1_705' title='bbox 937 4732 1010 4789; x_wconf 89' lang='lat' dir='ltr'><strong>dii</strong></span> <span class='ocrx_word' id='word_1_706' title='bbox 1038 4744 1161 4788; x_wconf 85' lang='lat' dir='ltr'><strong>esse</strong></span> <span class='ocrx_word' id='word_1_707' title='bbox 1192 4739 1440 4804; x_wconf 81' lang='lat' dir='ltr'><strong>possunt,</strong></span> <span class='ocrx_word' id='word_1_708' title='bbox 1482 4747 1611 4804; x_wconf 75' lang='lat' dir='ltr'><strong>ergo</strong></span> <span class='ocrx_word' id='word_1_709' title='bbox 1638 4747 1739 4790; x_wconf 87' lang='lat' dir='ltr'><strong>nec</strong></span> <span class='ocrx_word' id='word_1_710' title='bbox 1760 4749 1923 4791; x_wconf 83' lang='lat' dir='ltr'><strong>mun-</strong></span> <span class='ocrx_word' id='word_1_711' title='bbox 2023 4742 2147 4788; x_wconf 80' lang='lat' dir='ltr'><strong>nent</strong></span> <span class='ocrx_word' id='word_1_712' title='bbox 2167 4773 2182 4798; x_wconf 87' lang='lat'><strong>,</strong></span> <span class='ocrx_word' id='word_1_713' title='bbox 2223 4733 2348 4805; x_wconf 85' lang='lat' dir='ltr'><strong>quia</strong></span> <span class='ocrx_word' id='word_1_714' title='bbox 2375 4732 2514 4806; x_wconf 79' lang='lat' dir='ltr'><strong>quod</strong></span> <span class='ocrx_word' id='word_1_715' title='bbox 2562 4743 2741 4788; x_wconf 82' lang='lat' dir='ltr'><strong>uotum</strong></span> <span class='ocrx_word' id='word_1_716' title='bbox 2775 4741 2852 4789; x_wconf 83' lang='lat' dir='ltr'><strong>est</strong></span> <span class='ocrx_word' id='word_1_717' title='bbox 2875 4731 2974 4787; x_wconf 85' lang='lat' dir='ltr'><strong>Dei</strong></span> <span class='ocrx_word' id='word_1_718' title='bbox 2997 4772 3013 4800; x_wconf 94' lang='lat'><strong>,</strong></span> <span class='ocrx_word' id='word_1_719' title='bbox 3058 4732 3391 4802; x_wconf 69' lang='lat' dir='ltr'><strong>manifesfum</strong></span> <span class='ocrx_word' id='word_1_720' title='bbox 3440 4744 3528 4787; x_wconf 81' lang='lat' dir='ltr'><strong>est</strong></span> <span class='ocrx_word' id='word_1_721' title='bbox 3580 4738 3641 4788; x_wconf 77' lang='lat' dir='ltr'><strong>iu</strong></span> 
     </span>
    </p>
   </div>
   <div class='ocr_carea' id='block_1_95' title="bbox 337 4818 3639 4896">
    <p class='ocr_par' dir='ltr' id='par_1_95' title="bbox 337 4818 3639 4896">
     <span class='ocr_line' id='line_1_95' title="bbox 337 4818 3639 4896; baseline 0 -18"><span class='ocrx_word' id='word_1_722' title='bbox 337 4821 440 4879; x_wconf 82' lang='lat' dir='ltr'><strong>dus</strong></span> <span class='ocrx_word' id='word_1_723' title='bbox 464 4824 680 4895; x_wconf 86' lang='lat' dir='ltr'><strong>quidem</strong></span> <span class='ocrx_word' id='word_1_724' title='bbox 707 4831 855 4881; x_wconf 88' lang='lat' dir='ltr'><strong>totus</strong></span> <span class='ocrx_word' id='word_1_725' title='bbox 878 4824 1024 4882; x_wconf 81' lang='lat' dir='ltr'><strong>Deus</strong></span> <span class='ocrx_word' id='word_1_726' title='bbox 1049 4833 1157 4892; x_wconf 87' lang='lat' dir='ltr'><strong>est,</strong></span> <span class='ocrx_word' id='word_1_727' title='bbox 1177 4839 1337 4896; x_wconf 89' lang='lat' dir='ltr'><strong>quem</strong></span> <span class='ocrx_word' id='word_1_728' title='bbox 1367 4825 1506 4880; x_wconf 86' lang='lat' dir='ltr'><strong>idem</strong></span> <span class='ocrx_word' id='word_1_729' title='bbox 1535 4824 1635 4895; x_wconf 89' lang='lat' dir='ltr'><strong>ipsi</strong></span> <span class='ocrx_word' id='word_1_730' title='bbox 1667 4824 1836 4882; x_wconf 87' lang='lat' dir='ltr'><strong>Stoici</strong></span> <span class='ocrx_word' id='word_1_731' title='bbox 1866 4834 1925 4883; x_wconf 88' lang='lat' dir='ltr'><strong>et</strong></span> <span class='ocrx_word' id='word_1_732' title='bbox 2023 4821 2152 4890; x_wconf 84' lang='lat' dir='ltr'><strong>illis,</strong></span> <span class='ocrx_word' id='word_1_733' title='bbox 2182 4822 2322 4878; x_wconf 71' lang='lat' dir='ltr'><strong>Deus</strong></span> <span class='ocrx_word' id='word_1_734' title='bbox 2359 4823 2497 4878; x_wconf 81' lang='lat' dir='ltr'><strong>enim</strong></span> <span class='ocrx_word' id='word_1_735' title='bbox 2533 4819 2639 4877; x_wconf 85' lang='lat' dir='ltr'><strong>illis</strong></span> <span class='ocrx_word' id='word_1_736' title='bbox 2689 4821 3063 4893; x_wconf 68' lang='lat' dir='ltr'><strong>manifestam.</strong></span> <span class='ocrx_word' id='word_1_737' title='bbox 3096 4818 3393 4876; x_wconf 80' lang='lat' dir='ltr'><strong>Invisibilia</strong></span> <span class='ocrx_word' id='word_1_738' title='bbox 3425 4823 3639 4878; x_wconf 70' lang='lat' dir='ltr'><strong>ctenim</strong></span> 
     </span>
    </p>
   </div>
   <div class='ocr_carea' id='block_1_96' title="bbox 335 4912 3638 4988">
    <p class='ocr_par' dir='ltr' id='par_1_96' title="bbox 335 4912 3638 4988">
     <span class='ocr_line' id='line_1_96' title="bbox 335 4912 3638 4988; baseline 0.001 -20"><span class='ocrx_word' id='word_1_739' title='bbox 335 4913 669 4971; x_wconf 76' lang='lat' dir='ltr'><strong>animantem</strong></span> <span class='ocrx_word' id='word_1_740' title='bbox 712 4923 770 4971; x_wconf 87' lang='lat' dir='ltr'><strong>et</strong></span> <span class='ocrx_word' id='word_1_741' title='bbox 812 4916 1113 4988; x_wconf 79' lang='lat' dir='ltr'><strong>saplentem</strong></span> <span class='ocrx_word' id='word_1_742' title='bbox 1146 4929 1269 4972; x_wconf 86' lang='lat' dir='ltr'><strong>esse</strong></span> <span class='ocrx_word' id='word_1_743' title='bbox 1313 4915 1666 4981; x_wconf 84' lang='lat' dir='ltr'><strong>contendunt,</strong></span> <span class='ocrx_word' id='word_1_744' title='bbox 1704 4924 1759 4973; x_wconf 86' lang='lat' dir='ltr'><strong>et</strong></span> <span class='ocrx_word' id='word_1_745' title='bbox 1793 4932 1925 4988; x_wconf 88' lang='lat' dir='ltr'><strong>pro-</strong></span> <span class='ocrx_word' id='word_1_746' title='bbox 2019 4916 2221 4987; x_wconf 57' lang='lat' dir='ltr'><strong>ciuem</strong></span> <span class='ocrx_word' id='word_1_747' title='bbox 2259 4925 2503 4971; x_wconf 71' lang='lat' dir='ltr'><strong>creatura</strong></span> <span class='ocrx_word' id='word_1_748' title='bbox 2546 4914 2733 4969; x_wconf 68' lang='lat' dir='ltr'><strong>mundi</strong></span> <span class='ocrx_word' id='word_1_749' title='bbox 2768 4931 2863 4985; x_wconf 79' lang='lat' dir='ltr'><strong>pu-</strong></span> <span class='ocrx_word' id='word_1_750' title='bbox 2907 4931 2973 4971; x_wconf 76' lang='lat' dir='ltr'><strong>ca</strong></span> <span class='ocrx_word' id='word_1_751' title='bbox 3016 4912 3327 4985; x_wconf 37' lang='lat' dir='ltr'><strong>qua—facta</strong></span> <span class='ocrx_word' id='word_1_752' title='bbox 3360 4924 3497 4970; x_wconf 71' lang='lat' dir='ltr'><strong>sunt</strong></span> <span class='ocrx_word' id='word_1_753' title='bbox 3544 4918 3638 4973; x_wconf 74' lang='lat' dir='ltr'><strong>in-</strong></span> 
     </span>
    </p>
   </div>
   <div class='ocr_carea' id='block_1_97' title="bbox 335 5005 1925 5077">
    <p class='ocr_par' dir='ltr' id='par_1_97' title="bbox 335 5005 1925 5077">
     <span class='ocr_line' id='line_1_97' title="bbox 335 5005 1925 5077; baseline 0.005 -18"><span class='ocrx_word' id='word_1_754' title='bbox 335 5011 523 5076; x_wconf 87' lang='lat' dir='ltr'><strong>pterea</strong></span> <span class='ocrx_word' id='word_1_755' title='bbox 556 5006 726 5061; x_wconf 89' lang='lat' dir='ltr'><strong>Deum</strong></span> <span class='ocrx_word' id='word_1_756' title='bbox 756 5006 809 5061; x_wconf 89' lang='lat' dir='ltr'><strong>in</strong></span> <span class='ocrx_word' id='word_1_757' title='bbox 836 5022 946 5077; x_wconf 89' lang='lat' dir='ltr'><strong>quo</strong></span> <span class='ocrx_word' id='word_1_758' title='bbox 972 5015 1080 5062; x_wconf 88' lang='lat' dir='ltr'><strong>tam</strong></span> <span class='ocrx_word' id='word_1_759' title='bbox 1106 5007 1477 5063; x_wconf 86' lang='lat' dir='ltr'><strong>inconstantes</strong></span> <span class='ocrx_word' id='word_1_760' title='bbox 1506 5005 1723 5064; x_wconf 77' lang='lat' dir='ltr'><strong>fuerunt</strong></span> <span class='ocrx_word' id='word_1_761' title='bbox 1751 5019 1811 5066; x_wconf 92' lang='lat' dir='ltr'><strong>ut</strong></span> <span class='ocrx_word' id='word_1_762' title='bbox 1842 5012 1925 5067; x_wconf 92' lang='lat' dir='ltr'><strong>ni-</strong></span> 
     </span>
    </p>
   </div>
   <div class='ocr_carea' id='block_1_98' title="bbox 336 5092 1927 5167">
    <p class='ocr_par' dir='ltr' id='par_1_98' title="bbox 336 5092 1927 5167">
     <span class='ocr_line' id='line_1_98' title="bbox 336 5092 1927 5167; baseline 0.005 -17"><span class='ocrx_word' id='word_1_763' title='bbox 336 5092 416 5150; x_wconf 81' lang='lat' dir='ltr'><strong>hil</strong></span> <span class='ocrx_word' id='word_1_764' title='bbox 462 5094 532 5148; x_wconf 90' lang='lat' dir='ltr'><strong>ab</strong></span> <span class='ocrx_word' id='word_1_765' title='bbox 572 5096 661 5152; x_wconf 86' lang='lat' dir='ltr'><strong>his</strong></span> <span class='ocrx_word' id='word_1_766' title='bbox 700 5096 905 5152; x_wconf 86' lang='lat' dir='ltr'><strong>dictum</strong></span> <span class='ocrx_word' id='word_1_767' title='bbox 951 5097 1046 5164; x_wconf 88' lang='lat' dir='ltr'><strong>sit,</strong></span> <span class='ocrx_word' id='word_1_768' title='bbox 1090 5097 1236 5167; x_wconf 91' lang='lat' dir='ltr'><strong>quod</strong></span> <span class='ocrx_word' id='word_1_769' title='bbox 1281 5112 1390 5152; x_wconf 89' lang='lat' dir='ltr'><strong>non</strong></span> <span class='ocrx_word' id='word_1_770' title='bbox 1432 5099 1503 5155; x_wconf 90' lang='lat' dir='ltr'><strong>ab</strong></span> <span class='ocrx_word' id='word_1_771' title='bbox 1533 5098 1725 5156; x_wconf 61' lang='lat' dir='ltr'><strong>ibdem</strong></span> <span class='ocrx_word' id='word_1_772' title='bbox 1761 5099 1927 5158; x_wconf 77' lang='lat' dir='ltr'><strong>luerit</strong></span> 
     </span>
    </p>
   </div>
   <div class='ocr_carea' id='block_1_99' title="bbox 336 5196 608 5242">
    <p class='ocr_par' dir='ltr' id='par_1_99' title="bbox 336 5196 608 5242">
     <span class='ocr_line' id='line_1_99' title="bbox 336 5196 608 5242; baseline -0.011 0"><span class='ocrx_word' id='word_1_773' title='bbox 336 5196 608 5242; x_wconf 66' lang='lat' dir='ltr'><strong>eversum.</strong></span> 
     </span>
    </p>
   </div>
   <div class='ocr_carea' id='block_1_100' title="bbox 408 5279 1919 5352">
    <p class='ocr_par' dir='ltr' id='par_1_100' title="bbox 408 5279 1919 5352">
     <span class='ocr_line' id='line_1_100' title="bbox 408 5279 1919 5352; baseline 0.003 -16"><span class='ocrx_word' id='word_1_774' title='bbox 408 5279 647 5350; x_wconf 76' lang='lat' dir='ltr'><strong>Quorum</strong></span> <span class='ocrx_word' id='word_1_775' title='bbox 675 5281 723 5336; x_wconf 84' lang='lat' dir='ltr'><strong>si</strong></span> <span class='ocrx_word' id='word_1_776' title='bbox 747 5281 917 5352; x_wconf 74' lang='lat' dir='ltr'><strong>specie</strong></span> <span class='ocrx_word' id='word_1_777' title='bbox 947 5279 1190 5338; x_wconf 75' lang='lat' dir='ltr'><strong>delectati</strong></span> <span class='ocrx_word' id='word_1_778' title='bbox 1221 5279 1347 5336; x_wconf 74' lang='lat' dir='ltr'><strong>deos</strong></span> <span class='ocrx_word' id='word_1_779' title='bbox 1389 5290 1724 5352; x_wconf 76' lang='lat' dir='ltr'><strong>putaverunt,</strong></span> <span class='ocrx_word' id='word_1_780' title='bbox 1749 5285 1919 5340; x_wconf 82' lang='lat' dir='ltr'><strong>sciant</strong></span> 
     </span>
    </p>
   </div>
   <div class='ocr_carea' id='block_1_101' title="bbox 330 5372 1920 5448">
    <p class='ocr_par' dir='ltr' id='par_1_101' title="bbox 330 5372 1920 5448">
     <span class='ocr_line' id='line_1_101' title="bbox 330 5372 1920 5448; baseline 0.001 -19"><span class='ocrx_word' id='word_1_781' title='bbox 330 5382 531 5448; x_wconf 67' lang='lat' dir='ltr'><strong>quanto</strong></span> <span class='ocrx_word' id='word_1_782' title='bbox 570 5374 653 5429; x_wconf 83' lang='lat' dir='ltr'><strong>Itis</strong></span> <span class='ocrx_word' id='word_1_783' title='bbox 697 5372 998 5428; x_wconf 79' lang='lat' dir='ltr'><strong>dominator</strong></span> <span class='ocrx_word' id='word_1_784' title='bbox 1041 5388 1222 5428; x_wconf 76' lang='lat' dir='ltr'><strong>eorum</strong></span> <span class='ocrx_word' id='word_1_785' title='bbox 1259 5372 1542 5442; x_wconf 74' lang='lat' dir='ltr'><strong>speciosior</strong></span> <span class='ocrx_word' id='word_1_786' title='bbox 1584 5383 1692 5441; x_wconf 80' lang='lat' dir='ltr'><strong>est;</strong></span> <span class='ocrx_word' id='word_1_787' title='bbox 1733 5375 1920 5447; x_wconf 79' lang='lat' dir='ltr'><strong>speciei</strong></span> 
     </span>
    </p>
   </div>
   <div class='ocr_carea' id='block_1_102' title="bbox 331 5463 1918 5541">
    <p class='ocr_par' dir='ltr' id='par_1_102' title="bbox 331 5463 1918 5541">
     <span class='ocr_line' id='line_1_102' title="bbox 331 5463 1918 5541; baseline -0.004 -15"><span class='ocrx_word' id='word_1_788' title='bbox 331 5468 472 5526; x_wconf 68' lang='lat' dir='ltr'><strong>sitim</strong></span> <span class='ocrx_word' id='word_1_789' title='bbox 498 5474 776 5541; x_wconf 69' lang='lat' dir='ltr'><strong>generator</strong></span> <span class='ocrx_word' id='word_1_790' title='bbox 796 5464 910 5520; x_wconf 71' lang='lat' dir='ltr'><strong>lucc</strong></span> <span class='ocrx_word' id='word_1_791' title='bbox 949 5464 1126 5519; x_wconf 79' lang='lat' dir='ltr'><strong>omnia</strong></span> <span class='ocrx_word' id='word_1_792' title='bbox 1158 5464 1446 5520; x_wconf 78' lang='lat' dir='ltr'><strong>constituit.</strong></span> <span class='ocrx_word' id='word_1_793' title='bbox 1473 5463 1576 5518; x_wconf 79' lang='lat' dir='ltr'><strong>Aut</strong></span> <span class='ocrx_word' id='word_1_794' title='bbox 1602 5464 1648 5519; x_wconf 85' lang='lat' dir='ltr'><strong>si</strong></span> <span class='ocrx_word' id='word_1_795' title='bbox 1676 5466 1918 5520; x_wconf 77' lang='lat' dir='ltr'><strong>virtutem</strong></span> 
     </span>
    </p>
   </div>
   <div class='ocr_carea' id='block_1_103' title="bbox 331 5554 1922 5630">
    <p class='ocr_par' dir='ltr' id='par_1_103' title="bbox 331 5554 1922 5630">
     <span class='ocr_line' id='line_1_103' title="bbox 331 5554 1922 5630; baseline -0.002 -16"><span class='ocrx_word' id='word_1_796' title='bbox 331 5567 383 5614; x_wconf 80' lang='lat' dir='ltr'><strong>ct</strong></span> <span class='ocrx_word' id='word_1_797' title='bbox 407 5574 565 5630; x_wconf 76' lang='lat' dir='ltr'><strong>opera</strong></span> <span class='ocrx_word' id='word_1_798' title='bbox 589 5573 773 5614; x_wconf 77' lang='lat' dir='ltr'><strong>corum</strong></span> <span class='ocrx_word' id='word_1_799' title='bbox 799 5557 977 5612; x_wconf 76' lang='lat' dir='ltr'><strong>aurati</strong></span> <span class='ocrx_word' id='word_1_800' title='bbox 1009 5565 1154 5623; x_wconf 71' lang='lat' dir='ltr'><strong>sunt,</strong></span> <span class='ocrx_word' id='word_1_801' title='bbox 1195 5556 1491 5629; x_wconf 75' lang='lat' dir='ltr'><strong>intelligant</strong></span> <span class='ocrx_word' id='word_1_802' title='bbox 1514 5554 1580 5611; x_wconf 79' lang='lat' dir='ltr'><strong>ab</strong></span> <span class='ocrx_word' id='word_1_803' title='bbox 1617 5557 1764 5627; x_wconf 86' lang='lat' dir='ltr'><strong>ipsis,</strong></span> <span class='ocrx_word' id='word_1_804' title='bbox 1791 5572 1922 5628; x_wconf 84' lang='lat' dir='ltr'><strong>quo-</strong></span> 
     </span>
    </p>
   </div>
   <div class='ocr_carea' id='block_1_104' title="bbox 332 5644 1919 5720">
    <p class='ocr_par' dir='ltr' id='par_1_104' title="bbox 332 5644 1919 5720">
     <span class='ocr_line' id='line_1_104' title="bbox 332 5644 1919 5720; baseline -0.001 -17"><span class='ocrx_word' id='word_1_805' title='bbox 332 5648 477 5703; x_wconf 71' lang='lat' dir='ltr'><strong>niam</strong></span> <span class='ocrx_word' id='word_1_806' title='bbox 501 5649 592 5720; x_wconf 74' lang='lat' dir='ltr'><strong>qui</strong></span> <span class='ocrx_word' id='word_1_807' title='bbox 612 5648 726 5703; x_wconf 71' lang='lat' dir='ltr'><strong>Iure</strong></span> <span class='ocrx_word' id='word_1_808' title='bbox 752 5649 1019 5703; x_wconf 73' lang='lat' dir='ltr'><strong>constituit</strong></span> <span class='ocrx_word' id='word_1_809' title='bbox 1047 5647 1238 5719; x_wconf 79' lang='lat' dir='ltr'><strong>fortior</strong></span> <span class='ocrx_word' id='word_1_810' title='bbox 1255 5655 1332 5702; x_wconf 78' lang='lat' dir='ltr'><strong>est</strong></span> <span class='ocrx_word' id='word_1_811' title='bbox 1357 5644 1480 5712; x_wconf 80' lang='lat' dir='ltr'><strong>illis,</strong></span> <span class='ocrx_word' id='word_1_812' title='bbox 1504 5663 1537 5701; x_wconf 88' lang='lat' dir='ltr'><strong>a</strong></span> <span class='ocrx_word' id='word_1_813' title='bbox 1559 5646 1919 5717; x_wconf 78' lang='lat' dir='ltr'><strong>magnitudine</strong></span> 
     </span>
    </p>
   </div>
   <div class='ocr_carea' id='block_1_105' title="bbox 330 5736 1918 5810">
    <p class='ocr_par' dir='ltr' id='par_1_105' title="bbox 330 5736 1918 5810">
     <span class='ocr_line' id='line_1_105' title="bbox 330 5736 1918 5810; baseline 0.001 -17"><span class='ocrx_word' id='word_1_814' title='bbox 330 5740 473 5794; x_wconf 71' lang='lat' dir='ltr'><strong>enim</strong></span> <span class='ocrx_word' id='word_1_815' title='bbox 501 5741 691 5810; x_wconf 74' lang='lat' dir='ltr'><strong>speciei</strong></span> <span class='ocrx_word' id='word_1_816' title='bbox 720 5749 771 5796; x_wconf 77' lang='lat' dir='ltr'><strong>et</strong></span> <span class='ocrx_word' id='word_1_817' title='bbox 797 5752 1053 5796; x_wconf 65' lang='lat' dir='ltr'><strong>«totum</strong></span> <span class='ocrx_word' id='word_1_818' title='bbox 1080 5736 1497 5810; x_wconf 79' lang='lat' dir='ltr'><strong>cagnoscibililcr</strong></span> <span class='ocrx_word' id='word_1_819' title='bbox 1519 5738 1708 5809; x_wconf 77' lang='lat' dir='ltr'><strong>poterit</strong></span> <span class='ocrx_word' id='word_1_820' title='bbox 1731 5737 1918 5795; x_wconf 77' lang='lat' dir='ltr'><strong>horum</strong></span> 
     </span>
    </p>
   </div>
   <div class='ocr_carea' id='block_1_106' title="bbox 335 5831 1918 5905">
    <p class='ocr_par' dir='ltr' id='par_1_106' title="bbox 335 5831 1918 5905">
     <span class='ocr_line' id='line_1_106' title="bbox 335 5831 1918 5905; baseline 0.002 -21"><span class='ocrx_word' id='word_1_821' title='bbox 335 5842 540 5889; x_wconf 72' lang='lat' dir='ltr'><strong>creator</strong></span> <span class='ocrx_word' id='word_1_822' title='bbox 576 5834 758 5891; x_wconf 76' lang='lat' dir='ltr'><strong>uideri.</strong></span> <span class='ocrx_word' id='word_1_823' title='bbox 798 5834 1028 5903; x_wconf 68' lang='lat' dir='ltr'><strong>Dignum</strong></span> <span class='ocrx_word' id='word_1_824' title='bbox 1051 5841 1193 5890; x_wconf 70' lang='lat' dir='ltr'><strong>essm</strong></span> <span class='ocrx_word' id='word_1_825' title='bbox 1218 5831 1344 5903; x_wconf 80' lang='lat' dir='ltr'><strong>quia</strong></span> <span class='ocrx_word' id='word_1_826' title='bbox 1376 5845 1474 5904; x_wconf 83' lang='lat' dir='ltr'><strong>per</strong></span> <span class='ocrx_word' id='word_1_827' title='bbox 1500 5837 1777 5889; x_wconf 85' lang='lat' dir='ltr'><strong>creaturas</strong></span> <span class='ocrx_word' id='word_1_828' title='bbox 1798 5846 1918 5905; x_wconf 89' lang='lat' dir='ltr'><strong>spc-</strong></span> 
     </span>
    </p>
   </div>
   <div class='ocr_carea' id='block_1_107' title="bbox 2020 5004 3634 5077">
    <p class='ocr_par' dir='ltr' id='par_1_107' title="bbox 2020 5004 3634 5077">
     <span class='ocr_line' id='line_1_107' title="bbox 2020 5004 3634 5077; baseline 0 -15"><span class='ocrx_word' id='word_1_829' title='bbox 2020 5005 2226 5062; x_wconf 80' lang='lat' dir='ltr'><strong>tcllccta</strong></span> <span class='ocrx_word' id='word_1_830' title='bbox 2273 5005 2683 5077; x_wconf 81' lang='lat' dir='ltr'><strong>conspiciuntur,</strong></span> <span class='ocrx_word' id='word_1_831' title='bbox 2723 5005 3040 5075; x_wconf 77' lang='lat' dir='ltr'><strong>sempiterna</strong></span> <span class='ocrx_word' id='word_1_832' title='bbox 3066 5021 3271 5076; x_wconf 77' lang='lat' dir='ltr'><strong>quoque</strong></span> <span class='ocrx_word' id='word_1_833' title='bbox 3303 5004 3475 5059; x_wconf 70' lang='lat' dir='ltr'><strong>virtus</strong></span> <span class='ocrx_word' id='word_1_834' title='bbox 3506 5007 3634 5077; x_wconf 76' lang='lat' dir='ltr'><strong>ejus</strong></span> 
     </span>
    </p>
   </div>
   <div class='ocr_carea' id='block_1_108' title="bbox 2023 5092 3636 5168">
    <p class='ocr_par' dir='ltr' id='par_1_108' title="bbox 2023 5092 3636 5168">
     <span class='ocr_line' id='line_1_108' title="bbox 2023 5092 3636 5168; baseline 0.002 -16"><span class='ocrx_word' id='word_1_835' title='bbox 2023 5106 2072 5152; x_wconf 81' lang='lat' dir='ltr'><strong>ct</strong></span> <span class='ocrx_word' id='word_1_836' title='bbox 2114 5095 2380 5163; x_wconf 74' lang='lat' dir='ltr'><strong>diuinitas,</strong></span> <span class='ocrx_word' id='word_1_837' title='bbox 2411 5098 2487 5151; x_wconf 85' lang='lat' dir='ltr'><strong>ita</strong></span> <span class='ocrx_word' id='word_1_838' title='bbox 2514 5104 2568 5150; x_wconf 85' lang='lat' dir='ltr'><strong>ut</strong></span> <span class='ocrx_word' id='word_1_839' title='bbox 2597 5096 2700 5150; x_wconf 77' lang='lat' dir='ltr'><strong>sint</strong></span> <span class='ocrx_word' id='word_1_840' title='bbox 2731 5092 3112 5150; x_wconf 70' lang='lat' dir='ltr'><strong>inexcusabilcs</strong></span> <span class='ocrx_word' id='word_1_841' title='bbox 3161 5094 3340 5168; x_wconf 69' lang='lat' dir='ltr'><strong>(Rom.</strong></span> <span class='ocrx_word' id='word_1_842' title='bbox 3393 5096 3460 5168; x_wconf 82' lang='grc' dir='ltr'><strong>ι).</strong></span> <span class='ocrx_word' id='word_1_843' title='bbox 3516 5098 3636 5155; x_wconf 77' lang='lat' dir='ltr'><strong>No-</strong></span> 
     </span>
    </p>
   </div>
   <div class='ocr_carea' id='block_1_109' title="bbox 2023 5184 3631 5246">
    <p class='ocr_par' dir='ltr' id='par_1_109' title="bbox 2023 5184 3631 5246">
     <span class='ocr_line' id='line_1_109' title="bbox 2023 5184 3631 5246; baseline 0.001 -1"><span class='ocrx_word' id='word_1_844' title='bbox 2023 5188 2141 5245; x_wconf 84' lang='lat' dir='ltr'><strong>titis</strong></span> <span class='ocrx_word' id='word_1_845' title='bbox 2166 5188 2264 5245; x_wconf 90' lang='lat' dir='ltr'><strong>Dei</strong></span> <span class='ocrx_word' id='word_1_846' title='bbox 2298 5186 2585 5244; x_wconf 82' lang='lat' dir='ltr'><strong>manifesta</strong></span> <span class='ocrx_word' id='word_1_847' title='bbox 2627 5194 2714 5243; x_wconf 84' lang='lat' dir='ltr'><strong>est</strong></span> <span class='ocrx_word' id='word_1_848' title='bbox 2758 5201 2829 5244; x_wconf 81' lang='lat' dir='ltr'><strong>ex</strong></span> <span class='ocrx_word' id='word_1_849' title='bbox 2862 5185 3051 5242; x_wconf 89' lang='lat' dir='ltr'><strong>mundi</strong></span> <span class='ocrx_word' id='word_1_850' title='bbox 3088 5184 3314 5242; x_wconf 78' lang='lat' dir='ltr'><strong>fabrica.</strong></span> <span class='ocrx_word' id='word_1_851' title='bbox 3346 5187 3421 5244; x_wconf 89' lang='lat' dir='ltr'><strong>Ut</strong></span> <span class='ocrx_word' id='word_1_852' title='bbox 3467 5191 3631 5246; x_wconf 88' lang='lat' dir='ltr'><strong>enim</strong></span> 
     </span>
    </p>
   </div>
   <div class='ocr_carea' id='block_1_110' title="bbox 2022 5280 3631 5353">
    <p class='ocr_par' dir='ltr' id='par_1_110' title="bbox 2022 5280 3631 5353">
     <span class='ocr_line' id='line_1_110' title="bbox 2022 5280 3631 5353; baseline 0 -12"><span class='ocrx_word' id='word_1_853' title='bbox 2022 5284 2188 5350; x_wconf 88' lang='lat' dir='ltr'><strong>Deus,</strong></span> <span class='ocrx_word' id='word_1_854' title='bbox 2213 5281 2306 5353; x_wconf 87' lang='lat' dir='ltr'><strong>qui</strong></span> <span class='ocrx_word' id='word_1_855' title='bbox 2338 5290 2534 5337; x_wconf 88' lang='lat' dir='ltr'><strong>natura</strong></span> <span class='ocrx_word' id='word_1_856' title='bbox 2560 5280 2847 5338; x_wconf 85' lang='lat' dir='ltr'><strong>invisibilis</strong></span> <span class='ocrx_word' id='word_1_857' title='bbox 2866 5287 2970 5347; x_wconf 86' lang='lat' dir='ltr'><strong>est,</strong></span> <span class='ocrx_word' id='word_1_858' title='bbox 2996 5283 3161 5335; x_wconf 86' lang='lat' dir='ltr'><strong>etiam</strong></span> <span class='ocrx_word' id='word_1_859' title='bbox 3186 5280 3418 5337; x_wconf 79' lang='lat' dir='ltr'><strong>visibilis</strong></span> <span class='ocrx_word' id='word_1_860' title='bbox 3440 5284 3631 5353; x_wconf 80' lang='lat' dir='ltr'><strong>possit</strong></span> 
     </span>
    </p>
   </div>
   <div class='ocr_carea' id='block_1_111' title="bbox 2022 5369 3632 5445">
    <p class='ocr_par' dir='ltr' id='par_1_111' title="bbox 2022 5369 3632 5445">
     <span class='ocr_line' id='line_1_111' title="bbox 2022 5369 3632 5445; baseline 0 -15"><span class='ocrx_word' id='word_1_861' title='bbox 2022 5374 2173 5441; x_wconf 88' lang='lat' dir='ltr'><strong>sciri,</strong></span> <span class='ocrx_word' id='word_1_862' title='bbox 2203 5388 2337 5445; x_wconf 83' lang='lat' dir='ltr'><strong>opus</strong></span> <span class='ocrx_word' id='word_1_863' title='bbox 2362 5372 2564 5429; x_wconf 76' lang='lat' dir='ltr'><strong>factum</strong></span> <span class='ocrx_word' id='word_1_864' title='bbox 2594 5371 2664 5428; x_wconf 89' lang='lat' dir='ltr'><strong>ab</strong></span> <span class='ocrx_word' id='word_1_865' title='bbox 2690 5387 2757 5429; x_wconf 93' lang='lat' dir='ltr'><strong>eo</strong></span> <span class='ocrx_word' id='word_1_866' title='bbox 2789 5379 2895 5437; x_wconf 87' lang='lat' dir='ltr'><strong>est,</strong></span> <span class='ocrx_word' id='word_1_867' title='bbox 2931 5369 3072 5441; x_wconf 89' lang='lat' dir='ltr'><strong>quod</strong></span> <span class='ocrx_word' id='word_1_868' title='bbox 3107 5370 3356 5442; x_wconf 73' lang='lat' dir='ltr'><strong>opiﬁcem</strong></span> <span class='ocrx_word' id='word_1_869' title='bbox 3388 5372 3632 5430; x_wconf 80' lang='lat' dir='ltr'><strong>visibili-</strong></span> 
     </span>
    </p>
   </div>
   <div class='ocr_carea' id='block_1_112' title="bbox 2021 5464 3628 5536">
    <p class='ocr_par' dir='ltr' id='par_1_112' title="bbox 2021 5464 3628 5536">
     <span class='ocr_line' id='line_1_112' title="bbox 2021 5464 3628 5536; baseline 0 -12"><span class='ocrx_word' id='word_1_870' title='bbox 2021 5476 2132 5524; x_wconf 82' lang='lat' dir='ltr'><strong>tate</strong></span> <span class='ocrx_word' id='word_1_871' title='bbox 2159 5481 2254 5523; x_wconf 87' lang='lat' dir='ltr'><strong>sua</strong></span> <span class='ocrx_word' id='word_1_872' title='bbox 2278 5465 2673 5533; x_wconf 81' lang='lat' dir='ltr'><strong>manifestaret,</strong></span> <span class='ocrx_word' id='word_1_873' title='bbox 2700 5475 2761 5521; x_wconf 83' lang='lat' dir='ltr'><strong>ut</strong></span> <span class='ocrx_word' id='word_1_874' title='bbox 2781 5478 2882 5536; x_wconf 87' lang='lat' dir='ltr'><strong>per</strong></span> <span class='ocrx_word' id='word_1_875' title='bbox 2904 5472 3114 5521; x_wconf 79' lang='lat' dir='ltr'><strong>certum</strong></span> <span class='ocrx_word' id='word_1_876' title='bbox 3139 5464 3410 5519; x_wconf 62' lang='lat' dir='ltr'><strong>ineat-tum</strong></span> <span class='ocrx_word' id='word_1_877' title='bbox 3438 5467 3628 5535; x_wconf 75' lang='lat' dir='ltr'><strong>possit</strong></span> 
     </span>
    </p>
   </div>
   <div class='ocr_carea' id='block_1_113' title="bbox 2020 5553 3626 5631">
    <p class='ocr_par' dir='ltr' id='par_1_113' title="bbox 2020 5553 3626 5631">
     <span class='ocr_line' id='line_1_113' title="bbox 2020 5553 3626 5631; baseline -0.002 -15"><span class='ocrx_word' id='word_1_878' title='bbox 2020 5558 2188 5627; x_wconf 87' lang='lat' dir='ltr'><strong>sciri;</strong></span> <span class='ocrx_word' id='word_1_879' title='bbox 2217 5567 2278 5615; x_wconf 89' lang='lat' dir='ltr'><strong>ut</strong></span> <span class='ocrx_word' id='word_1_880' title='bbox 2320 5574 2422 5631; x_wconf 88' lang='lat' dir='ltr'><strong>per</strong></span> <span class='ocrx_word' id='word_1_881' title='bbox 2454 5560 2561 5615; x_wconf 85' lang='lat' dir='ltr'><strong>hoc</strong></span> <span class='ocrx_word' id='word_1_882' title='bbox 2588 5557 2731 5629; x_wconf 90' lang='lat' dir='ltr'><strong>quod</strong></span> <span class='ocrx_word' id='word_1_883' title='bbox 2759 5557 2973 5613; x_wconf 54' lang='lat' dir='ltr'><strong>caeteris</strong></span> <span class='ocrx_word' id='word_1_884' title='bbox 3010 5553 3345 5626; x_wconf 86' lang='lat' dir='ltr'><strong>impossibile</strong></span> <span class='ocrx_word' id='word_1_885' title='bbox 3373 5565 3484 5621; x_wconf 84' lang='lat' dir='ltr'><strong>est,</strong></span> <span class='ocrx_word' id='word_1_886' title='bbox 3525 5556 3626 5613; x_wconf 79' lang='lat' dir='ltr'><strong>ille</strong></span> 
     </span>
    </p>
   </div>
   <div class='ocr_carea' id='block_1_114' title="bbox 2020 5643 3621 5717">
    <p class='ocr_par' dir='ltr' id='par_1_114' title="bbox 2020 5643 3621 5717">
     <span class='ocr_line' id='line_1_114' title="bbox 2020 5643 3621 5717; baseline -0.004 -9"><span class='ocrx_word' id='word_1_887' title='bbox 2020 5666 2142 5708; x_wconf 86' lang='lat' dir='ltr'><strong>esse</strong></span> <span class='ocrx_word' id='word_1_888' title='bbox 2180 5652 2323 5707; x_wconf 84' lang='lat' dir='ltr'><strong>Deus</strong></span> <span class='ocrx_word' id='word_1_889' title='bbox 2352 5650 2595 5706; x_wconf 91' lang='lat' dir='ltr'><strong>omnium</strong></span> <span class='ocrx_word' id='word_1_890' title='bbox 2622 5648 2956 5713; x_wconf 85' lang='lat' dir='ltr'><strong>crederetur,</strong></span> <span class='ocrx_word' id='word_1_891' title='bbox 2994 5647 3091 5717; x_wconf 91' lang='lat' dir='ltr'><strong>qui</strong></span> <span class='ocrx_word' id='word_1_892' title='bbox 3136 5646 3243 5701; x_wconf 87' lang='lat' dir='ltr'><strong>hoc</strong></span> <span class='ocrx_word' id='word_1_893' title='bbox 3278 5659 3419 5715; x_wconf 89' lang='lat' dir='ltr'><strong>opus</strong></span> <span class='ocrx_word' id='word_1_894' title='bbox 3445 5643 3621 5714; x_wconf 80' lang='lat' dir='ltr'><strong>fecit;</strong></span> 
     </span>
    </p>
   </div>
   <div class='ocr_carea' id='block_1_115' title="bbox 2019 5737 3621 5810">
    <p class='ocr_par' dir='ltr' id='par_1_115' title="bbox 2019 5737 3621 5810">
     <span class='ocr_line' id='line_1_115' title="bbox 2019 5737 3621 5810; baseline -0.002 -14"><span class='ocrx_word' id='word_1_895' title='bbox 2019 5740 2099 5796; x_wconf 86' lang='lat' dir='ltr'><strong>ita</strong></span> <span class='ocrx_word' id='word_1_896' title='bbox 2121 5749 2183 5795; x_wconf 92' lang='lat' dir='ltr'><strong>ut</strong></span> <span class='ocrx_word' id='word_1_897' title='bbox 2209 5740 2319 5797; x_wconf 85' lang='lat' dir='ltr'><strong>sint</strong></span> <span class='ocrx_word' id='word_1_898' title='bbox 2346 5738 2772 5799; x_wconf 82' lang='lat' dir='ltr'><strong>inescusahiles:</strong></span> <span class='ocrx_word' id='word_1_899' title='bbox 2807 5737 2937 5808; x_wconf 87' lang='lat' dir='ltr'><strong>quia</strong></span> <span class='ocrx_word' id='word_1_900' title='bbox 2966 5750 3129 5810; x_wconf 85' lang='lat' dir='ltr'><strong>quem</strong></span> <span class='ocrx_word' id='word_1_901' title='bbox 3149 5749 3273 5793; x_wconf 80' lang='lat' dir='ltr'><strong>esse</strong></span> <span class='ocrx_word' id='word_1_902' title='bbox 3300 5744 3361 5791; x_wconf 82' lang='lat' dir='ltr'><strong>et</strong></span> <span class='ocrx_word' id='word_1_903' title='bbox 3392 5739 3621 5809; x_wconf 83' lang='lat' dir='ltr'><strong>operari</strong></span> 
     </span>
    </p>
   </div>
   <div class='ocr_carea' id='block_1_116' title="bbox 2020 5828 3616 5917">
    <p class='ocr_par' dir='ltr' id='par_1_116' title="bbox 2020 5828 3616 5917">
     <span class='ocr_line' id='line_1_116' title="bbox 2020 5828 3616 5917; baseline -0.002 -29"><span class='ocrx_word' id='word_1_904' title='bbox 2020 5830 2089 5888; x_wconf 83' lang='lat' dir='ltr'><strong>ad</strong></span> <span class='ocrx_word' id='word_1_905' title='bbox 2134 5829 2421 5890; x_wconf 87' lang='lat' dir='ltr'><strong>utilitatem</strong></span> <span class='ocrx_word' id='word_1_906' title='bbox 2465 5844 2619 5890; x_wconf 81' lang='lat' dir='ltr'><strong>suam</strong></span> <span class='ocrx_word' id='word_1_907' title='bbox 2666 5842 2775 5887; x_wconf 86' lang='lat' dir='ltr'><strong>non</strong></span> <span class='ocrx_word' id='word_1_908' title='bbox 2802 5828 3147 5917; x_wconf 70' lang='lat' dir='ltr'><strong>ignorarent,</strong></span> <span class='ocrx_word' id='word_1_909' title='bbox 3195 5843 3261 5885; x_wconf 83' lang='lat' dir='ltr'><strong>ea</strong></span> <span class='ocrx_word' id='word_1_910' title='bbox 3302 5828 3450 5885; x_wconf 83' lang='lat' dir='ltr'><strong>enim</strong></span> <span class='ocrx_word' id='word_1_911' title='bbox 3486 5840 3616 5900; x_wconf 64' lang='grc' dir='ltr'><em>ιιιιεε</em></span> 
     </span>
    </p>
   </div>
  </div>
