3928 6182
266 365 377 422 ‘33

1080 364 1445 427 MNT.
1483 371 1555 428 1N
1589 372 1850 433 LBRUH
1890 374 2299 439 SAPIENM.
2339 410 2412 425 -—
2446 380 2579 441 ιη.
2619 383 2709 443 ill.

3447 395 3551 453 735

262 472 527 577 omanis
1760 484 1859 541 ὼ-
1883 486 1939 546 Λ
2030 486 2136 543 Aut
2162 487 2211 543 si
2228 489 2348 559 quis
2379 490 2575 561 artifex
2606 491 2757 562 faber
2786 492 2851 549 de
2876 492 3008 553 silva
3032 495 3245 567 lignum
3264 510 3458 557 rectum
3480 519 3565 557 se-

260 564 535 631 cessisse,
558 563 690 621 nulli
721 564 775 619 in
796 564 1017 621 dubium
1039 566 1218 630 venit;
1242 568 1343 623 sed
1362 584 1485 625 cum
1504 572 1861 642 cognouissent

260 672 428 722 eum,
468 670 578 709 non
618 654 754 708 sicut
801 652 970 708 Deum
1014 655 1481 726 magniﬁcauerunt
1526 670 1620 715 aut
1664 664 1899 732 gratias.

263 754 509 816 egerunt,
533 742 625 800 sed
646 753 970 799 evanuerunt
1010 744 1066 799 in
1103 747 1503 816 cogitationibus
1526 752 1661 818 suis,
1682 753 1864 811 diun-

264 848 344 891 ies
373 852 431 889 se
451 850 564 890 esse
586 842 865 903 sapientes,
886 833 1039 888 stulti
1052 834 1181 905 facti
1200 847 1320 892 sunt
1344 837 1397 909 (1
1400 839 1555 910 bid.).
1580 840 1865 912 Sapientes

300 928 414 980 nim
445 940 508 981 se
542 925 897 991 arbitrantur,
931 928 1057 994 quia
1096 927 1336 985 rationes
1357 931 1616 1002 physicas
1644 934 1866 991 investi-

301 1033 402 1070 are
430 1023 646 1087 putant,
681 1024 989 1073 scrutantes
1030 1033 1248 1074 cursum
1282 1020 1523 1077 siderum
1552 1031 1608 1079 et
1635 1024 1866 1094 qualita-

272 1119 349 1164 :es
372 1107 792 1171 elementorum,
820 1107 1105 1163 Dominum
1125 1119 1307 1164 autem
1328 1111 1522 1167 horum
1546 1123 1867 1183 spernentes

269 1200 394 1256 ideo
425 1199 577 1255 stulti
596 1206 741 1254 sunt.
772 1198 1057 1271 Ctunergo
1076 1201 1196 1256 hac
1222 1201 1487 1258 laudanda
1515 1204 1865 1277 sint,quanto

269 1294 449 1364 magis
475 1303 697 1350 creator
719 1294 967 1349 illorum?
998 1293 1185 1351 Solent
1220 1305 1399 1353 tamen
1427 1297 1693 1369 pudorem
1717 1301 1869 1372 passi

266 1382 504 1454 neglecti
547 1383 641 1440 Dei
701 1383 900 1439 misera
947 1384 1035 1439 uti.
1071 1386 1441 1453 excusatione,
1477 1388 1722 1446 dicentes
1766 1406 1866 1463 per

269 1472 407 1527 istos
428 1488 590 1543 posse
616 1474 693 1528 ire
722 1475 789 1528 ad
812 1475 981 1529 Deum
1008 1475 1150 1530 sicut
1172 1490 1270 1546 per
1295 1478 1525 1535 comites
1550 1480 1864 1552 pervenitur

268 1565 338 1620 ad
365 1580 571 1637 regem.
599 1564 733 1637 Age,
772 1567 1013 1637 nunquid
1042 1576 1149 1621 tam
1177 1568 1400 1623 demens
1425 1579 1517 1625 est
1547 1571 1744 1641 aliquis
1770 1580 1867 1627 aut

267 1655 465 1711 salutis
513 1672 625 1711 suae
669 1657 969 1721 immemor,
997 1666 1058 1712 ut
1082 1658 1549 1717 honoriﬁcentiam
1576 1662 1719 1734 regis
1748 1664 1865 1718 vin-

265 1746 413 1803 dicet
443 1746 650 1812 comiti,
684 1763 807 1803 cum
846 1748 911 1803 de
944 1749 1048 1804 hac
1077 1764 1156 1815 re,
1197 1749 1242 1805 si
1287 1750 1383 1821 qui
1422 1751 1586 1805 etiam
1628 1761 1862 1809 tractare

1964 578 2157 641 suerit.
2178 587 2230 632 α
2255 579 2419 649 hujus
2435 581 2586 639 docte
2623 584 2807 640 eradat
2841 602 3048 642 omnem
3076 590 3342 657 corticem,
3370 602 3419 647 et
3442 605 3571 651 arte.

1963 683 2063 723 sua
2079 683 2211 723 usus
2230 669 2509 741 diligenter
2527 672 2749 743 fumet
2777 691 2869 733 eas
2885 676 3013 733 utile
3030 679 3086 733 in
3115 684 3557 741 conversationem

1966 757 2101 822 vita,
2142 758 2379 831 reliquiis
2420 772 2597 817 autem
2634 764 2755 834 ejus
2796 767 2966 837 aperis
3007 769 3079 823 ad
3116 775 3559 841 preparationem

1963 862 2096 903 escae
2116 848 2401 917 abutatur;
2421 861 2470 906 et
2491 851 2748 924 reliquum
2767 855 2963 911 eorum
2976 859 3118 928 quod
3138 860 3213 915 ad
3234 860 3407 917 nullas
3424 879 3556 921 tuus

1964 936 2115 1006 facit,
2162 938 2368 1010 lignum
2412 958 2657 1008 currum,
2686 953 2736 999 et
2775 947 3060 1005 corticibus
3102 950 3315 1022 plenum
3351 953 3556 1024 sculpat

1944 1027 2239 1099 diligenter
2274 1047 2366 1101 per
2408 1033 2718 1089 vacuitatem
2754 1052 2923 1101 suam,
2963 1050 3013 1092 et
3033 1057 3127 1110 per
3149 1043 3419 1098 scientiam
3442 1062 3557 1102 sua:

1963 1118 2094 1173 artis
2357 1119 2512 1216 illud,
2538 1133 2591 1177 et
2615 1124 2875 1216 assimilet
2901 1126 3032 1182 illud
3060 1129 3553 1216 unaginiltontinis,

1963 1220 2054 1265 aut
2082 1210 2244 1266 alicui
2263 1229 2331 1268 ea
2349 1214 2668 1273 animalibus
2694 1215 2829 1271 illud
2850 1232 3143 1291 comparet,
3160 1210 3439 1294 perliniens
3467 1243 3558 1282 ru-

1963 1300 2127 1365 brica,
2166 1311 2215 1355 et
2257 1302 2604 1360 rubicundum
2649 1305 2848 1375 faciens
2890 1308 3012 1378 fuco
3057 1311 3278 1367 colorem
3317 1314 3481 1382 illius,
3508 1326 3563 1371 et

1962 1406 2166 1445 omnem
2201 1392 2466 1451 maculant
2501 1410 2619 1463 quia
2638 1396 2696 1451 in
2723 1396 2816 1452 illo
2852 1409 2948 1463 est,
2983 1399 3294 1471 perliniens;
3319 1414 3367 1458 et
3392 1404 3555 1474 faciat

1961 1484 2009 1538 ei
2033 1483 2246 1554 dignam
2284 1484 2684 1553 habitationem,
2717 1498 2767 1543 et
2796 1490 2853 1545 in
2878 1492 3077 1560 pariete
3107 1509 3304 1562 ponens
3331 1494 3484 1560 illud,
3509 1506 3558 1550 et

1961 1574 2282 1643 conﬁrmans
2305 1575 2468 1645 ferro,
2492 1593 2556 1632 ne
2577 1578 2712 1647 forte
2733 1580 2914 1646 cadat,
2928 1583 3245 1652 prospiciens
3269 1583 3372 1650 illi,
3388 1586 3558 1642 sciens

1960 1668 2213 1737 quoniam
2242 1683 2345 1722 non
2381 1677 2547 1739 potest
2585 1669 2843 1740 adjuvare
2873 1689 2929 1727 se
2953 1691 2973 1730 :
3004 1673 3177 1745 imago
3213 1677 3350 1731 enim
3382 1685 3483 1744 est,
3509 1689 3559 1732 et

1963 1774 2099 1829 opus
2121 1759 2203 1813 illi
2228 1758 2575 1829 adjutorium.
2598 1760 2669 1814 Et
2698 1762 2762 1816 de
2790 1763 3084 1821 substantia
3113 1781 3235 1831 sua,
3262 1776 3311 1819 et
3346 1767 3410 1822 de
3429 1767 3563 1836 ﬁliis

267 1835 473 1891 fuerint
516 1837 748 1902 inventi,
786 1835 908 1906 jure
950 1846 1010 1891 ut
1055 1838 1105 1892 ei
1154 1838 1480 1895 damnantur
1526 1842 1871 1911 maiestatis?
1894 1835 2100 1916 Blsuis,
2120 1849 2254 1903 etde
2284 1850 2491 1920 nuptiis,
2510 1860 2686 1905 votum
2708 1851 2931 1917 faciens,
2952 1853 3198 1926 inquirit.
3228 1856 3349 1913 Non
3377 1835 3561 1927 erubeg

267 1927 334 1982 Et
362 1927 450 1982 isti
479 1943 540 1983 se
571 1943 677 1982 non
704 1937 896 1999 putant
930 1945 1052 1985 reos
1081 1930 1174 2001 qui
1210 1932 1469 1987 honorem
1500 1934 1735 1990 nominis
1765 1935 1859 1991 Dei
1965 1940 2064 1994 scit
2085 1938 2231 2010 loqui
2260 1955 2379 1994 eum
2407 1939 2520 2006 illo,
2548 1942 2641 2013 qui
2666 1941 2783 1997 sine
2803 1945 2983 1997 anima
3008 1953 3117 2009 est;
3138 1954 3188 1998 et
3212 1962 3307 2016 pro
3330 1946 3572 2007 sanitate.

265 2020 570 2091 praeferunt
590 2031 875 2088 creaturae,
902 2031 957 2077 et
987 2021 1174 2079 relicto
1195 2023 1422 2080 Domino
1452 2040 1742 2083 conservos
1770 2028 1864 2082 ad—
1964 2030 2172 2102 quidem
2221 2030 2489 2100 infirmum
2538 2033 2868 2103 deprecatur,
2891 2045 2938 2089 et
2982 2052 3078 2106 pro
3110 2038 3216 2092 vita
3242 2048 3391 2108 rogat
3421 2048 3565 2094 more

263 2119 446 2179 orant,
504 2112 661 2182 quasi
709 2113 782 2168 sit
827 2114 1028 2184 aliquid
1074 2114 1195 2185 plus
1241 2116 1383 2186 quod
1428 2127 1677 2173 servetur
1719 2120 1858 2175 Deo!
1965 2132 2137 2187 tuum,
2177 2135 2226 2178 et
2256 2125 2313 2178 in
2342 2123 2672 2195 adjutorium
2717 2125 2957 2181 inutilem
2991 2129 3230 2196 invocat;
3268 2139 3316 2183 et
3349 2147 3445 2201 pro
3470 2132 3560 2185 iti-

267 2202 400 2257 Nam
423 2216 481 2259 et
504 2206 627 2261 ideo
648 2221 747 2276 per
774 2221 953 2279 regem
984 2208 1053 2265 ad
1086 2208 1333 2265 tribunos
1362 2220 1455 2265 aut
1475 2212 1703 2269 comites
1730 2213 1858 2279 itur,
1965 2231 2084 2269 uere
2102 2215 2231 2286 petit
2253 2214 2319 2269 ab
2339 2231 2417 2276 eo,
2448 2215 2537 2287 qui
2561 2214 2832 2271 ambulare
2865 2233 2976 2272 non
3004 2228 3193 2288 potest,
3214 2228 3266 2273 et
3291 2219 3356 2274 de
3378 2221 3560 2290 acqui-

265 2295 391 2367 quia
433 2297 601 2352 homo
626 2299 813 2370 utique
858 2308 945 2355 est.
978 2315 1095 2366 rex,
1127 2309 1181 2356 et
1220 2303 1393 2357 nescit
1436 2303 1632 2373 quibus
1672 2305 1863 2361 debeat
1965 2312 2147 2376 renda,
2191 2320 2245 2366 et
2285 2311 2350 2367 de
2396 2310 2682 2381 operando.
2725 2320 2775 2366 et
2806 2311 2872 2367 de
2895 2313 3127 2367 omnium
3158 2324 3563 2369 rerumteventu

266 2401 381 2443 rem
405 2388 681 2457 publicam
707 2391 959 2454 credere;
985 2392 1052 2445 ad
1066 2384 1240 2447 Deum
1262 2401 1459 2457 autem,
1489 2409 1649 2464 quem
1674 2395 1863 2464 utique
1961 2404 2087 2476 petit
2115 2403 2183 2457 ab
2208 2418 2292 2469 eo,
2308 2404 2409 2471 qui
2430 2404 2486 2458 in
2511 2402 2751 2457 omnibus
2778 2412 2857 2458 est
2878 2403 3103 2461 inutilis.
3132 2402 3260 2460 Haec
3285 2405 3354 2459 ad
3381 2404 3559 2461 insul-

263 2478 399 2537 nihil
424 2479 578 2543 latet,
600 2481 842 2537 omnium
866 2482 1010 2536 enim
1038 2483 1231 2541 merita
1256 2484 1426 2551 novit,
1457 2486 1524 2539 ad
1550 2499 1864 2555 promeren-
1964 2495 2221 2554 uisionem
2253 2493 2523 2551 idolorum
2554 2503 2608 2549 et
2639 2493 2982 2551 idololatrum
3011 2496 3281 2568 sapientia
3300 2496 3560 2567 protulit,

264 2572 392 2627 dum
420 2571 782 2645 sulfragatore
810 2591 917 2633 non
946 2591 1081 2643 opus
1107 2584 1210 2641 est,
1243 2576 1338 2632 sed
1368 2585 1549 2633 mente
1575 2579 1788 2634 devota.
1962 2594 2027 2641 ut
2067 2585 2374 2656 intelligam
2406 2585 2715 2657 hujusmodi
2753 2594 3072 2657 apetamus
3109 2595 3271 2658 atque
3299 2588 3558 2644 adorato.

882 2664 1112 2722 CAPUT
1149 2667 1234 2722 lll.

423 2755 642 2815 Deridet
672 2758 726 2810 in
754 2756 1073 2827 manufactis
1100 2757 1418 2815 idololatria
1451 2778 1700 2818 errorem.

334 2844 587 2916 Infelices
616 2858 791 2902 autem
816 2859 936 2903 sunt
968 2858 1015 2903 et
1060 2851 1192 2904 inter
1227 2860 1458 2906 mortuos
1492 2870 1608 2923 spes
1648 2852 1863 2911 illorum

262 2949 360 3005 est,
401 2939 496 3010 qui
530 2937 920 3010 appellaverunt
949 2939 1071 2995 deos
1106 2958 1263 3012 opera
1295 2961 1545 2999 ntanuum
1569 2947 1868 3015 hominum,

262 3048 456 3086 aurum
498 3040 546 3086 et
572 3041 865 3102 argentum,
907 3034 1036 3087 artis
1084 3034 1455 3103 inventionem,
1484 3048 1531 3092 et
1560 3038 1863 3094 similitudi-

263 3139 351 3178 nes
374 3121 688 3178 animalium
716 3122 791 3178 vel
824 3124 1048 3195 lapidem
1087 3126 1325 3183 inutilem
1348 3144 1477 3198 opus
1503 3147 1691 3185 manus
1721 3134 1863 3186 anti-

259 3232 397 3291 quae.
450 3214 687 3271 Veniunt
741 3216 904 3287 igitur
952 3217 1027 3273 ad
1072 3220 1222 3284 deos,
1270 3235 1375 3275 non
1426 3229 1532 3276 tam
1582 3222 1858 3294 religionis

262 3308 460 3377 gratia,
510 3324 629 3379 quae
655 3308 797 3365 nulla
828 3318 1007 3380 potest
1043 3326 1164 3367 esse
1212 3312 1264 3367 in
1298 3312 1461 3368 rebus
1491 3313 1627 3369 male
1656 3314 1859 3385 paratis

260 3408 320 3456 et
356 3399 823 3469 corruptibilibus,
867 3416 1030 3471 quam
1060 3409 1118 3459 ut
1147 3417 1339 3458 aurum
1368 3404 1539 3460 oculis
1582 3405 1862 3472 hauriant,

261 3495 499 3550 nitorem
541 3492 757 3564 levigati
800 3493 1088 3549 marmoris
1128 3502 1224 3551 aut
1258 3495 1440 3553 eboris
1479 3495 1761 3566 aspiciant,
1801 3504 1860 3551 ut

266 3587 507 3658 insignes
559 3584 752 3654 lapillis
801 3592 857 3640 et
900 3583 1173 3641 coloribus
1214 3596 1426 3653 vestes,
1477 3587 1560 3642 vel
1600 3587 1856 3644 distincta

264 3677 496 3747 gemmis
521 3674 848 3745 litigantibus
872 3676 1065 3745 pocula
1094 3676 1382 3733 insatiabili
1409 3678 1859 3747 contemplatione

262 3774 636 3832 contrectent;
666 3776 719 3821 et
760 3776 965 3837 quanto
1000 3766 1202 3824 fuerint
1240 3771 1521 3826 ornatiora
1569 3770 1765 3841 templa
1801 3779 1856 3825 et

262 3858 577 3927 pulchriora
617 3857 931 3922 simulacra,
977 3866 1123 3913 tanto
1160 3859 1285 3929 plus
1317 3858 1617 3929 maiestatis
1652 3858 1856 3916 habere

262 3949 601 4003 credantur:
628 3948 748 4002 ideo
782 3948 974 4020 religio
1005 3965 1191 4005 eorum
1230 3950 1360 4005 nihil
1390 3957 1475 4004 est
1515 3950 1658 4004 aliud
1692 3964 1856 4019 quam

261 4041 405 4113 quod
446 4041 713 4112 cupiditas
755 4042 1004 4097 miretur.
1052 4039 1259 4112 Stepius
1296 4041 1531 4099 diximus
1571 4050 1855 4115 argentum

262 4140 321 4187 et
347 4147 542 4186 aurum
574 4147 671 4201 pro
716 4147 968 4188 sermone
1008 4140 1063 4187 et
1107 4144 1267 4187 sensu
1314 4133 1484 4204 accipi
1525 4148 1704 4204 posse,
1734 4148 1855 4205 quae

261 4240 391 4281 cum
433 4240 464 4277 a
495 4222 606 4278 Deo
628 4223 936 4278 hominibus
963 4223 1086 4278 data
1116 4223 1226 4277 sint
1252 4231 1314 4277 ut
1346 4222 1430 4278 vel
1453 4223 1743 4295 loquantur
1768 4222 1859 4280 vel

260 4316 504 4371 sentiant
533 4312 721 4380 Deum,
757 4322 814 4369 et
842 4313 1060 4368 laudent
1095 4323 1397 4375 creatorem
1433 4329 1611 4379 suum,
1652 4314 1728 4369 illi
1756 4314 1853 4370 ab-

260 4416 493 4461 utuntur
520 4409 623 4462 hoc
657 4422 880 4463 munere
919 4406 973 4461 in
1003 4405 1267 4462 idolorum
1296 4406 1657 4472 simulatione,
1694 4406 1850 4478 juxta

259 4499 392 4553 illud
421 4498 564 4568 quod
594 4501 854 4570 scriptum
900 4508 1020 4555 est:
1052 4501 1191 4559 Dedi.
1230 4503 1305 4557 eis
1345 4512 1619 4573 argentum
1659 4514 1708 4559 et
1752 4519 1849 4558 au-

1968 2692 2082 2741 res,
2130 2692 2295 2747 quam
2325 2677 2689 2747 perniciosum
2727 2677 2799 2732 sit
2840 2686 2896 2733 et
2923 2693 3087 2748 quam
3128 2678 3364 2734 vicinum
3393 2678 3557 2733 morti

1963 2778 2237 2840 perpetuae
2292 2782 2457 2823 notua
2510 2767 2681 2825 Deum
2737 2769 3160 2838 omnipotentem
3202 2777 3259 2823 et
3311 2768 3553 2823 omnium

1963 2870 2266 2917 creatorem
2286 2859 2556 2924 deserere,
2574 2866 2631 2913 et
2649 2856 2904 2930 ﬁgmenta
2919 2858 3071 2913 varia
3093 2858 3146 2912 in
3168 2857 3557 2913 contumeliam

1965 2952 2058 3009 Dei
2083 2967 2187 3022 pro
2210 2951 2431 3007 numine
2472 2950 2669 3009 colere.
2706 2949 2858 3006 Unde
2885 2961 2940 3005 et
2972 2965 3074 3022 per.
3100 2950 3421 3021 prophetam
3448 2951 3556 3006 Do-

1964 3043 2143 3101 minus
2187 3044 2253 3099 de
2296 3057 2390 3099 sua
2438 3042 2787 3098 veneratione
2824 3050 2884 3098 et
2917 3041 2993 3097 de
3026 3041 3291 3098 idolorum
3316 3039 3554 3097 falsitate

1964 3135 2170 3190 dudum
2189 3134 2257 3189 ad
2284 3133 2539 3204 populum
2569 3148 2729 3189 suum
2772 3134 2853 3188 ita
2892 3133 3105 3189 loeutus
3128 3144 3253 3189 est:
3285 3132 3401 3204 Ego
3434 3133 3553 3203 ρεὶνο

1962 3240 2079 3278 ntus
2122 3232 2172 3278 et
2213 3240 2307 3294 ego
2336 3224 2669 3290 novissimus,
2713 3233 2763 3278 et
2801 3222 2992 3295 absque
3030 3240 3112 3279 nte
3150 3238 3260 3278 non
3290 3232 3367 3278 est
3413 3222 3553 3278 alius

1962 3310 2123 3365 Deus.
2146 3310 2276 3376 Quis
2297 3311 2484 3366 similis
2505 3313 2608 3367 mei
2622 3313 2649 3366 2
2679 3310 2836 3368 Vocet
2856 3322 2908 3368 et
2935 3312 3292 3380 amntiet,et
3316 3313 3553 3369 ordinent

1958 3412 2119 3473 ponat
2163 3402 2291 3457 mihi
2329 3418 2395 3458 ea:
2431 3419 2536 3475 quo
2584 3404 2833 3459 constitui
2874 3406 3123 3475 populum
3163 3404 3460 3476 antiquum,
3503 3413 3552 3461 et

1957 3510 2076 3563 qua:
2102 3503 2317 3549 versane
2354 3504 2479 3549 sunt
2503 3496 2776 3550 annumiet
2810 3494 2928 3549 eis?
2949 3493 3129 3549 Nolite
3153 3494 3361 3560 timere,
3389 3509 3555 3565 neque

1958 3583 2374 3649 conturbentini;
2398 3600 2465 3639 ea:
2507 3594 2632 3641 tunc
2677 3585 2862 3639 audire
2909 3594 2960 3638 te
2999 3584 3118 3653 feci,
3157 3593 3207 3637 et
3239 3583 3552 3638 annuntiari

1958 3674 2143 3744 futura
2163 3688 2182 3726 :
2213 3692 2303 3732 uos
2326 3676 2451 3730 estis
2478 3685 2631 3739 testes
2656 3678 2776 3733 mei.
2801 3674 3057 3746 Nunquid
3086 3683 3160 3730 est
3193 3673 3335 3728 Deus
3358 3673 3552 3745 absque

1958 3781 2058 3832 me,
2098 3776 2151 3820 et
2185 3765 2444 3834 formator
2472 3782 2624 3837 quem
2645 3782 2740 3836 ego
2760 3781 2873 3821 non
2901 3764 3169 3821 noverim?
3195 3762 3394 3819 Plast
3421 3762 3550 3821 idoli

1957 3872 2135 3912 omnes
2174 3855 2307 3911 nihil
2342 3866 2490 3922 sunt,
2534 3866 2585 3911 et
2638 3856 3002 3911 antaiuissinta
3034 3872 3223 3910 eorum
3253 3871 3362 3909 non
3396 3853 3549 3926 prod-

1956 3956 2108 4002 erunt
2135 3946 2208 4001 eis
2229 3959 2250 3999 .'
2280 3946 2380 4017 ipsi
2411 3956 2532 4001 sunt
2558 3956 2710 4003 testes
2729 3961 2932 4011 eorum,
2955 3946 3083 4017 quia
3104 3960 3211 4000 non
3238 3944 3429 4010 vident,
3460 3959 3550 4000 ne.

1955 4056 2055 4111 que
2086 4039 2385 4110 intelligunt
2408 4048 2464 4093 ut
2487 4038 2900 4109 confundantur.
2930 4036 3062 4103 Quis
3089 4036 3333 4107 formarit
3352 4036 3545 4104 Deum,

1955 4141 2005 4188 et
2024 4130 2317 4203 scalptibile
2344 4132 2589 4201 conﬂavit
2617 4131 2686 4186 ad
2715 4129 2847 4186 nihil
2868 4129 3032 4186 utile?
3064 4129 3205 4186 Ecce
3225 4146 3401 4185 manes
3422 4146 3549 4201 por-.-

1954 4223 2135 4293 ticipes
2174 4222 2297 4293 ejus
2318 4222 2741 4292 confundentur;
2764 4220 2904 4291 fabri
2929 4221 3073 4277 enim
3107 4230 3250 4287 sunt,
3276 4230 3327 4276 et
3348 4236 3549 4277 eam

1954 4312 2107 4368 nibus
2146 4314 2480 4378 conveniunt,
2520 4328 2699 4368 omnes
2740 4311 2951 4367 stabunt
2983 4321 3031 4366 et
3068 4311 3323 4383 parebunt
3349 4320 3399 4366 et
3424 4326 3546 4367 coit-

1954 4402 2241 4473 fundentur
2259 4403 2438 4459 simul.
2469 4401 2649 4459 Faber
2667 4403 2925 4473 ferrarius
2958 4401 3087 4458 lima
3120 4411 3364 4473 operatus
3390 4409 3467 4458 est
3490 4400 3544 4459 itt

1950 4495 2157 4566 prunis,
2185 4505 2236 4550 et
2265 4497 2319 4552 in
2347 4495 2554 4552 malleis
2578 4496 2824 4567 formarit
2855 4495 3013 4562 illud,
3040 4505 3090 4550 et
3116 4503 3362 4567 operatus
3385 4502 3460 4549 est
3488 4492 3545 4548 in

258 4607 401 4655 rum,
431 4590 531 4660 ipsi
583 4607 695 4644 rero
724 4590 789 4645 de
814 4601 1029 4662 argento
1074 4603 1122 4646 et
1161 4610 1293 4648 auro
1333 4610 1447 4649 meo
1491 4596 1690 4666 operati
1727 4604 1849 4652 sunt
1879 4575 1929 4636 D
1953 4586 2167 4642 θηοΗο
2194 4587 2527 4658 fortitudinis
2551 4603 2699 4654 suae;
2722 4588 2913 4644 esuriat
2937 4596 2991 4643 et
3008 4586 3240 4656 deﬁciet,
3267 4601 3370 4641 non
3407 4583 3544 4639 bibet

260 4682 399 4736 Bual
426 4681 601 4756 (Osca:
647 4685 729 4755 ιι).
766 4682 901 4739 Cum
937 4698 1067 4755 ergo
1093 4685 1214 4754 quis
1244 4686 1454 4742 Domini
1494 4696 1701 4746 terrore
1726 4704 1851 4761 per-

258 4774 518 4838 territus,
566 4774 800 4845 primum
856 4773 910 4829 in
959 4775 1269 4846 speluncam
1306 4778 1542 4849 pectoris
1585 4780 1668 4836 sui
1709 4780 1851 4837 idola

255 4865 569 4921 condiderit
594 4876 649 4921 et
678 4866 730 4921 in
769 4866 1121 4940 voraginibus
1156 4877 1315 4925 terra:
1351 4871 1695 4929 absconderit
1719 4889 1851 4946 pro-

256 4959 407 5014 ferre
451 4974 555 5013 non
586 4961 788 5014 audens
812 4960 955 5031 quod
986 4960 1126 5016 male
1153 4963 1400 5032 ﬁnxerat,
1432 4968 1700 5025 secundus
1722 4984 1850 5040 pro-

255 5049 438 5104 fectus
464 5058 629 5104 estut
657 5050 842 5105 cmlata
872 5052 1023 5122 prius
1043 5051 1309 5124 projiciat,
1343 5065 1399 5111 ct
1426 5057 1479 5112 in
1513 5072 1574 5113 se
1601 5072 1721 5116 esse
1741 5076 1849 5115 non

256 5138 526 5209 patiatur,
540 5139 693 5209 juxta
723 5141 851 5198 illud
879 5141 1068 5198 Isaias:
1102 5143 1170 5199 In
1197 5145 1304 5214 die,
1344 5147 1540 5219 inquit,
1588 5148 1705 5216 illa,
1731 5167 1853 5222 pro-

247 5228 407 5299 jiciet
443 5228 597 5283 homo
635 5230 780 5285 idola
807 5236 1010 5304 argenti
1037 5233 1125 5289 sui
1163 5244 1214 5291 et
1260 5238 1547 5295 simulacra
1587 5241 1710 5296 auri
1742 5240 1847 5309 sui,

254 5335 385 5393 quia
407 5319 642 5390 fecerunt
662 5322 760 5377 sibi
786 5332 842 5378 ut
865 5325 1167 5395 adorarent,
1184 5327 1356 5400 talpas
1375 5338 1424 5384 et
1446 5331 1847 5401 respertiliones.

252 5410 337 5467 Et
378 5413 743 5484 ingrediatur
792 5417 851 5471 in
891 5417 1114 5487 ﬁssurae
1159 5430 1457 5490 petrarum,
1505 5430 1556 5476 et
1601 5439 1852 5480 caremus

249 5518 517 5559 saxorum
542 5521 583 5559 ar
599 5505 734 5575 facie
754 5507 1055 5577 formidinis
1094 5511 1326 5577 Domini,
1350 5523 1398 5568 et
1428 5530 1461 5567 a
1494 5514 1664 5585 gloria
1684 5517 1828 5587 maje

252 5594 417 5649 statis
444 5595 561 5665 ejus
586 5613 706 5653 cum
734 5603 1019 5656 surrexerit
1044 5611 1314 5673 percutere
1342 5615 1535 5661 terram
1574 5604 1730 5679 (Isai.
1764 5608 1828 5680 tl)

254 5681 375 5740 Sed
399 5686 684 5746 videamus
709 5691 837 5762 quid
865 5693 1041 5750 adhuc
1069 5694 1137 5751 de
1166 5696 1471 5755 simulacris
1497 5699 1553 5754 ln
1583 5703 1831 5772 sequenti

255 5775 367 5831 bus
400 5775 634 5834 dicatur.
810 5808 815 5815 -

1957 4694 2153 4749 aquam
2186 4689 2237 4735 et
2272 4678 2590 4751 languescet.
2626 4678 2839 4749 Artifex
2874 4678 3135 4750 lignei-ius
3160 4676 3390 4734 extendit
3424 4691 3546 4731 uer-

1956 4773 2447 4845 maforntasit
2486 4774 2622 4831 illud
2656 4773 2997 4840 iur-acina;
3040 4770 3546 4844 fecitilludiaanp

1952 4863 2221 4935 gustu
2247 4863 3089 4934 eira'uo‘tortlaeitt'lludutfccit
3115 4862 3396 4933 mn
3419 4858 3542 4929 viri,

1953 4957 2107 5029 quasi
2127 4957 2419 5027 speciosum
2434 4957 2697 5014 liontinent
2719 4958 3041 5013 babae-tem
3072 4957 3131 5011 in
3153 4955 3334 5011 domo.
3359 4954 3546 5014 Susci-

1956 5046 2637 5115 ditsedrosﬁalitiliasnt,
2670 5049 3547 5120 etquercumqutesteteratinter

1955 5138 2813 5211 κσωωωςριαυωίιρσπη
2841 5154 2998 5210 σιω
3027 5138 3463 5210 rimandis
3494 5146 3546 5203 ct

1956 5232 3092 5304 faetaestlsontinibosinfocumnustpsit
3130 5230 3545 5291 aetatula-
3657 5228 3662 5233 ’

1956 5320 3541 5395 factuest,etsuccenditsteacoaitpanss;dereliquo

1955 5421 2135 5467 autem
2167 5421 2413 5482 operatus
2447 5423 2525 5468 est
2560 5412 2739 5478 deum
2781 5422 2835 5469 α
2870 5411 3147 5477 adorauit;
3173 5421 3223 5466 et
3255 5410 3377 5480 fecit
3399 5406 3540 5465 scut,

1953 5500 2099 5571 ptile,
2128 5510 2178 5555 et
2208 5512 2454 5558 curvatus
2481 5511 2556 5557 est
2586 5512 2708 5557 ante
2729 5501 2883 5557 illud.
2913 5501 3146 5557 Medium
3168 5500 3285 5570 ejus
3306 5497 3541 5554 combus-

1953 5593 2025 5647 sit
2056 5591 2188 5662 igni,
2228 5593 2363 5646 etde
2399 5591 2570 5647 medio
2608 5607 2791 5648 carnes
2824 5592 3078 5657 comedit;
3123 5590 3263 5644 coxit
3300 5588 3541 5660 pulmen-

1954 5694 2068 5740 tum
2093 5694 2143 5738 et
2168 5693 2443 5739 saturatas
2473 5694 2565 5749 est,
2587 5695 2637 5740 et
2665 5685 2949 5755 calefactus
2978 5691 3074 5748 est,
3109 5693 3159 5740 et
3186 5682 3365 5740 dixit:
3400 5682 3538 5752 Volt,

1957 5774 2395 5845 mlefactussum,
2417 5776 2523 5831 vidi
2542 5777 2737 5847 focum.
2758 5777 3034 5847 Reliquum
3056 5790 3236 5852 autent
3248 5797 3362 5845 eius
3382 5779 3541 5840 deum
