3928 6182
315 566 457 639 fecit.
487 579 534 621 ει
559 560 797 632 διαιρεῖ-ι
821 554 953 620 sm.-
982 560 1233 607 συνυαιιεν
1258 552 1381 603 ante
1401 544 1559 639 ειιαιεν
1590 552 1639 639 e3
1663 537 1899 595 ααοναυεε
1930 541 1979 597 Α
2005 611 2039 639 ..
2077 519 3119 639 θξικίῑωξὶἫέξὶἐὲοίίῑέῗὲῖὶῗὶ

312 632 467 719 illud,
497 663 543 709 et
572 652 804 707 obsecrat
846 645 1065 699 dicens:
1095 638 1281 695 Libera
1320 653 1422 702 me,
1442 636 1569 703 quia
1594 632 1734 686 Deus
1754 644 1901 684 meus

315 765 370 802 es
396 757 472 800 tu.
502 743 812 798 Nescierunt
844 748 1007 807 neque
1031 731 1433 795 intellexerunt;
1456 724 1602 780 obliti
1625 722 1761 777 enim
1783 726 1910 774 sunt

317 855 383 892 ne
412 835 618 889 rideant
644 829 783 885 oculi
823 843 1023 892 eorum,
1062 840 1124 877 ne
1153 815 1631 891 intelligant'corde
1653 829 1769 866 suo.
1794 807 1906 863 Nec

317 925 603 994 recogitaut
638 929 808 975 mente
854 932 973 981 sua,
1018 927 1183 984 neque
1209 913 1546 979 cognoscunt,
1595 917 1756 971 neque
1785 914 1905 953 sen-‘

319 989 473 1077 tiunl,
506 1020 558 1065 ut
586 1001 761 1064 dicant
792 1021 808 1060 :
840 1005 1069 1062 Medium
1102 1003 1219 1072 ejus
1246 998 1504 1053 combussi
1538 995 1677 1064 igne,
1708 1000 1756 1045 et
1791 989 1909 1043 comi

321 1123 480 1176 super
509 1103 758 1159 carbones
795 1101 910 1171 ejus
947 1110 1141 1170 panes;
1183 1108 1298 1147 coxa
1329 1094 1510 1144 carnes
1542 1094 1589 1140 et
1612 1082 1833 1147 comedi,
1864 1088 1911 1134 et

322 1172 609 1267 deireliyuo
654 1190 855 1247 idolum
892 1187 1124 1259 faciam?
1154 1193 1276 1237 ante
1311 1189 1559 1267 truncum,
1583 1174 1712 1267 ligni
1736 1172 1911 1267 proci-—

326 1285 491 1339 dam?
517 1259 639 1354 pars
664 1281 779 1350 ejus
804 1280 934 1332 cinis
964 1285 1036 1329 est
1059 1288 1077 1326 :
1101 1289 1192 1326 cor
1210 1269 1461 1339 insipiens
1492 1263 1730 1319 adoravit
1760 1259 1910 1324 illud,

327 1388 376 1432 et
419 1394 523 1431 non
568 1372 803 1428 liberavit
857 1383 1089 1423 animum
1136 1380 1307 1427 suam,
1358 1375 1517 1430 neque
1545 1356 1724 1411 dicit:
1754 1351 1918 1406 Forte

329 1466 659 1522 mendacium
702 1470 776 1515 est
825 1460 879 1513 in
927 1458 1140 1511 dextera
1186 1468 1302 1507 mea
1356 1449 1541 1521 (Isaia:
1580 1443 1775 1515 XLIV)?
1808 1441 1920 1495 Hu-

328 1560 418 1631 jus
442 1555 739 1629 prophetiae
767 1549 1093 1606 narrationis
1116 1545 1239 1600 talis
1267 1552 1347 1598 est
1370 1554 1601 1604 sensus;
1624 1551 1750 1590 nam
1776 1532 1920 1603 quod

334 1629 465 1705 dicit
505 1662 520 1701 :
575 1646 688 1715 Ego
731 1660 847 1698 sum
898 1641 1099 1712 primus
1157 1648 1203 1691 et
1254 1634 1598 1695 novissimus,
1639 1629 1783 1683 idem
1836 1635 1951 1682 est‘

335 1739 477 1809 quod
525 1736 651 1791 alibi
688 1733 890 1805 legitur
930 1747 999 1787 ex
1056 1729 1234 1784 divina
1281 1727 1563 1796 majestate
1598 1721 1869 1793 prolatum
1902 1735 1921 1776 :

336 1832 452 1902 Ego
496 1846 611 1885 sum
657 1827 825 1897 Alptm
868 1835 916 1879 et
960 1823 1178 1894 Omega,
1221 1820 1431 1874 initium
1478 1825 1526 1871 et
1566 1815 1689 1884 ﬁnis
1736 1812 1920 1886 (Apoc.

338 1922 475 1991 χιι).
510 1919 621 1974 Nec
653 1918 795 1972 enim
839 1915 973 1971 dicit
1016 1927 1136 1968 esse
1175 1909 1369 1974 solum,
1420 1907 1513 1962 sed
1563 1912 1762 1976 prazter
1808 1902 1921 1957 vir-

339 2018 508 2065 tutem
550 2023 701 2063 suam
751 2015 911 2076 atque
958 2000 1276 2072 sapientiam
1319 1997 1522 2053 nullum
1572 2010 1692 2051 esse
1742 2001 1926 2049 exter-

342 2086 473 2155 num
517 2096 706 2162 Deum,
748 2095 1078 2161 deorumque
1109 2089 1399 2144 multorum
1430 2085 1738 2155 opinionem
1777 2089 1834 2138 et
1856 2082 1931 2137 si-

342 2188 583 2245 mulacra
612 2187 1017 2244 condemnans:
1052 2180 1204 2246 Quis,
1237 2178 1430 2248 inquit,
1454 2175 1642 2230 similis
1682 2178 1783 2229 mei
1816 2173 1933 2228 est!

344 2277 513 2334 Vocet
547 2293 608 2333 ea
636 2292 757 2348 qua:
792 2289 898 2329 non
932 2280 1059 2328 sunt
1088 2269 1242 2340 quasi
1283 2269 1411 2333 sint,
1437 2276 1493 2322 et
1517 2273 1753 2335 exponat
1786 2264 1934 2320 ordi-

346 2387 471 2428 nem
499 2380 761 2427 creatmte
791 2382 925 2422 meae
949 2380 1054 2435 qua
1085 2371 1279 2418 cuncta
1320 2360 1533 2414 ratione
1566 2356 1929 2421 liberaverim,

348 2477 415 2518 ex
441 2476 548 2532 quo
577 2459 678 2514 feci
708 2458 979 2512 hominem
1020 2469 1183 2524 super
1206 2459 1429 2515 terram,
1462 2464 1562 2504 nec
1586 2447 1758 2502 solum
1789 2445 1931 2512 volo,

351 2553 446 2609 sed
496 2564 680 2621 qmero
727 2550 889 2603 etiam
933 2544 1213 2601 scientiam
1260 2541 1583 2596 futurorum.
1641 2537 1794 2594 Unde
1842 2545 1934 2601 tu,

352 2642 537 2705 Israel,
570 2639 722 2708 cuius
756 2653 856 2709 ego
881 2650 977 2690 rex.
1013 2642 1069 2689 et
1096 2633 1407 2703 redemptor
1430 2646 1571 2694 sum,
1607 2628 1714 2684 noli
1743 2629 1938 2682 timere

353 2733 662 2796 simulacra,
701 2744 820 2800 qua:
860 2742 982 2783 esse
1019 2724 1151 2780 nihil
1199 2724 1253 2778 in
1282 2731 1465 2778 monte
1494 2720 1644 2776 Sinai
1680 2718 1936 2775 didicisti.

354 2827 438 2881 An
466 2824 691 2879 forsitan
722 2820 859 2875 alius
885 2824 1102 2874 creator
1123 2823 1207 2871 est
1230 2829 1390 2885 quem
1419 2826 1517 2884 ego
1540 2826 1643 2866 non
1675 2810 1938 2874 noverim,

355 2926 448 2974 aut
499 2925 696 2989 pmter
743 2913 887 2967 hunc
930 2910 1067 2965 alius
1097 2917 1180 2963 est
1223 2907 1454 2962 mundus
1489 2905 1581 2975 qui
1627 2903 1792 2974 ignoti
1845 2902 1941 2957 Dei

355 3014 622 3065 monstret
665 3002 1000 3076 potentiam?
1046 2998 1233 3069 Neque
1291 3012 1422 3053 vero
1484 3011 1549 3052 ea
1600 2995 1772 3051 solum
1822 3008 1943 3063 quae

358 3100 517 3164 liunt,
548 3097 643 3153 sed
681 3105 737 3150 et
774 3094 850 3149 illi
878 3093 969 3162 qui
996 3092 1199 3146 faciunt
1230 3089 1572 3144 habebuntur
1596 3102 1697 3158 pro
1721 3087 1892 3142 nihilo
1923 3102 1939 3138 :

2002 611 2133 680 ferri
2192 631 2248 678 et
2302 619 2370 673 ad
2427 619 2791 673 haereseorum
2846 610 3161 682 principes,
3218 606 3596 679 qui—simula-

2004 730 2095 772 cra
2140 714 2453 785 dogmavum
2503 721 2727 764 suorum
2776 712 2940 775 atque
2993 700 3186 756 artiﬁci
3234 700 3415 757 eorde‘
3448 714 3601 755 com-

2003 812 2212 877 ponunt
2242 813 2297 859 et
2322 807 2653 856 venerantur
2696 810 2761 853 ea
2790 810 2911 866 quae
2950 806 2982 848 a
3021 808 3082 849 se
3132 793 3313 848 sciunt
3357 804 3482 847 esse
3524 795 3606 849 si-

2008 896 2231 960 mulata,
2261 909 2362 948 nec
2395 889 2593 947 sufﬁcit
2629 888 2709 943 eis
2734 901 2891 942 error
2934 884 3203 956 proprius,
3252 884 3357 938 nisi
3395 882 3609 954 simpli-

2009 1004 2100 1045 ces
2145 1000 2389 1057 quosque
2415 994 2604 1038 eorum
2633 979 2703 1034 ab
2729 978 2974 1033 oratione
3018 978 3366 1047 deceperunt,
3415 983 3472 1030 et
3510 973 3607 1045 qui

2011 1088 2280 1150 qumstum
2330 1082 2523 1145 putant
2564 1086 2687 1128 esse
2728 1071 3005 1142 pietatem,
3037 1076 3094 1123 et
3118 1068 3378 1123 devorant
3415 1066 3610 1122 domos

2012 1172 2318 1232 viduarum,
2348 1168 2741 1233 abutentesque
2760 1161 2906 1233 vulgi
2934 1159 3231 1231 imperitia,
3258 1159 3333 1214 ita
3355 1165 3475 1213 arte
3500 1156 3611 1213 dia-

2014 1265 2225 1329 lectica,
2253 1262 2408 1331 quasi
2439 1258 2587 1314 ascia
2610 1255 2769 1311 tereti
2793 1262 2848 1310 et
2877 1252 3005 1308 lima
3034 1261 3089 1307 et
3116 1251 3341 1307 runcina
3369 1250 3614 1306 formant

2018 1358 2178 1412 deum
2213 1360 2391 1417 suum,
2429 1359 2483 1407 ct
2508 1351 2713 1406 cudunt
2748 1347 2962 1412 malleo,
2995 1354 3158 1415 atque
3204 1345 3461 1399 inaurant
3489 1359 3612 1399 ser-

2018 1447 2196 1503 monis
2224 1443 2481 1501 rhetorici
2520 1449 2825 1503 venustate,
2851 1452 3083 1508 quorum
3117 1436 3253 1491 deus
3278 1446 3474 1491 venter
3509 1421 3613 1498 est,

2020 1545 2077 1594 et
2104 1537 2274 1609 gloria
2305 1536 2358 1590 in
2391 1532 2707 1590 confusione
2732 1544 2942 1586 eorum.

2095 1650 2246 1725 (CAP.
2273 1647 2406 1722 xxv.)
2433 1646 2634 1702 Iterum
2669 1643 2806 1698 alius
2843 1642 3091 1713 navigare
3111 1638 3325 1711 cogitat,
3352 1647 3399 1692 et
3422 1654 3518 1707 per
3542 1636 3621 1709 {e-

2024 1762 2111 1799 ros
2139 1747 2332 1817 ﬂuctus
2355 1740 2606 1812 incipiens
2636 1739 2735 1791 iter
2756 1735 2945 1807 facere,
2984 1732 3126 1817 ligno
3150 1739 3393 1804 portante
3421 1745 3477 1784 se
3501 1728 3609 1799 [ra-

2025 1811 2182 1906 gilius
2205 1829 2403 1902 lignum
2425 1811 2651 1882 invocat.
2691 1823 2836 1879 Illud
2857 1823 2993 1878 enim
3020 1811 3283 1892 cupiditas
3309 1817 3624 1890 acquirendi

2026 1922 2355 1994 excogitavit,
2406 1929 2455 1974 et
2502 1917 2695 1989 artifex
2733 1914 2991 1986 sapientia
3031 1910 3301 1982 fabricavit
3347 1926 3471 1965 sua.
3506 1907 3625 1961 Tua

2027 2027 2222 2081 autem,
2270 2009 2449 2076 Pater,
2477 2008 2729 2081 gubernat
2760 2005 3038 2077 sapientia.
3072 2000 3198 2057 Haec
3234 2000 3487 2056 similiter
3517 2000 3627 2054 sic-

2026 2113 2087 2161 ut
2123 2112 2180 2160 et
2222 2102 2406 2174 priora
2452 2102 2509 2157 in
2545 2099 2946 2171 sugillationem
2992 2093 3144 2167 ponit
3189 2093 3621 2157 idololatrarum,

2028 2193 2155 2264 quia
2197 2192 2435 2247 maxima
2459 2187 2715 2244 vecordia
2759 2193 2865 2251 est,
2908 2192 2969 2239 ut
3013 2184 3174 2239 homo
3218 2182 3285 2236 ad
3332 2181 3630 2251 imaginem

2031 2282 2127 2338 Dei
2167 2281 2439 2345 conditus,
2483 2277 2806 2333 rationalem
2851 2274 2920 2330 ab
2960 2275 3078 2345 ipso
3121 2272 3328 2328 habens
3365 2273 3630 2334 animam,

2029 2387 2129 2446 per
2151 2387 2311 2443 quam
2349 2370 2656 2441 excogitare
2685 2368 2858 2439 potuit
2893 2373 3085 2430 artem,
3124 2364 3394 2435 quomodo
3424 2364 3476 2418 in
3522 2362 3629 2419 au-

2032 2466 2210 2521 ctibus
2240 2465 2345 2519 iter
2374 2462 2587 2518 meandi
2620 2460 2864 2526 haberet,
2895 2459 3073 2514 navim
3114 2456 3387 2512 fabricans
3433 2471 3636 2511 secun-

2033 2556 2159 2611 dum
2213 2556 2348 2609 artis
2391 2568 2501 2608 sum
2533 2552 2808 2623 peritiam,
2851 2566 2956 2606 non
3002 2550 3261 2605 honorem
3306 2546 3383 2603 illi
3427 2548 3640 2601 tribuat

2035 2648 2127 2719 qui
2156 2648 2295 2701 hanc
2322 2644 2602 2700 scientiam
2624 2642 2727 2698 sibi
2756 2641 2925 2707 dedit,
2955 2640 3047 2696 sed
3073 2639 3253 2710 potius
3278 2639 3494 2692 invocet
3522 2637 3641 2691 ido-

2036 2740 2150 2794 lum
2179 2738 2321 2808 quod
2348 2737 2511 2792 simili
2542 2745 2661 2791 arte
2685 2736 2779 2790 sed
2812 2734 3000 2803 majori
3023 2733 3262 2788 vanitate
3291 2731 3407 2801 ipse
3436 2730 3643 2786 forma-

2037 2832 2135 2887 vit.
2161 2830 2297 2884 Nam
2324 2844 2448 2883 cum
2479 2827 2565 2883 ille
2601 2827 2673 2882 sit
2702 2826 2877 2898 major
2905 2834 2959 2880 et
2999 2823 3189 2879 melior
3218 2822 3518 2877 secundum
3556 2836 3643 2874 ra-

2043 2924 2243 2978 tionem
2273 2929 2463 2976 natura
2494 2935 2560 2975 eo
2592 2934 2750 2990 quem
2783 2918 2896 2988 ipse
2922 2914 3293 2970 insensibilem
3318 2913 3384 2967 ad
3415 2910 3641 2981 aliquod

2041 3012 2386 3070 simulacrum
2417 3009 2591 3077 ﬁtixit,
2624 3025 2731 3065 non
2755 3006 2943 3062 debuit
2967 3006 3222 3061 oberrare
3244 3011 3304 3058 ut
3332 3002 3506 3072 major
3539 3001 3645 3057 mi-

2043 3118 2231 3160 norem
2281 3103 2549 3164 adoraret,
2600 3100 2725 3171 quia
2773 3099 3012 3153 minores
3060 3110 3089 3149 a
3144 3094 3440 3164 majoribus
3479 3093 3648 3147 auxi-

360 3203 593 3260 cumque
625 3186 877 3241 vindictae
911 3193 1122 3253 tempus
1149 3181 1446 3245 advenerit,
1473 3193 1814 3249 nequaquam
1848 3192 1938 3248 po-

2045 3195 2179 3250 lium
2207 3207 2449 3264 (maerere
2482 3191 2696 3256 debent,
2736 3206 2842 3245 non
2882 3187 3118 3257 majores
3147 3201 3178 3241 a
3207 3185 3534 3241 minoribus.
3569 3183 3649 3238 Ex

360 3290 545 3338 ῑετιιυι
577 3294 671 3335 θοε
719 3290 974 3332 manuum
1018 3289 1240 3329 suarum
1289 3287 1452 3342 Opem
1504 3270 1773 3334 liberare,
1826 3284 1946 3340 qm"
1971 3245 2017 3309 C
2050 3286 2232 3343 divino
2270 3295 2450 3340 autem
2482 3298 2707 3339 munere
2756 3283 2900 3338 sicut
2941 3279 3138 3351 navigii
3178 3277 3535 3349 prcharatio,
3574 3277 3652 3330 ita

365 3386 508 3427 cmca
535 3377 591 3424 et
621 3364 953 3423 losensibilia
989 3361 1320 3418 confundunt
1362 3358 1599 3414 artiﬁces
1637 3372 1782 3414 suos.
1814 3357 1947 3425 Quis

364 3461 508 3517 enim
536 3456 702 3529 possit
740 3456 845 3510 hoc
890 3454 1112 3509 credere
1139 3451 1282 3521 quod
1310 3464 1339 3503 a
1371 3465 1467 3505 sua
1495 3449 1621 3504 lima
1645 3458 1701 3503 et
1732 3448 1949 3503 terebra

365 3549 663 3617 malleoq'ue
703 3545 966 3600 formetur
1012 3542 1179 3607 deus,
1220 3539 1306 3595 vel
1343 3539 1398 3594 in
1432 3538 1620 3609 prunis
1661 3538 1948 3593 simulacra

365 3638 679 3703 fundantur,
710 3636 794 3690 vel
818 3648 1007 3690 norma
1038 3632 1284 3695 mucius,
1321 3638 1377 3684 et
1413 3628 1763 3700 angularibus
1789 3628 1953 3683 circi-

365 3745 545 3801 noque
593 3730 648 3784 in
695 3730 825 3784 deos
871 3734 1096 3796 repente
1140 3730 1498 3794 consurgant,
1542 3720 1952 3791 prasertimque

366 3837 491 3879 cum
519 3820 663 3876 fame
686 3826 738 3872 et
764 3817 854 3873 siti
885 3814 1109 3870 artiﬁcis
1142 3813 1275 3869 artis
1299 3813 1479 3868 vilitas
1507 3812 1907 3867 demonstretur
1933 3828 1948 3865 :

369 3913 429 3968 fit
453 3912 597 3969 enim
630 3910 804 3981 lignea
830 3916 1009 3963 statua
1045 3906 1334 3960 humanam
1356 3904 1670 3974 exprimens
1695 3902 1949 3973 speciem,

367 4011 424 4057 et
448 4008 652 4072 quanto
693 3998 969 4071 pulchrior
996 3995 1179 4060 fuerit,
1212 4003 1363 4049 tanto
1389 3994 1525 4050 deus
1546 4003 1773 4064 putatur
1793 4010 1955 4065 augu-

369 4090 523 4155 stior,
551 4089 878 4159 poniturque
923 4086 976 4139 in
1019 4083 1160 4148 fano,
1204 4092 1259 4139 et
1292 4092 1497 4155 aeterno
1528 4082 1797 4138 clauditur
1828 4098 1955 4138 car-

369 4195 515 4247 cere,
536 4195 660 4250 qua:
699 4179 859 4248 longo
887 4163 1131 4247 tempore
1176 4175 1352 4232 crevit
1396 4176 1451 4230 in
1482 4174 1732 4241 saltibus,
1768 4183 1825 4231 et
1853 4189 1955 4246 pro

368 4272 633 4327 varietate
670 4271 926 4325 arborum
969 4265 1188 4331 cedrus,
1238 4273 1295 4319 et
1341 4264 1445 4319 ilex
1492 4272 1552 4320 et
1590 4279 1825 4335 quercus
1869 4264 1956 4320 vel

371 4365 532 4436 pinos
568 4362 688 4427 fuit,
720 4362 1023 4430 mirumque
1062 4358 1116 4413 in
1159 4357 1377 4413 modum
1414 4364 1690 4429 segmerita
1727 4358 1846 4429 ejus
1873 4365 1958 4412 at.

371 4470 479 4526 que
506 4468 707 4510 rasura
748 4455 1036 4509 mittuntur
1061 4450 1115 4505 in
1155 4448 1333 4504 focum
1361 4457 1419 4503 ut
1444 4448 1766 4505 calefaciunt
1786 4449 1959 4504 artill-

373 4561 491 4603 cem
520 4546 636 4609 dei,
678 4554 733 4600 et
760 4551 1006 4612 coquant
1028 4540 1241 4595 diversa
1277 4540 1585 4609 pultnenta;
1618 4555 1745 4612 pars
1772 4549 1955 4596 autem

373 4639 542 4693 altera
589 4635 856 4692 formatur
882 4633 936 4687 in
974 4630 1136 4686 deum
1176 4638 1239 4684 ut
1278 4644 1442 4700 opem
1462 4632 1735 4701 completo
1770 4631 1958 4687 adoret

374 4730 521 4786 illam
552 4729 725 4783 factor
747 4739 902 4790 suus,
931 4732 987 4779 et
1010 4722 1191 4792 operis
1206 4722 1297 4777 sui
1325 4722 1653 4792 imprecetur
1675 4725 1954 4792 auxilium,

374 4838 475 4880 nee
500 4821 749 4894 intelligit
768 4818 854 4875 vel
875 4816 1158 4887 recogitet,
1184 4815 1292 4870 imo
1315 4830 1421 4871 nec
1434 4817 1619 4872 cal-nis
1638 4832 1740 4872 nec
1760 4817 1959 4875 mentis

376 4915 570 4984 aspicit
596 4912 790 4975 oculis,
821 4910 964 4980 quod
990 4922 1099 4962 non
1125 4907 1298 4979 possit
1326 4921 1450 4963 esse
1484 4906 1799 4977 deus-cujus
1826 4922 1961 4978 pars

378 5006 501 5075 igne
523 5008 841 5071 consumpta
868 5007 973 5064 est,
1018 5014 1121 5054 nee
1160 4999 1401 5055 hominis
1420 5014 1588 5053 manu
1606 4998 1746 5053 ﬁeri
1768 4997 1963 5053 divina

378 5095 655 5164 majestate,
684 5091 1007 5161 pleniusque
1046 5104 1211 5159 super
1249 5089 1499 5145 irrisione
1536 5089 1807 5146 idolorum
1831 5102 1960 5161 pro»

379 5183 623 5257 p‘lieﬁeus
660 5194 837 5235 sertae
870 5180 1197 5245 contegitur,
1220 5192 1347 5250 qua
1372 5180 1561 5235 facim
1597 5180 1961 5251 intelligentia

378 5285 526 5342 sunt,
572 5288 675 5330 nec
721 5272 1037 5328 iacinlosam
1077 5272 1193 5327 imo
1219 5271 1540 5343 superfluam
1571 5274 1963 5344 expositionem

379 5369 711 5426 desiderant.
760 5363 935 5433 Super
974 5377 1085 5431 quo
1118 5372 1174 5416 et
1204 5361 1433 5418 Flaccus
1460 5363 1650 5419 scribit
1678 5363 1733 5419 in
1777 5374 1957 5437 satyrs

384 5461 638 5519 deridens
664 5456 951 5513 sintulacra
975 5453 1253 5513 consilium
1584 5488 1591 5495 .
1914 5468 1925 5489 ι

570 5624 697 5677 Olim
719 5616 919 5673 truncas
941 5630 1074 5669 eram
1098 5616 1319 5679 ﬁculnus,
1344 5618 1516 5669 inutile
1539 5616 1744 5680 lignum,

508 5686 622 5737 Cum
642 5687 796 5745 faber,
817 5685 1295 5745 iucerlus_seamnu_m
1323 5678 1845 5745 lacerelne'i’napum,

506 5748 672 5796 Hatu’u
696 5740 810 5795 esse
831 5749 994 5796 deum.
1020 5740 1154 5791 Deus
1177 5740 1290 5791 inde
1312 5742 1613 5805 ego,turum
1639 5741 1900 5804 aviumque

512 5808 718 5860 Maxima
744 5808 962 5863 formida.

2048 3384 2105 3431 et
2125 3374 2411 3446 navigandi
2435 3388 2627 3428 cursus
2647 3370 3001 3442 postulandus
3024 3378 3127 3435 est,
3154 3368 3278 3438 quia
3299 3367 3655 3437 omnipotens

2048 3467 2274 3523 Creator
2299 3479 2677 3538 quemcunque
2702 3463 2924 3528 deserit,
2957 3460 3247 3525 interimit;
3271 3473 3434 3529 quem
3462 3468 3655 3513 autem

2051 3560 2140 3617 ille
2164 3561 2451 3634 gubernat,
2491 3559 2705 3628 integra
2748 3555 3107 3628 prosperitate
3146 3551 3401 3607 exsultat.
3440 3547 3658 3607 Omnes

2051 3662 2233 3710 autem
2261 3651 2503 3709 lueretici
2528 3651 2621 3722 qui
2650 3650 2703 3704 in
2731 3646 3072 3720 dogmatibus
3096 3645 3209 3701 suis
3233 3644 3378 3698 varia
3403 3645 3662 3699 condunt

2051 3744 2342 3801 simulacra
2380 3753 2651 3807 errorum,
2694 3738 2816 3794 ideo
2865 3738 2918 3792 in
2965 3734 3217 3791 ﬂuctibus
3251 3732 3412 3803 huius
3466 3731 3659 3789 muli

2051 3834 2443 3898 obvolvuntur,
2493 3832 2620 3902 quia
2672 3830 2853 3885 navim
2900 3827 3158 3884 Ecclesia:
3206 3826 3559 3897 reliquerunt
3604 3833 3662 3880 et

2052 3924 2219 3981 Deum
2247 3924 2662 3997 gubernatorem
2696 3919 2899 3975 habere
2923 3916 3229 3972 noluerunt.

2127 4039 2400 4105 Quomodo
2440 4036 2632 4092 dedisti
2668 4035 2723 4089 in
2755 4034 2892 4089 mari
2924 4033 3061 4088 uiam
3102 4041 3151 4087 et
3193 4033 3330 4086 inter
3355 4032 3561 4101 [luctus
3586 4047 3666 4085 se-

2052 4133 2233 4188 mitam
2262 4128 2644 4199 ﬁrmissimam,
2673 4123 2947 4181 ostendens
2982 4122 3234 4195 quoniam
3265 4130 3446 4195 potens
3489 4138 3555 4175 es
3600 4137 3667 4176 ea:

2053 4223 2347 4281 hominibus
2370 4237 2580 4286 sanare,
2610 4220 2767 4276 etiam
2810 4219 2856 4272 si
2890 4217 3005 4288 quis
3024 4215 3136 4270 sine
3162 4224 3271 4268 rate
3292 4214 3448 4268 adeat
3481 4230 3663 4267 mare.

2052 4316 2215 4372 Juxta
2239 4312 2525 4369 historiam
2566 4325 2697 4380 ergo
2742 4307 2954 4365 Domini
2994 4306 3235 4378 potentia
3280 4305 3669 4361 demonstrata

2053 4414 2160 4472 est,
2202 4420 2328 4460 cum
2376 4401 2635 4474 populum
2682 4398 3033 4456 lsraeliticu'm
3073 4412 3173 4469 per
3212 4412 3361 4452 mare
3407 4390 3670 4451 Rubrum

2056 4498 2201 4554 sicco
2242 4494 2379 4568 pede
2423 4494 2657 4551 transire
2696 4490 2855 4560 fecit;
2895 4490 3146 4547 similiter
3173 4500 3230 4545 et
3256 4496 3561 4545 exeuntem
3603 4491 3672 4545 de

1981 4594 2034 4656 D
2061 4591 2273 4648 deserto
2298 4587 2547 4643 eumdem
2586 4598 2682 4658 per
2708 4583 2959 4640 .lordanis
3000 4582 3210 4636 alveum
3240 4578 3562 4635 transduxit
3594 4580 3675 4634 di-

2056 4678 2191 4735 visis
2220 4694 2286 4733 cx
2324 4686 2554 4749 utraque
2581 4683 2738 4748 parte
2766 4673 2939 4746 aquis,
2973 4681 3033 4728 ut
3069 4680 3335 4727 terrorem
3383 4670 3674 4726 incuteret

2058 4772 2308 4846 gentibus
2352 4768 2779 4825 Cbanameorum
2830 4760 3279 4821 exterminandis.
3345 4759 3453 4815 Sed
3498 4761 3673 4832 juxta

2058 4864 2368 4937 allegoriam
2408 4863 2524 4936 ipse
2570 4861 2830 4918 Dominus
2870 4858 3116 4923 ﬁdelibus
3154 4855 3268 4911 suis
3304 4854 3446 4909 inter
3473 4854 3671 4910 saeculi

2058 4956 2254 5013 ﬂuctus
2283 4966 2441 5026 atque
2470 4963 2877 5025 persecuturum
2909 4952 3467 5018 tormentapraeparat
3495 4960 3675 4999 senu-

2066 5057 2174 5125 tam
2226 5045 2349 5100 ﬁdei
2384 5053 2545 5114 atque
2570 5028 2925 5107 constantiae,
2976 5054 3075 5111 per
3121 5051 3282 5109 quam
3333 5034 3555 5105 possint
3604 5032 3676 5089 ab

2063 5122 2211 5193 omni
2253 5134 2507 5192 seandalo
2548 5133 2783 5188 transire
2824 5130 2995 5196 ill-.csi,
3042 5143 3144 5183 nec
3179 5126 3260 5180 eis
3299 5122 3532 5179 humani
3582 5139 3675 5179 so-

2065 5229 2178 5286 latii
2213 5229 2284 5285 ibi
2313 5228 2417 5283 erit
2439 5243 2593 5299 opus,
2622 5226 2711 5281 ubi
2756 5234 2996 5296 potestas
3034 5220 3298 5277 Altissimi
3349 5234 3466 5275 sua:
3490 5219 3674 5274 virtu-

2069 5310 2454 5379 tesimirabilcs
2473 5318 2706 5385 ostendit
2734 5316 2979 5373 ell‘ectus.

2142 5434 2248 5493 Sed
2275 5444 2331 5489 ut
2362 5450 2465 5492 non
2492 5442 2661 5489 essent
2692 5447 2860 5493 uacua
2892 5428 3165 5500 sapientia:
3192 5438 3298 5487 tua:
3330 5443 3521 5497 opera,
3542 5440 3677 5497 pto—

2067 5534 2181 5595 pter
2211 5525 2309 5579 Itae
2345 5524 2501 5579 etiam
2540 5523 2729 5593 exiguo
2763 5518 2905 5591 ligno
2938 5518 3156 5572 credunt
3187 5517 3425 5572 homines
3450 5516 3673 5571 animus

2066 5631 2211 5679 suas,
2240 5624 2288 5669 et
2314 5623 2642 5673 transeuntes
2672 5626 2816 5667 mare
2848 5626 2941 5676 per
2960 5619 3130 5665 ratem
3158 5608 3364 5663 liberati
3392 5618 3545 5670 sunt.
3570 5602 3674 5660 sed

2068 5706 2132 5760 ab
2153 5707 2300 5761 initio
2330 5722 2449 5759 cum
2474 5706 2702 5775 perirent
2720 5702 2931 5774 superbi
2952 5702 3209 5772 gigantes,
3241 5717 3355 5772 spes
3381 5702 3526 5759 orbis
3554 5708 3676 5757 ωδ

2070 5813 2246 5851 rarum
2272 5797 2341 5851 ad
2373 5807 2534 5851 ratem
2565 5792 2890 5861 confugiens,
2922 5795 3117 5851 remisit
3144 5792 3337 5850 sa'culo
3354 5804 3538 5849 sem
3564 5804 3668 5843 ua-
