3928 6182
299 329 404 389 757

1018 353 1031 368 ν
1120 331 1479 395 comm.
1508 337 1587 393 1N
1624 336 1885 396 ιιιιιιιιι

2370 370 2440 384 -—
2476 342 2608 400 ιω.
2642 341 2757 403 ιιι.-
2846 362 2879 385 ·ί

3462 346 3568 409 738

297 448 544 513 usitatis,
565 463 684 518 quae
700 460 864 502 manu
884 454 1107 504 lauerat
1124 447 1431 518 gubernem.
1458 445 1724 503 Mirabile
1738 460 1898 504 crea-l
1920 454 1972 512 Α
1998 458 2266 508 tormenta
2284 453 2580 524 patientur,
2606 456 2735 525 quis
2761 455 2897 512 falsa
2919 472 3019 527 pro
3045 460 3299 528 veritate,
3316 468 3378 523 et
3398 462 3578 525 mm-

296 548 391 595 tor
412 546 684 594 creaturae
718 552 839 596 suas
867 538 1020 593 dedit
1044 539 1351 598 scientiam.
1374 547 1648 608 quatenus
1672 540 1729 594 in
1750 555 1895 610 psse-

1998 552 2114 596 ram
2140 556 2244 610 pro
2275 540 2485 603 factore
2507 545 2756 620 venerari
2790 544 3169 604 moliebantur.
3202 548 3336 611 Sed
3361 551 3491 621 quia
3514 551 3582 607 li-

294 628 441 685 senti
466 627 668 683 seculo
690 642 804 684 suae
827 629 999 699 possit
1024 628 1311 684 conualere
1340 629 1681 694 necessitati,
1704 638 1762 685 et
1793 629 1899 685 Bo-
1948 660 1971 681 .ι
1995 644 2161 702 gnum
2186 647 2286 703 pro
2311 634 2533 691 homine
2558 635 2793 705 positum
2821 651 2961 705 saepe
2992 637 3048 691 in
3079 637 3378 709 scripturis
3405 642 3582 699 sacris

292 718 437 775 mini
480 720 569 774 sui
612 720 890 775 deservire
937 720 1221 775 voluntati.
1275 719 1369 776 Sic
1415 721 1581 775 etiam
1632 723 1704 777 ab
1738 723 1896 779 initio

294 808 521 879 quando
536 823 707 881 genus
729 810 1027 864 humanum
1050 817 1110 865 et
1129 809 1451 866 idololatriae
1472 813 1679 867 servire
1705 813 1893 884 empit,

296 909 353 956 et
374 901 561 955 nuntia
580 899 728 955 mala
756 915 857 971 per
885 901 1151 970 superbos
1189 901 1436 974 gigantes
1470 904 1801 971 gerebantur
1834 904 1893 960 in

296 1001 481 1058 terra,
521 991 725 1047 arbiter
758 991 1107 1061 omnipotens
1147 991 1359 1049 ﬁdelem
1404 994 1680 1050 cultorem
1733 1010 1890 1050 suum

293 1080 415 1137 Noe
438 1096 627 1137 arcam
650 1079 832 1136 facere
851 1079 1043 1149 jussit,
1054 1096 1164 1151 per
1186 1097 1351 1152 quam
1385 1082 1503 1152 ipse
1524 1094 1581 1138 et
1609 1085 1891 1155 progenies

293 1174 417 1245 ejus
438 1173 763 1238 salvaretur,
784 1173 1102 1243 speciesque
1144 1174 1385 1229 omnium
1427 1175 1892 1233 animantium.ad

296 1264 540 1319 futuram
593 1264 1043 1318 restaurationem
1094 1265 1243 1321 orbis
1297 1275 1670 1322 servarentur.
1722 1265 1890 1335 Cujus

292 1355 552 1411 videlicet
574 1355 888 1426 mysterium
910 1354 1104 1410 Petrus
1137 1355 1414 1425 apostolus
1446 1357 1501 1411 in
1529 1352 1766 1428 Epistula
1788 1372 1888 1414 sua

288 1444 541 1500 ostendit
564 1444 751 1500 dicens
783 1462 799 1499 :
827 1443 1079 1500 Christus
1113 1444 1273 1500 semel
1300 1462 1402 1517 pro
1438 1448 1664 1516 peccatis
1693 1448 1888 1502 nostris

289 1545 536 1590 mortuus
556 1545 653 1601 est,
675 1536 856 1606 justus
894 1550 990 1606 pro
1033 1535 1270 1606 infestis,
1315 1545 1371 1591 ut
1414 1553 1508 1592 nos
1548 1538 1761 1607 oﬂ'erret
1778 1538 1886 1593 Deo

286 1628 641 1697 mortiﬁcata
670 1627 882 1698 quidem
926 1644 1104 1694 carne,
1144 1627 1434 1696 rivi/icatus
1471 1636 1647 1682 autem
1673 1628 1882 1699 spiritu.

286 1718 358 1775 In
374 1736 482 1792 quo
511 1728 561 1774 et
589 1719 673 1775 his
687 1719 779 1790 qui
807 1719 863 1774 in
889 1735 1095 1774 carcere
1120 1728 1271 1773 erant
1293 1719 1485 1779 spiritu
1510 1718 1716 1774 ueniens
1746 1736 1885 1790 prir-

1995 720 2316 788 inveuimus,
2346 722 2501 792 juxta
2520 724 2841 795 .tropologite
2858 726 3119 796 regulam,
3152 729 3585 787 benedictusvest

1993 810 2159 867 homo
2180 812 2276 882 qui
2311 811 2477 869 verba
2517 813 2767 870 veritatis
2796 815 3025 884 profert,
3063 825 3119 871 et
3142 831 3309 885 opera
3335 817 3466 877 facit
3491 817 3582 887 ju-

1962 904 2179 960 -stiti~.e.
2225 903 2527 961 Haereticus
2572 913 2755 961 autem
2798 906 2891 975 qui
2941 905 3144 967 erroris
3187 907 3272 962 sui
3322 906 3579 979 ligtnenta

1990 1001 2283 1049 veneratur
2327 993 2649 1055 maledictus
2690 1002 2817 1061 est,
2860 1003 2916 1049 et
2958 996 3249 1064 perditioni
3293 997 3580 1068 deputatus

1990 1092 2229 1148 aeternae,
2258 1084 2373 1154 ipse
2392 1084 2645 1141 videlicet
2664 1092 2722 1141 et
2751 1099 2888 1161 opus
2910 1085 3048 1155 ejus,
3074 1085 3177 1142 hoc
3197 1095 3307 1154 cst,
3330 1084 3579 1142 doctrina

1966 1172 2129 1242 ejus,
2153 1188 2316 1243 quam
2346 1171 2433 1227 ille
2454 1171 2593 1228 falso
2616 1189 2717 1243 pro
2741 1174 2971 1231 veritate
2994 1176 3190 1245 docere
3210 1176 3579 1247 praesumpsit,

1989 1264 2057 1320 de
2083 1280 2192 1335 quo
2218 1275 2275 1319 et
2297 1263 2676 1336 subjungitur:

2024 1398 2027 1403 .
2059 1353 2316 1411 Similiter
2352 1365 2529 1410 autem
2560 1356 2672 1412 Deo
2707 1357 2829 1413 adio
2868 1367 2991 1413 sunt
3027 1358 3219 1429 impius
3254 1368 3303 1413 ct
3340 1358 3580 1430 impietas

1986 1446 2122 1516 ejus.
2179 1443 2387 1501 Etenim
2421 1448 2563 1517 quod
2590 1447 2793 1518 factum
2822 1459 2905 1505 est
2933 1467 3052 1505 cum
3076 1449 3169 1504 illo
3194 1451 3285 1521 qui
3317 1450 3438 1520 fecit
3467 1459 3578 1507 tor-

1985 1546 2160 1592 menta
2185 1539 2432 1608 patietur.
2466 1538 2605 1594 Hinc
2645 1547 2701 1594 et
2719 1553 2818 1609 per
2845 1538 3135 1594 Jeremiam
3161 1529 3359 1596 dicitur
3385 1556 3402 1595 :
3430 1539 3580 1598 Stul-

1983 1636 2068 1682 tus
2094 1626 2266 1696 factus
2290 1638 2364 1683 est
2390 1629 2558 1684 omnis
2592 1629 2748 1683 homo
2773 1646 2807 1682 a
2831 1628 3048 1684 scientia
3071 1646 3191 1691 sua,
3218 1631 3473 1701 confusus
3498 1639 3579 1688 est

1983 1718 2153 1773 omnis
2174 1718 2342 1787 {alsor
2359 1720 2415 1773 in
2433 1718 2689 1790 sculptile,
2724 1720 2850 1790 quia
2887 1720 3116 1775 mendax
3144 1721 3405 1791 conﬂatur
3438 1723 3575 1793 ejus,

283 1811 509 1876 dicavit,
532 1811 624 1881 qui
650 1809 909 1864 increduli
944 1810 1154 1878 fuerant
1196 1810 1502 1880 aliquando,
1541 1810 1754 1880 quando
1788 1827 1883 1865 οε·-
1915 1801 1960 1860 Β
1986 1823 2079 1861 nec
2115 1816 2191 1861 est
2222 1808 2438 1878 spiritus
2475 1808 2533 1862 in
2560 1809 2657 1873 eis,
2694 1823 2828 1862 uana
2857 1808 2995 1863 enim
3023 1819 3144 1863 sunt
3178 1826 3356 1881 opera,
3385 1822 3431 1866 et
3469 1814 3579 1867 risu

282 1901 595 1972 spectabant
618 1901 714 1956 Dei
741 1900 1068 1971 patientior».
1117 1900 1186 1954 In
1206 1900 1390 1955 diebus
1414 1900 1531 1955 Noe
1559 1916 1676 1954 cum
1715 1900 1885 1971 [abri-

284 2000 504 2046 caretur
529 2009 657 2047 arca
690 1993 746 2047 in
770 2009 876 2063 qua
908 1993 1081 2062 pauci.
1125 1991 1180 2046 id
1217 2001 1315 2058 est,
1360 2001 1477 2046 octo
1507 1993 1701 2047 animm
1727 1992 1886 2047 salute

285 2082 447 2152 facite
479 2094 601 2138 sunt
625 2099 719 2154 per
737 2099 951 2154 aquam,
971 2082 1112 2153 quod
1138 2091 1188 2137 et
1215 2098 1305 2137 vos
1327 2096 1466 2138 nunc
1484 2081 1671 2137 similis
1698 2082 1885 2151 [armis

284 2172 461 2228 salvos
489 2174 621 2244 facit
655 2173 912 2244 baptisma
947 2173 999 2245 (1
1026 2170 1174 2227 Petr.
1208 2171 1316 2245 ιιι).
1347 2172 1601 2230 Formam
1630 2173 1882 2244 baptismi

285 2264 648 2320 assimilatam
692 2264 878 2321 dicunt
922 2280 1067 2320 arca:
1113 2273 1170 2319 et
1209 2263 1366 2333 aquis
1402 2263 1610 2328 diluvii,
1646 2272 1703 2319 et
1737 2271 1886 2319 recte

285 2355 513 2413 omnino
534 2356 662 2426 quia
687 2363 745 2411 et
773 2355 889 2426 ipsa
916 2354 1201 2410 fabricatio
1225 2370 1368 2411 arcae
1395 2355 1463 2411 de
1488 2354 1649 2425 lignis
1679 2354 1884 2426 leviga-

287 2448 359 2504 tis
408 2448 872 2504 constructionem
915 2446 1187 2518 signiﬁcat
1230 2445 1512 2511 Ecclesiae,
1561 2460 1684 2516 qua:
1724 2444 1786 2499 lit
1817 2444 1886 2501 de

284 2538 610 2594 collectione
632 2538 936 2593 animarum
965 2536 1201 2592 fidelium
1230 2550 1330 2605 per
1356 2534 1683 2591 architectos
1709 2535 1882 2590 verbi.

285 2628 354 2685 Et
383 2629 532 2698 quod
558 2637 820 2698 pereunte
839 2627 972 2683 orbe
1002 2634 1112 2683 toto
1139 2625 1320 2695 pauci,
1345 2626 1399 2680 id
1419 2632 1524 2689 est,
1545 2632 1671 2680 octo
1690 2623 1887 2678 animae

285 2719 453 2777 salvae
481 2720 641 2776 facta:
669 2729 795 2776 sunt
820 2734 917 2789 per
944 2734 1163 2788 aquam,
1190 2717 1462 2788 signiﬁcat
1486 2718 1612 2787 quia
1643 2716 1888 2772 adcom-

284 2813 629 2884 parationem
670 2811 1010 2882 pereuntium
1035 2809 1339 2881 gentilium,
1360 2808 1690 2873 Judteorum,
1718 2808 1888 2863 luere-

287 2906 521 2960 ticorum
566 2913 621 2959 et
661 2903 919 2959 falsorum
947 2902 1208 2968 ﬁdelium,
1246 2901 1414 2957 multo
1438 2901 1657 2956 brevior
1680 2908 1766 2956 est
1794 2914 1888 2954 nu-

287 3011 480 3051 merus
517 2995 832 3050 electorum.
891 2992 1045 3049 Unde
1072 2995 1140 3049 de
1173 3004 1401 3064 angusta
1440 3001 1595 3062 porta
1639 3001 1695 3048 et
1733 2999 1885 3047 arcta

286 3087 377 3141 via
416 3102 540 3157 qum
575 3087 725 3142 ducit
760 3087 825 3141 ad
872 3087 1039 3140 vitam
1078 3086 1278 3141 dicitur
1308 3103 1324 3140 :
1354 3084 1426 3139 Et
1460 3086 1615 3156 pauci
1643 3094 1764 3140 sunt
1792 3084 1885 3155 qui

286 3149 555 3234 inveniunt
581 3195 697 3233 eam
719 3178 937 3250 (Matth.
966 3179 1084 3249 vn).
1113 3178 1181 3234 Et
1212 3180 1407 3235 iterum
1433 3149 1654 3233 z'Nolite
1678 3149 1880 3241 timere,
1910 3149 1955 3212 Ο

285 3271 513 3344 pusillus
534 3286 683 3341 grex,
704 3272 829 3342 quia
848 3269 1161 3341 complacuit
1202 3269 1347 3324 Patri
1377 3279 1544 3324 vestro
1576 3268 1705 3323 dare
1740 3267 1883 3322 vobis

290 3380 508 3434 regnum
537 3361 689 3433 (Luc.
719 3361 839 3435 xu).
896 3362 1051 3430 Quod
1075 3377 1206 3433 ergo
1234 3363 1419 3418 diluvii
1445 3377 1586 3433 aqua
1629 3378 1734 3418 non
1774 3361 1882 3417 sal-

289 3455 438 3509 vavit
458 3461 615 3509 extra
638 3468 822 3509 arcam
846 3454 1070 3523 positos,
1089 3454 1183 3508 sed
1202 3454 1425 3519 occidit,
1444 3454 1563 3508 sine
1575 3454 1886 3523 dubioprae—

290 3544 563 3617 figurabat
600 3559 817 3599 omnem
849 3544 1165 3599 haereticum
1207 3544 1333 3600 licet
1375 3545 1665 3601 habentem
1709 3546 1887 3615 bapti-

291 3636 484 3691 smatis
504 3642 905 3691 sacramentum
929 3649 1039 3691 non
1071 3634 1218 3701 aliis,
1253 3635 1347 3690 sed
1370 3634 1502 3705 ipsis
1522 3636 1678 3706 aquis
1706 3636 1774 3690 ad
1804 3636 1887 3690 iu-

291 3727 451 3783 ferna
469 3727 843 3797 mergendum,
872 3724 1073 3797 quibus
1089 3741 1219 3782 arca
1244 3726 1557 3783 sublevatur
1577 3728 1645 3783 ad
1665 3727 1882 3784 casiam.

290 3820 409 3891 ipse
460 3833 679 3890 quoque
723 3819 1036 3875 octonarius
1090 3833 1351 3874 numerus
1408 3820 1713 3874 animarum
1764 3834 1886 3889 qua:

292 3913 457 3969 salva:
485 3912 644 3968 facta:
674 3920 800 3968 sunt
828 3926 924 3983 per
952 3926 1150 3981 aquam
1193 3911 1481 3982 significat,
1519 3912 1665 3981 quod
1700 3917 1886 3966 sancta

292 4003 540 4059 Ecclesia
581 4003 636 4057 in
677 4011 1080 4059 sacramentum
1126 4002 1421 4058 Dominica:
1474 4003 1888 4061 resurrectionis

292 4096 549 4167 baptismi
580 4095 854 4151 lavacrum
878 4095 1131 4167 percipit,
1169 4105 1230 4151 ut
1262 4095 1405 4152 sicut
1434 4095 1547 4166 ipse
1587 4096 1888 4150 resurrexit

296 4204 328 4244 a
358 4188 588 4244 mortuis
626 4202 725 4258 per
769 4186 998 4259 gloriam
1035 4185 1237 4251 Patris,
1282 4186 1357 4241 ita
1394 4202 1493 4241 nos
1529 4185 1809 4256 expurgati
1854 4200 1886 4239 a

295 4279 535 4352 peccatis
572 4293 671 4350 per
703 4293 904 4349 aquam
942 4276 1369 4349 regenerationis
1409 4276 1463 4331 in
1504 4275 1743 4331 novitate
1765 4274 1888 4330 vita:

295 4369 655 4425 ambulemus.

366 4458 710 4516 Benedictum
737 4468 815 4514 est
843 4475 980 4513 erum
1011 4457 1213 4529 lignum
1247 4474 1341 4529 per
1371 4458 1512 4529 quod
1551 4458 1613 4527 [it
1648 4458 1884 4528 justitia.

298 4548 404 4604 Per
428 4564 617 4603 manus
640 4548 974 4619 autemquod
1002 4548 1065 4617 [it
1098 4546 1318 4611 idolum,
1359 4546 1690 4611 maledictum
1727 4558 1802 4603 est
1838 4557 1888 4602 et

296 4641 488 4713 ipsum,
530 4649 577 4693 et
623 4640 714 4710 qui
757 4638 877 4708 fecit
918 4637 1053 4692 illud
1074 4652 1094 4691 :
1115 4638 1240 4711 quia
1282 4637 1372 4694 ille
1405 4638 1614 4710 quidem
1645 4649 1887 4709 operatus

295 4742 394 4798 est,
431 4730 566 4784 illud
590 4739 787 4795 autem,
814 4746 931 4784 cum
956 4728 1144 4800 fragile
1164 4738 1319 4795 esset,
1341 4729 1467 4784 deus
1492 4731 1889 4800 cognominatus

297 4832 394 4879 est.
421 4823 648 4878 Diversa
689 4830 776 4877 est
808 4821 925 4876 hmo
961 4821 1297 4892 comparatio
1332 4820 1562 4877 duorum
1594 4821 1887 4893 lignorum,

296 4913 425 4983 quia
462 4926 631 4967 unum
661 4909 1110 4975 benedictionem,
1147 4910 1376 4967 alterum
1403 4926 1534 4975 vero
1562 4912 1893 4973 maledictio-

298 5018 423 5058 nem
449 5008 710 5059 meretur.
750 4999 1101 5057 Benedictum
1143 5008 1229 5057 est
1263 5001 1410 5056 enim
1449 5000 1650 5072 lignum
1688 5004 1890 5069 crucis,

301 5093 353 5148 in
380 5107 493 5165 quo
512 5107 612 5164 per
634 5093 949 5162 sanguinem
977 5091 1177 5151 Christi
1219 5101 1505 5163 reparatus
1535 5101 1621 5150 est
1639 5094 1810 5162 orbis,
1836 5104 1893 5152 et

300 5183 603 5254 redemptio
625 5180 867 5252 perfecta
901 5191 987 5238 est
1014 5183 1237 5237 humani
1262 5184 1496 5254 generis.
1537 5185 1581 5240 E
1616 5188 1891 5252 contrario

299 5291 431 5332 vero
460 5274 805 5332 maledictum
832 5283 918 5331 est
949 5273 1175 5340 idolum,
1200 5275 1307 5330 hoc
1328 5283 1433 5341 est,
1460 5277 1808 5333 simulacrum
1837 5288 1892 5335 et

299 5367 516 5424 cultura
540 5365 803 5423 falsorum
825 5367 1074 5433 deorum,
1109 5366 1264 5437 cujus
1294 5374 1378 5424 est
1401 5375 1585 5424 certus
1616 5368 1889 5436 interitus,

297 5471 356 5519 et
398 5460 709 5533 operatoris
749 5458 869 5530 ejus
909 5467 1093 5521 manet
1127 5460 1404 5521 cruciatus
1440 5469 1699 5517 aeternus.
1757 5461 1894 5518 Nam

298 5552 554 5610 diabolus
582 5559 730 5609 recte
768 5551 894 5611 inde
937 5552 1210 5622 punietur,
1259 5552 1407 5622 quod
1449 5553 1711 5613 honorem
1754 5553 1896 5609 divi-

297 5659 435 5701 num
487 5640 591 5699 sibi
633 5638 829 5707 offerre
869 5643 1144 5715 persuasit
1178 5652 1342 5717 atque
1378 5643 1693 5701 consensit;
1724 5644 1899 5708 haud.

302 5751 404 5792 nes
438 5736 761 5808 autemqui
799 5736 965 5807 illum,
986 5751 1086 5806 pro
1120 5736 1236 5795 Deo
1274 5735 1524 5811 ualebant
1547 5736 1675 5791 inde
1706 5738 1898 5795 merito

1986 1897 2168 1969 digna,
2197 1900 2252 1954 in
2275 1907 2501 1970 tempore
2522 1899 2833 1954 uisitationis
2859 1916 2971 1954 sure
2991 1900 3233 1970 peribunt
3262 1899 3398 1973 (λεν.
3426 1900 3504 1973 ι).

2057 1988 2282 2060 Propter
2304 1990 2401 2044 Itoc
2421 1998 2470 2045 et
2490 1991 2547 2044 in
2570 1988 2728 2045 idolis
2748 1992 3021 2047 nationum
3040 2008 3145 2046 non
3165 1992 3261 2046 erit
3284 2002 3542 2061 respectus
3559 2006 3579 2045 :

1983 2080 2231 2151 quoniam
2263 2090 2517 2136 creatura:
2540 2079 2641 2134 Dei
2665 2081 2722 2135 in
2747 2083 2927 2135 odium
2951 2081 3109 2151 facta:
3125 2088 3248 2135 sunt
3264 2120 3281 2145 ,
3302 2090 3351 2137 et
3386 2081 3444 2137 in
3462 2094 3578 2136 teu-

1984 2171 2233 2224 tationem
2260 2170 2452 2224 animis
2483 2170 2777 2236 hominum,
2808 2179 2857 2224 ct
2893 2170 2949 2227 in
2986 2170 3334 2241 muscipulam
3363 2171 3580 2241 pedibus

1983 2263 2364 2334 insipientiam.
2409 2262 2526 2318 Non
2555 2273 2683 2320 sunt
2712 2264 2857 2318 enim
2898 2264 3040 2319 idola
3067 2264 3309 2333 gentium
3337 2274 3395 2320 et
3422 2265 3573 2320 inha-

1983 2354 2248 2412 bitatores
2272 2370 2485 2422 eorum,
2511 2355 2730 2424 maligni
2760 2355 3010 2410 videlicet
3041 2355 3284 2426 spiritus,
3313 2355 3462 2427 digni
3486 2371 3579 2411 ve-

1984 2450 2098 2515 nia,
2136 2450 2391 2519 quoniam
2423 2449 2672 2505 homines
2700 2448 2794 2518 qui
2820 2448 2889 2503 ad
2914 2447 3202 2518 imaginem
3233 2456 3290 2503 et
3315 2448 3580 2504 honorem

1985 2540 2081 2597 Dei
2108 2541 2279 2597 creati
2309 2548 2455 2603 sunt,
2483 2554 2514 2593 a
2537 2539 2817 2595 conditore
2844 2553 2944 2594 suo
2977 2538 3386 2605 abstrahcbnt,
3427 2548 3482 2594 et
3523 2540 3580 2593 in

1985 2635 2188 2690 erroris
2220 2634 2304 2690 sui
2340 2631 2639 2703 decipulam
2666 2630 3004 2687 immittendo
3032 2629 3438 2685 subvertebant.
3493 2630 3580 2686 Si-

1985 2725 2184 2781 militer
2216 2734 2273 2781 et
2300 2724 2542 2781 haeretici
2565 2723 2611 2778 si
2630 2722 3095 2792 perseveraverint
3112 2722 3167 2776 in
3190 2722 3430 2790 nequitia
3451 2735 3572 2783 sua,

1985 2832 2092 2886 qua
2119 2817 2365 2874 homines
2392 2832 2423 2871 a
2450 2816 2675 2871 veritate
2698 2815 2754 2869 in
2779 2813 3068 2869 falsitatem
3090 2813 3375 2879 siducunt,
3404 2827 3582 2882 neque

1986 2923 2046 2965 se
2072 2909 2409 2964 correxerint
2452 2915 2508 2963 et
2555 2906 2931 2977 penitentiam
2959 2905 3186 2975 egerint,
3219 2918 3326 2959 non
3350 2903 3583 2959 evadent

1982 2999 2252 3070 judicium
2283 2998 2424 3068 ignis
2451 2997 2660 3052 mterni.

2055 3088 2278 3144 Initium
2302 3089 2441 3143 enim
2469 3087 2831 3158 fornicationis
2869 3095 2945 3143 est
2978 3084 3240 3141 idolorum
3281 3086 3577 3158 inquisitio,

1984 3191 2034 3236 et
2064 3180 2361 3237 adiacentia
2383 3178 2596 3234 illorum
2626 3180 2890 3249 corruptio
2929 3179 3049 3232 vita:
3086 3188 3160 3232 est
3178 3193 3198 3243 ;
3240 3194 3403 3249 neque
3435 3178 3576 3233 enim

1985 3282 2136 3330 erant
2175 3272 2240 3326 ab
2296 3273 2446 3327 initio
2479 3312 2494 3337 ,
2543 3287 2706 3343 neque
2755 3281 2909 3326 erant
2936 3271 3007 3329 in
3045 3279 3371 3341 perpetuum.
3428 3270 3583 3325 Licet

1986 3366 2155 3423 multa
2184 3366 2294 3421 sint
2321 3364 2694 3420 fornicationis
2718 3378 2936 3435 genera,
2969 3371 3149 3418 tamen
3170 3362 3466 3432 pessimum
3490 3369 3577 3416 est

1988 3456 2119 3513 illud
2143 3472 2251 3526 quo
2275 3456 2452 3515 anima
2484 3454 2784 3511 fornicatur
2817 3454 3076 3511 recedens
3107 3468 3139 3507 a
3169 3453 3282 3508 Deo
3307 3461 3366 3508 et
3398 3452 3581 3508 colens

1988 3556 2153 3611 idola.
2179 3553 2442 3610 Similiter
2469 3561 2525 3609 et
2552 3552 2683 3607 illud
2727 3552 3089 3622 perniciosum
3117 3558 3220 3616 est,
3250 3549 3395 3619 quod
3425 3549 3580 3604 dese-

1989 3647 2060 3701 rit
2105 3645 2272 3701 divini
2308 3643 2577 3716 dogmatis
2607 3643 2918 3707 veritatem,
2953 3648 3013 3697 et
3033 3640 3281 3709 sequitur
3306 3638 3577 3694 haeretica:

1985 3736 2259 3808 opinionis
2282 3735 2593 3791 falsitatem.
2635 3733 2770 3789 Nam
2794 3741 2850 3789 et
2874 3731 3074 3786 Paulus
3096 3730 3372 3801 apostolus
3397 3730 3577 3783 avari-

1990 3827 2121 3882 tiam
2164 3825 2429 3880 idolorum
2477 3824 2794 3880 servitutem
2837 3821 3068 3893 appellat
3108 3819 3269 3892 (Eplt.
3316 3819 3389 3892 v),
3438 3821 3581 3876 unde

1984 3917 2186 3987 conjici
2214 3917 2377 3972 datur
2402 3930 2619 3971 omnem
2647 3913 2840 3968 malum
2884 3909 3382 3982 concupiscentiam
3432 3918 3585 3965 recte

1986 4006 2402 4063 fornicationem
2429 4005 2635 4069 vocari,
2663 4004 2883 4073 quando
2904 4002 3086 4058 anima
3128 4000 3371 4073 neglecta
3414 4015 3580 4072 supe-

1986 4100 2149 4155 riore.
2174 4097 2297 4168 iege
2316 4111 2425 4167 qna
2447 4096 2653 4164 regitur
2682 4093 2927 4159 inferior,
2964 4100 3283 4148 naturarum
3318 4089 3462 4160 turpi
3489 4104 3584 4145 vo-

1987 4192 2185 4246 luntati
2230 4189 2389 4260 quasi
2430 4188 2682 4244 mercede
2718 4186 3011 4257 prostituta
3043 4183 3410 4254 corrumpitur
3435 4221 3452 4247 ,
3487 4180 3585 4237 sed

1989 4283 2107 4343 haec
2131 4281 2313 4339 omnia
2341 4281 2484 4336 sicut
2503 4279 2575 4334 ab
2604 4279 2762 4334 initio
2783 4292 2892 4333 non
2930 4276 3148 4331 luerunt
3175 4282 3382 4337 creata,
3424 4273 3500 4328 ita
3529 4281 3586 4327 et

1988 4374 2044 4429 in
2077 4382 2342 4429 :eternum
2371 4386 2479 4428 non
2507 4377 2669 4426 erunt
2694 4368 3090 4441 permanentia.
3143 4365 3419 4437 Dispudet
3443 4362 3582 4418 enim

1912 4494 1968 4555 D
1990 4464 2250 4519 Dominus
2286 4463 2530 4518 παίνεται
2567 4461 2722 4555 labia
2747 4459 2950 4555 dolosa,
2981 4456 3237 4555 etperdet
3279 4471 3461 4555 omnes
3492 4455 3584 4526 qui

1993 4553 2283 4622 loquuntur
2306 4551 2639 4609 mendacium
2669 4549 2845 4624 (Psal.
2872 4548 2975 4621 xi).
3018 4547 3179 4604 Unde
3212 4555 3269 4602 et
3308 4561 3406 4616 per
3432 4542 3587 4600 iere-

1994 4644 2161 4700 miam
2182 4643 2423 4700 dicitur:
2452 4642 2541 4696 Dii
2581 4642 2675 4715 qui
2708 4641 2899 4697 calum
2938 4651 2986 4695 et
3026 4650 3193 4695 terras
3216 4653 3322 4691 non
3349 4636 3584 4707 fecerunt

1990 4744 2208 4805 pereant
2234 4752 2269 4790 α
2302 4744 2465 4800 terra,
2490 4744 2541 4788 et
2563 4733 2630 4788 de
2654 4733 2739 4788 Itis
2759 4749 2879 4805 qua:
2905 4731 2999 4786 sub
3032 4729 3175 4785 culis
3205 4737 3350 4784 sunt.
3401 4726 3587 4781 Dami-

1998 4841 2097 4880 nus
2120 4833 2299 4881 autem
2323 4824 2467 4879 Deus
2494 4841 2641 4879 uerus
2661 4835 2759 4889 est,
2783 4825 2891 4895 ipse
2914 4822 3051 4876 Deus
3072 4822 3242 4876 nitens
3260 4829 3309 4874 et
3332 4834 3429 4873 rea:
3451 4834 3588 4873 scut-

1994 4918 2233 4990 piternus
2270 4916 2404 4990 (Jer.
2435 4918 2515 4988 ιι).
2552 4916 2715 4972 Unde
2755 4924 2936 4971 autem
2960 4914 3194 4984 primum
3224 4908 3590 4984 processerint

1996 5009 2161 5075 idola,
2182 5021 2420 5078 sequam
2442 5007 2683 5065 ostendit
2711 5004 2999 5061 sententia.
3520 5026 3523 5033 -

2071 5097 2643 5170 Supmscuitasenim
2671 5096 2943 5150 lanuuinum
2965 5095 3063 5149 hoc
3098 5093 3367 5148 adhoenit
3401 5092 3463 5146 iss
3504 5107 3588 5146 or-

1997 5190 2113 5246 bem
2136 5200 2433 5255 terrarum;
2456 5198 2505 5244 et
2533 5188 2651 5244 ideo
2670 5187 2834 5242 brevis
2851 5186 3067 5241 illorum
3089 5185 3212 5254 ﬁnis
3230 5186 3467 5241 inventus
3485 5191 3584 5238 est.

1998 5282 2199 5337 Acerba
2218 5283 2358 5336 enim
2385 5281 2533 5335 luctu
2550 5278 2732 5334 dolens
2757 5289 2927 5351 pater,
2957 5280 3063 5333 cito
3089 5277 3190 5332 sibi
3215 5277 3352 5347 rapti
3376 5273 3479 5343 ﬁlii
3501 5274 3585 5343 fe-

1996 5372 2071 5427 cit
2092 5372 2411 5442 imaginem;
2436 5380 2487 5428 et
2509 5369 2679 5436 illum,
2715 5371 2807 5440 qui
2836 5380 2963 5425 tunc
2993 5370 3147 5439 quasi
3172 5367 3327 5422 homo
3351 5372 3585 5422 musas

1990 5461 2195 5532 luerat,
2218 5478 2358 5518 nunc
2384 5472 2636 5534 tanquam
2678 5460 2835 5517 unus
2860 5460 3031 5515 colere
3056 5459 3231 5530 capit,
3249 5465 3297 5511 et
3318 5452 3586 5509 constituit

1995 5554 2134 5625 inter
2159 5570 2338 5613 seruos
2368 5570 2492 5611 suos
2514 5569 2671 5610 sacra
2710 5561 2761 5606 et
2805 5550 3099 5618 sacriﬁcia.
3136 5542 3335 5600 Deinde
3373 5542 3585 5599 interre-

2000 5645 2172 5703 nieute
2192 5656 2444 5715 tempore,
2470 5642 2857 5701 consulamus
2875 5640 3055 5710 iniqua
3082 5630 3473 5705 consuetudine.
3487 5631 3585 5731 ’ωε

1998 5752 2150 5793 erras
2174 5748 2423 5807 tanquam
2448 5735 2541 5789 lea:
2565 5732 2856 5805 auertit“
2880 5741 2989 5796 est,
3013 5736 3077 5781 et
3096 5736 3437 5795 tyrannorum
3476 5738 3582 5778 sni-
