3928 6182
272 338 281 343 ,
314 265 414 324 ιιι

1141 266 1494 331 COWT.
1534 265 1603 322 IN
1641 264 1906 329 ωιιωι
1946 262 2358 323 ΞΑΡΙΕΝΤΙᾹΖ.
2399 293 2475 309 --
2503 262 2636 323 LIB.
2672 261 2763 321 Il.

3362 267 3591 327 ’δ’δὶ

310 382 474 433 erant
494 374 587 431 Ill)!
606 374 746 431 ratio
774 381 831 430 et
854 387 982 431 vera
1007 373 1195 449 religio
1221 375 1400 433 locum
1424 375 1633 437 nullum
1662 376 1903 445 tenebat,
1929 380 1984 442 Α
2004 388 2147 440 esse.
2178 384 2234 435 et
2263 376 2331 435 ad
2359 376 2695 451 agnitionem
2724 376 2970 433 veritatis
3000 375 3306 449 pem.
3337 378 3459 450 Qui
3490 395 3594 455 per

311 468 412 524 sed
438 476 643 538 quanto
670 467 793 536 quis
812 465 1126 523 sceleratior
1155 475 1297 535 erat,
1332 474 1483 525 tanto
1506 467 1681 540 magis
1707 481 1768 524 se
1792 466 1903 525 Deo

311 575 416 618 suo
444 559 663 630 placere
685 558 931 630 putabat.
1582 614 1585 619 .

384 649 741 721 Infandorum
785 651 926 707 enim
959 648 1221 706 idolorum
1259 651 1468 708 cultura
1501 692 1518 719 ,
1558 653 1731 711 omnis
1771 649 1905 708 assii

309 762 478 801 causa
498 753 576 800 est
594 754 644 800 et
665 743 874 798 initium
896 752 942 798 et
961 744 1107 815 ﬁnis.
1149 743 1305 801 Nulla
1326 743 1503 815 major
1523 744 1798 804 demntia
1818 753 1905 802 est

311 851 479 909 quam
525 835 780 892 deserere
843 833 1015 891 Deum
1060 834 1275 901 vivum,
1322 846 1382 893 et
1425 836 1701 895 deservire
1744 836 1905 894 idolis

310 926 565 993 mortuis,
592 933 653 982 et
679 925 797 981 ideo
817 925 996 982 omnis
1017 926 1145 983 mali
1169 943 1335 985 causa
1355 937 1415 985 et
1430 929 1647 985 initium
1676 938 1763 987 est
1791 930 1907 987 ido-

311 1016 495 1075 lorum
517 1017 748 1080 eultnra,
791 1017 919 1088 quia
942 1026 1229 1089 postquam
1262 1034 1416 1077 mens
1446 1020 1683 1077 human
1709 1021 1909 1078 avertit

313 1125 375 1167 se
402 1124 435 1165 a
460 1118 707 1167 creatore
727 1125 849 1177 suo,
869 1110 1112 1167 omnium
1126 1111 1395 1171 scelerum
1416 1128 1479 1170 se
1496 1112 1794 1185 imchavit
1819 1130 1910 1171 er-

311 1202 553 1259 roribus.
603 1200 826 1261 Initium
854 1203 993 1259 enim
1018 1203 1190 1263 omnis
1220 1205 1419 1274 peccati
1448 1205 1693 1276 superbia
1732 1204 1905 1278 (Eccl.

313 1292 395 1365 χ).
439 1292 702 1349 Similiter
724 1302 905 1350 autem
934 1303 989 1350 et
1014 1293 1141 1353 ﬁnis
1160 1305 1268 1361 est,
1298 1297 1401 1353 hoc
1433 1307 1538 1361 est,
1568 1312 1909 1372 consutam-

310 1384 390 1453 tio
418 1400 515 1439 seu
536 1384 812 1454 plenitudo
834 1385 1017 1442 omnis
1034 1385 1163 1445 mali
1182 1387 1375 1442 eadem
1400 1388 1736 1456 idololatria;
1773 1391 1906 1446 nihil

312 1474 458 1528 enim
483 1474 638 1530 deest
662 1472 738 1527 illi
769 1474 821 1529 in
845 1473 952 1527 ulla
980 1474 1210 1540 malitia,
1228 1476 1323 1544 qui
1352 1476 1623 1533 diabolum
1655 1478 1784 1534 colit
1811 1495 1908 1549 pro

312 1562 495 1617 divina
527 1563 799 1634 potentia;
824 1562 1024 1621 idcirco
1046 1562 1096 1619 ei
1119 1565 1301 1621 ontnio
1328 1565 1386 1622 in
1413 1566 1613 1623 aratum
1634 1576 1690 1624 et
1710 1569 1764 1624 in
1790 1584 1909 1638 pec-

312 1665 498 1713 catum
520 1663 862 1729 reputantttr.

2003 466 2324 537 prophetam
2355 467 2436 523 ait
2461 485 2476 522 :
2506 458 2650 522 Νοίό
2677 478 2898 523 mortem
2924 480 3233 539 peccator-ts,
3263 470 3356 526 sed
3380 481 3441 527 stt
3462 489 3594 530 eon-

2003 568 2236 617 uertetur
2277 569 2325 614 et
2374 560 2505 615 rirat
2546 557 2762 631 (Escelr.
2811 560 3027 634 xum).
3075 561 3242 633 Cujus
3276 576 3502 622 manum
3545 567 3596 624 si

2003 649 2412 721 peccaverimus
2435 651 2664 707 evadere
2683 667 2790 707 non
2818 667 3129 722 possumus,
3151 655 3279 724 quia
3303 655 3422 726 ejus
3442 670 3602 715 cru-

2002 753 2130 800 sura
2156 760 2361 801 sumus.
2414 742 2474 801 Si
2512 753 2693 801 autem
2730 759 2957 814 peccare
3002 746 3323 803 deﬁet-ianus
3355 749 3597 806 «bouis

2003 834 2265 904 operibus
2299 832 2623 899 insistimus,
2654 844 2858 890 certam
2883 837 3375 893 remunerationem
3404 839 3474 895 ab
3502 838 3598 897 illo

2002 924 2387 995 percipiemus,
2425 924 2565 995 apud
2598 940 2760 997 questi
2794 926 3038 983 oman
3076 928 3340 986 bosomm
3379 938 3599 987 actuum

1998 1029 2266 1070 nuneros
2285 1012 2496 1084 integer
2521 1025 2789 1071 servatur.
2837 1014 2956 1085 ipse
2974 1016 3119 1071 enim
3140 1017 3292 1072 mit
3307 1032 3515 1084 onmes,
3538 1030 3602 1076 et

2002 1103 2210 1159 nullum
2237 1119 2423 1160 coram
2454 1119 2522 1160 eo
2550 1103 2681 1160 latet
2707 1112 2994 1160 secretum.
3052 1105 3181 1176 Ejus
3204 1118 3387 1163 autem
3416 1112 3603 1182 cogni-

2004 1195 2086 1252 tio
2108 1195 2239 1266 quid
2264 1194 2423 1251 nobis
2445 1193 2693 1251 conterat
2720 1210 2954 1265 seqrsens
2970 1199 3244 1253 sententia
3264 1200 3598 1256 manifestat.

2080 1288 2251 1342 Nosse
2264 1288 2404 1342 enim
2423 1297 2472 1342 te
2496 1297 2856 1342 consummata
2870 1288 3081 1359 justitia
3100 1298 3196 1356 est,
3221 1300 3270 1345 et
3294 1292 3604 1362 scirejusti-

1971 1423 1977 1427 .
2007 1381 2135 1434 tiam
2161 1389 2210 1434 et
2236 1380 2478 1434 virtutem
2509 1388 2679 1445 tuam,
2710 1378 2868 1433 radix
2898 1391 2971 1434 est
3002 1380 3437 1437 immortalitatis.
3468 1383 3602 1449 Qui-

1967 1500 1975 1505 -
2006 1486 2241 1541 cinoque
2267 1484 2396 1525 vere
2420 1468 2593 1525 Deum
2628 1482 2791 1524 nosse
2818 1470 2984 1538 capit,
3014 1470 3086 1524 ab
3111 1471 3257 1526 omni
3287 1482 3510 1541 peccato
3534 1489 3602 1529 se

2008 1560 2284 1617 abstinere
2310 1558 2608 1622 contendit,
2639 1559 2784 1629 quod
2805 1556 3043 1619 Joannes
3064 1561 3337 1630 apostolus
3357 1576 3606 1633 compro-

2006 1651 2105 1707 bat
2124 1651 2313 1707 timens
2336 1669 2348 1704 :
2373 1648 2557 1705 Omnis
2581 1651 2671 1719 qui
2698 1650 2851 1704 habet
2873 1665 3017 1720 spem
3046 1651 3182 1704 Isarae
3207 1651 3261 1704 in
3285 1667 3349 1706 eo
3371 1653 3607 1722 sanctifi-

383 1748 490 1803 Aut
520 1725 660 1802 enim
688 1748 813 1802 dum
845 1747 1096 1804 lauantur
1117 1749 1413 1816 insaniunt,
1448 1762 1540 1806 aut
1565 1740 1706 1808 coite
1726 1757 1910 1810 uatici-

2023 1752 2098 1797 cat
2115 1758 2190 1808 se,
2218 1743 2354 1796 sicut
2374 1751 2422 1795 et
2444 1740 2534 1795 itte
2558 1748 2774 1796 sanctus
2797 1752 2870 1799 est
2896 1741 2946 1814 (Ι
2974 1740 3136 1796 Joan.
3170 1743 3278 1814 ιιι).
3327 1744 3394 1799 Et
3436 1746 3602 1801 item:

314 1849 516 1894 nuntur
552 1839 712 1910 falsa,
752 1851 849 1894 aut
895 1842 1068 1896 vivunt
1103 1842 1333 1912 inium,
1371 1852 1468 1897 aut
1505 1844 1744 1916 pejor-ant
1780 1848 1905 1902 cito.

2016 1838 2199 1896 Omnis
2230 1838 2321 1911 qui
2345 1840 2398 1894 in
2422 1855 2482 1892 eo
2507 1848 2680 1892 manet
2716 1854 2822 1893 non
2850 1848 3050 1909 peccat,
3093 1840 3263 1894 omnis
3304 1849 3478 1895 autem
3517 1844 3608 1913 qui

314 1930 454 1984 Dum
490 1933 629 1986 enim
659 1932 928 2001 conﬁdunt
953 1934 1008 1987 in
1028 1933 1191 1991 idolis
1230 1952 1350 2008 qua:
1386 1947 1509 1992 sunt
1550 1940 1666 1993 sine
1706 1942 1907 2007 enim,

2023 1939 2186 1984 seccat
2220 1945 2325 1984 non
2355 1929 2483 1984 vidit
2508 1918 2629 1984 eum
2660 1945 2753 1984 nec
2781 1930 3017 2000 cognovit
3038 1944 3157 1984 eum
3183 1929 3391 2001 (Ibit).
3436 1929 3609 1989 Nosse

315 2021 453 2076 male
484 2023 727 2093 jarautes
762 2040 935 2078 noceri
972 2042 1031 2081 se
1067 2042 1170 2080 non
1211 2036 1443 2095 sperant.
1491 2026 1682 2085 Omnis
1721 2045 1908 2087 comm

2023 2031 2191 2078 autem
2214 2023 2382 2078 Deum
2402 2029 2779 2077 consummata
2793 2028 2883 2078 est
2896 2021 3127 2089 iustitia,
3150 2023 3255 2078 hoc
3270 2031 3378 2089 est,
3396 2039 3608 2080 summa

324 2114 429 2168 vita
461 2114 516 2168 in
544 2114 821 2169 erroribus
852 2122 936 2171 est
969 2116 1298 2183 constituta;
1329 2118 1376 2173 si
1422 2118 1693 2187 laetanti",
1733 2121 1818 2176 vel
1854 2123 1911 2178 in
2010 2113 2362 2171 beatitudinis
2384 2112 2681 2185 perfectio;
2711 2121 2769 2169 ει
2802 2114 2948 2169 θείω
2974 2114 3242 2185 imi-mam
3271 2112 3390 2182 eius
3410 2124 3471 2170 ει
3500 2116 3611 2171 νίτ-

318 2202 471 2257 festis
493 2204 578 2257 vel
610 2203 664 2258 in
691 2203 831 2259 ludis
861 2204 974 2260 suis
1002 2206 1297 2271 insaniunt,
1333 2208 1467 2263 dum
1491 2217 1587 2263 aut
1616 2211 1909 2269 homicidia

2023 2212 2184 2260 tatem
2223 2205 2381 2261 radix
2421 2214 2507 2260 est
2545 2203 2986 2260 immortalitatis.
3030 2203 3164 2272 Quae
3190 2210 3277 2260 est
3310 2206 3609 2277 autem’jn-

316 2295 635 2361 coniiciunt,
684 2304 778 2350 aut
820 2296 1043 2353 libidine
1079 2298 1336 2355 obscaeno
1377 2316 1435 2357 se
1468 2301 1743 2372 polluant;
1783 2302 1910 2359 dum

2023 2296 2158 2351 stitia
2188 2303 2247 2352 et
2266 2297 2444 2352 virtus
2472 2296 2569 2351 Dei
2608 2293 2714 2351 nisi
2752 2294 2845 2349 ille
2885 2294 2953 2350 de
3000 2308 3109 2365 quo
3136 2295 3439 2366 Apostolus
3487 2296 3606 2351 sit:

314 2388 705 2455 raticinantur,
750 2387 962 2456 fallunt,
1011 2398 1067 2447 et
1106 2393 1385 2450 auditores
1432 2410 1561 2451 suos
1608 2395 1909 2461 seducunt;

318 2479 445 2534 dum
477 2478 678 2546 injuste
706 2479 909 2544 vivunt,
935 2481 1116 2536 anima
1148 2485 1345 2538 mortui
1374 2494 1528 2551 sunt;
1565 2487 1610 2541 si
1643 2486 1910 2557 pejerant,

316 2571 426 2626 cito
454 2570 524 2624 ad
552 2570 820 2626 infernum
846 2572 1146 2640 ducuntur;
1176 2591 1299 2630 cum
1325 2577 1513 2648 jurant
1537 2579 1589 2633 in
1613 2580 1771 2636 idolis
1799 2581 1916 2652 pol-

315 2661 477 2717 lunnt
506 2677 702 2717 nomen
737 2661 856 2728 Dei,
894 2666 988 2735 qui
1030 2666 1085 2720 in
1129 2665 1247 2738 lege
1285 2668 1357 2723 ita
1395 2671 1641 2741 praecipit
1687 2673 1909 2729 dieens:

322 2752 448 2808 Non
482 2769 725 2808 assumas
749 2770 934 2809 nomen
960 2755 1057 2810 Dei
1076 2758 1155 2810 tui
1181 2758 1239 2811 in
1265 2774 1453 2812 uanum
1485 2759 1680 2832 (Exod.
1708 2762 1822 2833 xx).
1848 2763 1918 2818 Et

316 2847 448 2903 item
480 2865 495 2901 :
527 2843 632 2902 Per
667 2862 885 2911 nomen,
924 2847 1131 2918 inquit,
1170 2861 1502 2905 externorum
1543 2853 1759 2908 deorum
1812 2872 1917 2909 non

316 2936 529 3006 iuretis,
556 2936 648 2990 sed
670 2937 725 2991 in
748 2937 955 2991 nomine
977 2937 1185 2994 Domini
1207 2938 1303 2994 Dei
1325 2941 1479 2995 uestri
1502 2942 1520 3006 ί
1527 2939 1699 2996 Exod.
1731 2943 1913 3017 χχιιι).

322 3025 431 3081 Sed
454 3041 580 3081 cum
604 3025 857 3082 deludere
882 3041 943 3081 se
975 3026 1145 3082 Deum
1177 3044 1336 3098 posse
1362 3031 1637 3085 astimant
1665 3032 1720 3086 in
1749 3041 1912 3088 mter-

323 3132 451 3173 nam
475 3127 707 3173 mortem
741 3119 1062 3188 semetipsos
1096 3122 1455 3192 praecipitant.
1490 3123 1793 3195 Allegorice
1821 3141 1917 3181 au-

325 3218 434 3264 tem
482 3208 729 3264 haeretici
769 3223 1016 3265 errorum
1060 3226 1278 3266 suorum
1329 3213 1623 3269 simulacra
1677 3215 1917 3272 colentes

322 3300 648 3372 perditionis
681 3316 792 3356 suae
826 3301 928 3372 ipsi
965 3302 1067 3359 sibi
1096 3305 1339 3360 existunt
1369 3321 1531 3362 causa
1562 3322 1794 3378 quorum
1817 3310 1915 3365 do-

325 3391 502 3445 ctrina
525 3400 610 3446 est
632 3390 789 3457 falsa,
816 3392 928 3447 vita
956 3390 1174 3461 injusta,
1201 3393 1386 3449 kntitia
1411 3396 1625 3463 insana,
1652 3413 1802 3454 mors
1824 3413 1920 3454 ne-

328 3483 510 3539 fanda.
556 3484 822 3551 Quoniam
860 3500 986 3542 eum
1016 3486 1213 3557 injuste
1240 3486 1429 3558 jttrant
1462 3488 1517 3543 in
1558 3488 1703 3545 idolo
1730 3497 1788 3546 et
1810 3505 1920 3546 non

328 3582 551 3644 sperant
569 3574 624 3629 in
647 3573 759 3633 Deo
775 3592 920 3641 vero,
949 3586 1360 3634 contemnentes
1379 3579 1671 3649 justitiam,
1699 3581 1926 3637 merito-

328 3680 449 3720 rum
492 3680 714 3720 suorum
744 3666 950 3734 justam
994 3667 1258 3736 recipient
1304 3667 1617 3724 vindictam.
1673 3667 1830 3737 Quod
1866 3679 1923 3726 et

327 3765 725 3825 consequenter
761 3757 1021 3813 insinuat.

400 3847 527 3905 Non
572 3850 713 3905 enim
752 3850 1057 3920 jurautium
1092 3859 1169 3905 est
1209 3851 1372 3909 virtus
1396 3891 1411 3917 ,
1462 3852 1554 3907 sed
1594 3855 1915 3923 peccantium

326 3957 476 4010 paena
497 3940 824 4012 perambulat
850 3958 1051 4013 semper
1073 3943 1388 4011 injustam
1407 3944 1914 4014 pravaricationem.

330 4029 483 4093 insto
535 4032 683 4089 enun
738 4033 837 4090 Dei
875 4031 1082 4101 judicio
1134 4034 1377 4090 damnati
1425 4049 1548 4091 sero
1595 4035 1923 4106 ptenitentes

330 4133 654 4194 agnoscunt,
687 4124 833 4192 quod
867 4132 1029 4179 antea
1057 4124 1301 4180 viventes
1334 4125 1558 4181 credere
1595 4124 1918 4194 noluerunt;

331 4213 413 4272 sic
431 4221 492 4273 et
507 4212 793 4271 Psalmista
822 4222 1050 4270 tutatur
1083 4214 1272 4271 dicens
1304 4233 1318 4269 :
1353 4214 1706 4286 Cognoscetur
1735 4215 1922 4272 Domi-

330 4324 432 4364 ttsts
447 4307 660 4379 judicia
681 4306 901 4377 faciem,
921 4309 981 4363 iu
1003 4306 1245 4380 operibus
1265 4323 1516 4363 manuum
1543 4324 1762 4363 suarum
1782 4325 1924 4364 com-

332 4403 618 4473 prehensus
659 4410 735 4457 est
777 4412 1037 4472 peccator.
1100 4388 1481 4457 Commenta;
1524 4413 1822 4474 peccatores
1862 4403 1925 4460 in

332 4494 599 4564 infernum
628 4533 645 4560 ,
704 4510 883 4549 cantes
930 4504 1109 4566 gentes
1160 4511 1278 4567 qm
1328 4495 1705 4552 obliviscuntur
1755 4498 1925 4555 Deum

336 4585 511 4659 (Psat.
540 4586 643 4658 Ix).
940 4658 1174 4719 CAPUT
1230 4659 1322 4716 Ν.

335 4748 632 4820 Couﬁtetur
663 4750 778 4808 Deo
801 4752 943 4822 quod
977 4753 1093 4824 ejus
1132 4754 1394 4826 sapientia
1430 4755 1687 4825 gadet-ttat
1722 4756 1925 4812 temnis.

308 4890 315 4895 -
429 4861 562 4917 Cu.
589 4879 679 4919 xv.
708 4864 727 4940 )
752 4864 833 4919 Tu
863 4876 1059 4932 autem,
1090 4865 1232 4921 Deus
1263 4877 1461 4933 noster,
1491 4868 1669 4923 suavis
1701 4877 1751 4923 et
1778 4885 1929 4925 uerus

335 4969 412 5016 es,
441 4952 647 5022 potiens
682 4962 731 5007 et
768 4955 823 5008 in
860 4955 1222 5010 misericordia
1260 4955 1540 5029 disponens
1582 4958 1779 5012 omnia.
1825 4955 1925 5012 Et-

336 5044 477 5098 enim
499 5044 547 5097 si
573 5046 978 5116 peccaverimus,
1009 5047 1087 5100 tui
1117 5062 1322 5113 sumus,
1356 5047 1576 5103 scientes
1608 5046 1933 5119 magnitudi-

337 5151 459 5189 nem
489 5145 657 5190 male.
708 5132 778 5190 Et
808 5137 855 5192 si
884 5153 989 5192 non
1018 5138 1420 5209 peccarerimus,
1457 5140 1652 5193 scimus
1682 5140 1933 5211 quoniam

335 5227 482 5299 apud
514 5238 563 5282 te
589 5243 772 5283 sumus
798 5231 1105 5301 computati.
1152 5229 1298 5286 Dens
1343 5240 1529 5286 noster
1566 5231 1772 5298 suavis,
1799 5245 1936 5302 quo-

336 5319 488 5376 niam
526 5317 813 5376 inehblﬁs
843 5328 930 5376 est
961 5319 1196 5377 dilectio.
1237 5321 1336 5379 Est
1356 5337 1543 5390 verus,
1592 5323 1720 5394 quia
1760 5323 1936 5380 nemi-

337 5423 468 5468 nem
498 5409 659 5477 fallit,
679 5419 797 5468 ets
824 5412 1040 5469 nemine
1061 5412 1280 5469 fallitur.
1335 5412 1553 5471 Patiens
1580 5422 1638 5470 et
1669 5414 1726 5470 in
1767 5415 1933 5472 mise-

340 5500 580 5559 ricordia
617 5503 907 5574 disponens
935 5504 1148 5571 omnia;
1192 5515 1417 5576 propter
1450 5506 1751 5562 bonitatem
1788 5508 1934 5564 enim

340 5604 500 5648 natu
528 5594 799 5664 patienter
832 5597 1107 5653 sustinens
1142 5611 1244 5653 nos
1274 5604 1556 5669 exspectat
1595 5597 1837 5653 converti
1877 5596 1935 5653 in

322 5687 564 5744 “melius.
598 5688 789 5746 nolens
814 5703 1140 5762 quemquam
1178 5689 1377 5760 perire,
1408 5686 1505 5746 sed
1531 5703 1721 5746 omnes
1755 5687 1936 5745 salvos

1970 2409 1977 2415 ο
2012 2386 2281 2444 Christum
2312 2388 2408 2442 Dei
2428 2388 2546 2442 dico
2574 2389 2820 2442 uirtutem
2845 2394 2895 2440 et
2926 2384 3024 2440 Dei
3043 2385 3373 2458 sapientiam,
3403 2387 3493 2458 qui
3527 2386 3609 2457 fa-

2012 2489 2126 2535 ctus
2154 2489 2229 2536 est
2258 2479 2414 2536 nobis
2438 2495 2472 2535 α
2501 2476 2615 2535 Deo
2641 2479 2903 2549 sapientia
2939 2485 2992 2535 et
3019 2477 3257 2550 justitia,
3281 2478 3533 2535 sanctitas
3559 2489 3609 2534 et

2020 2578 2313 2646 redemptio
2337 2575 2388 2648 (l
2406 2574 2532 2629 Cor.
2562 2574 2625 2646 ι).
2658 2570 2835 2626 Nosse
2858 2574 2999 2628 enim
3060 2572 3225 2628 Deum
3252 2584 3302 2626 et
3325 2572 3603 2642 justitiam

2022 2673 2139 2745 ejus
2169 2682 2322 2742 atque
2342 2672 2590 2725 virtutem
2619 2669 2783 2724 radix
2805 2676 2882 2723 est
2918 2666 3363 2728 immortalitatis.
3395 2665 3500 2721 hoc
3516 2676 3606 2722 est

2018 2764 2297 2836 perceptio
2329 2759 2759 2832 inrorruptionis
2783 2768 2836 2815 et
2859 2757 3250 2827 contemplatio
3275 2756 3521 2812 veritatis
3542 2756 3599 2813 in

2015 2865 2224 2914 aeterna
2254 2857 2386 2920 vita,
2417 2855 2559 2910 sicut
2601 2854 2722 2923 ipsa
2748 2850 2963 2907 Veritas
2984 2850 3039 2905 in
3070 2848 3365 2920 Evangelia
3396 2849 3462 2904 ad
3492 2846 3603 2902 Pa-

2018 2952 2157 2999 trem
2197 2945 2273 2999 alt
2303 2960 2317 2996 :
2351 2945 2478 2997 Ηωε
2508 2947 2587 2995 est
2617 2939 2755 2993 enim
2790 2937 2898 2994 uita
2927 2946 3150 3001 aeterna,
3180 2946 3238 2989 ut
3272 2942 3600 3006 cognoscant

2016 3036 2069 3084 te
2096 3046 2259 3084 unum
2285 3043 2460 3084 verum
2492 3026 2686 3094 Deum,
2717 3037 2791 3092 et,
2818 3039 2971 3093 quem
2995 3022 3213 3087 misisti,
3238 3021 3419 3076 Iesum
3442 3020 3602 3076 Chri-

2018 3123 2191 3169 stum:
2217 3128 2371 3183 quem
2401 3128 2541 3166 nunc
2568 3126 2634 3166 ex
2662 3103 2814 3179 parte
2843 3106 3211 3178 cognoscimus
3236 3107 3292 3160 in
3323 3105 3450 3174 ﬁde,
3475 3112 3601 3158 tunc

2020 3212 2198 3261 autem
2231 3219 2603 3275 cognoscemus
2638 3204 2694 3256 in
2723 3201 2966 3264 veritate,
2999 3199 3142 3253 sicut
3187 3206 3237 3252 et
3272 3196 3469 3267 cogniti
3508 3210 3602 3249 su-

2019 3312 2160 3364 ntus,
2184 3296 2435 3367 quoniam
2461 3293 2754 3349 videbimus
2777 3307 2897 3347 eum
2925 3291 3066 3346 sicut
3094 3299 3208 3346 est:
3230 3303 3501 3343 nuncsero
3522 3288 3604 3341 ei-

2023 3387 2207 3441 demus
2219 3402 2313 3456 per
2328 3387 2597 3453 speculum
2621 3394 2672 3439 et
2695 3385 2753 3439 in
2775 3384 3056 3453 mnigmate
3075 3398 3093 3439 :
3114 3390 3241 3436 tunc
3263 3390 3440 3436 autem
3464 3380 3605 3451 facie

2019 3478 2090 3534 ad
2126 3479 2318 3549 faciem
2354 3477 2537 3551 (Ιοαη.
2579 3491 2710 3545 ut;
2748 3475 2776 3531 1
2802 3475 2936 3531 Cor.
2971 3488 3070 3528 xm
3097 3471 3141 3544 ).

1988 3704 2100 3770 _De
2139 3705 2357 3761 diversis
2400 3700 2670 3759 erroribus
2708 3700 2973 3757 idolorum
2998 3741 3035 3771 ,ν
3062 3698 3292 3771 qualiter
3330 3700 3622 3758 ustroducti

2092 3776 2197 3831 sint
2225 3776 2279 3830 in
2312 3773 2784 3846 generehuntano;
2814 3781 2862 3825 et
2897 3770 3039 3846 quod
3068 3770 3185 3826 uitta
3211 3770 3458 3825 humana:
3480 3787 3618 3826 sem-

2090 3862 2183 3917 per
2209 3839 2449 3915 decéptor
2467 3844 2536 3898 sit
2560 3842 2825 3897 idolorum
2851 3839 3044 3896 cultus.

2096 3955 2220 4013 Non
2245 3955 2384 4009 enim
2413 3955 2468 4009 in
2492 3969 2719 4009 errarent
2762 3950 2975 4007 induxit
3015 3967 3111 4005 nos
3151 3950 3422 4005 hominum
3463 3948 3619 4005 mala:

2022 4048 2153 4103 artis
2174 4046 2507 4119 excogitatio,
2532 4061 2624 4100 nec
2643 4044 2830 4098 umbra
2850 4044 3096 4115 pictum,
3120 4041 3270 4097 labor
3288 4041 3400 4097 sine
3420 4041 3623 4113 fructu,

2023 4141 2211 4213 eﬁigies
2231 4138 2434 4210 sculpta
2458 4155 2553 4211 per
2575 4138 2747 4193 varios
2773 4134 2972 4193 colores
2999 4135 3153 4206 cujus
3179 4144 3423 4205 aspectus
3447 4134 3627 4188 insen-

2023 4240 2139 4287 sato
2171 4231 2263 4285 dat
2297 4229 2790 4301 concupiscentiam,
2823 4236 2873 4283 et
2912 4224 3088 4299 diligit
3127 4235 3352 4280 mortua:
3380 4222 3626 4295 imaginis

2024 4322 2238 4396 eﬁigiem
2274 4322 2387 4377 sine
2432 4322 2633 4375 anima.
2683 4318 2764 4374 Ex
2807 4332 3041 4390 persona
3088 4315 3333 4372 ﬁdelium
3363 4315 3624 4386 loquitur,

2028 4414 2119 4487 qui
2152 4412 2247 4470 Dei
2282 4412 2457 4485 gratia
2486 4409 2679 4467 muniti
2720 4408 2868 4466 nullo
2910 4408 3072 4467 modo
3110 4405 3394 4479 gentilium
3428 4404 3629 4476 iniqui-

2028 4506 2129 4564 tati
2166 4520 2226 4561 se
2274 4502 2587 4560 immiscere
2634 4501 2840 4567 volunt,
2884 4514 2986 4556 nec
3021 4513 3241 4556 errores
3267 4512 3454 4554 eorum
3487 4511 3628 4568 quos

2029 4595 2235 4653 habent
2262 4595 2315 4650 in
2346 4591 2648 4649 idololatria
2673 4601 2729 4647 et
2752 4589 2987 4647 diversis
3012 4587 3306 4645 sceleribus
3337 4586 3629 4660 dignantur

2002 4674 2007 4677 ’
2032 4685 2254 4751 imitari,
2280 4683 2408 4756 quia
2437 4683 2555 4739 sine
2576 4680 2751 4737 fructu
2765 4680 2994 4752 justitim
3015 4677 3321 4751 hujusmodi
3343 4677 3497 4735 labor
3521 4686 3626 4744 est,

2010 4762 2145 4835 'imo
2172 4786 2402 4833 mortem
2429 4783 2671 4833 meretur
2695 4783 3035 4846 perpetuam,
3067 4772 3138 4830 de
3173 4784 3282 4842 quo
3314 4780 3372 4828 et
3406 4769 3630 4841 subjun-

2073 4872 2181 4927 itur
2206 4888 2222 4926 :

2074 4888 2222 4927 itur:

2036 4888 2072 4945 8
2102 4958 2369 5015 Malorum
2404 4968 2666 5014 amatores
2705 4957 2853 5029 digni
2888 4967 3010 5012 sunt
3049 4966 3235 5022 morte,
3269 4957 3361 5028 qui
3390 4971 3533 5028 spem
3575 4954 3630 5010 in

2031 5050 2225 5107 tatibus
2254 5049 2474 5112 habent,
2505 5057 2554 5103 et
2582 5049 2671 5121 qui
2698 5047 2901 5119 faciunt
2930 5045 3072 5113 illos,
3099 5056 3147 5101 et
3172 5047 3264 5118 qui
3293 5046 3544 5119 diligunt,
3578 5053 3629 5101 et

2032 5141 2124 5214 qui
2159 5138 2358 5194 colunt.
2406 5136 2522 5194 Non
2560 5137 2735 5196 solum
2775 5152 2907 5209 ergo
2937 5137 2993 5193 bi
3033 5138 3122 5208 qui
3163 5135 3433 5192 fabricant
3463 5134 3627 5201 idola,

2034 5232 2132 5289 sed
2154 5239 2211 5287 et
2237 5230 2312 5287 illi
2338 5231 2432 5303 qui
2459 5230 2695 5302 diligunt
2712 5244 2776 5285 ea
2803 5238 2968 5299 atque
2997 5229 3186 5285 colunt
3209 5242 3360 5299 spem
3387 5242 3540 5284 suam
3567 5226 3628 5283 in

2040 5322 2149 5380 illis
2176 5331 2442 5395 ponentes
2474 5320 2625 5378 noxii
2647 5328 2776 5377 sunt
2802 5328 2858 5376 et
2880 5319 3346 5392 praevaricatores,
3370 5315 3629 5386 quianon

2044 5422 2254 5471 tantum
2284 5412 2544 5470 facientes
2564 5412 2726 5479 mala,
2752 5411 2847 5469 sed
2870 5419 2927 5468 et
2950 5410 3352 5468 consentientes
3376 5405 3629 5462 facienti-

2038 5507 2143 5564 bus
2170 5505 2317 5578 digni
2344 5513 2474 5562 sunt
2510 5514 2704 5561 morte.
2733 5502 2932 5572 Quales
2967 5510 3148 5556 autem
3191 5503 3317 5552 sunt
3342 5495 3436 5567 qui
3475 5508 3631 5567 om

2042 5596 2243 5653 habent
2278 5595 2333 5653 in
2367 5595 2525 5653 idolis
2554 5595 2670 5651 suis
2696 5591 2932 5650 ostendit
2964 5586 3250 5646 Psalmista
3277 5584 3465 5642 dicens
3490 5601 3505 5639 :
3534 5581 3630 5642 Si-

2041 5687 2282 5744 mulacra
2328 5686 2559 5759 gentium
2611 5694 2884 5755 argentum
2932 5690 2983 5737 et
3023 5691 3213 5732 aurum
3235 5714 3253 5743 ,
3306 5686 3464 5746 opera
3508 5690 3630 5731 ma-
