3928 6182
333 330 440 389 ’185

969 321 1029 376 Β.
1072 315 1325 375 ΒΑΒΔΝΙ
1356 312 1581 371 MAURI
1621 306 1942 368 ARClilEP.
1984 305 2293 376 MOGUNT.
2328 298 2622 365 0PERUM
2661 298 2844 361 PARS
2883 303 2925 358 l.

3500 303 3617 358 ττι

332 457 498 515 apum
520 435 810 497 banti-un.
846 434 924 490 Os
946 432 1146 488 habent
1175 442 1224 487 et
1261 447 1363 485 non
1402 428 1698 500 loquentur,
1738 424 1923 481 oculos
1948 425 1999 485 Α
2026 438 2172 507 rum,
2196 422 2300 478 hoc
2324 431 2427 486 est,
2457 420 2600 475 fmda
2626 418 2880 489 cogitatio
2907 417 3169 488 ipsorum,
3199 424 3255 472 et
3275 414 3426 471 omni
3456 431 3624 472 creua

294 574 305 579 -
332 538 524 594 habent
552 542 601 588 et
630 545 734 584 non
752 525 1015 582 uidebunt.
1063 522 1231 578 Aures
1264 522 1455 576 habent
1476 530 1524 573 et
1549 533 1657 573 non
1680 517 1917 581 audient,

338 644 493 685 nares
520 621 707 680 habent
739 626 791 673 et
819 633 923 671 non
953 614 1268 670 adorabunt.
1307 610 1499 667 Manus
1527 608 1717 663 habent
1743 616 1792 660 et
1818 619 1923 659 non

334 716 645 790 palpabunt,
666 708 823 780 pedes
855 706 1044 761 habent
1073 713 1122 758 et
1155 719 1263 757 non
1291 698 1654 762 ambulabunt,
1685 710 1789 750 non
1813 692 1925 751 cla-

2021 506 2294 567 sdrdidior
2314 511 2423 564 vita
2449 509 2686 574 illarum,
2716 506 2972 578 quoniam
3002 506 3254 577 ignorant
3283 519 3410 559 eum
3438 506 3538 575 qui
3565 520 3628 561 se

2024 601 2209 665 ﬂuxit,
2251 610 2311 656 et
2352 608 2589 655 mentem
2624 597 3011 677 intelligibilem
3056 594 3233 659 dedit,
3280 596 3376 650 sed
3413 608 3625 650 evane-

2024 698 2181 746 scunt
2205 690 2259 745 in
2282 688 2707 760 cogitationibus
2738 687 2874 752 suis,
2909 700 3129 742 sensum
3167 693 3486 740 sanctorum
3518 685 3630 739 Pa-

342 777 556 865 iuabunt
586 802 642 856 in
662 777 870 870 gutture
893 810 1021 859 suo;
1056 808 1219 864 neque
1245 791 1381 847 enim
1409 800 1483 845 est
1511 787 1728 859 spiritus
1756 784 1813 838 in
1834 797 1926 837 ore
2016 792 2171 838 trum
2197 781 2504 852 spernendo
2526 794 2691 852 quem
2719 780 2792 835 illi
2826 780 2880 834 in
2908 779 3108 834 divinis
3148 777 3453 849 Scripturis
3485 777 3633 833 dono

342 897 596 967 ipsorum.
636 889 848 946 Similes
879 886 985 940 illis
1020 885 1155 954 ﬁant
1184 882 1273 953 qui
1310 880 1510 951 faciunt
1547 894 1635 942 ea,
1662 886 1713 929 et
1750 888 1926 929 omnes

340 986 433 1057 qui
461 983 728 1052 conﬁdunt
755 980 810 1035 in
836 980 909 1034 eis
938 975 1110 1050 (Psal.
1136 975 1313 1046 αιιι).
1355 970 1598 1029 Mortalis
1620 968 1768 1027 enim
1789 980 1931 1022 mor-

343 1086 496 1135 tuum
532 1074 688 1143 tingit
708 1070 957 1126 manibus
978 1067 1178 1137 iniquis
1203 1074 1261 1121 et
1286 1064 1417 1120 colit
1443 1062 1641 1119 stultus
1662 1058 1927 1116 stultissi-

343 1182 513 1227 mum.
548 1162 854 1234 Allegorico
882 1169 1063 1214 autem
1091 1172 1253 1212 sensu
1292 1156 1601 1209 inventores
1633 1159 1690 1207 et
1706 1157 1929 1205 exstru-

345 1270 526 1317 ctores
567 1267 947 1326 perversorum
996 1250 1305 1321 dogmatum
1349 1243 1727 1300 lueresiarcluc
1772 1245 1929 1303 sunt;

347 1323 621 1403 amatores
637 1351 816 1397 autem
839 1347 897 1394 et
914 1337 1148 1396 cultores
1167 1348 1353 1389 comm
1374 1344 1636 1401 sequaces
1652 1335 1709 1384 et
1729 1323 1932 1381 alumni

345 1449 556 1496 eorum,
593 1432 685 1501 qui
723 1443 914 1486 omnes
955 1426 1032 1481 rei
1074 1433 1199 1480 sunt
1231 1430 1287 1479 et
1319 1419 1538 1477 obnoxii
1565 1414 1930 1488 perditionis:

349 1530 545 1585 Omnes
576 1527 715 1579 enim
739 1521 993 1593 pavebant
1021 1528 1068 1574 et
1090 1517 1322 1579 stabunt,
1349 1524 1396 1568 et
1421 1510 1580 1568 simul
1605 1506 1934 1578 confunden-

350 1629 439 1672 tur
466 1614 623 1687 (Isai.
657 1610 824 1683 κων).
856 1607 1128 1679 Disperdet
1151 1606 1289 1660 enim
1317 1603 1570 1658 Dominus
1596 1597 1935 1687 uirumihunc

348 1707 439 1777 qui
464 1685 560 1760 hoc
589 1701 786 1773 fecerit,
818 1698 1125 1767 magistrum
1155 1704 1204 1750 et
1237 1691 1552 1763 discipulum
1576 1688 1690 1759 ejus
1712 1685 1934 1759 (Malae.

2028 873 2267 946 Spiritus
2286 874 2464 928 sancti
2493 872 2782 936 habebant,
2827 885 2997 926 novos
3024 884 3238 927 errores
3276 886 3343 928 ac
3379 871 3427 928 si
3471 872 3635 929 ludos

2027 974 2200 1019 vanus
2235 970 2459 1034 propter
2500 962 2798 1016 humanum
2836 960 3077 1015 favorem
3119 969 3175 1015 et
3217 970 3503 1018 terrenum
3553 961 3638 1016 lu-

2028 1070 2182 1111 crum
2214 1054 2558 1125 impudenter
2578 1053 2837 1116 condunt,
2865 1060 3113 1107 errantes
3136 1052 3343 1109 scilicet
3370 1063 3429 1110 et
3456 1053 3518 1110 in
3550 1070 3640 1110 er-

2028 1162 2212 1204 rorem
2232 1158 2589 1216 quascunque
2609 1151 2836 1214 possunt
2849 1141 3164 1210 mittentes,
3192 1152 3253 1199 ut
3280 1145 3638 1200 inexcusabi-

2031 1237 2114 1293 les
2141 1237 2249 1293 sint
2274 1236 2329 1291 in
2354 1236 2444 1293 die
2459 1233 2673 1304 iudicii,
2703 1235 2921 1305 quando
2942 1233 3108 1304 iudex
3144 1237 3389 1291 omnium
3416 1238 3639 1292 venerit

2027 1327 2277 1400 judicare
2311 1325 2525 1383 occulta
2567 1326 2813 1382 cordiqu
2854 1333 2911 1381 et
2942 1326 3170 1382 reddere
3208 1328 3515 1398 unicuique
3554 1343 3646 1384 se-

2034 1416 2272 1474 cundum
2295 1429 2460 1486 opera
2480 1429 2599 1470 sua.
2636 1414 2791 1470 Unde
2815 1423 2871 1471 et
2893 1414 3169 1486 sequitur:

2108 1506 2213 1563 Hic
2252 1507 2390 1561 enim
2426 1522 2587 1577 super
2610 1522 2792 1561 omnes
2830 1507 2928 1561 scit
2970 1524 3026 1562 se
3069 1506 3394 1580 delinquere,
3435 1512 3538 1581 qai
3579 1525 3645 1564 ea:

2036 1610 2193 1655 terra
2213 1599 2437 1653 materia
2464 1596 2681 1669 fragilia
2705 1614 2830 1653 vasa
2853 1607 2903 1653 et
2925 1598 3190 1669 sculptilia
3215 1599 3391 1670 ﬁngit.
3420 1599 3644 1655 Nullam

2038 1689 2184 1745 enim
2214 1687 2620 1744 excusationem
2662 1688 2867 1744 habent
2909 1688 3146 1744 haeretici
3169 1730 3185 1755 ,
3226 1689 3356 1760 quia
3400 1691 3649 1746 scienter

354 1773 437 1871 in).
478 1797 570 1851 γω
605 1795 796 1849 anima:
823 1806 1027 1855 eorum,
1048 1786 1298 1858 quoniam
1322 1784 1526 1838 reddita
1549 1782 1624 1835 eis
1646 1786 1767 1834 sunt
1794 1775 1934 1832 mala
1963 1773 2012 1832 B
2036 1788 2297 1853 peccant,
2326 1779 2457 1835 dum
2488 1788 2710 1836 sanctos
2735 1788 2793 1835 et
2820 1780 3119 1836 catholicos
3146 1780 3402 1837 doctores
3442 1781 3508 1837 in
3544 1782 3650 1839 ﬁde

380 1890 513 1946 Isai.
538 1890 644 1946 tul.

356 1887 849 2047 (Izdllell.ﬁgulus
891 1971 1100 2028 mallent
1144 1980 1339 2024 terram
1378 1980 1647 2036 premens,
1685 1962 1942 2016 laboriose

357 2075 507 2145 ﬁngit
538 2070 608 2125 ad
628 2085 756 2124 usus
801 2074 1003 2121 nostros
1029 2059 1432 2131 unumquodque
1461 2072 1572 2119 ras,
1602 2063 1649 2108 et
1677 2053 1742 2108 de
1764 2051 1943 2106 eodem

358 2140 467 2219 luta
494 2162 643 2232 ﬁngit
670 2174 788 2229 quis
812 2154 1011 2211 munda
1035 2160 1157 2207 sunt
1179 2151 1238 2205 in
1262 2163 1414 2205 usum
1443 2162 1590 2211 vasa,
1622 2153 1672 2199 et
1700 2140 1945 2198 similiter

355 2270 476 2326 qua
505 2252 587 2306 his
626 2247 890 2304 contraria
927 2258 946 2297 :
984 2244 1172 2298 horum
1213 2248 1389 2295 autem
1430 2251 1680 2293 uasorum
1720 2233 1837 2305 quis
1876 2231 1945 2289 sit

358 2323 507 2411 usus,
545 2342 717 2415 judea:
754 2348 828 2395 est
864 2335 1081 2409 ﬁgulus.
1125 2332 1196 2388 Et
1233 2347 1355 2387 cum
1389 2328 1569 2383 labore
1612 2341 1745 2382 ratio
1789 2323 1945 2415 deum

359 2438 508 2508 ﬁngit
542 2413 606 2490 de
633 2432 813 2489 eodem
850 2429 984 2494 luto,
1020 2425 1110 2482 ille
1136 2424 1225 2497 qui
1261 2421 1422 2494 paulo
1449 2428 1570 2474 ante
1605 2417 1670 2472 de
1697 2424 1839 2471 terra
1864 2413 1949 2482 fa-

362 2540 477 2584 ctus
505 2527 699 2597 fuerat,
725 2533 773 2578 et
801 2531 915 2594 post
947 2517 1203 2591 pusillum
1228 2514 1426 2570 reducit
1460 2528 1516 2567 se
1544 2510 1681 2565 unde
1708 2515 1947 2597 acceptus

362 2628 461 2683 cst,
496 2596 740 2688 repetitus
767 2613 958 2668 anima:
981 2609 1211 2664 debitum
1235 2620 1394 2678 quam
1419 2600 1659 2657 habebat.
1693 2596 1796 2653 Sed
1821 2612 1949 2650 cura

363 2720 439 2767 est
468 2687 567 2772 illi,
603 2723 707 2761 non
733 2704 857 2777 quia
893 2702 1227 2757 laboratum
1255 2705 1355 2761 est,
1381 2711 1473 2750 nec
1507 2691 1755 2764 quoniam
1786 2687 1949 2743 brevis

366 2799 449 2856 illi
472 2799 576 2854 vita
599 2806 695 2863 est,
721 2793 812 2849 sed
836 2796 1167 2847 concertatur
1187 2783 1496 2855 auri/icibus
1520 2791 1567 2836 et
1598 2777 1909 2851 argentariis
1931 2792 1951 2830 :

366 2888 458 2947 sed
487 2896 535 2943 et
565 2885 782 2942 σπανία
810 2881 1067 2944 imitatur,
1099 2887 1147 2932 et
1177 2875 1400 2948 gloriam
1434 2871 1677 2942 prazfert,
1704 2866 1952 2940 quoniam

367 2996 449 3037 res
470 2989 818 3049 supervacuas
840 2970 1011 3043 ﬁngit.
1038 2966 1184 3023 Cinis
1205 2976 1279 3021 est
1303 2964 1442 3019 enim
1466 2978 1556 3017 cor
1580 2960 1715 3030 ejus,
1740 2967 1787 3012 et
1812 2966 1953 3011 terra

364 3083 688 3141 supervacua
716 3078 830 3134 spes
861 3060 1029 3125 illius,
1064 3067 1111 3113 et
1143 3056 1252 3111 luto
1283 3054 1431 3110 vilior
1473 3053 1577 3108 vita
1602 3050 1716 3121 ejus
1816 3063 1950 3119 quo-

2040 1877 2191 1926 recta
2216 1875 2274 1924 et
2294 1868 2539 1924 doctrina
2563 1882 2699 1924 sana
2724 1868 2911 1923 nolunt
2939 1870 3113 1939 sequi,
3141 1869 3235 1924 sed
3253 1870 3415 1940 juxta
3444 1870 3651 1927 inven-

2042 1962 2218 2018 tiones
2243 1974 2370 2017 suss
2392 1973 2677 2031 perversas
2705 1959 2878 2029 magis
2905 1959 3112 2031 eligunt
3134 1967 3417 2016 terrenum
3445 1970 3511 2016 et
3536 1960 3656 2017 fra-

2042 2052 2205 2125 gilem
2231 2065 2481 2117 sensum,
2527 2065 2693 2121 quam
2735 2050 3029 2121 spiritalem
3056 2051 3425 2107 etcoelestem
3469 2051 3531 2106 in
3559 2052 3658 2108 do-

2042 2142 2314 2214 gmatibus
2345 2140 2459 2197 suis
2496 2140 2698 2196 malini.
2743 2138 2937 2195 Omnes
2975 2141 3114 2195 enim
3149 2142 3458 2212 insipientes
3488 2158 3656 2212 supra

2046 2234 2257 2289 modum
2286 2232 2480 2287 anime
2502 2232 2715 2302 superbi
2739 2241 2881 2286 sunt.

2669 2342 2898 2399 CAPUT
2934 2344 3022 2399 Vl.

2052 2439 2205 2505 Quod
2231 2436 2549 2493 idololatria!
2569 2452 2729 2489 causa
2750 2436 2925 2489 omnia
2949 2435 3176 2505 nefanda
3199 2435 3265 2489 ab
3290 2435 3523 2490 ethnicis
3551 2434 3658 2489 sint

2125 2518 2349 2579 reperta,
2373 2515 2423 2562 et
2451 2504 2590 2579 quod
2618 2514 2828 2575 propter
2850 2505 2997 2559 illam
3014 2504 3191 2560 multa
3213 2506 3357 2577 passi
3385 2516 3519 2559 sunt
3552 2516 3662 2559 tor-

2125 2588 2315 2633 menta.

2120 2687 2340 2745 Inimici
2365 2685 2543 2758 populi
2572 2688 2653 2741 tui
2681 2697 2730 2741 et
2759 2689 3072 2758 imperan:es
3102 2685 3215 2750 illi,
3253 2686 3516 2757 quoniam
3544 2703 3662 2740 ant-

2056 2781 2145 2834 nia
2185 2778 2328 2834 idola
2371 2777 2641 2832 nationum
2679 2778 3066 2831 astimaverunt
3096 2776 3240 2841 deos,
3268 2776 3463 2846 quibus
3496 2792 3665 2846 neque

2057 2868 2329 2924 oculorum
2358 2884 2484 2922 usus
2509 2875 2586 2921 est
2612 2868 2681 2920 ad
2711 2865 3007 2931 ridendum,
3042 2881 3206 2935 neque
3231 2881 3389 2919 nares
3429 2866 3507 2918 ad
3546 2882 3666 2935 per-

2058 2960 2352 3031 cipiendum
2379 2960 2622 3030 spiritum
2640 2998 2656 3024 ,
2689 2974 2852 3029 neque
2884 2973 3038 3012 aures
3064 2957 3135 3010 ad
3162 2956 3495 3010 audiendum
3517 2997 3535 3021 ,
3570 2972 3668 3010 ne-

2058 3069 2157 3124 que
2185 3051 2335 3122 digiti
2365 3066 2616 3104 manuum
2651 3050 2721 3103 ad
2750 3048 3102 3112 tractandum,
3147 3047 3238 3101 sed
3277 3056 3325 3100 et
3369 3046 3537 3117 pedes
3575 3063 3668 3100 eo-

367 3133 512 3215 niam
540 3152 797 3226 ignorauit
820 3150 908 3221 qui
934 3165 989 3204 se
1015 3146 1189 3216 ﬁnxit,
1221 3154 1268 3198 et
1297 3142 1387 3214 qui
1428 3140 1698 3226 inspiravit
1726 3135 1804 3190 illi
1832 3135 1952 3226 ani-
1979 3133 2025 3194 C
2058 3161 2173 3198 rum
2210 3144 2346 3215 pigri
2393 3143 2461 3197 ad
2502 3140 2901 3197 ambulandum.
2944 3140 3174 3226 SuperLi
3221 3139 3425 3209 quippe
3470 3140 3671 3194 hostes

368 3262 507 3303 mam
532 3222 649 3315 qua:
677 3248 944 3312 operatur,
974 3245 1023 3291 et
1048 3235 1140 3305 qui
1175 3229 1448 3301 insuﬂlavit
1476 3229 1524 3282 ei
1551 3222 1791 3297 spiritum
1817 3225 1950 3278 vita-

369 3335 493 3391 lem.
524 3331 630 3389 Sed
658 3340 709 3386 et
746 3329 1130 3385 testintaverunt
1167 3321 1340 3376 lusum
1368 3336 1476 3374 esse
1514 3317 1669 3373 vitam
1698 3324 1950 3377 nostram,

370 3433 420 3478 et
462 3419 907 3477 conversationem
953 3416 1070 3472 vitae
1117 3410 1455 3483 compositam
1505 3407 1575 3461 ad
1619 3405 1858 3468 lucrum,
1905 3413 1953 3457 et

372 3522 609 3586 oportere
642 3509 985 3580 undecunque
1009 3505 1168 3560 etiam
1193 3518 1257 3557 ea;
1292 3499 1431 3556 malo
1467 3498 1755 3569 acquirere.
1788 3493 1957 3565 Supe—

374 3603 491 3661 rius
515 3606 833 3657 narraverat
856 3598 923 3654 de
944 3597 1033 3653 his
1055 3593 1147 3669 qui
1174 3593 1240 3649 de
1265 3591 1422 3662 lignis
1450 3597 1544 3644 aut
1569 3586 1836 3657 lapidibus
1864 3592 1959 3640 aut

372 3692 606 3750 metallis
641 3689 909 3761 aliquibus
955 3685 1096 3742 idola
1140 3681 1569 3744 fabricaveraut;
1603 3692 1745 3733 nunc
1789 3683 1846 3731 et
1890 3675 1957 3730 de

375 3784 482 3840 illis
513 3782 662 3849 dicit,
693 3780 785 3852 qui
814 3780 868 3835 in
915 3786 1034 3833 arte
1076 3775 1221 3847 ﬁguli
1262 3773 1507 3829 eamdem
1531 3770 1824 3826 vanitatem
1872 3783 1959 3823 se-

375 3877 488 3934 cuti
522 3883 675 3942 sunt,
701 3871 819 3945 pari
846 3885 1034 3927 errore
1070 3867 1262 3924 noxios
1299 3881 1393 3922 eos
1430 3879 1552 3920 esse
1578 3863 1955 3933 comprobans.

374 3969 435 4028 ln
458 3976 667 4024 tantam
687 3964 830 4020 enim
858 3961 1142 4018 stultitiam
1169 3958 1273 4029 ipsi
1301 3955 1530 4028 gentiles
1555 3953 1787 4010 devoluti
1811 3960 1956 4018 sunt,

376 4066 438 4114 ut
465 4072 573 4113 non
609 4054 784 4112 solum
812 4052 877 4108 de
903 4066 1036 4106 auro
1060 4048 1175 4105 sive
1205 4054 1452 4116 argento,
1492 4043 1606 4099 sive
1637 4042 1799 4097 etiam
1829 4039 1961 4111 lapi-

380 4150 536 4205 dibus
569 4146 823 4217 pretiosis
860 4142 1003 4199 idola
1042 4139 1366 4203 conderent,
1409 4134 1504 4191 sed
1542 4140 1597 4191 et
1634 4135 1700 4189 de
1728 4133 1818 4188 vili
1850 4133 1962 4189 luto

379 4236 666 4300 simulacra
704 4232 825 4304 pari
869 4231 1028 4287 modo
1076 4228 1343 4300 ﬁngerent
1367 4268 1383 4293 ,
1430 4225 1588 4281 deum
1634 4222 1964 4294 appellantes

378 4343 527 4394 eum,
551 4326 642 4398 qui
668 4324 732 4379 de
756 4323 884 4378 limo
910 4330 1067 4376 terra:
1092 4326 1331 4375 testaceo
1350 4332 1513 4388 apere
1536 4314 1800 4370 formatus
1821 4320 1960 4368 erat.

384 4417 537 4474 Unde
573 4414 718 4486 juste
758 4412 837 4468 eis
880 4410 1205 4466 retributum
1237 4416 1342 4475 est,
1387 4414 1447 4462 ut
1482 4406 1571 4478 qui
1610 4404 1858 4461 homines
1897 4402 1963 4458 de

383 4516 533 4565 terra
561 4505 688 4562 facti
718 4503 953 4569 fuerant,
987 4516 1108 4557 cum
1135 4498 1412 4556 meliorem
1450 4498 1534 4553 sui
1574 4505 1817 4569 partem,
1859 4494 1965 4551 hoc

382 4608 499 4668 est,
547 4595 924 4654 rationabilem
968 4594 1204 4649 animam
1248 4606 1368 4663 quae
1411 4590 1480 4647 ad
1527 4590 1816 4662 imaginem
1864 4586 1964 4644 Dei

384 4698 567 4747 creata
592 4695 695 4754 est,
729 4685 797 4741 ad
835 4682 1167 4753 adorandum
1193 4681 1363 4735 Deum
1386 4678 1567 4733 vivum
1594 4677 1849 4734 nolebant
1875 4690 1964 4732 se-

386 4778 506 4850 qui,
539 4775 785 4831 viliorem
816 4772 899 4829 sui
935 4771 1271 4842 portionem,
1299 4768 1402 4823 hoc
1429 4774 1546 4833 est,
1574 4781 1769 4837 corpus
1796 4774 1967 4822 terre-

391 4884 519 4926 num
544 4865 804 4924 imitando
829 4863 1031 4920 luteum
1062 4862 1351 4917 adorarent
1376 4859 1532 4914 deum
1554 4900 1567 4923 ,
1609 4858 1793 4928 sicque
1821 4866 1967 4929 post-

391 4961 609 5017 modum
645 4959 760 5014 sine
789 4956 915 5013 boni
949 4954 1127 5025 operis
1154 4952 1328 5007 fructu
1365 4959 1523 5006 teme
1552 4948 1872 5011 insensibili,
1902 4948 1970 5003 de

392 5070 497 5124 qua
524 5054 722 5125 sumpti
757 5060 903 5119 sunt,
930 5050 1030 5121 ipsi
1058 5047 1315 5104 insensati
1351 5053 1405 5101 et
1436 5045 1653 5100 inutiles
1682 5044 1972 5099 redderen-

393 5154 503 5201 tur.
549 5143 771 5215 blystice
817 5154 994 5196 autem
1030 5154 1216 5195 omnes
1243 5136 1481 5193 haeretici
1526 5143 1688 5205 atque
1714 5133 1973 5189 schisma-

394 5236 489 5294 tici
533 5235 623 5310 qui
670 5234 950 5290 veritatem
998 5232 1094 5286 Dei
1144 5231 1196 5285 in
1244 5228 1559 5301 iniustitiam
1603 5226 1874 5292 detinent,
1922 5232 1976 5280 ct

394 5326 735 5387 mendacium
768 5340 867 5396 pro
895 5325 1122 5380 veritate
1161 5323 1214 5378 in
1247 5320 1612 5377 doctrinarum
1654 5334 1873 5373 suarum
1903 5317 1976 5374 si-

397 5422 652 5480 mulacris
691 5419 893 5476 colunt.
936 5418 1088 5474 Licet
1127 5415 1415 5488 aliquando
1443 5425 1669 5471 venusta
1706 5413 1976 5472 locutione

397 5522 488 5570 aut
522 5508 902 5570 verisimilibus
929 5523 993 5563 ea
1022 5507 1308 5563 virtutibus
1351 5504 1616 5579 polleant,
1650 5513 1830 5558 tamen
1863 5501 1975 5556 fra-

398 5604 522 5680 gilia
571 5621 635 5663 ac
679 5602 725 5661 si
767 5602 909 5658 lutea
940 5601 1048 5657 sint
1073 5600 1291 5656 omnino
1318 5615 1438 5656 esse
1479 5599 1815 5670 probabunt,
1851 5596 1977 5668 quia

399 5713 486 5754 res
513 5708 874 5771 supervacuas
905 5692 1129 5769 lingunt,
1163 5692 1217 5746 et
1247 5690 1471 5762 proinde
1494 5688 1631 5745 ciuis
1655 5698 1736 5745 est
1766 5706 1860 5743 cor
1888 5705 1977 5744 co—

2053 3236 2232 3307 pOpuli
2264 3235 2360 3291 Dei
2385 3243 2440 3290 et
2466 3233 2669 3288 inimici
2699 3247 2890 3288 omnes
2910 3218 3160 3302 iustitiae,
3190 3230 3315 3284 licet
3340 3229 3411 3283 ad
3442 3239 3671 3297 tempus

2055 3331 2278 3387 interra
2308 3327 2574 3385 dominari
2601 3326 2908 3390 videantur,
2947 3332 3125 3378 tamen
3166 3322 3296 3391 quia
3327 3320 3672 3391 insipientes

2054 3430 2183 3477 sunt
2221 3436 2346 3476 cum
2392 3421 2666 3475 insensata
2708 3417 2850 3472 idola
2902 3417 3182 3471 nationum
3223 3413 3511 3470 aestimant
3542 3428 3670 3468 esse

2056 3512 2187 3567 deos
2215 3510 2410 3580 quibus
2441 3524 2548 3565 non
2592 3517 2678 3564 est
2712 3509 2880 3569 visus.
2924 3522 3025 3563 nec
3053 3507 3291 3571 auditus,
3321 3519 3426 3561 nec
3455 3512 3669 3568 tactus,

2054 3616 2158 3657 nec
2183 3600 2325 3656 ullus
2352 3600 2566 3656 vivendi
2610 3614 2835 3665 sensus;
2884 3598 3128 3653 infelices
3166 3604 3294 3652 sunt
3332 3611 3511 3667 super
3555 3611 3677 3651 mo-

2056 3691 2186 3747 dum
2214 3689 2410 3746 animte
2438 3704 2550 3743 suae
2579 3688 2859 3743 interitum
2886 3687 2942 3742 in
2975 3688 3217 3757 gehenna
3248 3692 3679 3754 exspectantes,

2056 3781 2149 3838 ubi
2171 3780 2275 3836 erit
2302 3787 2558 3850 perpetua
2582 3792 2743 3849 paena
2770 3778 3082 3843 cruciandi;
3109 3792 3233 3830 nam
3260 3775 3453 3830 vermis
3478 3792 3677 3830 eorum

2059 3888 2167 3928 non
2203 3871 2446 3935 moritur,
2490 3880 2538 3924 et
2572 3870 2711 3940 ignis
2746 3885 2850 3923 non
2884 3870 3262 3939 exstinguetur,
3297 3882 3394 3936 pro
3426 3881 3496 3919 eo
3527 3867 3681 3938 quod

2060 3979 2165 4019 non
2196 3961 2450 4017 dederunt
2479 3962 2726 4017 honorem
2752 3959 2861 4015 Deo
2897 3960 3006 4014 riuo
3034 3968 3084 4012 et
3109 3973 3247 4023 vero,
3282 3966 3333 4011 et
3358 3957 3677 4012 seruierunt

2059 4053 2386 4124 sculptilibus
2411 4068 2528 4122 qua:
2564 4052 2664 4122 ipsi
2693 4051 2926 4122 nequiter
2958 4050 3225 4119 finxerunt
3254 4046 3451 4120 (lare.
3489 4049 3604 4121 ts).

2134 4142 2308 4198 Homo
2331 4144 2471 4199 enim
2493 4141 2614 4211 fecit
2643 4140 2782 4207 illos,
2801 4149 2850 4194 et
2874 4141 2965 4212 qui
2990 4140 3234 4209 spiritum
3261 4148 3548 4193 mutuatus
3572 4147 3681 4207 est,

2062 4235 2218 4304 ﬁnxit
2248 4232 2398 4297 illos;
2429 4249 2579 4287 nemo
2608 4233 2743 4288 enim
2772 4232 2870 4287 sibi
2898 4229 3124 4286 similem
3143 4231 3298 4284 homo
3326 4231 3493 4284 deum
3522 4239 3685 4300 pots-

2066 4326 2132 4382 rit
2152 4325 2369 4397 lingere.
2391 4322 2525 4379 Cum
2549 4324 2616 4378 sit
2643 4324 2783 4378 enim
2807 4321 3064 4387 mortalis,
3084 4331 3349 4375 mortuum
3369 4320 3538 4389 ﬁngit
3562 4336 3686 4374 ma-

2065 4416 2216 4472 nibus
2245 4415 2458 4487 iniquis.
2486 4413 2676 4470 Melior
2697 4423 2772 4468 est
2794 4413 2932 4467 enim
2957 4414 3067 4483 ipse
3093 4411 3174 4466 his
3203 4427 3332 4482 quas
3361 4410 3525 4476 colit,
3545 4413 3684 4482 quia

2064 4509 2174 4581 ipse
2202 4508 2410 4580 quidem
2436 4506 2588 4572 uixit,
2614 4523 2734 4561 cum
2759 4515 2890 4560 esset
2915 4503 3174 4569 mortalis,
3201 4502 3285 4556 illi
3312 4511 3499 4556 autem
3532 4520 3685 4558 nun-

2065 4614 2243 4669 quam.
2276 4595 2465 4652 Melior
2488 4602 2573 4650 est
2597 4594 2741 4650 enim
2769 4595 2931 4649 homo
2969 4591 3126 4648 idolis
3161 4588 3461 4647 secundum
3492 4591 3686 4647 ratio—

2068 4704 2192 4746 nem
2222 4687 2513 4745 creationis
2542 4701 2679 4753 suat,
2702 4685 2826 4757 quis
2854 4685 2970 4757 ipse
2993 4684 3128 4739 vivit
3151 4691 3208 4740 et
3243 4679 3542 4750 intelligit,
3588 4681 3687 4738 illa

2068 4790 2249 4839 autem
2285 4794 2584 4849 nunquam.
2623 4775 2731 4834 Sed
2759 4787 2942 4833 tamen
2968 4776 3095 4846 quia
3129 4772 3301 4842 magis
3330 4780 3567 4828 secutus
3596 4782 3689 4828 est

2067 4871 2365 4927 vanitatem
2402 4868 2606 4925 erroris
2637 4882 2800 4938 quam
2836 4865 3122 4923 scientiam
3151 4861 3435 4925 veritatis,
3474 4862 3688 4933 imple-

2071 4972 2160 5016 tur
2181 4961 2234 5016 in
2258 4975 2326 5016 eo
2344 4959 2485 5031 quod
2510 4973 2609 5029 per
2633 4957 2974 5013 Psalmist
2996 4954 3194 5011 dicitur
3216 4970 3229 5006 :
3257 4949 3437 5006 Homo
3460 4968 3596 5006 cum
3628 4953 3687 5006 in

2069 5052 2265 5107 honore
2302 5059 2429 5127 esset
2466 5066 2571 5104 non
2611 5046 2893 5113 intellexit,
2931 5054 3264 5117 comparatus
3301 5051 3376 5096 est
3404 5042 3689 5112 jumean

2070 5144 2453 5215 insipientibus,
2484 5154 2529 5199 et
2567 5141 2752 5198 similis
2783 5141 2956 5211 [actus
2989 5149 3065 5196 est
3102 5138 3209 5193 illis
3242 5135 3420 5208 (Psal.
3447 5136 3685 5205 savus).

2146 5232 2249 5288 Sed
2283 5242 2331 5287 et
2361 5230 2617 5287 animalia
2644 5230 2939 5284 miserrima
2973 5228 3188 5289 colunt;
3227 5228 3504 5281 insensata
3533 5227 3687 5283 enim

2074 5332 2378 5395 comparata
2416 5321 2517 5387 his,
2565 5321 2675 5375 illis
2705 5329 2826 5374 sunt
2866 5319 3147 5374 deteriora.
3180 5316 3286 5373 Sed
3322 5332 3417 5371 nec
3454 5326 3688 5385 aspectu

2078 5414 2265 5486 aliquis
2289 5430 2354 5469 ex
2372 5413 2453 5468 his
2483 5410 2797 5467 animalibus
2818 5410 2954 5465 bona
2973 5419 3141 5480 potest
3160 5408 3483 5478 conspicere.
3515 5406 3691 5476 επ...

2074 5516 2260 5578 gerunt
2289 5514 2464 5559 autem
2494 5502 2588 5559 Dei
2619 5501 2852 5568 laudem,
2878 5510 2927 5557 et
2954 5501 3357 5557 benedictionem
3384 5501 3526 5571 ejus.
3565 5499 3688 5556 li~

2078 5614 2199 5657 sera
2229 5596 2503 5669 gentilitas
2538 5611 2648 5652 non
2684 5594 2857 5653 solum
2894 5594 3186 5650 humanam
3224 5592 3553 5665 specierum:
3588 5592 3687 5647 in-

2078 5688 2420 5744 scusihilibus
2446 5686 2605 5743 rebus
2629 5684 2921 5759 formatam
2943 5698 3040 5742 oro
3070 5684 3288 5739 nomine.
3311 5681 3550 5745 colebat.
3569 5678 3686 5737 sed
