3928 6182
268 288 369 347 ⁸145

1080 276 1430 338 ΟΟΠΜΕΝΤ.
1473 270 1542 333 ΙΝ
1583 275 1845 351 LlBRUM
1884 261 2292 332 SAPIENTUE.
2336 303 2407 316 —
2442 271 2572 329 LIB.
2611 271 2676 329 11.

3439 256 3544 332 746

267 405 426 462 etiam
462 406 785 455 centaurum
833 392 1151 450 animalium
1190 392 1398 463 species
1442 403 1703 462 perverse
1761 388 1855 443 ad—
1883 390 1933 451 Α
1957 386 2082 440 lutis
2127 384 2196 439 ad
2236 382 2773 438 commemorationem
2823 368 3066 438 mananti
3092 379 3218 453 legis
3264 389 3388 440 tua.
3440 384 3545 455 Qui

266 496 478 557 orabat,
500 505 605 546 nec
623 490 827 561 justam
853 486 1233 543 discretionem
1265 485 1319 539 in
1347 484 1453 538 ulla
1483 497 1543 538 re
1567 483 1853 539 habuerat.

267 582 575 641 Secundum
622 577 1111 635 considerationem
1153 576 1298 631 enim
1342 573 1588 629 veritatis
1622 571 1857 626 viventia

261 679 643 749 proponuntur
671 667 920 733 mortuis,
949 675 1007 723 et
1035 666 1311 721 sensibilis
1353 663 1776 726 insensibilibus,
1803 668 1860 716 et

272 763 551 822 rationalia
599 760 895 816 animantia
939 759 1154 814 caeteris
1196 758 1592 821 animantibus;
1640 756 1733 810 sed
1779 755 1860 810 di-

266 872 433 927 gnum
458 853 563 908 fuit
588 851 767 921 utqui
794 860 1097 905 creatorem
1138 864 1295 907 suum
1343 848 1762 919 ignoraverunt,
1804 845 1860 899 in

268 945 533 1001 creaturis
546 958 763 1014 quoque
777 941 948 1012 ipsius
963 939 1364 995 distinctionem
1377 953 1671 1009 congruam
1685 935 1863 991 facere

269 1035 573 1098 nescirent;
598 1033 690 1102 qui
715 1031 876 1087 enim.
889 1030 989 1085 Dei
1014 1028 1231 1085 laudem
1255 1036 1312 1084 et
1343 1027 1775 1083 benedictionem
1808 1025 1863 1078 in

269 1126 563 1193 semetipso
591 1122 793 1177 habere
826 1119 1078 1191 negligit,
1121 1119 1177 1173 in
1206 1125 1426 1188 aspectu
1456 1127 1510 1172 et
1541 1114 1865 1171 discretione

270 1216 588 1272 animalium
619 1213 965 1283 semetipsum
993 1226 1180 1267 errare
1207 1210 1475 1281 probabit.

337 1350 497 1423 (Car.
526 1346 663 1422 ιη.)
706 1345 932 1419 Propter
966 1347 1064 1401 hoc
1090 1349 1195 1417 'per
1235 1346 1321 1399 his
1345 1341 1540 1398 similia
1567 1345 1710 1412 passi
1744 1347 1867 1394 sunt

272 1445 434 1516 digna
465 1448 748 1507 tormenta,
778 1448 825 1495 et
852 1456 946 1511 per
974 1438 1362 1494 multitudinem
1390 1436 1671 1490 bestiarum
1695 1444 1866 1487 exter-

272 1539 461 1594 minati
507 1548 649 1593 sunt.
692 1535 818 1591 Haec
861 1533 905 1591 si
949 1534 1017 1590 ad
1063 1532 1350 1603 Egyptios
1386 1528 1578 1595 refers,
1612 1528 1702 1598 qui
1745 1541 1867 1581 cum

274 1629 579 1686 idololatraa
608 1625 841 1682 fuissent
878 1634 937 1681 et
980 1624 1147 1681 variis
1187 1622 1469 1678 erroribus
1500 1620 1668 1676 dediti
1708 1633 1871 1689 popu-

273 1721 383 1777 lum
417 1734 639 1792 quoque
672 1718 769 1774 Dei
812 1717 1009 1789 injuste
1043 1714 1318 1786 persecuti
1359 1717 1524 1778 sunt,‘
1548 1713 1601 1766 in
1643 1710 1750 1766 illis
1783 1711 1872 1764 de-

274 1826 390 1868 cem
439 1809 621 1882 plagis
658 1808 856 1879 quibus
900 1806 1163 1862 Dominus
1202 1820 1297 1860 eos
1339 1801 1622 1873 corripuit,
1663 1815 1765 1872 pro
1804 1813 1869 1854 eo

273 1903 416 1973 quod
447 1901 741 1956 noluerunt
761 1898 1017 1970 populum
1062 1911 1218 1952 suum
1252 1892 1543 1959 dimittere,
1572 1892 1869 1949 bestiarum

272 2007 366 2047 eos
391 1992 578 2062 potest
604 1988 903 2059 intelligere
929 1987 1190 2042 saevitiam
1218 1995 1472 2056 expertos
1494 1998 1646 2048 esse;
1672 1998 1794 2036 nam
1815 1987 1872 2036 et

275 2086 346 2141 ibi
376 2090 587 2141 musca!
615 2083 813 2140 diversi
849 2080 1065 2152 generis
1095 2086 1152 2136 et
1184 2078 1405 2135 locusta:
1433 2093 1529 2133 eos
1560 2076 1873 2132 describun-

274 2185 361 2233 tur
391 2177 730 2240 devastasse,
754 2173 1012 2231 'similiter
1030 2178 1084 2225 et
1109 2184 1255 2226 ranae
1281 2178 1337 2226 et
1362 2175 1564 2239 rupetaa
1591 2173 1645 2221 et
1672 2172 1872 2222 caetera

274 2267 578 2323 animantia
609 2274 789 2331 terra},
824 2266 891 2321 de
916 2264 1112 2334 quibus
1137 2261 1192 2317 in
1224 2260 1433 2333 psalmo
1461 2258 1719 2329 scriptum
1746 2265 1829 2312 est
1854 2275 1867 2309 :

274 2357 510 2412 Immisit
537 2356 610 2411 eis
638 2364 871 2410 muscam
894 2353 1159 2419 daninam,
1193 2359 1241 2406 et
1269 2348 1490 2404 comedit
1515 2364 1634 2410 eos;
1664 2363 1869 2411 ranam,

275 2460 321 2505 et
344 2447 714 2504 exteriuinavit
739 2462 859 2511 eos;
887 2454 934 2500 et
956 2443 1098 2498 dedit
1137 2442 1343 2513 erugini
1364 2439 1566 2511 fructus
1593 2454 1794 2503 eorum,
1824 2445 1873 2490 et

274 2541 483 2597 labores
515 2544 693 2596 eorum
734 2538 949 2593 locustw
977 2534 1150 2608 (Psal.
1185 2531 1409 2602 Lxxvn).
1451 2530 1625 2586 Aliter
1661 2542 1873 2599 quoque

274 2633 571 2689 haereticos
599 2640 655 2686 et
691 2628 1070 2686 sebismaticos
1100 2634 1262 2696 atque
1293 2637 1482 2679 omnes
1518 2620 1733 2692 iniquos
1770 2618 1874 2688 spi—

274 2725 470 2780 ritales
493 2722 704 2787 bestiae,
734 2714 839 2777 hoc
867 2727 971 2786 est,
1003 2717 1222 2790 maligni
1252 2715 1477 2787 spiritus
1507 2712 1736 2775 laniant,
1759 2710 1875 2779 dis-

275 2818 462 2887 sipant
492 2825 657 2884 atque
695 2812 1095 2877 exterminant,
1126 2818 1359 2880 quorum
1401 2806 1528 2876 quia
1568 2801 1876 2859 consentie~

277 2911 415 2965 bant
439 2905 708 2964 voluntati
741 2904 890 2974 juSto
917 2903 1035 2980 Dei
1048 2900 1254 2974 judicio
1283 2897 1482 2955 subditi
1511 2902 1637 2951 sunt
1662 2891 1870 2956 ditioni,

277 3009 337 3055 ut
357 3011 460 3056 eos
488 2996 734 3053 crucient
762 3006 925 3066 atque
950 2993 1281 3064 disperdant.
1806 3003 1813 3011 ·

353 3111 467 3166 Pro
528 3111 713 3182 quibus
764 3107 1034 3163 tormentis
1093 3105 1216 3160 bene
1266 3102 1566 3173 disposuisti
1624 3097 1873 3172 populum

275 3215 470 3266 tuum,
522 3201 706 3272 quibus
757 3198 945 3253 dedisti
998 3193 1466 3267 concupiscentiam
1516 3188 1880 3269 delectamenti

278 3296 363 3350 sui
403 3308 599 3348 novum
626 3305 889 3362 saporem,
916 3304 1088 3342 escam
1117 3301 1314 3357 parans
1342 3284 1416 3337 eis
1452 3287 1878 3351 ortygometram,

278 3397 336 3441 ut
376 3384 464 3440 illi
498 3383 711 3455 quidem
742 3379 1159 3450 concupiscentes
1190 3368 1404 3439 escam,
1436 3364 1647 3443 propter
1674 3386 1736 3424 ea
1762 3384 1881 3440 qua:

279 3475 395 3531 illis
426 3484 637 3529 ostensa
671 3481 720 3526 et
748 3471 907 3524 missa
933 3477 1089 3533 sunt,
1119 3468 1275 3521 etiam
1298 3482 1338 3531 pa
1367 3460 1662 3521 necessaria
1691 3475 1882 3514 concu-

280 3568 548 3641 piscentia
586 3572 959 3619 averterentur.
998 3559 1071 3615 Hi
1099 3554 1271 3612 autem
1298 3558 1354 3610 in
1379 3554 1518 3609 brevi
1548 3554 1723 3623 inopes
1754 3550 1881 3621 facti

285 3640 483 3713 novam
517 3661 855 3726 gustaverunt
897 3664 1101 3713 escam;
1137 3645 1405 3717 oportebat
1443 3643 1581 3698 enim
1621 3641 1727 3696 illis
1766 3640 1881 3713 qui-

284 3752 409 3805 dem
436 3748 552 3803 sine
580 3744 915 3801 excusatione
948 3739 1276 3809 supervenire
1307 3736 1572 3790 interitum
1599 3730 1882 3787 exercenti-

285 3841 388 3894 bus
436 3836 800 3909 tyrannidem;
844 3833 924 3888 his
955 3840 1129 3886 autem
1176 3837 1380 3881 tantum
1411 3823 1679 3879 ostendere
1705 3838 1883 3892 quem-

282 3930 584 3986 admodum
634 3926 831 3981 inimici
880 3923 1091 3979 illorum
1132 3914 1632 3974 exterminabantur.
1662 3912 1883 3983 Legitur

287 4024 347 4079 in
384 4023 529 4078 libro
567 4020 925 4074 Numerorum
955 4014 1097 4086 quod
1126 4011 1353 4085 populus
1394 4006 1721 4063 lsraeliticus
1758 4018 1880 4058 cum

284 4129 446 4169 esum
473 4112 723 4168 carnium
759 4109 812 4163 in
840 4108 1055 4162 deserto
1081 4101 1458 4174 concupierat,
1487 4093 1882 4152 multitudinem

285 4203 676 4261 cothurnicum
706 4199 935 4255 Domino
981 4197 1250 4252 tribuente
1280 4191 1584 4262 acceperit,
1628 4203 1762 4259 quas
1789 4202 1883 4242 co-

284 4296 524 4351 medens
552 4291 779 4347 satiatus
820 4297 905 4344 est
947 4302 1118 4357 usque
1150 4285 1215 4340 ad
1254 4296 1542 4346 nauseam,
1571 4278 1667 4334 sed
1702 4287 1882 4333 tamen

286 4401 403 4439 non
432 4380 625 4455 procul
666 4379 736 4433 ab
776 4379 857 4434 eis
901 4376 1004 4432 fuit
1037 4376 1202 4446 ipsius
1226 4369 1677 4443 concupiscentiae
1705 4367 1884 4423 vindi-

1958 478 2095 532 enim
2127 492 2400 530 conversus
2424 484 2519 540 est,
2548 491 2654 528 non
2679 489 2770 543 per
2794 473 2891 527 hoc
2913 474 3054 544 quod
3081 473 3287 530 videbat
3319 479 3550 532 sanaba-

1959 579 2068 633 tur,
2100 568 2190 621 sed
2217 583 2310 636 per
2344 578 2393 621 te
2420 566 2652 620 omnium
2678 564 3025 630 salvatorem;
3063 574 3112 620 et
3140 566 3197 621 in
3233 566 3332 622 hoc
3371 578 3549 624 autem

1960 656 2231 712 ostendisti
2272 657 2498 711 inimicis
2543 656 2755 719 nostris,
2782 656 2906 726 quia
2951 664 3007 709 tu
3049 672 3103 710 es
3128 658 3219 728 qui
3267 657 3456 715 liberas
3483 659 3551 715 ab

1959 748 2102 803 omni
2143 746 2305 801 malo.
2342 748 2472 802 Item
2503 746 2697 817 legitur
2728 746 2783 800 in
2822 746 3083 816 praedicto
3121 746 3260 802 libro
3290 747 3552 806 Numero-

1963 856 2082 895 rum
2130 840 2274 909 quod
2326 849 2725 894 murmurantes
2774 838 2867 893 ﬁlii
2915 837 3112 904 lsrael,
3168 839 3223 893 in
3273 840 3551 910 trigesima

1960 932 2150 1001 quinta
2196 930 2476 985 mansione
2518 944 2629 999 prce
2678 930 2836 984 taedio
2871 930 3079 985 itineris
3123 946 3188 986 ac
3229 931 3451 1000 laboris,
3498 944 3556 988 et

1963 1034 2076 1092 prae
2098 1023 2357 1075 tenuitate
2377 1021 2551 1076 victus
2571 1021 2707 1074 iram
2728 1020 2940 1075 Domini
2964 1029 3149 1076 contra
3172 1036 3231 1077 se
3252 1023 3549 1079 incitarint.

1968 1114 2316 1181 Quamobrem
2345 1105 2487 1168 misit
2528 1113 2781 1167 Dominus
2826 1115 2881 1168 in
2927 1114 3173 1185 populum
3217 1117 3407 1188 ignitos
3445 1135 3555 1173 scr—

1964 1214 2160 1276 pentes,
2192 1206 2261 1258 ad
2286 1221 2507 1276 quorum
2531 1205 2712 1275 plagas
2743 1214 2789 1259 et
2821 1215 3010 1259 mortes
3037 1204 3381 1271 plurimorum
3408 1226 3556 1265 vene-

1967 1305 2089 1349 runt
2117 1300 2184 1348 ad
2216 1294 2432 1365 Moysen
2456 1304 2503 1348 et
2528 1295 2774 1348 dixerunt
2806 1313 2824 1350 :
2856 1293 3214 1361 Peccavimus,
3245 1298 3370 1362 quia
3392 1298 3555 1352 locuti

1967 1403 2146 1441 sumus
2176 1396 2356 1440 contra
2396 1385 2679 1441 Dominum
2725 1396 2774 1440 et
2817 1397 2899 1453 te;
2933 1404 3026 1442 ora
3053 1398 3111 1443 ut
3152 1388 3298 1442 tollat
3337 1407 3369 1443 a
3408 1390 3561 1445 nobis

1966 1485 2246 1546 serpentes.
2282 1474 2465 1529 Oravit
2514 1474 2719 1546 Moyses
2744 1492 2852 1546 pro
2895 1476 3107 1547 populo,
3155 1488 3202 1531 et
3246 1476 3449 1533 locutus
3481 1487 3558 1534 est

1971 1564 2224 1623 Doininus
2250 1566 2321 1622 ad
2348 1580 2463 1622 eum
2486 1580 2504 1620 :
2531 1566 2643 1621 Fac
2669 1574 2955 1639 serpentem
2981 1576 3181 1623 teneam
3210 1578 3257 1624 et
3282 1586 3415 1641 pone
3438 1588 3559 1626 eum

1968 1673 2063 1727 pro
2095 1658 2244 1727 signo
2273 1670 2291 1709 :
2321 1656 2411 1726 qui
2440 1672 2714 1727 percussus
2754 1657 3013 1726 aspexerit
3050 1673 3187 1724 eam,
3227 1659 3376 1713 vivet.
3408 1658 3557 1713 Fecit

1898 1773 1944 1833 Β
1971 1764 2091 1819 ergo
2127 1742 2334 1819 Moyses
2367 1757 2653 1819 serpentem
2683 1764 2885 1803 teneam
2921 1757 2969 1802 et
3003 1751 3176 1820 posuit
3202 1767 3319 1806 eum
3358 1769 3451 1823 pro
3487 1753 3561 1806 si-

1970 1856 2094 1910 gno,
2121 1855 2276 1910 quem
2298 1854 2419 1893 cum
2446 1840 2677 1901 percussi
2704 1830 2991 1908 aspicerent
3014 1841 3340 1897 sanabuntur
3365 1841 3557 1914 (Num.

1970 1932 2108 2000 xxi).
2142 1929 2249 1985 Sed
2279 1929 2566 2001 diligenter
2602 1929 2936 1998 pensandum
2977 1938 3061 1986 est
3099 1932 3208 1986 hoc
3245 1932 3388 2002 quod
3428 1932 3563 1989 dici-

1973 2026 2098 2074 tur:
2130 2018 2236 2086 Qui
2259 2020 2397 2083 enim
2422 2036 2701 2074 conversus
2726 2029 2801 2074 est
2828 2036 2932 2074 non
2954 2036 3047 2091 per
3068 2022 3165 2075 hoc
3189 2022 3330 2094 quod
3356 2024 3560 2078 videbat

1970 2109 2282 2176 sanabatur,
2306 2109 2399 2163 sed
2426 2126 2519 2180 per
2547 2118 2597 2163 te
2638 2111 2870 2164 ominum
2899 2110 3230 2166 salvatorem.
3261 2112 3378 2167 Non
3412 2114 3558 2168 enim

1971 2214 2153 2255 aeneus
2180 2215 2426 2270 serpens,
2471 2200 2565 2270 qui
2610 2215 2709 2270 pro
2738 2201 2892 2271 signo
2920 2200 3218 2271 ﬁguraliter
3260 2204 3565 2273 ponebatur

1973 2287 2204 2344 salvavit
2247 2287 2389 2353 illos,
2423 2289 2519 2344 sed
2567 2297 2966 2344 sacramentum
3002 2286 3278 2361 mysterii,
3321 2292 3426 2347 hoc
3453 2300 3558 2358 est,

1973 2393 2120 2434 mors
2132 2376 2354 2445 Christi,
2369 2379 2461 2448 qui
2489 2378 2543 2434 in
2568 2394 2633 2435 eo
2655 2386 2904 2449 serpente
2931 2379 3289 2451 ﬁgurabatur,
3312 2382 3428 2454 ipse
3453 2384 3563 2438 sal-

1974 2470 2121 2525 vavit
2158 2486 2332 2542 genus
2375 2472 2669 2526 humanum
2699 2487 2713 2525 :
2743 2468 2926 2527 omnia
2954 2472 3098 2526 enim
3134 2471 3189 2526 in
3230 2472 3404 2545 ﬁgura
3432 2488 3563 2530 con-

1975 2563 2254 2634 tingebant
2287 2562 2414 2618 illis.
2446 2561 2662 2632 Scripta
2696 2570 2823 2617 sunt
2849 2569 3029 2617 autem
3062 2562 3131 2639 ad_
3163 2560 3562 2633 correptionem

1976 2662 2217 2710 nostram
2236 2695 2252 2722 ,
2281 2654 2335 2709 in
2361 2668 2497 2726 quos
2524 2652 2660 2709 ﬁnes
2699 2653 3020 2709 saculorum
3051 2650 3406 2711 devenerunt.
3455 2654 3565 2712 Sed

1974 2747 2106 2818 quid
2150 2746 2281 2802 illud
2309 2744 2577 2818 signiﬁcat
2615 2746 2758 2816 quod
2783 2745 3006 2800 Vulnera
3050 2745 3105 2799 in
3148 2746 3459 2803 hominibus
3496 2761 3565 2802 ex

1975 2855 2163 2896 morsu
2192 2839 2428 2896 ferorum
2455 2838 2787 2907 serpentium
2809 2835 2948 2893 facta
2972 2835 3213 2892 exaltato
3237 2844 3294 2893 et
3318 2849 3566 2908 respecto

1975 2928 2127 2987 teneo
2165 2937 2415 3001 serpente
2456 2929 2810 2992 sanabantur,
2843 2926 2947 2982 nisi
2984 2927 3128 2997 quod
3164 2942 3305 2983 nunc
3346 2929 3402 2983 in
3438 2936 3568 2999 typo

1980 3020 2298 3086 Salvatoris,
2326 3018 2419 3090 qui
2443 3017 2617 3073 ferum
2647 3017 3035 3088 antiquumque
3063 3022 3368 3087 serpentem
3393 3019 3445 3072 in
3470 3032 3568 3088 pa-

1982 3113 2153 3169 tibulo
2177 3111 2378 3175 crucis,
2406 3109 2793 3179 triumphavit,
2832 3100 3033 3164 diaboli
3070 3120 3279 3165 venena
3308 3123 3571 3180 superan-

1982 3202 2102 3259 tur?
2129 3203 2204 3257 ita
2239 3209 2298 3256 ut
2320 3200 2413 3271 qui
2441 3214 2571 3255 vere
2599 3202 2962 3269 expresseq’ne
3001 3199 3292 3270 imaginem
3321 3188 3445 3254 Filii
3470 3199 3569 3256 Dei

1978 3294 2396 3367 passionemque
2443 3291 2562 3362 ejus
2606 3290 2984 3360 conspexerit,
3035 3300 3408 3349 conservetur.
3457 3291 3573 3347 Hoc

1978 3388 2126 3442 enim
2171 3385 2479 3457 signiﬁcant
2521 3391 2575 3439 et
2617 3384 2781 3438 verba
2831 3382 2999 3453 ipsius
3040 3383 3252 3439 Domini
3291 3384 3520 3442 dicentis
3554 3403 3568 3440 :

1981 3476 2128 3532 Sicut
2151 3475 2400 3531 etaltavit
2427 3473 2634 3545 Moyses
2645 3475 2711 3527 in
2735 3489 2905 3527 eremo
2930 3482 3241 3543 serpentem,
3270 3474 3345 3529 sic
3370 3484 3574 3545 oportet

1978 3565 2205 3620 exaltari
2231 3563 2402 3635 [ilium
2434 3564 2693 3628 hominis,
2724 3572 2781 3616 ut
2820 3563 2989 3617 omnis
3028 3564 3121 3633 qui
3162 3565 3327 3618 credit
3370 3566 3425 3618 in
3451 3581 3571 3619 eum

1981 3672 2085 3710 non
2127 3666 2332 3727 pereat,
2375 3656 2466 3710 sed
2507 3654 2694 3709 habeat
2738 3654 2898 3707 vitam
2940 3662 3187 3708 cateruam
3230 3651 3413 3724 (Ioan.
3460 3655 3569 3726 tu).

1981 3745 2148 3803 Recte
2179 3761 2309 3818 ergo
2345 3748 2569 3816 serpens
2596 3748 2779 3799 aeneus
2812 3746 2926 3814 ipse
2968 3752 3114 3810 erat,
3142 3744 3237 3814 qui
3280 3744 3425 3814 ligno
3453 3760 3573 3801 sus-

1980 3852 2180 3908 pensus
2223 3845 2339 3892 est°
2382 3851 2458 3891 trs
2501 3836 2699 3906 quippe
2744 3834 2955 3889 caeteris
2999 3833 3231 3889 metallis
3277 3833 3573 3892 durabilius

1982 3943 2102 3984 esse
2124 3927 2293 3993 solet,
2321 3935 2375 3981 et
2405 3932 2591 3997 aperte
2620 3939 2802 3979 amens
2832 3938 3055 3994 serpens
3077 3924 3136 3977 in
3172 3923 3319 3993 ligno
3346 3938 3577 3995 suspen-

1983 4033 2077 4074 sus
2122 4028 2224 4083 est,
2255 4025 2317 4073 ut
2346 4015 2607 4072 Dominus
2650 4014 2792 4070 etin
2841 4021 3091 4083 serpente
3137 4023 3384 4071 mortuus
3415 4024 3472 4070 et
3517 4016 3575 4071 in

1982 4121 2088 4165 tere
2116 4106 2515 4177 signiﬁcaretur
2540 4114 2807 4169 aeternus;
2854 4102 3104 4159 videlicet
3148 4111 3208 4158 ut
3244 4104 3577 4162 indicaretur

1984 4205 2229 4255 mortuus
2282 4212 2379 4267 per
2428 4196 2819 4253 humanitatem
2842 4235 2857 4259 ,
2904 4201 2961 4249 et
3010 4200 3189 4248 tamen
3231 4202 3378 4251 esset
3419 4197 3574 4265 quasi

1984 4304 2166 4346 ancus
2189 4298 2410 4361 propter
2435 4288 2792 4345 divinitatem.

2054 4380 2187 4437 Illos
2211 4381 2348 4435 enim
2370 4380 2695 4434 locustarum
2719 4386 2770 4431 et
2793 4391 3091 4431 muscarum
3113 4376 3412 4433 occiderunt
3433 4394 3578 4434 utor-

288 4485 402 4539 cta,
429 4488 559 4527 nam
583 4471 735 4540 furor
754 4467 965 4522 Domini
994 4466 1281 4520 concitatus
1305 4464 1360 4517 in
1386 4460 1655 4532 populum,
1676 4474 1887 4530 percus-
1911 4492 1965 4552 Β
1987 4490 2112 4540 κω,
2142 4484 2190 4528 ει
2219 4488 2324 4529 non
2349 4480 2426 4527 οδε
2463 4473 2672 4531 inm
2710 4469 2913 4526 sum
2941 4468 3133 4523 am
3167 4467 3418 4536 quorum;
3450 4473 3578 4543 qua

284 4567 362 4620 sit
390 4582 512 4618 eum
549 4562 706 4633 plaga
746 4575 937 4631 magna
968 4559 1145 4624 nimis,
1180 4564 1490 4624 vocatusque
1517 4561 1589 4607 est
1630 4551 1775 4605 locus
1800 4548 1888 4604 ille

284 4652 596 4725 sepulcrum
627 4648 1057 4720 concupiscentiae
1086 4646 1273 4720 (Nam.
1308 4644 1404 4716 si).
1440 4642 1555 4698 Hoc
1588 4656 1718 4713 ergo
1744 4655 1888 4697 nunc

286 4751 693 4801 commemorat
748 4736 1014 4813 Sapientia
1052 4738 1369 4793 alternando
1405 4736 1685 4805 disputans
1718 4734 1782 4788 de
1812 4732 1893 4785 in-

290 4836 615 4891 ternecione
639 4818 1019 4904 [Egyptiorum
1048 4836 1104 4882 et
1134 4826 1471 4896 correptione
1499 4822 1884 4889 Israclitarum,

288 4928 426 4996 quia
465 4939 589 4979 cum
633 4922 709 4976 illi
747 4922 854 4975 Deo
895 4928 1256 4989 repugnantes
1296 4926 1350 4972 et
1385 4916 1435 4969 in
1477 4913 1731 4984 populum
1771 4911 1889 4980 ejus

287 5014 647 5088 tyrannidem
677 5017 993 5066 exercentes
1024 5010 1139 5064 sine
1183 5006 1529 5063 excusatione
1576 5003 1752 5058 subito
1796 5017 1890 5071 pe-

287 5109 534 5165 rierunt.
557 5103 651 5160 isti
672 5119 802 5159 vero
828 5103 897 5157 ad
924 5112 1132 5172 tempus
1160 5099 1389 5155 correcti
1412 5106 1467 5152 et
1489 5093 1892 5167 disciplinabili-

291 5208 389 5255 ter
417 5195 697 5267 castigati,
736 5210 840 5249 non
873 5201 1053 5247 tamen
1087 5191 1309 5269 omnino
1333 5186 1527 5246 solatio
1559 5185 1742 5241 divino
1767 5194 1893 5239 sunt

289 5286 571 5345 destituti.
600 5281 755 5341 Unde
784 5293 839 5338 et
869 5282 1147 5351 sequitur:

379 5401 593 5459 Etenim
623 5415 742 5452 cum
769 5396 1119 5468 superveniret
1159 5393 1264 5448 illis
1303 5407 1442 5448 steva
1471 5389 1751 5445 bestiarum
1790 5388 1894 5452 ira,

295 5491 574 5547 morsibus
616 5502 971 5559 perversorum
1020 5484 1354 5540 colubrorum
1394 5478 1894 5536 exterminabantur.

300 5583 420 5639 Sed
449 5598 554 5636 non
584 5581 640 5634 in
671 5589 970 5651 perpetuum
1006 5576 1291 5649 permansit
1321 5577 1404 5629 ira
1422 5582 1547 5637 tua,
1572 5570 1661 5625 sed
1690 5569 1759 5625 ad
1783 5585 1899 5623 cor-

302 5675 599 5743 reptionem
634 5671 690 5725 in
726 5669 863 5723 brevi
892 5668 1085 5722 turbati
1114 5676 1264 5733 sunt,
1295 5666 1500 5736 signum
1542 5662 1782 5715 habentes
1812 5675 1899 5713 sa-

725 5762 997 5822 Pnaoc.
1042 5760 1175 5823 CIX

1989 4563 2135 4634 digni
2162 4571 2312 4619 erant
2336 4563 2401 4617 ab
2428 4559 2792 4633 hujuscemodi
2819 4557 3178 4625 estermittari.
3203 4555 3376 4614 Filios
3399 4570 3578 4615 autem

1990 4663 2108 4708 tuos
2137 4670 2228 4707 nec
2254 4653 2543 4707 draconum
2577 4660 2946 4705 venenatorum
2982 4648 3213 4704 vicerunt
3240 4648 3438 4706 dentes.
3477 4649 3582 4707 No-

1991 4744 2154 4800 tanda
2182 4752 2265 4799 est
2299 4742 2595 4808 distinctio,
2624 4741 2749 4811 quia
2778 4740 2919 4794 sicut
2948 4737 3148 4793 electos
3174 4738 3465 4808 aliquando
3489 4755 3581 4795 ca-

1991 4835 2210 4907 stigatio
2237 4833 2430 4904 probat
2467 4846 2531 4887 ac
2566 4837 2904 4895 commonet,
2935 4836 2997 4884 ut
3021 4838 3248 4884 caveant
3274 4838 3496 4899 peccata
3526 4840 3582 4886 et

1993 4925 2247 4995 operibus
2273 4923 2522 4977 insistant
2552 4919 2801 4989 justitize,
2828 4918 3099 4989 ﬁdemque
3128 4918 3223 4974 Dei
3253 4928 3310 4974 et
3354 4921 3581 4977 manda-

1999 5026 2176 5073 torum
2203 5014 2318 5084 ejus
2363 5013 2663 5070 custodiam
2704 5010 2991 5081 diligenter
3019 5011 3340 5078 observent,
3377 5011 3455 5066 ita
3496 5027 3586 5068 re-

1962 5115 1969 5122 '
1999 5108 2196 5177 probos
2220 5120 2434 5176 quoque
2463 5102 2735 5172 correptio
2768 5101 3011 5159 adhibita
3054 5099 3240 5171 dejicit
3268 5115 3336 5156 ac
3377 5102 3586 5172 disper-

1999 5200 2117 5264 dit,
2170 5197 2425 5266 quoniam
2479 5194 2626 5249 nulla
2674 5194 2729 5247 in
2778 5192 2858 5248 eis
2903 5192 3177 5247 invenitur
3222 5194 3490 5249 correctio
3529 5201 3587 5248 et

2001 5291 2305 5346 emendatio
2365 5286 2672 5358 condigna;
2739 5294 3026 5356 propterea
3087 5298 3215 5355 ergo
3275 5281 3585 5339 idololatras

1999 5399 2167 5455 parva
2216 5381 2509 5437 animantia
2562 5380 2671 5436 Deo
2717 5378 2933 5435 volente
2984 5379 3408 5455 interemerunt,
3451 5383 3508 5429 et
3548 5389 3586 5432 ο

2003 5450 2277 5532 contrario
2307 5472 2580 5529 lsraelitas
2603 5470 2840 5526 cultores
2868 5470 2983 5525 veri
3022 5468 3149 5534 Dei,
3177 5467 3259 5520 vis
3286 5450 3583 5522 venenato-

2007 5583 2126 5624 rum
2172 5566 2505 5636 serpentium
2551 5578 2658 5618 non
2705 5561 2880 5633 potuit
2911 5558 3291 5619 exterminare,
3326 5555 3582 5624 quoniam

2007 5661 2157 5716 novit
2199 5658 2460 5713 Dominus
2500 5657 2620 5726 pios
2660 5653 2726 5709 de
2766 5650 3057 5708 tentatione
3077 5646 3328 5766 2te‘riperc,
3368 5645 3581 5716 iniquos
