3928 6182
438 270 542 325 747

1081 266 1141 322 Β.
1179 266 1430 323 RABANI
1470 265 1688 321 ΜΑυηί
1731 263 2027 319 ARtlIIIEP

2130 261 2403 319 [0GUNT.
2448 262 2735 319 OPERUM
2772 262 2953 316 PARS
2992 262 3029 315 I.

3592 262 3692 319 748

441 402 568 443 vero
607 388 669 443 in
701 385 843 441 diem
884 382 1069 453 judicii
1115 380 1436 437 cruciandos
1481 395 1716 434 scrvare.
1768 376 1918 433 Unde
1965 386 2018 431 et
2046 383 2093 439 Α
2122 387 2279 432 erant
2306 378 2580 441 animalia;
2610 380 2706 432 sed
2735 386 2787 433 ut
2819 377 2921 445 ipsi
2950 376 3192 432 videntes
3221 378 3425 433 scirent
3452 382 3697 446 quondam

438 479 703 552 sequitur.

1041 561 1269 620 CAPUT
1311 562 1417 618 Vll.

437 686 725 754 Confitetur
753 683 860 736 Deo
888 680 1026 751 quod
1051 680 1224 734 suavis
1250 686 1299 732 et
1328 693 1495 754 verus,
1524 676 1724 754 patiens
1749 684 1799 728 et
1824 676 2021 754 miseri-

506 744 621 809 cors
648 764 745 817 est,
766 770 858 822 per
876 744 1163 805 sermonem
1187 765 1343 804 suum
1366 744 1574 802 salvans
1600 746 1787 800 electos
1807 755 1853 798 et
1883 744 2021 806 iudi-

509 842 629 879 cans
660 823 922 893 reprobos.

512 933 875 990 Misericordia
905 941 996 986 tua
1021 931 1159 984 enim
1195 929 1473 983 adveniens
1505 924 1725 981 sanabat
1766 922 1923 987 illos;
1966 923 2024 975 in

434 1030 687 1085 memoria
727 1028 863 1081 enim
897 1039 1194 1079 sermonum
1231 1031 1441 1074 tuorum
1476 1016 1933 1077 examinabantur,
1972 1021 2021 1066 et

434 1121 794 1183 salvabantur,
841 1133 903 1171 ne
938 1117 993 1170 in
1030 1113 1193 1168 altam
1235 1111 1519 1165 incidentes
1549 1108 1877 1170 oblivionem,
1918 1120 2020 1159 non

435 1218 638 1285 possent
670 1207 747 1260 uti
784 1215 873 1260 tuo
904 1203 1207 1273 adjutorio;
1249 1200 1435 1254 etenim
1467 1213 1628 1269 neque
1662 1195 1821 1249 herba
1860 1207 2023 1263 neque

435 1300 699 1370 malagma
739 1296 942 1351 sanavit
981 1293 1122 1357 illos,
1163 1291 1253 1345 sed
1281 1302 1424 1355 tuus,
1460 1287 1701 1349 Domine,
1726 1300 1895 1339 sermo
1932 1284 2024 1354 qui

434 1400 588 1447 sanat
615 1390 790 1444 omnia
817 1404 835 1442 :
866 1387 942 1440 Tu
972 1402 1024 1440 es
1050 1385 1208 1448 enim,
1238 1382 1478 1446 Domine,
1502 1379 1591 1452 qui
1616 1378 1733 1432 vita:
1763 1386 1812 1431 et
1841 1373 2023 1429 mortis

434 1481 593 1536 habes
615 1487 938 1550 potestatem,
962 1485 1009 1530 et
1042 1474 1255 1528 deducis
1284 1472 1353 1526 ad
1382 1482 1559 1541 portas
1588 1468 1769 1522 mortis
1799 1473 1847 1520 et
1876 1466 2026 1518 redu-

435 1576 533 1628 cis.
582 1570 721 1625 Nota
751 1570 894 1640 quod
932 1567 1061 1623 dicit
1105 1581 1137 1620 a
1168 1563 1510 1633 serpentibus
1552 1560 1731 1624 laesos,
1779 1573 1885 1614 non
1926 1570 2025 1625 per

439 1663 706 1731 malagma
750 1671 911 1729 atque
956 1656 1288 1712 medicorum
1332 1667 1496 1724 opera
1524 1659 1765 1713 sanatos,
1804 1649 1899 1704 sed
1926 1662 2026 1717 per

438 1757 677 1814 Verbum
707 1754 942 1818 Domini,
970 1755 1073 1807 hoc
1105 1759 1210 1815 est,
1235 1749 1428 1805 Filium
1462 1762 1559 1817 per
1580 1759 1738 1815 quem
1770 1742 2023 1796 universa
2053 1734 2099 1793 B

437 1849 655 1904 condita
698 1856 855 1908 sunt,
898 1853 954 1899 et
988 1844 1108 1899 sine
1137 1843 1254 1912 ipso
1282 1840 1484 1895 factum
1518 1846 1603 1892 est
1642 1834 1772 1889 nihil
1816 1853 1827 1886 :
1870 1831 2026 1901 cujus

435 1948 680 2012 potestas
728 1937 1036 1993 dominatur
1080 1934 1307 2002 ubique,
1360 1940 1415 1986 et
1463 1930 1644 1985 omnia
1691 1939 2025 1997 quaecunque

435 2032 552 2087 vult
580 2030 711 2086 facit
738 2030 791 2083 in
820 2026 960 2083 coalo
987 2035 1043 2081 et
1082 2026 1138 2080 in
1168 2034 1333 2087 terra,
1364 2024 1418 2076 in
1446 2021 1582 2075 mari
1609 2028 1664 2073 et
1694 2018 1748 2072 in
1776 2015 2025 2071 omnibus

437 2124 677 2197 abyssis;
723 2122 838 2192 ipse
876 2128 1032 2175 curat
1064 2131 1321 2187 corpora,
1366 2115 1480 2184 ipse
1505 2129 1535 2167 a
1565 2109 1898 2182 spiritalibus
1936 2107 2028 2161 be-

436 2216 578 2280 stiis,
614 2214 719 2269 hoc
753 2220 871 2277 est,
900 2208 1147 2280 malignis
1183 2206 1465 2278 spiritibus
1499 2204 1672 2263 salvat
1698 2209 1753 2257 et
1789 2200 2020 2261 animas,

438 2323 532 2363 nec
556 2316 632 2361 est
656 2304 745 2375 qui
768 2304 926 2376 possit
942 2303 1188 2356 resistere
1207 2298 1461 2352 voluntati
1484 2296 1598 2366 ejus
1624 2293 1857 2365 (Esther.
1878 2291 2019 2361 xm).

510 2399 684 2455 Homo
719 2406 895 2452 autem
934 2393 1122 2449 occidit
1148 2391 1357 2461 quidem
1384 2407 1476 2461 per
1502 2388 1759 2447 malitiam
1793 2386 2024 2440 animam

400 2526 419 2535 ι
437 2506 609 2554 suam,
635 2497 685 2543 et
709 2503 830 2541 cum
852 2486 1035 2541 exierit
1062 2482 1275 2553 spiritus
1301 2497 1407 2536 non
1430 2488 1820 2546 revertetur,nec
1832 2491 2042 2532 revoca-

439 2586 511 2638 bit
534 2582 767 2637 animam
789 2595 907 2651 qua:
934 2584 1135 2649 recepta
1158 2585 1254 2639 est,
1280 2574 1371 2629 sed
1393 2583 1540 2627 tuam
1566 2587 1779 2626 manum
1797 2570 2027 2639 effugere

437 2670 757 2743 impossibile
783 2678 880 2724 est.
921 2667 1027 2723 Per
1055 2666 1315 2722 malitiam
1353 2662 1587 2719 hominis
1618 2660 1800 2716 anima
1828 2659 2027 2714 occidi-

441 2774 548 2828 tur,
597 2764 701 2819 boc
738 2769 841 2826 est,
882 2775 980 2831 per
1021 2758 1318 2829 nequitiam
1365 2754 1598 2826 propriae
1627 2751 1935 2816 voluntatis,
1972 2757 2028 2803 et

438 2853 689 2911 effectum
716 2854 870 2924 pravi
916 2851 1114 2922 operis.
1166 2849 1318 2905 Unde
1347 2846 1565 2917 quidam
1600 2845 1715 2899 ait:
1744 2842 2025 2898 Neminem

438 2947 560 3002 laedi
587 2960 745 3018 posse
773 2944 873 2999 nisi
905 2958 934 2998 a
963 2942 1279 3013 semetipso,
1306 2939 1429 3009 quia
1454 2947 1547 2993 aut
1574 2936 1775 3007 proprii
1806 2933 2026 2991 sceleris

439 3038 554 3111 ipse
591 3036 841 3092 inventor
869 3043 975 3099 est,
1024 3040 1118 3091 aut
1158 3030 1347 3086 aliena:
1388 3028 1638 3098 nequitiae
1679 3039 1933 3080 assensor
1971 3030 2027 3078 et

438 3098 638 3186 fautor.
669 3127 728 3184 Si
749 3126 894 3184 enim
923 3126 1087 3180 homo
1115 3120 1350 3177 custodit
1380 3127 1613 3173 mentem
1643 3131 1815 3202 suam,
1840 3123 1896 3168 et
1918 3128 2027 3169 non
2055 3098 2099 3161 C

440 3220 712 3279 consentit
740 3215 1076 3290 persussioni
1121 3212 1341 3282 iniquae,
1371 3209 1508 3264 liber
1540 3216 1625 3263 est
1660 3209 1728 3261 ab
1753 3205 1897 3260 omni
1926 3204 2032 3260 cri—
2076 3204 2081 3209 ’

442 3312 608 3366 mine.

1040 3394 1268 3452 CAPUT
1308 3392 1437 3450 VIII.

443 3512 745 3571 Subsannat
773 3511 1064 3565 inventores
1093 3505 1432 3573 idololatriae,
1469 3507 1744 3560 ostendens
1772 3484 2029 3575 quomodo

508 3582 621 3641 Deo
652 3582 934 3652 .judicante
973 3595 1066 3651 per
1103 3594 1295 3649 aquam
1333 3586 1382 3632 et
1420 3576 1725 3648 grandinem
1766 3574 1814 3628 et
1860 3574 2030 3644 ignem

509 3652 966 3709 excruciabantur.

511 3762 567 3818 Ν
570 3770 779 3833 egentes
798 3768 977 3815 autem
1005 3775 1157 3814 nosse
1181 3768 1229 3813 te
1248 3758 1394 3829 impii
1408 3773 1511 3829 .per
1528 3756 1889 3826 fortitudinem
1910 3756 2036 3808 bra-

438 3854 543 3908 chii
570 3853 671 3917 tui,
703 3850 957 3922 ﬂagellati
983 3860 1103 3904 sunt
1133 3850 1278 3904 novis
1314 3848 1485 3919 aquis,
1513 3856 1562 3901 et
1589 3846 1953 3917 grandinibus,
1979 3853 2029 3898 et

437 3945 626 4017 pluviis
654 3942 1065 4014 persecutionem
1093 3943 1236 4011 passi
1281 3949 1422 4005 sunt,
1465 3949 1514 3994 et
1555 3955 1648 4009 per
1689 3938 1860 4008 ignem
1903 3952 2032 3989 con-

436 4033 709 4090 summati.
738 4031 915 4098 Quod’
930 4032 1067 4086 enim
1107 4029 1345 4084 mirabile
1375 4038 1487 4084 erat
1514 4029 1569 4082 in
1595 4044 1733 4098 aqua
1768 4042 1885 4097 qua:
1913 4041 2028 4078 om—

440 4127 530 4179 nia
556 4124 836 4193 exstinguit
859 4121 976 4193 plus
1008 4121 1145 4190 ignis
1162 4120 1383 4185 valebat,
1413 4117 1601 4175 vindex
1627 4128 1700 4171 est
1725 4117 1863 4171 enim
1892 4116 2031 4170 orbis

432 4216 721 4290 justorum.
773 4211 907 4268 Cum
960 4210 1171 4282 Moyses
1220 4210 1557 4265 Pharaonem
1610 4208 1821 4265 Domini
1867 4208 2032 4264 verbo

438 4307 826 4379 compellebat,
874 4315 934 4360 ut
983 4304 1123 4360 filios
1170 4302 1337 4358 Israel
1383 4303 1534 4359 abire
1580 4302 1916 4373 permitteret
1964 4316 2032 4355 ex

439 4399 699 4471 Egypto,
739 4407 1007 4469 quatenus
1043 4396 1414 4453 sacriﬁcarent
1449 4396 1679 4451 Domino
1708 4396 1759 4450 in
1795 4396 2027 4457 deserto,

443 4460 724 4553 induratus
742 4491 1128 4562 profanavoce
1157 4489 1470 4560 respondit:
1499 4487 1691 4542 Nescio
1718 4485 2025 4550 Dominum,
2056 4460 2108 4520 Ῑ)

439 4594 489 4639 et
517 4583 687 4639 Israel
710 4599 816 4637 non
852 4582 1115 4636 dimittam
1150 4580 1348 4653 (Exod.
1380 4578 1455 4652 v).
1486 4578 1823 4648 Quapropter
1846 4577 2026 4633 diver-

440 4677 521 4732 sis
545 4675 716 4746 plagis
742 4673 900 4729 simul
928 4687 1049 4729 cum
1086 4671 1283 4742 populo
1310 4686 1410 4726 suo
1438 4677 1721 4740 correptus
1744 4677 1854 4732 est,
1888 4669 2030 4724 inter

440 4782 577 4837 quas
606 4766 868 4836 grandine
907 4762 1066 4821 simul
1092 4771 1151 4818 et
1177 4763 1300 4834 igne
1327 4761 1731 4833 percutiebatur
1765 4760 1905 4815 sicut
1947 4758 2029 4815 le-

441 4859 588 4927 gitur
615 4857 669 4912 in
702 4856 886 4913 Exodo
914 4875 926 4910 :
956 4855 1209 4926 quoniam
1245 4854 1452 4925 grando
1478 4861 1534 4907 et
1578 4853 1717 4924 ignis
1745 4852 2028 4907 commista

441 4951 649 5020 pariter
672 4949 1010 5013 ferebantur,
1041 4957 1097 5003 et
1125 4955 1513 5017 percusserunt
1540 4954 1731 5000 cuncta
1762 4961 1881 5015 quae
1908 4944 2028 5001 fue-

444 5048 570 5095 runt
607 5039 663 5092 in
697 5054 843 5108 agris
878 5040 948 5094 ab
982 5039 1200 5094 homine
1225 5054 1398 5107 usque
1426 5037 1494 5092 ad
1532 5038 1869 5107 jumentum,
1903 5053 2031 5091 cun-

444 5142 680 5199 clamque
699 5130 913 5184 herbam
933 5132 1049 5201 agri
1070 5132 1323 5201 percussit
1343 5133 1567 5200 grando,
1589 5140 1635 5184 et
1658 5146 1809 5183 omne
1831 5130 2030 5199 lignum

444 5224 671 5296 regionis
698 5223 949 5293 confregit
987 5222 1185 5294 (Exod.
1220 5224 1315 5291 ιιι).
1356 5222 1464 5278 Nec
1505 5224 1700 5277 mirum
1740 5223 1883 5291 quod
1926 5222 2031 5276 duo

444 5314 717 5371 contraria
745 5313 1036 5376 elementa,
1076 5314 1176 5368 hoc
1204 5322 1318 5378 est,
1365 5314 1502 5383 ignis
1529 5322 1584 5367 et
1623 5315 1829 5385 grando
1871 5312 2032 5367 simul

441 5406 747 5471 feriebant,
777 5404 1032 5475 quoniam
1065 5404 1247 5459 omnia
1277 5405 1540 5460 creatoris
1573 5405 1656 5459 sui
1683 5406 2037 5460 consentiunt

443 5498 737 5563 voluntati,
783 5510 883 5551 nec
925 5495 999 5550 ibi
1030 5504 1114 5550 est
1152 5496 1328 5565 aliqua
1376 5496 1694 5560 adversitas,
1726 5495 1815 5550 ubi
1852 5495 2029 5550 divina

444 5586 677 5655 imperat
720 5584 997 5655 majestas.
1039 5583 1280 5650 Quodam
1320 5585 1465 5638 enim
1513 5592 1751 5653 tempore
1783 5596 2034 5636 mansue-

448 5676 664 5731 labatur
689 5677 830 5746 ignis
854 5690 920 5731 ne
941 5673 1405 5741 comburerentur,
1431 5690 1551 5743 quae
1574 5674 1643 5729 ab
1668 5673 1847 5743 impiis
1869 5673 2033 5728 missa

2122 467 2218 524 Dei
2268 469 2474 539 judicio
2524 471 2802 542 patiuntur
2855 468 3306 537 persecutionem.
3360 468 3425 521 Et
3477 471 3698 537 quodam

2124 568 2365 628 tempore
2394 559 2447 615 in
2473 574 2615 628 aqua
2640 575 2801 629 super
2826 559 3078 613 virtutem
3110 558 3249 625 ignis
3290 557 3517 612 ardebat
3551 561 3703 614 undi-

2121 667 2227 721 que
2258 660 2316 705 ut
2341 650 2582 720 iniquam
2612 660 2770 705 teme
2797 651 3075 704 nationem
3098 650 3510 703 exterminaret.
3542 650 3703 720 Igitur

2123 742 2263 796 sicut
2303 742 2356 795 in
2384 742 2523 797 libro
2544 740 2770 797 Genesis
2796 740 3009 810 legitur,
3040 739 3184 808 quod
3228 739 3424 808 plnerit
3452 741 3704 795 Dominus

2127 849 2285 903 super
2310 834 2597 889 Sodomam
2623 843 2680 889 ct
2701 834 3056 889 Gomorrham
3096 834 3274 903 ignem
3303 841 3360 888 et
3393 834 3621 903 sulphur
3644 836 3707 889 de

2121 924 2275 979 caelis
2303 940 2332 976 a
2364 925 2590 979 Domino
2616 934 2673 978 ut
2703 923 3039 993 disperderet
3077 925 3272 993 impios
3300 920 3453 994 (Gen.
3491 925 3630 995 xu),
3656 934 3708 979 et

2124 1015 2179 1069 in
2207 1015 2393 1069 Exodo
2432 1015 2658 1069 mistura
2684 1014 2960 1083 grandinis
2984 1022 3040 1068 et
3078 1014 3217 1085 ignis
3244 1023 3497 1068 narratur
3518 1017 3707 1084 impios

2122 1106 2463 1177 percussisse
2487 1104 2685 1175 (Exod.
2709 1104 2810 1174 Ix),
2838 1105 2909 1158 ita
2940 1104 2990 1158 in
3017 1103 3376 1159 Numerorum
3400 1104 3541 1160 libro
3567 1122 3705 1161 com-

2125 1204 2494 1251 memorantur
2522 1194 2676 1265 igniti
2720 1203 3017 1263 scrpentes,
3053 1194 3344 1248 rebellosos
3381 1204 3438 1248 et
3472 1212 3707 1249 murmuc

2126 1294 2334 1341 ratores
2364 1286 2790 1347 exterminasse,
2822 1292 3089 1353 quati-nus
3129 1283 3229 1354 ipsi
3269 1286 3506 1353 protervi
3548 1300 3705 1354 agno«

2125 1384 2363 1441 soerent,
2390 1375 2534 1445 quod
2561 1374 2738 1428 omnis
2763 1384 3010 1429 creatura
3040 1373 3106 1427 ad
3135 1374 3392 1428 ultionem
3418 1385 3609 1444 parata
3628 1386 3705 1431 est

2124 1480 2531 1538 perversorum,
2570 1465 2785 1533 quando
2826 1466 3121 1520 conditoris
3163 1467 3242 1520 sui
3286 1484 3393 1521 non
3425 1466 3707 1522 formidant

2128 1558 2387 1613 rebellare
2418 1557 2699 1627 praeceptis
2731 1555 2921 1625 (Num.
2955 1558 3095 1623 axx);

2753 1685 2980 1741 CAPUT
3018 1685 3106 1739 IX.

2128 1777 2393 1833 Prirdicat
2418 1777 2581 1832 Deum
2604 1776 2814 1898 dedizse!
2826 1778 3014 1845 populo
3035 1774 3223 1856 Israeli
3246 1778 3445 1830 timenti
3466 1793 3524 1845 se
3544 1794 3705 1833 escam

2767 1863 2793 1898 e
2816 1856 3108 1898 cctamcnti.

2767 1856 3108 1899 etcctamcnn.

2199 1940 2305 1994 Pro
2324 1940 2510 2011 quibus
2529 1938 2833 2009 angelorum
2849 1953 2965 1993 esca
2990 1938 3252 1992 nutrit-isti
3269 1938 3523 2009 populum
3544 1950 3705 2000 tuum,

2126 2039 2175 2087 et
2195 2010 2437 2101 paratum
2470 2046 2655 2098 panem
2685 2029 2748 2081 de
2776 2010 2902 2081 τωιὸ
2929 2029 3215 2097 pra'stitisti
3244 2020 3348 2083 illis
3373 2031 3486 2083 sine
3516 2029 3709 2094 labore,

2127 2140 2277 2178 omne
2298 2122 2729 2177 delectamentum
2761 2122 2813 2175 in
2841 2138 2896 2175 se
2920 2121 3212 2183 habentem,
3240 2134 3290 2175 et
3315 2125 3483 2176 omnis
3512 2122 3709 2191 saporis

2125 2217 2454 2271 suavitatem.
2505 2212 2811 2268 Snbstantia
2858 2212 2995 2265 enim
3038 2222 3131 2266 tua
3172 2210 3497 2267 dulcedinem
3548 2223 3708 2277 tuam,

2125 2324 2284 2380 quam
2317 2307 2371 2361 in
2404 2306 2546 2375 filios
2572 2304 2730 2358 habes
2768 2302 3098 2363 ostendebat;
3129 2313 3176 2355 et
3218 2302 3508 2357 deserviens
3538 2305 3710 2357 unius-

2127 2399 2381 2470 cujusque
2398 2396 2673 2456 voluntati,
2691 2394 2760 2448 ad
2789 2395 2927 2465 quod
2957 2395 3174 2465 quisque
3200 2394 3422 2458 volebat,
3457 2404 3711 2449 convertes

2126 2493 2301 2546 batur.
2336 2489 2448 2543 Nix
2474 2498 2649 2542 autem
2677 2497 2726 2543 et
2761 2488 2953 2557 glacies
2982 2486 3307 2541 sustinebant
3337 2488 3438 2541 vim
3472 2488 3635 2557 ignis,
3667 2499 3711 2541 et

2128 2601 2231 2638 non
2257 2566 2583 2637 tabescebant
2611 2590 2629 2631 ξ
2664 2589 2720 2633 ut
2748 2580 2939 2633 scirent
2970 2579 3219 2650 quoniam
3249 2579 3453 2647 fructus
3476 2579 3710 2634 inimico-

2128 2693 2245 2729 rum
2279 2672 2655 2729 cx-terminabat
2695 2671 2828 2742 ignis
2864 2671 3053 2724 ardens
3088 2670 3142 2723 in
3177 2670 3433 2739 grandine
3465 2680 3515 2723 et
3543 2670 3710 2740 pluvia

2128 2773 2429 2821 coruscans.
2477 2764 2579 2819 Hic
2622 2774 2800 2819 autem
2848 2765 3035 2818 iterum
3081 2773 3137 2816 ut
3188 2763 3517 2816 nutrirentur
3556 2762 3713 2833 justi,

2128 2858 2284 2910 etiam
2320 2872 2430 2910 sua!
2458 2854 2665 2910 virtutis
2691 2854 2880 2908 oblitus
2916 2864 3010 2909 est.
3054 2853 3457 2909 Commemorat
3502 2853 3597 2907 hic
3635 2868 3714 2906 sa-

2128 2945 2335 3015 pientia
2382 2944 2576 3015 populo
2625 2945 2921 3000 Israelitico
2962 2945 3016 2999 in
3053 2945 3265 2999 deserto
3292 2945 3473 2999 cibum
3526 2960 3713 2999 manna

2131 3038 2346 3094 caelitus
2372 3037 2555 3092 datum
2600 3036 2981 3092 suavissimum
3025 3052 3088 3090 ac
3119 3035 3539 3091 saluberrimum
3581 3037 3716 3091 scili-

2131 3138 2236 3196 cet,
2277 3138 2542 3201 quatenus
2573 3129 2915 3199 Redemptori
2964 3143 3062 3183 suo
3091 3130 3229 3183 inde
3257 3128 3493 3199 majores
3522 3128 3718 3199 gratias

2131 3218 2419 3286 referrent,
2452 3221 2543 3291 qui
2589 3235 2697 3274 non
2737 3220 2909 3275 solum
2945 3220 3012 3274 ab
3049 3220 3292 3276 hostibus
3339 3230 3719 3291 coangustatcs

2130 3326 2222 3366 cos
2249 3310 2675 3365 misericorditer
2711 3306 3056 3374 liberaverit,
3099 3310 3190 3365 scd
3220 3313 3387 3365 etiam
3416 3311 3719 3382 indigentes

2070 3460 2075 3465 η
2131 3400 2358 3470 dapibus
2382 3400 2631 3469 supernis
2662 3399 2881 3471 largiter
2906 3400 3117 3469 paverit.
3147 3399 3343 3471 (Exod.
3374 3399 3471 3455 lxi.
3515 3399 3576 3456 Si
3607 3402 3718 3470 quis

2131 3502 2311 3545 autem
2341 3492 2687 3561 quatrendum
2714 3500 2886 3562 putat,
2918 3490 3046 3560 quid
3088 3492 3160 3545 sit
3188 3493 3333 3561 quod
3361 3491 3514 3556 dicit,
3549 3489 3717 3546 nivem

2130 3592 2185 3640 et
2207 3585 2433 3655 glaciem
2462 3587 2729 3641 sustinere
2769 3586 2876 3639 vim
2919 3585 3061 3655 ignis
3085 3593 3140 3639 et
3176 3600 3281 3639 non
3312 3586 3616 3648 tabescere,
3647 3586 3720 3638 in-

2132 3676 2339 3747 telligat
2385 3676 2459 3730 ibi
2500 3691 2607 3731 non
2647 3677 2964 3741 innotuisse,
2992 3676 3135 3747 quod
3164 3676 3271 3731 duo
3307 3660 3591 3731 contraria
3622 3677 3721 3732 ele-

2132 3777 2337 3832 menta,
2377 3768 2480 3824 hoc
2505 3777 2610 3835 est,
2643 3769 2782 3841 ignis
2807 3777 2860 3824 et
2900 3785 3037 3839 aqua
3078 3768 3251 3839 gelata
3281 3770 3474 3840 impios
3499 3786 3722 3827 concor-

2133 3861 2273 3917 diter
2298 3860 2598 3926 feriebant,
2626 3861 2709 3914 vel
2737 3861 3053 3932 qualitatem
3086 3862 3319 3931 aliquam
3347 3862 3595 3919 ctelestis
3622 3862 3721 3919 cibi

2131 3952 2224 4021 qui
2254 3952 2309 4005 in
2333 3965 2455 4005 esca
2486 3951 2681 4022 populo
2711 3951 2806 4006 Dei
2835 3950 2993 4006 datus
3016 3960 3128 4017 est,
3158 3953 3229 4005 ibi
3255 3967 3579 4023 expressum
3609 3968 3722 4009 esse

2132 4041 2225 4111 qui
2267 4041 2375 4095 vim
2421 4042 2558 4112 ignis
2606 4041 2693 4095 ubi
2738 4042 3022 4112 oportebat
3069 4041 3394 4106 suﬂ‘erebat,
3443 4053 3500 4097 et
3546 4053 3719 4097 tamen

2133 4132 2350 4202 quando
2389 4134 2695 4202 oportebat,
2726 4135 2794 4188 ad
2838 4133 3070 4188 calorem
3098 4134 3226 4189 solis
3255 4134 3593 4205 liquefiebat.
3627 4136 3723 4189 Le.

2134 4221 2279 4293 gitur
2319 4237 2533 4291 quoque
2579 4223 2631 4277 in
2660 4223 2869 4289 Exodo,
2896 4225 3040 4294 quod
3083 4225 3423 4294 apparuisset
3453 4227 3507 4280 in
3539 4226 3723 4281 solituo

2134 4314 2258 4367 dine
2287 4313 2465 4367 album
2495 4313 2759 4368 minutum
2790 4324 2843 4370 et
2873 4314 3017 4385 quali
3062 4316 3172 4386 pilo
3203 4324 3420 4370 tonsum
3451 4316 3506 4370 in
3538 4315 3723 4370 simili-

2136 4402 2375 4457 tudinem
2398 4402 2602 4470 pruinm
2628 4418 2789 4472 super
2814 4414 3031 4469 terram,
3052 4405 3209 4475 cujus
3232 4420 3383 4459 esum
3414 4407 3722 4461 sentiebant

2130 4493 2288 4563 quasi
2319 4492 2508 4549 simila:
2533 4509 2656 4549 cum
2703 4495 2859 4551 melle
2905 4496 3153 4562 mistum,
3192 4513 3293 4551 nec
3335 4498 3405 4552 ob
3439 4498 3551 4552 vim
3588 4499 3723 4569 ignis

2131 4586 2399 4644 defectum
2425 4588 2747 4657 patiebatur.
2778 4587 2932 4644 Unde
2956 4589 3007 4643 in
3036 4588 3392 4647 Numerorum
3424 4589 3567 4645 libro
3594 4590 3724 4645 scri-

2129 4688 2283 4749 ptum
2315 4688 2397 4732 est
2429 4696 2441 4731 :
2473 4677 2603 4732 Erat
2633 4689 2807 4732 autem
2835 4696 3029 4733 manna
3058 4681 3210 4751 quasi
3244 4696 3420 4734 semen
3456 4681 3724 4735 coriandri

2129 4769 2321 4824 coloris
2353 4768 2588 4831 bedellii;
2624 4769 2975 4841 circuibatque
3013 4769 3235 4841 populus
3277 4770 3532 4841 colligens
3558 4771 3717 4835 illud,

2132 4859 2404 4931 frangebat
2446 4858 2608 4924 mola,
2636 4860 2741 4913 sive
2780 4859 2977 4913 terebat
3006 4860 3058 4914 in
3099 4859 3375 4927 mortario,
3415 4878 3647 4931 coquens
3674 4861 3722 4914 in

2128 4951 2235 5005 olla
2257 4962 2307 5005 et
2328 4950 2527 5019 faciens
2550 4966 2612 5003 ex
2632 4966 2691 5003 eo
2716 4950 2939 5004 tortulas
2960 4951 3163 5021 saporis
3188 4952 3338 5021 quasi
3363 4968 3520 5022 panis
3545 4951 3718 5007 oleati.

2130 5039 2251 5097 Sole
2278 5052 2451 5096 autem
2481 5050 2593 5095 orto
2623 5040 2915 5111 liqueﬁebat
2946 5040 3135 5112 (Num.
3166 5040 3248 5109 ιι).
3283 5038 3514 5111 Mystice
3542 5051 3722 5096 autem

2130 5133 2272 5188 sicut
2308 5132 2362 5184 in
2395 5129 2605 5202 ﬂagello
2640 5129 2917 5201 grandinis
2951 5140 3003 5185 et
3042 5131 3187 5201 ignis
3228 5132 3363 5185 dura
3398 5131 3721 5200 increpatio,

2130 5223 2290 5295 quasi
2315 5222 2597 5291 Scriptura
2619 5222 2796 5277 divina
2819 5231 3130 5291 peccatores
3151 5223 3361 5298 cruciat
3382 5221 3722 5293 intelligitur,

2136 5316 2211 5370 ita
2240 5324 2295 5369 et
2323 5316 2379 5369 in
2408 5314 2617 5370 caelesti
2645 5315 2766 5369 cibo
2796 5315 3092 5369 consolatio
3119 5330 3374 5385 superna,
3402 5330 3524 5384 qua:
3547 5316 3724 5386 justo:

2136 5423 2199 5463 ac
2240 5407 2353 5462 Deo
2379 5407 2605 5462 devotos
2632 5406 2874 5476 quotidie
2912 5404 3119 5459 refovet
3157 5404 3509 5475 signiﬁcatur.
3558 5404 3722 5458 Aliter

2135 5498 2334 5551 manna
2360 5497 2628 5569 signiﬁcat
2660 5508 2853 5565 panem
2880 5495 3049 5558 illum,
3076 5496 3169 5565 qui
3205 5495 3257 5548 in
3283 5494 3579 5566 Evangelia
3603 5494 3677 5547 ait
3702 5507 3717 5520 ε
3782 5516 3802 5537 ο

2138 5584 2249 5654 Ego
2273 5602 2388 5639 sum
2419 5586 2569 5655 panis
2595 5585 2709 5639 vitm
2740 5586 2830 5655 qui
2858 5585 2921 5637 de
2950 5584 3075 5639 ccelo
3102 5584 3365 5649 descendi,
3392 5593 3440 5637 et
3468 5583 3539 5635 do
3567 5589 3720 5637 vitam

2136 5676 2349 5728 mundo.
2382 5674 2485 5740 Qui
2511 5676 2645 5729 venit
2673 5675 2740 5727 ad
2782 5691 2861 5728 me
2898 5691 2998 5728 non
3027 5675 3237 5739 esuriat,
3274 5684 3320 5728 et
3355 5674 3441 5743 qui
3471 5672 3640 5726 credit
3667 5670 3718 5722 in
