3928 6182
211 337 315 393 749

1036 331 1387 389 cannam.
1427 332 1491 386 IN
1533 304 2243 385 LIBRUM‘SAPIENTIAS.
2289 358 2357 367 --
2392 326 2520 381 LIB.
2566 326 2650 381 nr.

3378 330 3483 393 750

210 467 292 503 me
316 465 422 504 non
444 447 584 502 sitiet
620 462 871 518 unquam.
902 446 968 503 Et
1003 446 1169 500 item:
1201 444 1387 511 Panis,
1417 446 1612 516 inquit,
1648 454 1800 516 quem
1829 447 1881 507 Α
1904 452 1981 497 est
2016 443 2292 497 subtritus.
2338 442 2423 496 En
2464 440 2897 512 quadragesimus
2936 459 3107 497 annus
3133 453 3208 496 est
3246 451 3301 496 ut
3338 459 3481 497 reco-

204 557 303 612 ega
326 540 489 604 dabo,
528 554 652 591 caro
682 554 798 591 mea
833 547 908 591 est
949 553 1043 608 pro
1069 537 1250 589 mundi
1285 534 1410 590 vita.
1452 535 1520 590 Et
1536 549 1752 589 rursum
1782 548 1797 588 :

205 629 316 699 Qui
336 628 621 684 manducet
646 644 859 681 carnem
881 643 1045 681 meam
1062 636 1111 680 et
1128 626 1252 681 bibit
1276 630 1445 680 meum
1471 624 1798 695 sanguinem,

206 723 269 777 in
295 737 377 777 me
407 728 582 773 manet
610 728 660 774 et
696 734 789 789 ego
818 718 873 773 in
897 735 956 772 eo
992 717 1171 789 (Joaa.
1204 716 1300 789 vt).
1332 716 1647 786 Quicunque
1673 729 1803 784 ergo

209 812 279 867 ad
323 809 488 881 huius
524 809 682 881 panis
724 808 1190 879 participationem
1232 807 1503 862 veraciter
1533 806 1800 876 pervenit,

208 901 401 972 procul
448 900 614 955 dubio
660 899 827 953 vitam
872 907 1127 954 aeternam
1173 898 1289 952 sine
1336 897 1440 951 line
1488 894 1800 966 possidebit.

209 994 540 1050 Cru‘ciantur
568 1005 701 1061 ergo
728 988 946 1060 reprobi
977 987 1205 1058 spiritali
1241 986 1399 1051 fame,
1424 996 1478 1040 et
1510 994 1806 1055 pascuntur

210 1085 370 1143 electi
404 1083 696 1139 salubriter
727 1079 1106 1149 cmleslipane
1141 1098 1154 1132 :
1192 1079 1266 1133 illi
1312 1077 1548 1148 quotidie
1580 1078 1806 1131 diversis

208 1177 492 1233 laboribus
521 1182 897 1245 prmparantur
928 1173 995 1227 ad
1029 1173 1263 1226 futuram
1302 1185 1547 1243 poenam;
1591 1169 1680 1224 isti
1712 1183 1807 1222 au-

211 1278 320 1323 tem
360 1282 466 1338 ope
504 1266 686 1321 divina
725 1264 965 1336 quotidie
1004 1264 1321 1319 nutriuntur
1354 1262 1421 1316 ad
1460 1264 1625 1317 vitam
1650 1271 1808 1316 aeter-

209 1376 359 1414 nam.
401 1358 558 1426 Quod
595 1366 651 1413 et
687 1357 959 1427 Propheta
996 1363 1226 1411 testatur
1258 1353 1443 1412 dicens
1467 1342 1679 1406 :Multa
1707 1354 1808 1423 ﬂa-

208 1450 344 1522 gella
386 1458 511 1504 sunt
552 1457 920 1520 peccatorum;
958 1456 1223 1517 sperantes
1270 1455 1445 1500 autem
1485 1446 1539 1499 in
1582 1444 1805 1499 Domino

208 1539 577 1593 misericordia
600 1522 954 1593 circumdabit
985 1535 1157 1610 (Psal.
1188 1527 1339 1609 xm)
1414 1583 1417 1586 .

814 1646 817 1649 ’
844 1669 1069 1726 CAPUT
1108 1670 1175 1724 Χ.
1233 1723 1243 1735 η

1905 534 2033 605 gites
2056 535 2114 588 in
2136 532 2290 588 corde
2313 543 2425 600 tuo,
2445 535 2571 606 quia
2590 535 2725 589 sicut
2746 534 2921 590 erudit
2938 534 3092 593 homo
3110 533 3281 604 filium
3305 553 3483 599 suum,

1905 625 1980 679 sic
2006 624 2263 679 Dominus
2292 623 2435 678 Deus
2464 633 2585 678 tuus
2610 624 2833 679 erudivit
2867 634 2917 678 te
2945 634 2999 678 ut
3028 625 3295 680 custodias
3327 644 3482 689 mau-

1905 715 2031 769 data
2062 714 2156 768 Dei
2185 714 2291 780 tui,
2321 723 2369 768 et
2399 713 2631 769 ambules
2660 716 2714 769 in
2742 716 2835 769 viis
2863 715 2998 786 ejus,
3034 724 3083 768 et
3118 716 3303 770 timeas
3329 733 3485 782 eum;

1905 804 2164 859 Dominus
2204 805 2341 858 enim
2384 812 2505 858 tuus
2548 805 2843 859 introducet
2885 816 2934 859 te
2971 806 3026 859 in
3067 816 3261 861 terram
3296 807 3485 861 bonam

1908 895 2085 966 (Deut.
2114 899 2266 966 vm).
2301 895 2407 951 Sed
2454 896 2583 967 quia
2626 896 2727 967 ipsi
2772 912 2985 967 semper
3026 899 3222 969 ingrati
3270 880 3489 954 fuerunt

1907 995 1961 1042 et
2005 988 2188 1059 ﬁgurat
2227 982 2587 1053 adhterentes,
2634 988 2805 1057 ipsam
2852 990 3136 1043 veritatem
3177 988 3244 1043 ad
3290 1004 3350 1046 se
3394 1006 3486 1045 re-

1909 1080 2147 1135 nientem
2174 1080 2415 1148 recipere
2452 1080 2737 1144 nolebant,
2780 1080 2899 1135 ideo
2935 1080 3003 1135 ad
3043 1079 3251 1137 fructus
3288 1091 3489 1137 sancte

1907 1170 2163 1227 Ecclesiae
2202 1172 2450 1226 universa
2496 1172 2755 1226 translata
2800 1181 2964 1239 sunt;
3016 1175 3197 1229 omnia
3242 1175 3383 1230 enim
3430 1175 3488 1230 in

1908 1261 2080 1333 ﬁgura
2124 1263 2514 1334 contingebant
2554 1262 2681 1317 illis.
2748 1262 2967 1334 Scripta
3018 1272 3144 1319 sunt
3192 1275 3381 1329 autem,
3423 1265 3491 1320 ad

1907 1355 2301 1423 correptionem
2343 1362 2622 1415 nostram.
2672 1354 2815 1423 quod
2856 1365 2911 1409 et
2950 1353 3148 1409 Paulus
3191 1355 3259 1409 ad
3282 1354 3491 1427 .Corin-

1908 1442 2050 1497 thios
2074 1437 2321 1497 scribens
2346 1429 2631 1501 manifeste
2652 1443 2902 1511 probavit
2923 1443 3108 1498 dicens
3136 1462 3149 1497 :
3186 1443 3327 1498 Nolo
3354 1447 3493 1499 enim

1907 1550 1996 1587 vos
2038 1534 2305 1603 ignorare,
2345 1532 2558 1601 fratres,
2597 1534 2847 1605 quoniam
2889 1543 3064 1603 patres
3107 1534 3272 1588 nostri
3313 1551 3491 1590 omnes

1906 1622 2001 1676 sub
2028 1623 2160 1675 nube
2183 1622 2412 1691 fuerunt,
2442 1632 2489 1676 et
2512 1640 2693 1676 omnes
2712 1639 2856 1675 mare
2878 1625 3220 1690 transierunt,
3246 1634 3293 1678 et
3316 1642 3494 1680 omnes

1907 1710 1963 1764 in
1995 1710 2181 1781 Moyse
2211 1710 2462 1780 baptizati
2493 1721 2612 1765 sunt
2644 1711 2697 1763 in
2731 1712 2863 1766 nube
2891 1721 2937 1765 et
2964 1713 3020 1765 in
3046 1714 3201 1781 mari,
3238 1723 3287 1768 et
3317 1731 3496 1770 omnes

211 1803 426 1858 Narrat
466 1803 605 1874 quod
646 1804 830 1877 mortis
874 1814 922 1856 et
962 1804 1089 1856 'vita:
1131 1802 1273 1877 solus
1320 1794 1576 1877 Dominus
1608 1800 1803 1877 habent
1832 1803 1879 1862 B
1906 1801 2141 1868 eamdem
2173 1818 2345 1855 escam
2371 1800 2658 1872 spiritalem
2691 1802 3137 1877 manducauerunt
3161 1813 3275 1868 ,-et
3319 1822 3496 1860 omnes

280 1869 622 1944 potestatem,
665 1875 754 1942 qui
797 1884 927 1931 nutu
966 1890 1065 1927 suo
1111 1874 1238 1944 regit
1284 1873 1545 1944 uniuersa,
1590 1869 1800 1944 ﬂagella

283 1942 508 2016 puniens
552 1945 757 2014 impios,
804 1953 853 1997 et
896 1960 1029 2014 pane
1068 1942 1261 1998 caelcsti
1304 1942 1542 2012 reﬁciens
1582 1942 1717 2012 pios.

286 2072 548 2128 Creatara
581 2074 720 2127 enim
758 2073 853 2126 tibi
888 2075 1112 2127 creatori
1136 2074 1454 2149 deserviens,
1476 2073 1806 2127 excandescit

214 2164 271 2217 in
312 2173 635 2217 tormentum
675 2162 925 2217 adversus
969 2162 1227 2232 injustas,
1285 2171 1333 2216 et
1388 2162 1556 2217 lenior
1596 2161 1687 2231 ﬁet
1735 2161 1807 2216 ad

218 2254 649 2331 benefaciendum
690 2270 783 2325 pro
820 2256 902 2309 his
941 2256 1032 2325 qui
1072 2255 1191 2309 vitm
1227 2254 1519 2323 conﬁdunt.
1570 2253 1809 2312 Confun-

217 2346 426 2400 duntur
462 2346 565 2400 bac
610 2346 879 2400 sententia
922 2360 1112 2401 omnes
1156 2346 1307 2415 impii
1353 2354 1411 2400 et
1450 2354 1802 2416 peccatores,

217 2439 361 2507 quod
401 2454 529 2494 cum
574 2446 771 2492 caetera
811 2446 1064 2493 creatura
1099 2437 1334 2493 creatori
1373 2452 1472 2491 suo
1512 2437 1805 2502 deserviat,

220 2528 321 2598 ipsi
362 2527 467 2583 soli
508 2527 625 2597 ejus
666 2526 929 2583 voluntati
974 2537 1029 2584 et
1074 2529 1346 2583 mandatis
1382 2544 1684 2599 repugnare
1727 2529 1810 2583 in-

220 2620 531 2673 veniantur.
582 2616 691 2673 Sed
723 2618 851 2688 quia
891 2633 1052 2675 nemo
1090 2619 1299 2689 poterit
1327 2619 1582 2675 resistere
1619 2618 1812 2673 volun-

220 2709 320 2764 tati
355 2708 480 2778 ejus
504 2749 521 2774 ,
567 2709 692 2764 inde
731 2709 928 2765 merito
972 2718 1350 2766 creaturarum
1387 2710 1630 2764 omnium
1674 2726 1808 2765 con-

220 2802 407 2857 cordia
454 2798 794 2872 ﬂagellantur
826 2809 1002 2870 atque
1049 2802 1457 2873 corripiuntur,
1500 2810 1564 2856 ct
1608 2802 1651 2857 si
1700 2817 1808 2857 non

1904 1894 2141 1948 eumdem
2181 1903 2361 1964 potum
2392 1894 2683 1964 spiritalem
2714 1894 2972 1949 biberunt.
3028 1892 3283 1950 Bibebant
3319 1908 3495 1952 autem

1904 1984 1970 2038 de
2003 1984 2230 2055 spiritali
2269 1994 2610 2055 consequente
2637 2001 2723 2039 eos
2753 1995 2943 2055 petra:
2981 1995 3130 2055 petra
3168 1998 3345 2057 autem
3383 1997 3497 2042 erat

1906 2075 2144 2130 Christus
2172 2075 2224 2148 (Ι
2250 2075 2371 2130 Cor.
2403 2075 2481 2145 tt).
2529 2075 2716 2131 Totius
2752 2076 2897 2131 enim
2930 2075 3066 2148 legis
3086 2071 3497 2133 ﬁrmamentum

1905 2175 1961 2222 et
1990 2166 2176 2236 ﬁgurae
2203 2166 2405 2221 veritas
2433 2164 2685 2220 Christus
2714 2173 2835 2231 est,
2868 2178 3028 2235 quem
3060 2167 3151 2236 qui
3181 2166 3491 2229 crediderit,

1906 2263 2078 2310 totam
2109 2254 2278 2325 legem
2324 2254 2605 2325 implevit;
2660 2256 2754 2325 qui
2804 2267 2983 2310 autem
3026 2272 3133 2310 non
3169 2257 3494 2321 crediderit,

1906 2346 2060 2417 quasi
2092 2345 2485 2416 praevaricator
2513 2346 2645 2417 legis
2673 2346 2728 2400 in
2759 2355 3018 2403 internum
3046 2349 3260 2420 peribit.

1979 2437 2133 2505 Quod
2158 2440 2297 2492 enim
2326 2438 2391 2492 ab
2421 2440 2538 2510 igne
2566 2456 2671 2493 non
2696 2448 2899 2510 poterat
2927 2442 3286 2507 exterminari,
3319 2444 3499 2498 statim

1908 2531 1972 2585 ab
1999 2530 2189 2601 exiguo
2218 2530 2370 2584 radio
2396 2529 2521 2584 solis
2550 2528 2861 2609 calefactum
2893 2531 3206 2596 tabescebat,
3234 2539 3500 2593 utnotum

1909 2622 2147 2676 omnibus
2176 2619 2306 2676 esset
2352 2622 2601 2691 quoniam
2646 2630 2847 2693 oportet
2888 2623 3174 2693 prwvenire
3220 2622 3383 2677 solem
3430 2624 3505 2678 ad

1911 2712 2319 2767 benedictionem
2351 2721 2531 2775 tuam,
2571 2721 2621 2765 et
2646 2712 2717 2765 ad
2759 2712 3011 2765 orientem
3054 2711 3185 2766 lucis
3225 2722 3421 2783 oportet
3454 2696 3516 2768 te.

1910 2803 2153 2857 adorare.
2212 2800 2474 2872 Superius
2499 2802 2611 2872 jam
2644 2802 2879 2857 diximus
2924 2802 3068 2872 quod
3115 2818 3313 2857 manna
3362 2803 3505 2875 ignis

218 2891 578 2964 pmnituerint
622 2907 798 2962 neque
838 2904 901 2949 se'
948 2893 1287 2949 correxerint
1323 2893 1599 2963 perpetuis
1636 2893 1823 2962 poenis.
1906 2895 2132 2948 odorem
2167 2894 2442 2949 sustinens
2464 2893 2533 2949 ad
2558 2892 2690 2948 solis
2719 2893 2956 2948 calorem
2984 2894 3324 2958 tabesceret;
3354 2911 3504 2951 nunc

222 2984 501 3040 cruciandi
540 2984 841 3044 tradentur.
882 2983 1025 3039 Solis
1061 2993 1241 3039 autem
1272 2984 1431 3039 bonis
1453 3000 1578 3039 vera
1604 2998 1812 3054 prtepa-

222 3085 414 3131 rantur
454 3076 618 3141 bona,
664 3076 864 3146 iniquis
908 3084 1090 3141 autem
1134 3074 1501 3131 indeﬁcientia
1542 3074 1808 3130 destinata

222 3180 347 3225 sunt
392 3178 682 3226 tormenta.

744 3272 749 3277 ’
837 3300 1065 3359 asper
1106 3302 1195 3357 x1.

739 3411 989 3483 Sequitur
1018 3421 1076 3465 ut
1112 3428 1293 3481 supra.

304 3523 527 3594 Propter
562 3524 659 3577 hoc
702 3533 751 3577 et
795 3532 919 3578 tunc
958 3525 1014 3578 in
1052 3525 1229 3579 omnia
1270 3524 1650 3594 transﬁgurata
1696 3538 1825 3576 om-.

230 3617 373 3669 nium
409 3615 605 3668 nutrici
649 3615 834 3697 gratia:
873 3625 977 3671 tute
1018 3615 1354 3697 deserviebat,
1392 3616 1465 3668 ad
1499 3615 1815 3670 voluntatem

230 3722 406 3760 eorum
440 3706 531 3777 qui
573 3722 605 3758 a
644 3718 691 3761 te
728 3705 1010 3761 desiderati
1048 3716 1168 3761 sunt
1192 3721 1211 3758 :
1252 3716 1307 3760 ut
1347 3707 1539 3762 scirent
1577 3707 1678 3775 ﬁlii
1713 3707 1813 3771 tui,

216 3821 357 3874 quos
396 3800 652 3867 dilexisti,
694 3801 936 3868 Domine,
962 3803 1212 3874 quoniam
1241 3820 1343 3859 non
1379 3804 1670 3857 nativitatis
1695 3802 1813 3871 fru-

232 3904 343 3948 ctus
379 3902 600 3964 pascunt
635 3893 890 3959 homines,
918 3895 1008 3949 sed
1048 3911 1218 3964 sermo
1258 3904 1382 3948 tuus
1424 3894 1519 3948 hos
1553 3894 1641 3965 qui
1680 3894 1733 3946 in
1768 3903 1817 3947 te

231 3983 582 4051 crediderint,
623 3993 908 4038 conservat.
971 3983 1252 4055 Multiplici
1295 3999 1426 4054 ergo
1472 3982 1666 4039 solatio
1714 3999 1816 4054 po-

230 4077 389 4148 pulus
423 4077 521 4132 Dei
559 4077 613 4131 in
646 4077 860 4133 deserto
900 4077 1081 4132 divina
1120 4077 1471 4132 miseratione
1511 4075 1813 4131 fovebatur.

232 4169 380 4226 Pluit
425 4152 643 4237 illisue
681 4170 823 4229 coelo
861 4175 1098 4235 manna,
1140 4169 1268 4223 data
1308 4174 1394 4223 est
1434 4166 1515 4221 eis
1542 4167 1620 4222 .de
1663 4177 1818 4235 petra

235 4277 373 4332 aqua
419 4259 749 4331 largissima,
772 4258 930 4329 pasti
967 4266 1093 4313 sunt
1131 4258 1309 4311 avium
1348 4256 1626 4322 carnibus,
1654 4255 1820 4310 vesti-

236 4362 416 4409 intenta
461 4368 647 4407 eorum
689 4366 794 4407 non
837 4359 962 4406 sunt
1003 4349 1211 4415 attrita,
1237 4362 1411 4418 neque
1451 4347 1818 4403 calceamenta

236 4456 597 4516 consumpta;
658 4460 756 4514 per
796 4443 939 4499 diem
989 4441 1068 4498 sol
1115 4456 1220 4497 non
1267 4442 1457 4496 urebat
1505 4456 1639 4505 eos,
1691 4440 1817 4508 quia

1913 2995 2092 3041 autem
2119 2986 2244 3056 quia
2272 2986 2414 3041 idem
2444 2987 2641 3055 repetit
2666 2985 2986 3057 mysterium
3018 2986 3138 3057 ejus
3151 2986 3342 3054 dicere
3371 2990 3502 3044 satis

1914 3089 2032 3131 esse
2058 3069 2352 3130 credimus.
2390 3074 2483 3130 ille
2510 3076 2655 3130 enim
2684 3066 2923 3146 figuralis
2962 3076 3117 3132 citus
3148 3078 3504 3136 historialiter

1839 3164 1883 3225 Ο
1914 3166 2172 3237 pascebat
2201 3175 2385 3236 patres
2415 3173 2651 3232 nostros,
2696 3156 2790 3221 sed
2819 3167 2886 3220 ad
2916 3175 3099 3221 ortum
3126 3169 3240 3223 veri
3275 3170 3405 3225 solis
3428 3169 3502 3225 li-

1915 3258 2207 3328 qucliebat,
2228 3259 2332 3313 hoc
2353 3266 2459 3323 est,
2485 3258 2546 3311 in
2564 3257 2847 3312 nativitate
2874 3256 3074 3313 Christi
3106 3258 3173 3313 ad
3201 3260 3501 3330 spiritalem

1913 3363 2069 3403 usum
2102 3347 2430 3413 solvebatur,
2464 3356 2520 3402 et
2548 3348 2601 3402 in
2633 3347 2855 3402 caeleste
2889 3332 3292 3404 sacramentum
3327 3362 3501 3407 verte-

1912 3439 2089 3505 batur,
2122 3446 2388 3508 quatenus
2429 3432 2830 3508 praeveniamus
2870 3439 3040 3493 solem
3082 3439 3136 3494 in
3174 3441 3507 3499 benedictio-

1916 3530 2095 3593 nibus,
2120 3524 2223 3584 [που
2248 3539 2351 3595 est,
2375 3528 2576 3584 Christi
2606 3529 2945 3584 divinitatem
2974 3533 3192 3588 aeternis
3218 3536 3507 3603 praeconiis

1914 3622 2290 3692 pricdicemus,
2326 3621 2565 3675 dicentes
2606 3635 2731 3675 cum
2778 3621 3107 3692 evangelista
3134 3620 3382 3678 Joanne:
3433 3623 3503 3677 In

1916 3711 2173 3781 principio
2213 3720 2325 3764 erat
2362 3708 2605 3776 Verbum,
2648 3720 2697 3764 et
2732 3708 2957 3764 Verbum
2990 3720 3105 3764 erat
3134 3712 3275 3782 apud
3306 3712 3501 3779 Deum,

1918 3809 1965 3854 et
1991 3800 2135 3853 Deus
2184 3811 2296 3853 erat
2328 3799 2575 3853 Verbum.
2632 3798 2749 3854 Hoc
2794 3810 2904 3855 erat
2952 3802 3007 3855 in
3054 3803 3314 3873 principio
3363 3806 3517 3876 apud

1918 3889 2086 3949 Deum
2112 3907 2130 3943 :
2166 3890 2341 3943 omnia
2378 3906 2470 3958 per
2502 3890 2675 3960 ipsum
2704 3890 2848 3958 facta
2878 3901 3021 3955 sunt,
3061 3901 3109 3944 et
3137 3892 3250 3945 sine
3277 3893 3390 3963 ipso
3419 3893 3504 3963 fa—

1919 3993 2059 4036 ctum
2085 3991 2159 4036 est
2186 3980 2336 4044 nihil,
2366 3989 2469 4035 etc.
2491 3965 2684 4052 ‘(Joan.
2714 3980 2775 4051 ι).
2816 3979 2898 4035 Ad
2927 3965 3107 4035 ortum
3138 3990 3318 4036 autem
3348 3982 3504 4045 lucis,

1918 4075 2022 4131 hoc
2050 4082 2154 4139 est,
2184 4073 2566 4128 ad‘adventum
2595 4070 2911 4128 Salvatoris.
2948 4072 3231 4128 dicamus:
3282 4071 3507 4128 Verbum

1920 4183 2045 4221 caro
2074 4166 2273 4235 factum
2299 4175 2395 4231 est,
2423 4173 2472 4219 et
2497 4164 2749 4219 habitavit
2778 4165 2832 4218 in
2864 4163 3032 4230 nobis,
3066 4175 3114 4219 et
3144 4166 3368 4220 vidimus
3398 4167 3512 4238 glo-

1922 4256 2055 4310 riam
2086 4257 2202 4326 ejus
2223 4296 2237 4320 ,
2283 4254 2517 4328 gloriam.
2530 4254 2682 4325 quasi
2719 4255 2973 4327 unigeniti
2999 4273 3032 4309 a
3060 4253 3251 4323 Patre,
3293 4242 3505 4329 plenum

1922 4352 2108 4420 gratiae
2133 4361 2180 4403 et
2206 4349 2461 4403 ueritatis.
2496 4347 2637 4414 Quid
2665 4355 2844 4401 autem
2873 4347 2938 4402 de
2963 4347 3055 4402 illo
3077 4350 3277 4419 populo
3300 4350 3508 4404 carnali

1924 4430 2288 4511 subsequatur
2315 4438 2613 4495 videamus.
2759 4441 2762 4445 “

238 4537 423 4592 eduxit
460 4508 557 4591 eos
584 4508 677 4590 in-
697 4535 837 4589 nube
878 4532 1020 4595 diei,
1068 4538 1124 4585 et
1169 4538 1279 4585 tota
1319 4536 1478 4584 nocte
1520 4529 1576 4583 in
1613 4527 1815 4583 illumi-
1844 4508 1901 4568 Ῑ)
1996 4508 2202 4601 Ingrati
2230 4532 2366 4585 enim
2395 4530 2526 4599 ﬁdes
2565 4540 2816 4600 tanquam
2849 4528 3133 4584 hibernans
3173 4528 3385 4599 glacies,
3419 4540 3506 4583 ta-

238 4631 459 4685 natione
498 4628 669 4699 ignis,
725 4636 784 4681 ut
827 4625 1060 4681 creatori
1104 4639 1203 4679 suo
1248 4621 1373 4689 inde
1418 4621 1592 4691 magis
1636 4621 1827 4675 devoti

240 4718 471 4783 ﬁerent,
522 4734 630 4788 quo
670 4732 766 4773 eos
814 4716 985 4787 gratis
1032 4715 1086 4769 in
1131 4713 1277 4769 omni
1322 4713 1652 4786 necessitate
1687 4727 1817 4781 pro-

239 4811 482 4866 curando
542 4808 845 4877 adjuvaret.
910 4808 1035 4862 ideo
1090 4807 1232 4861 enim
1289 4804 1396 4859 illis
1451 4803 1821 4873 temporaliter

240 4903 495 4966 consulit,
537 4909 597 4955 ut
630 4901 778 4965 illum
815 4898 1203 4970 perpetualiter
1227 4898 1513 4969 diligerent
1548 4906 1710 4966 atque
1736 4896 1819 4949 in-

244 4983 577 5064 telligerent,
621 4992 917 5046 secundum
958 4986 1117 5057 hujus
1157 4988 1261 5044 loci
1310 4988 1660 5064 mentionem,
1689 5000 1821 5055 quo-

243 5086 386 5139 niam
428 5098 539 5138 non
576 5083 881 5138 nativitatis
921 5082 1129 5137 fructus
1167 5090 1391 5151 pascunt
1424 5080 1691 5143 homines,
1728 5078 1823 5133 sed

241 5186 423 5230 sermo
464 5174 558 5230 Dei
624 5174 723 5230 hos
768 5174 860 5244 qui
906 5173 961 5229 in
1016 5172 1171 5227 illum
1220 5172 1447 5227 creduat
1498 5177 1818 5225 conservat.

243 5267 397 5332 Quod
423 5275 477 5322 et
500 5264 709 5337 Moyses
733 5265 786 5319 in
812 5263 1235 5319 Deuteronomio
1262 5260 1573 5333 comprobat
1597 5260 1781 5314 dicens
1807 5277 1819 5311 :

234 5356 438 5428 Amisit
477 5368 528 5411 te
566 5356 806 5428 penuria,
837 5363 885 5409 et
919 5353 1060 5408 dedit
1098 5353 1194 5407 tibi
1227 5351 1399 5411 cibum
1428 5367 1643 5408 manna.
1672 5365 1825 5421 quem

238 5449 527 5523 ignorabas
570 5457 626 5502 tu
669 5457 717 5502 et
755 5458 929 5517 patres
974 5444 1073 5509 tui,
1122 5453 1178 5497 ut
1219 5440 1510 5518 ostenderet
1554 5439 1644 5493 tibi
1685 5439 1827 5510 quod

237 5558 349 5598 non
389 5543 447 5595 in
475 5539 588 5594 solo
613 5555 748 5609 pane
780 5539 899 5592 vivit
926 5543 1100 5609 homo,
1141 5534 1232 5589 sed
1262 5535 1317 5587 in
1344 5534 1485 5587 omni
1511 5531 1664 5587 verba
1687 5531 1828 5601 quod

240 5632 512 5706 egreditur
548 5631 615 5684 de
652 5646 743 5683 ore
784 5629 904 5683 Dei.
958 5626 1334 5682 Vestimentum
1379 5636 1524 5677 tuum
1567 5639 1670 5693 qua
1708 5639 1829 5691 ope-

242 5726 465 5784 rtebaris
489 5738 812 5794 nequaquam
841 5728 1093 5775 vetustate
1125 5717 1332 5787 defecit,
1366 5726 1416 5771 et
1448 5731 1536 5786 pes
1569 5724 1689 5768 tuus
1722 5729 1827 5768 non

1923 4625 2080 4679 bescit
2111 4633 2160 4678 et
2185 4623 2430 4694 disperiet
2457 4633 2707 4693 tanquam
2736 4638 2874 4693 aqua
2908 4621 3251 4693 superuacua.
3302 4620 3509 4693 Ingrati

1922 4718 2069 4773 enim
2099 4718 2315 4788 populi,
2348 4716 2452 4771 hoc
2480 4723 2593 4782 est,
2624 4714 2934 4773 Judazorum
2966 4731 3089 4786 spes
3117 4731 3280 4786 quam
3310 4716 3386 4771 illi
3414 4717 3511 4772 ba-

1923 4809 2054 4863 bent
2089 4803 2251 4862 modo
2292 4807 2345 4861 in
2387 4796 2696 4861 adventum
2721 4807 2861 4877 regis
2904 4807 3019 4869 sui,
3064 4807 3321 4862 nimirum
3352 4808 3510 4863 Anti-

1924 4900 2138 4963 christi,
2163 4907 2414 4967 tanquam
2442 4896 2740 4952 hibernalis
2768 4895 2967 4967 glacies
2998 4897 3248 4962 tabescit,
3277 4898 3381 4954 hoc
3406 4911 3513 4967 est,

1927 4990 2123 5062 frigida
2154 4990 2208 5043 in
2234 4987 2547 5043 inﬁdelitate
2576 4986 2692 5041 sine
2720 4985 2898 5041 fructu
2929 4986 3158 5057 iustitia:
3186 4984 3533 5058 marcescit,

1929 5090 1986 5138 et
2015 5081 2277 5151 disperiet
2304 5088 2561 5149 tanquam
2596 5094 2735 5150 aqua
2771 5088 3103 5150 supervacua
3123 5072 3299 5146 ,cum
3332 5085 3516 5140 omnis

1931 5171 2155 5226 traditio
2176 5170 2435 5225 doctrinae
2457 5168 2693 5234 illorum,
2718 5168 2867 5225 nullo
2892 5169 3014 5224 usui
3040 5172 3171 5242 apta'
3195 5172 3513 5243 deputetur;

1931 5262 2064 5318 dicit
2098 5262 2242 5321 enim
2268 5260 2424 5317 nobis
2454 5259 2707 5316 Salvator
2732 5269 2920 5316 noster
2946 5261 3172 5333 loquens
3202 5263 3271 5317 ad
3300 5272 3535 5334 apostor~

1933 5352 2049 5407 los:
2086 5350 2252 5408 Sinite
2286 5351 2441 5417 illos,
2489 5352 2614 5407 eieci
2654 5361 2776 5406 sunt
2814 5351 2974 5408 duces
3010 5370 3288 5408 caecorum.
3331 5351 3515 5407 Omnis

1933 5443 2190 5514 plantatio
2211 5459 2368 5514 quam
2394 5457 2498 5497 non
2519 5441 2773 5513 plantavit
2800 5439 2965 5497 Pater
2988 5458 3134 5496 meus
3160 5438 3378 5495 celestis
3399 5453 3515 5492 era-

1936 5536 2198 5591 dicabitur
2222 5534 2439 5608 (Matth.
2468 5535 2582 5607 xv).
