3928 6182
392 291 497 349 τΰι

1005 396 1229 454 CAPUT
1268 396 1377 453 ΧΠ.

407 513 682 590 Sapientia
708 512 892 590 laudat
918 510 1105 590 Deum,
1128 508 1268 590 quod
1292 523 1485 590 magna
1510 509 1623 590 sint.
1635 506 1843 590 judicia
1867 505 1984 588 ejus

392 580 405 595 “
480 577 527 641 et
555 579 928 638 inenarrabilia
953 579 1107 649 verba
1134 577 1320 650 ipsius,
1348 577 1437 649 qui
1468 577 1777 633 mirabiliter
1802 577 1986 648 punie-

480 657 567 710 bat
598 651 944 707 adversarios.

479 767 629 841 (ΟΑΡ.
658 762 817 835 xvu.)
854 762 1053 834 Magna
1082 761 1219 816 enim
1262 771 1382 818 sunt
1409 760 1619 832 judicia
1650 769 1772 825 tua,
1807 770 1855 816 et
1905 760 1987 812 in.-

404 858 725 918 enarrabilia
747 857 900 911 verba
928 865 1051 920 tua;
1079 864 1289 925 propter
1310 855 1407 908 hoc
1436 852 1841 923 indisciplinataa
1870 852 1988 906 ani-

408 969 507 1006 mo:
526 958 850 1005 erraverunt.
880 946 1069 1019 Magna
1092 956 1218 1001 sunt
1236 944 1443 1016 judicia
1462 943 1848 1013 omnipotentis
1866 941 1986 1007 Dei,

406 1054 462 1099 et
506 1038 886 1097 inenarrabilia
917 1039 1113 1103 verba,
1149 1036 1346 1105 quibus
1388 1043 1519 1089 nutu
1559 1033 1791 1090 mirifico
1830 1046 1986 1089 crea-

400 1145 582 1191 turam
633 1132 773 1205 regit
815 1131 1141 1185 universam.
1196 1127 1488 1198 Propterea
1524 1127 1667 1182 enim
1704 1126 1990 1189 insensattn

405 1225 601 1281 animae
645 1220 937 1277 infidelium
987 1225 1341 1282 erraverunt,
1392 1216 1649 1286 quoniam
1686 1224 1988 1277 creatorem

404 1331 587 1380 suum,
620 1314 710 1385 qui
740 1313 907 1368 verbo
936 1325 1036 1367 suo
1066 1309 1247 1366 omnia
1284 1308 1432 1375 fecit,
1471 1308 1693 1363 credere
1714 1318 1769 1364 et
1795 1307 1992 1363 intelli-

407 1420 534 1479 gere
565 1402 891 1467 noluerunt,
942 1415 1044 1463 nec
1081 1399 1131 1454 ei
1172 1398 1412 1454 debitum
1452 1398 1715 1453 honorem
1754 1396 1807 1463 in
1842 1396 1989 1452 cultu

408 1492 629 1565 pietatis
664 1491 1049 1545 exhibuerunt.
1096 1486 1205 1543 Nec
1234 1497 1318 1542 est
1348 1487 1681 1542 contrarium
1710 1486 1837 1542 huic
1862 1501 1989 1542 sen-

408 1582 593 1638 tentiae
618 1580 747 1661 quia
803 1580 933 1635 dicit
972 1576 1354 1634 inenarrabilia
1384 1592 1504 1632 esse
1530 1576 1695 1632 verba
1729 1576 1825 1632 Dei
1860 1575 1990 1633 illud

406 1674 549 1744 quod
566 1671 851 1729 Psalmista
876 1670 953 1725 ait
976 1688 989 1724 :
1027 1669 1095 1725 In
1121 1667 1274 1723 labiis
1300 1668 1427 1723 meis
1454 1667 1787 1738 pronuntiavi
1813 1668 1992 1741 omnia

1043 290 1103 345 Β.
1146 285 1397 343 ιιΑΒΑΝι
1434 285 1653 346 MAURI
1689 283 1995 343 ARGHIEP.

2100 280 2356 339 OGUNT.
2397 279 2683 339 OPERUM
2717 280 2900 338 PARS
2934 280 2975 337 Ι.

3558 282 3668 339 752

2009 399 2063 465 Α
2161 390 2341 461 Neque
2366 390 2502 447 enim
2527 407 2644 461 quae
2681 390 2972 449 continebat
3012 392 3130 446 illas
3170 393 3418 461 spelunca
3454 396 3568 450 sine
3594 394 3672 447 ti-

2084 498 2227 545 more
2255 481 2574 536 custodiebat
2596 496 2614 533 :
2652 482 2904 552 quoniam
2952 482 3153 535 sonitus
3197 482 3515 537 descendens
3554 500 3675 553 per-

2085 574 2326 637 turbabat
2350 571 2489 639 illos,
2517 583 2566 628 et
2590 589 2829 643 persona:
2848 574 3021 629 tristes
3047 572 3153 629 illis
3178 583 3491 645 apparentes
3510 592 3678 646 pauo-

2087 679 2193 717 rem
2215 662 2320 716 illis
2338 662 2679 734 prwstabant.
2711 661 2780 715 Et
2807 662 2944 733 ignis
2964 663 3171 737 quidem
3198 660 3345 719 nulla
3371 664 3449 719 vis
3469 673 3676 734 poterat

2086 753 2192 812 illis
2230 753 2405 809 lumen
2441 753 2702 825 praebere,
2751 769 2843 808 nec
2890 754 3125 809 siderum
3168 755 3402 825 limpida:
3439 757 3678 826 ﬂamma:

2086 840 2385 896 illuminare
2410 851 2650 912 poterant
2676 840 2824 899 illam
2852 852 3051 901 noctem
3076 843 3417 899 horrendam.
3444 843 3680 915 Semper

2087 933 2340 991 tenebras
2379 934 2670 990 comitatur
2697 933 2912 1001 horror,
2956 944 3012 989 et
3051 946 3255 1005 quanto
3293 937 3418 1009 quis
3457 938 3679 1008 perspi-

2087 1042 2211 1083 cere
2239 1042 2346 1082 non
2368 1034 2568 1098 potest,
2594 1040 2693 1081 nec
2717 1027 3023 1083 discernere
3049 1042 3112 1083 ea
3138 1043 3260 1099 qua:
3283 1029 3433 1084 circa
3461 1043 3523 1086 se
3548 1038 3683 1086 sunt

2088 1126 2238 1175 tanto
2287 1118 2543 1189 majorem
2598 1118 2848 1174 timorem
2898 1106 3104 1185 habet,
3159 1121 3394 1193 undique
3446 1123 3679 1177 adversa

2088 1210 2370 1281 suspicans
2392 1248 2407 1272 ,
2462 1216 2517 1264 et
2566 1207 2841 1267 laesionem
2886 1209 3165 1278 pavitans.
3221 1211 3312 1267 Sic
3355 1227 3578 1284 quoque
3621 1221 3681 1268 et

2089 1298 2359 1371 Egyptiis
2386 1297 2636 1370 contigit,
2666 1298 2882 1369 quando
2908 1300 3176 1356 maximas
3211 1301 3466 1359 tenebras
3492 1302 3678 1358 triduo

2089 1395 2454 1467 patiebantur,
2474 1410 2610 1465 quas
2634 1409 2736 1449 nec
2761 1392 2861 1456 sol,
2884 1408 3059 1462 neque
3088 1390 3235 1460 luna,
3256 1394 3353 1449 sed
3378 1408 3484 1450 nec
3510 1393 3679 1449 stella

2088 1492 2380 1556 potuerunt
2418 1484 2763 1543 illuminare:
2797 1485 3108 1554 ubicunque
3136 1484 3431 1542 latitabant
3469 1495 3676 1545 terrore

2090 1576 2260 1632 nimio
2286 1575 2574 1646 pavebant.
2627 1574 2779 1643 Quod
2818 1583 2998 1630 autem
3028 1576 3159 1630 dicit
3194 1590 3462 1645 personas
3497 1577 3680 1632 tristes

2090 1668 2199 1723 illis
2225 1675 2549 1738 apparentes
2576 1681 2831 1737 pavorem
2854 1676 3134 1737 prmstare,
3156 1668 3334 1738 potuit
3354 1664 3477 1722 ficri
3500 1676 3562 1722 ut
3581 1685 3677 1739 pro

399 1766 612 1836 judicia
660 1764 767 1818 oris
814 1762 892 1816 tui
923 1758 1094 1832 (Psal.
1124 1757 1315 1830 cxvm)
1337 1798 1353 1824 ,
1411 1758 1537 1828 quia
1587 1772 1708 1827 qua:
1760 1755 1848 1812 ille
1896 1771 1990 1815 ore
2017 1762 2067 1824 B
2094 1759 2494 1829 machinatione
2519 1758 2877 1831 malignorum
2902 1759 3188 1828 spirituum
3213 1758 3396 1829 aliqua
3419 1760 3682 1831 phantas-

407 1855 781 1927 pronuntiare,
810 1852 913 1907 hoc
941 1857 1050 1915 est,
1103 1847 1452 1905 manifestare
1481 1846 1647 1903 voluit
1692 1854 1751 1902 ut
1788 1861 1852 1905 ea
1892 1845 1992 1903 hu-

409 1963 569 2004 mana
612 1945 875 2018 fragilitas
924 1941 1226 2014 intelligere
1274 1948 1329 1995 et
1376 1937 1578 1993 referre
1625 1947 1834 2009 potest;
1871 1952 1990 2011 qua:

411 2049 590 2094 autem
621 2037 737 2109 ipse
767 2035 948 2089 abdita
983 2047 1103 2089 esse
1136 2029 1404 2095 decrevit,
1454 2028 1633 2085 nullus
1660 2029 1880 2085 omnino
1904 2029 1991 2084 in-

408 2127 679 2198 vestigare
706 2125 899 2197 potuit.

480 2218 618 2273 Dum
648 2217 784 2272 enim
806 2230 1117 2286 persuasum
1146 2211 1335 2279 habent
1362 2213 1528 2285 iniqui
1555 2229 1705 2285 posse
1729 2213 1994 2268 dominari

408 2307 611 2365 nationi
637 2316 867 2373 sanctis,
916 2301 1138 2359 vinculis
1172 2303 1506 2358 tenebrarum
1540 2314 1589 2357 et
1622 2301 1793 2374 longw
1827 2304 1993 2358 noctis

408 2402 709 2472 compediti,
751 2397 940 2469 inclusi
967 2398 1060 2453 sub
1092 2396 1239 2451 tectis
1276 2395 1478 2468 fugitivi
1515 2412 1607 2467 per
1640 2405 1789 2449 tuam
1820 2396 1995 2466 provi-

407 2492 637 2547 dentiam
656 2490 968 2562 jacuerunt,
988 2497 1037 2542 et
1058 2486 1187 2542 dum
1204 2496 1389 2557 putant
1416 2502 1471 2541 se
1498 2485 1658 2542 latere
1684 2487 1737 2541 in
1760 2488 1993 2543 obscuris

408 2582 654 2653 peccatis,
682 2578 951 2634 tenebroso
980 2575 1253 2631 oblivionis
1277 2574 1563 2631 velamento
1592 2576 1812 2646 dispersi
1849 2586 1992 2642 sunt,

408 2680 649 2744 paventes
677 2668 936 2725 horrende
974 2678 1023 2722 et
1059 2683 1175 2722 cum
1212 2665 1563 2727 admiratione
1591 2666 1754 2720 nimia
1789 2677 1994 2737 pertur-

410 2763 540 2816 bati.
572 2760 977 2817 Commemorat
1003 2759 1105 2813 hoc
1135 2755 1279 2829 quod
1318 2757 1370 2812 in
1400 2755 1638 2829 lEgypto
1676 2758 1860 2813 hostes
1892 2772 1993 2828 po-

409 2852 519 2923 puli
553 2851 646 2908 Dei
678 2852 732 2907 in
763 2850 992 2925 caligine
1025 2849 1367 2919 tenebrarum
1398 2848 1640 2920 perpessi
1670 2858 1826 2914 sunt,
1859 2864 1996 2919 quas

412 2944 692 3017 Scriptura
722 2951 832 2999 tam
862 2943 1060 2998 densas
1089 2940 1288 3006 refert,
1320 2948 1380 3001 ut
1407 2938 1614 3012 palpari
1640 2941 1895 3011 quirent;
1940 2941 1996 2995 in

410 3038 609 3110 quibus
634 3037 916 3091 horrorem
946 3034 1171 3089 nimium
1204 3033 1480 3104 perpessi,
1517 3032 1711 3089 merito
1744 3041 1997 3103 peccato-

2094 1861 2237 1909 mata
2271 1851 2377 1913 illis
2405 1859 2744 1922 apparerent,
2774 1866 2896 1921 quae
2921 1851 2988 1905 ad
3019 1860 3363 1922 augmentum
3388 1865 3680 1922 pinnarum

2092 1958 2310 2000 suarum
2341 1943 2620 1998 horrorem
2654 1942 2879 1997 nimium
2915 1943 2996 1998 eis
3025 1942 3351 1997 incuterent.
3409 1940 3683 1997 Similiter

2092 2044 2149 2093 et
2192 2051 2337 2093 nunc
2378 2045 2761 2107 persecutores
2804 2034 2931 2092 ﬁdei
2968 2034 3293 2095 Christianae
3336 2042 3394 2089 et
3433 2035 3683 2090 veritatis

2094 2128 2343 2195 inimicos
2388 2128 2730 2187 circumdant
2776 2128 3011 2196 undique
3052 2126 3290 2182 tenebrae
3328 2133 3682 2195 peccatorum

2093 2235 2348 2287 suorum,
2386 2220 2515 2291 quia
2554 2218 2719 2275 solem
2745 2219 2972 2290 justitia-
2999 2218 3285 2289 ignorant,
3332 2232 3437 2273 nec
3466 2232 3565 2271 eos
3592 2219 3687 2271 do-

2094 2317 2272 2365 ctores
2321 2310 2497 2365 sancti
2549 2309 2761 2380 fulgore
2805 2309 3179 2365 doctrinarum
3228 2322 3455 2365 suarum
3505 2308 3686 2379 aliquo

2093 2400 2268 2469 modo.
2285 2397 2573 2455 illustrant.
2611 2398 2723 2455 llos
2749 2407 2806 2455 et
2835 2399 3047 2459 sonitus
3070 2398 3429 2465 descendens,
3453 2399 3561 2455 hoc
3580 2407 3683 2464 est,

2093 2489 2405 2559 praedicatio
2457 2487 2698 2544 caelestis
2743 2503 2935 2559 panes
2980 2490 3062 2551 eis
3106 2486 3320 2545 futuras
3373 2489 3688 2559 praedicens

2093 2583 2396 2652 perturbat,
2427 2592 2482 2636 et
2510 2595 2756 2652 persona:
2784 2582 2987 2644 tristes,
3018 2581 3123 2639 hoc
3148 2589 3252 2648 est,
3280 2580 3568 2637 damnes
3596 2582 3686 2652 qui

2093 2690 2188 2731 eos
2217 2674 2411 2730 torturi
2442 2682 2599 2740 sunt,
2632 2674 2948 2744 praecogniti
2983 2671 3321 2738 terrificant;
3364 2687 3473 2729 nec
3503 2681 3686 2729 tanien

2094 2764 2428 2821 fructuosam
2456 2765 2838 2837 paenitentiam
2868 2765 2921 2819 in
2955 2764 3061 2821 illis
3088 2771 3348 2836 generat,
3394 2764 3509 2819 imo
3533 2764 3686 2820 dete-

2095 2857 2269 2913 riores
2297 2856 2471 2915 factos
2510 2858 2578 2913 ad
2623 2856 2983 2926 perditionem
3013 2862 3331 2925 perpetuam
3356 2853 3482 2909 sine
3506 2868 3688 2910 cessa-

2095 2950 2243 3006 tione
2259 2956 2562 3020 praeparant
2577 2967 2590 3002 :
2607 2947 2862 3019 quoniam
2883 2963 3007 3003 cum
3026 2948 3314 3017 desperant
3335 2946 3683 3017 semetipsos,

2097 3058 2198 3101 nec
2222 3057 2281 3099 se
2300 3041 2582 3112 corrigere
2607 3040 2795 3096 volunt
2824 3047 2879 3097 ut
2914 3038 3220 3108 relinquant
3245 3051 3494 3097 errorem
3526 3050 3689 3093 suum

411 3142 532 3185 rum
561 3142 782 3182 suorum
809 3133 864 3179 et
895 3125 1191 3179 tenebrosm
1213 3122 1499 3179 oblivionis
1522 3122 1786 3194 condigne
1810 3122 1996 3193 punie-
2022 3122 2067 3185 C
2098 3142 2154 3187 et
2172 3146 2336 3201 opera
2359 3130 2558 3186 faciant
2576 3130 2822 3200 justitiae,
2843 3129 3213 3185 thesaurizant
3230 3128 3335 3186 sibi
3358 3129 3499 3185 iram
3525 3128 3580 3183 in
3598 3128 3691 3184 die

410 3220 627 3275 bantur.
670 3215 894 3287 Mystice
923 3223 1103 3271 autem
1131 3228 1323 3271 omnes
1350 3222 1720 3284 persecutores
1745 3211 1997 3271 Ecclesiae

411 3310 637 3375 Christi,
668 3308 838 3365 Judaei
865 3307 1132 3373 videlicet,
1164 3306 1358 3379 pagani
1389 3316 1445 3360 et
1474 3305 1735 3373 hzcretici,
1762 3321 1863 3361 nec
1889 3322 1996 3363 non

413 3412 470 3459 et
506 3401 626 3457 falsi
654 3399 952 3457 Christiani
992 3398 1245 3454 tenebras
1274 3395 1539 3453 scelerum
1577 3412 1798 3453 suorum
1836 3405 1998 3467 atque

411 3492 619 3551 erroris
642 3490 925 3564 patiuntur
949 3502 1220 3554 enormes,
1244 3502 1417 3557 neque
1443 3500 1669 3555 usquam
1699 3485 1803 3541 tuti
1825 3500 1889 3540 ac
1914 3500 1998 3540 se-

412 3588 531 3644 curi
561 3601 682 3644 esse
709 3592 963 3657 possunt,
994 3596 1130 3653 quos
1159 3589 1401 3639 rectores
1428 3578 1773 3636 tenebrarum
1804 3579 1998 3633 harum

405 3680 563 3751 juxta
585 3678 919 3736 voluntatem
954 3691 1108 3735 suam
1140 3675 1377 3740 ducunt,
1417 3681 1473 3729 et
1499 3673 1569 3729 ad
1596 3680 1900 3737 extremum
1943 3671 1997 3726 in

414 3773 667 3843 tenebras
719 3770 1038 3834 exteriores,
1075 3767 1165 3825 ubi
1210 3766 1317 3821 erit
1344 3764 1498 3821 ﬂetus
1542 3773 1599 3819 et
1634 3762 1835 3820 stridor
1862 3763 1995 3819 den-

413 3865 585 3929 tium,
616 3859 1003 3935 perpetualiter
1054 3873 1238 3915 secum
1297 3856 1601 3928 puniendos
1656 3854 1996 3926 demergunt.

413 3956 569 4023 Quod
596 3962 776 4010 autem
821 3953 874 4008 in
918 3950 1158 4007 tenebris
1191 3958 1320 4005 sunt
1347 3962 1538 4005 omnes
1568 3947 1707 4003 male
1750 3954 1995 4019 agentes,

413 4046 655 4112 ostendit
698 4046 815 4116 ipsa
845 4042 1060 4098 Veritas
1106 4042 1160 4096 in
1205 4040 1498 4115 Evangelio
1541 4039 1765 4094 dicens:
1813 4037 1995 4092 Omnis

413 4140 503 4210 qui
530 4137 668 4194 male
694 4139 802 4210 agit
833 4137 941 4191 odit
972 4136 1163 4199 lucem,
1207 4144 1254 4188 et
1300 4150 1403 4188 non
1446 4132 1579 4188 venit
1626 4132 1694 4186 ad
1734 4131 1903 4187 lucem
1941 4141 1996 4185 ut

416 4248 522 4288 non
552 4214 846 4301 arguantur
874 4244 1030 4300 opera
1062 4228 1215 4297 ejus:
1250 4226 1341 4297 qui
1372 4236 1547 4280 autem
1577 4224 1702 4295 facit
1730 4225 1997 4281 veritatem

414 4323 551 4378 venit
581 4320 652 4376 ad
688 4318 856 4376 lucem
892 4328 946 4374 ut
982 4318 1383 4387 manifestentur
1413 4332 1569 4386 opera
1603 4315 1740 4385 ejus,
1782 4315 1907 4386 quia
1941 4314 1996 4373 in

415 4413 528 4469 Deo
554 4421 674 4467 sunt
702 4412 843 4482 facta
865 4410 1049 4484 (Joan.
1076 4408 1180 4479 tu).
1214 4408 1280 4462 Et
1305 4408 1435 4462 item
1460 4424 1471 4458 :
1509 4405 1612 4471 Qui
1638 4406 1894 4477 sequitur,
1922 4405 1991 4459 inc

2096 3224 2193 3279 irae
2234 3232 2291 3277 et
2330 3220 2673 3276 revelationis
2712 3218 2843 3290 justi
2885 3217 3075 3288 judicii
3104 3218 3199 3273 Dei
3227 3218 3318 3289 qui
3353 3218 3533 3273 reddit
3560 3218 3689 3273 uni-

2098 3313 2293 3383 cuique
2319 3312 2617 3368 secundum
2643 3326 2804 3381 opera
2833 3325 2949 3364 sua.

2687 3422 2915 3481 CAPUT
2954 3423 3089 3479 Xlll.

2100 3516 2253 3583 Quod
2292 3533 2494 3588 semper
2532 3518 2869 3587 pra'sumptio
2912 3534 3051 3573 sreva
3092 3519 3263 3573 turbet
3305 3522 3686 3576 conscientiam

2168 3587 2469 3659 impiorum,
2512 3596 2561 3641 et
2598 3587 2737 3659 quod
2776 3588 2875 3657 ipsi
2913 3604 3005 3659 per
3043 3588 3192 3642 varia
3234 3592 3443 3645 somnia
3480 3601 3529 3645 et
3555 3593 3693 3645 ima-

2164 3658 2455 3728 ginationes
2491 3658 2725 3713 exterriti
2766 3665 3127 3729 torqueantur.

2167 3771 2465 3842 Apparebat
2518 3780 2692 3827 autem
2745 3770 2853 3827 illis
2904 3771 3040 3842 ignis
3092 3771 3399 3828 subitaneus
3424 3815 3441 3839 ,
3503 3777 3693 3831 timore

2097 3862 2317 3933 plenus;
2339 3872 2386 3916 et
2412 3864 2597 3923 timore
2620 3864 2851 3933 percussi
2873 3862 3017 3918 illius
3035 3879 3152 3935 qua:
3173 3880 3275 3917 non
3300 3864 3579 3920 videbatur
3600 3866 3690 3936 fa-

2100 3956 2219 4020 ciei,
2244 3956 2568 4010 a'stimabam
2600 3955 2860 4011 deteriora
2900 3971 3011 4009 esse
3051 3971 3170 4026 qua:
3210 3956 3542 4010 ridebantur.
3581 3956 3693 4027 Ap-

2098 4058 2323 4120 pareute
2351 4050 2493 4102 enim
2526 4048 2615 4105 illo
2650 4047 2774 4119 igne
2801 4047 2894 4117 qui
2935 4047 3128 4116 impios
3154 4044 3464 4117 flagellabat
3494 4047 3692 4102 timore

2098 4138 2403 4210 perterriti,
2434 4138 2667 4207 undique
2694 4152 2881 4208 ptenas
2909 4135 3294 4200 formidabant,
3323 4137 3456 4206 quia
3484 4148 3691 4208 quanto

2098 4231 2221 4301 quis
2240 4231 2516 4301 graviores
2536 4243 2817 4298 pinnarum
2841 4227 3005 4284 sentit
3023 4226 3258 4292 dolores,
3277 4235 3433 4282 tanto
3456 4227 3693 4298 majores

2098 4330 2318 4378 veretur
2343 4319 2445 4375 sibi
2475 4319 2825 4389 supervenire
2850 4318 3126 4373 horrores.

2176 4411 2240 4465 Et
2268 4412 2483 4479 magica?
2516 4410 2649 4463 artis
2682 4408 2905 4480 appositi
2940 4417 3090 4463 erant
3122 4406 3350 4471 derisus,
3398 4416 3450 4462 et
3482 4410 3693 4479 sapien-

417 4508 556 4578 quit,
580 4521 683 4572 me,
714 4520 815 4559 non
846 4502 1077 4571 ambulat
1108 4503 1162 4561 in
1195 4500 1441 4563 tenebris,
1473 4499 1563 4552 sed
1591 4499 1797 4554 habebit
1826 4498 1999 4553 tanien
2031 4486 2079 4547 Ι)
2103 4506 2191 4558 tia:
2228 4501 2410 4573 gloria:
2456 4501 2708 4571 correptio
2747 4515 2865 4555 cum
2900 4500 3235 4554 contumelia.
3282 4498 3375 4553 Illi
3417 4502 3565 4555 enim
3600 4500 3691 4571 qui

416 4599 535 4654 vitw
564 4596 747 4671 (Joan.
776 4596 919 4668 vui).
967 4594 1105 4657 illnc
1134 4603 1187 4649 et
1213 4591 1449 4647 Joannes
1476 4594 1553 4646 ait
1577 4610 1589 4644 :
1625 4592 1729 4657 Qui
1755 4592 1862 4645 odit
1891 4592 2003 4660 fra-

418 4702 549 4745 trem
583 4706 737 4757 suum
770 4688 943 4747 adhuc
984 4687 1039 4741 in
1078 4685 1299 4739 tenebris
1337 4694 1434 4748 est,
1466 4693 1513 4737 et
1546 4685 1599 4736 in
1634 4683 1855 4737 tenebris
1889 4699 2002 4735 am-

421 4781 587 4849 bulat,
627 4791 675 4835 et
714 4780 875 4837 nescit
903 4794 1005 4848 quo
1033 4787 1141 4842 eat,
1181 4774 1431 4847 quoniam
1463 4772 1685 4827 tenebrce
1711 4772 2002 4827 obcarcave-

418 4883 540 4926 runt
580 4870 761 4937 oculos
796 4871 913 4942 ejus
942 4868 991 4942 (Ι
1024 4868 1183 4923 Joan.
1218 4868 1300 4937 ιι).
1357 4867 1431 4920 De
1469 4881 1575 4941 quo
1615 4873 1669 4919 et
1708 4863 1899 4919 Petrus
1934 4866 2000 4919 ad

418 4962 703 5019 credentes
747 4963 879 5020 dicit
919 4980 930 5015 :
991 4961 1088 5019 [οδ
1138 4972 1313 5013 autent
1361 4958 1485 5013 eatis
1529 4974 1690 5027 genus
1742 4956 2000 5024 electum,

420 5054 594 5126 regale
622 5055 1001 5125 sacerdotium,
1036 5069 1160 5123 gens
1195 5059 1407 5123 sancta,
1447 5047 1671 5120 populus
1700 5047 2007 5123 acquisitio-

420 5154 527 5219 nis,
572 5161 627 5207 ut
670 5151 881 5215 virtures
923 5147 1240 5223 annuntietis
1277 5145 1393 5218 ejus
1431 5146 1522 5218 qui
1560 5145 1624 5201 de
1664 5145 1887 5201 tenebris
1915 5161 2003 5200 vos

421 5242 624 5307 vocavit
667 5240 724 5305 in
764 5238 1073 5305 admirabile
1122 5236 1296 5295 lumen
1332 5253 1519 5302 suum,
1579 5236 1671 5306 qui
1717 5234 2004 5306 aliquando

422 5349 526 5389 non
558 5329 803 5403 populus,
850 5345 987 5389 nunc
1029 5337 1203 5401 autem
1239 5325 1461 5397 populus
1490 5324 1629 5391 Dei;
1676 5333 1725 5380 et
1767 5324 1856 5396 qui
1898 5340 2003 5379 non

422 5421 605 5479 swculi
658 5408 1118 5485 misericordiam,
1174 5433 1310 5479 nunc
1361 5426 1536 5473 autem
1586 5415 2005 5471 misericordiam

418 5516 686 5573 consecuti
715 5512 800 5587 (ll
836 5511 976 5567 Petr.
1005 5510 1088 5581 ιι).
1151 5509 1286 5564 Hinc
1332 5517 1388 5564 et
1434 5506 1634 5562 Paulus
1676 5507 1743 5561 ad
1786 5504 2003 5561 eosdem

422 5608 540 5663 ait:
573 5606 754 5661 Eratis
785 5603 922 5660 enim
950 5601 1234 5672 aliquando
1261 5600 1505 5663 tenebrw,
1545 5613 1681 5651 nunc
1712 5606 1885 5650 autem
1915 5593 2007 5648 tua:

427 5703 485 5758 in
514 5700 756 5761 Domino,
785 5706 841 5750 ut
864 5695 964 5762 lilii
993 5694 1124 5747 lucis
1152 5690 1417 5745 ambulate
1445 5689 1661 5761 (Ephes.
1690 5686 1762 5747 v).

2100 4593 2466 4666 promittebant
2504 4593 2736 4656 timores,
2777 4604 2998 4645 terrores
3032 4600 3083 4645 et
3117 4591 3567 4659 perturbationes,
3605 4607 3695 4645 es:-

2100 4684 2290 4756 pellere
2330 4700 2385 4739 se
2427 4683 2491 4737 ab
2535 4684 2715 4737 animo
2753 4682 3051 4753 languente,
3097 4683 3151 4737 hi
3188 4700 3305 4737 cum
3331 4682 3516 4741 derisu
3552 4683 3695 4755 pleni

2101 4777 2285 4830 timore
2323 4774 2659 4843 languebant.
2710 4772 2847 4826 Nam
2889 4773 2986 4826 etsi
3024 4772 3155 4827 nihil
3188 4772 3307 4827 illos
3339 4790 3408 4827 ea:
3442 4777 3693 4828 monstris

2106 4862 2463 4936 perturbabat,
2513 4864 2736 4916 transitu
2777 4862 3086 4917 nrttmalium
3127 4872 3173 4915 et
3214 4864 3543 4930 serpentium
3567 4864 3689 4918 sibi-

2107 4953 2305 5008 latione
2328 4953 2589 5015 commoti,
2615 4950 2939 5007 tremebundi
2971 4952 3232 5021 peribant.
3273 4952 3525 5019 Qualiter
3547 4955 3692 5025 magi

2107 5043 2162 5099 in
2205 5041 2442 5115 lEgypto
2484 5042 2798 5099 resisterent
2839 5040 3007 5112 Moysi
3046 5041 3339 5106 facientes.
3382 5043 3525 5100 falsa
3568 5060 3696 5114 pro.

2106 5135 2251 5207 digia
2285 5151 2383 5205 per
2403 5134 2796 5195 incantationes
2821 5133 3060 5205 magicas
3084 5133 3407 5189 seducentes
3429 5135 3692 5204 papulum

2107 5231 2244 5291 liber
2277 5229 2446 5287 Exodi
2494 5228 2757 5293 meminit,
2800 5227 2894 5284 sed
2937 5226 3154 5283 tandem
3189 5238 3311 5283 cum
3347 5240 3407 5282 se
3442 5226 3694 5282 viderem

2107 5330 2390 5392 superatos
2428 5319 2631 5377 virtute
2671 5317 2989 5388 signorum,
3049 5331 3170 5386 qua:
3221 5331 3320 5386 per
3368 5314 3590 5387 Moysen
3637 5326 3695 5371 et

2104 5414 2286 5473 Aaron
2330 5412 2589 5468 divinitus
2624 5410 2856 5474 ﬁebant,
2896 5408 3071 5467 coacti
3113 5407 3422 5463 fatebantur
3460 5407 3691 5478 digitum

2105 5517 2227 5565 esse
2271 5502 2401 5568 Dei,
2442 5501 2535 5571 qui
2577 5501 2695 5557 haec
2733 5498 2998 5572 magnalia
3039 5498 3261 5570 gerebat
3307 5497 3505 5568 (Exod.
3548 5512 3618 5550 vn
3625 5504 3647 5567 )
3674 5534 3691 5559 ,

2109 5593 2317 5663 ipsique
2356 5592 2448 5663 qui
2502 5590 2663 5660 paulo
2709 5599 2834 5647 ante
2892 5590 3133 5646 medicos
3169 5590 3415 5644 omnium
3459 5588 3683 5658 aegritu-

2110 5683 2294 5737 dinum
2333 5700 2392 5738 se
2435 5696 2553 5736 esse
2592 5681 2947 5745 plaudebant.
2984 5681 3038 5735 in
3079 5681 3310 5736 adventu
3354 5678 3687 5751 serpentium
