3928 6182
934 358 943 367 λ
986 336 1341 413 COMMENT.
1379 342 1445 409 ut
1484 344 1755 407 manu
1784 344 2190 407 SAPlENTlAE.
2221 380 2290 390 -
2315 348 2442 405 ue.
2484 332 2569 405 ut.

3318 316 3424 409 7st

166 503 220 549 et
253 497 577 547 czeterorum
617 485 928 542 animalium
965 485 1058 554 qui
1094 500 1190 542 eos
1232 482 1557 555 amigebant,
1585 480 1745 537 simili
1774 489 1829 543 Α·
1852 480 2139 551 vigilantes
2193 492 2401 539 terrore
2451 483 2622 540 nimio
2667 484 3082 549 cruciabantur;
3134 500 3232 543 nec
3276 488 3416 548 enim

166 599 286 639 cum
331 579 544 636 caeteris
583 593 780 650 pavore
823 577 1068 649 percussi
1108 575 1457 641 laborabant;
1500 582 1556 629 et
1589 574 1667 628 sic
1690 580 1745 628 et

165 688 307 731 nunc
352 670 687 742 temporibus
735 669 925 741 gratiae
947 709 962 735 ,
1028 683 1217 724 omnes
1276 668 1367 738 qui
1430 662 1745 739 religionem

164 764 532 820 Christianam
556 760 824 826 derident,
853 760 943 831 qui
983 760 1037 814 in
1087 760 1200 815 suis
1248 775 1307 816 se
1346 759 1553 814 artibus
1583 758 1746 830 jacti-

163 861 314 921 tant,
358 854 463 909 hoc
503 861 621 918 est,
664 851 941 923 gentilium
980 850 1146 906 divini
1189 850 1253 907 et'
1286 850 1599 922 aruspices,
1644 865 1746 905 nec

162 958 272 1001 non
309 950 368 999 et
403 942 460 997 hi
495 941 588 1013 qui
627 942 696 997 ab
733 940 987 996 Ecclesiae
1027 940 1234 994 unitate
1277 955 1376 1009 per
1414 938 1742 1009 apostasiam

163 1040 549 1109 recesserunt,
604 1040 665 1089 ut
706 1033 957 1089 haeretici
990 1040 1154 1102 atque
1197 1031 1529 1088 schistnatici
1555 1071 1570 1097 ,
1618 1030 1748 1085 licet

162 1111 399 1184 victores
441 1129 571 1182 esse
609 1142 668 1182 se
712 1125 995 1193 simulent,
1041 1125 1281 1197 potentia
1327 1132 1507 1180 tamen
1541 1123 1744 1180 Christi

161 1218 435 1274 veraciter
471 1218 779 1282 vincuntur,
826 1227 884 1273 et
932 1228 1241 1290 serpentem
1288 1219 1571 1288 antiquum
1619 1235 1744 1274 cum

162 1310 490 1366 satellitibus
533 1311 646 1366 suis
684 1311 1039 1367 saevissimum
1086 1312 1141 1367 in
1186 1319 1429 1368 extremo
1471 1313 1745 1384 patientur

164 1403 446 1459 inimicum

234 1493 513 1547 Et'aerem
541 1494 693 1564 quem
723 1492 871 1547 nulla
902 1494 1104 1548 ratione
1140 1498 1255 1566 quis
1289 1495 1516 1566 eﬁ'ugere
1548 1505 1742 1566 posset,

164 1593 411 1657 negantes
465 1601 521 1639 se
577 1585 771 1639 videre.
836 1576 1160 1655 Frequenter
1196 1586 1334 1641 enim
1374 1586 1744 1658 praioccupant

163 1672 391 1742 pessima
421 1674 761 1745 redarguente
787 1675 1125 1741 conscientia,
1149 1694 1267 1730 cum
1299 1678 1367 1732 sit
1392 1677 1529 1733 enim
1557 1678 1742 1733 timida

163 1763 418 1834 nequitia,
462 1763 552 1817 dat
591 1763 942 1820 testimonium
982 1764 1346 1821 condemnata.
1394 1767 1449 1822 ln
1490 1782 1555 1824 eo
1596 1768 1741 1823 enim

1847 571 2015 628 libera
2055 573 2135 629 eis
2171 573 2371 629 alicubi
2411 574 2700 630 secedendi
2740 574 2971 631 dabatur
3007 575 3273 643 facultas,
3325 580 3426 638 sed

1844 661 1962 718 sine
1986 666 2264 734 compede,
2290 673 2382 720 aut
2411 673 2601 720 catena
2624 660 2803 721 ferrea
2828 676 3050 722 carcere
3073 670 3427 727 tenebrarum

1842 754 2062 810 {derunt
2092 754 2351 811 conclusi.
2396 752 2551 812 Unde
2583 756 2845 826 scriptum
2875 750 2958 813 est
2984 775 2998 813 ε
3027 754 3215 813 Tribus
3240 759 3442 817 diebus-

1844 862 1993 902 nemo
2036 846 2163 902 uidit
2204 846 2424 916 fratrem
2464 858 2641 914 suurn,
2689 855 2783 903 nec
2824 856 2979 905 movit
3019 856 3074 905 s‘e
3107 850 3171 905 de
3208 866 3268 906 eo
3306 851 3439 907 loco-

1841 939 1897 993 in
1923 954 2025 1010 quo
2052 947 2163 992 erat
2189 937 2388 1010 (Exod.
2418 936 2497 1010 ι).

1914 1029 1976 1085 Si
2012 1029 2149 1083 enim
2189 1030 2415 1084 rusticus
2455 1029 2574 1099 quis
2617 1037 2752 1095 erat,
2799 1036 2891 1083 aut
2929 1038 3129 1100 pastor,
3174 1036 3268 1085 aut
3309 1029 3451 1101 agris

1842 1119 2083 1175 laborum
2124 1120 2393 1189 operarius
2436 1128 2828 1191 prwoccupatus
2872 1128 3022 1186 esset,
3048 1120 3427 1192 ineﬁ'ugibilem

1841 1211 2130 1266 sustinebat
2153 1211 2527 1266 necessitatem.
2554 1209 2673 1265 Una
2706 1212 2842 1265 enim
2875 1214 3060 1266 catena
3092 1211 3434 1267 tenebrarum

1842 1320 2020 1359 omnes
2043 1312 2191 1359 erant
2213 1303 2464 1375 colligati.
2506 1302 2626 1360 Sive
2654 1304 2869 1376 spiritus
2900 1304 3139 1372 sibilans,
3169 1315 3260 1361 aut
3288 1307 3446 1361 inter-

1842 1397 2035 1468 spissas
2076 1395 2323 1451 arborum
2365 1412 2555 1451 ramos'
2583 1396 2756 1451 avium
2794 1412 2954 1452 sonus
2992 1397 3190 1463 suavis,
3233 1406 3325 1452 aut
3350 1396 3441 1451 vis:

1841 1494 1995 1555 aqua:
2033 1476 2354 1539 decurrentis
2395 1484 2636 1550 nimium,
2678 1494 2768 1538 aut
2804 1499 2963 1539 sonus
2998 1484 3210 1539 validus
3240 1485 3439 1556 pra'ci.

1841 1574 2129 1646 pilatorum
2152 1583 2442 1645 petrarum,
2466 1582 2559 1627 aut
2589 1572 2879 1627 ludentium
2901 1566 3210 1627 animalium
3239 1587 3427 1627 cursus

1841 1667 2061 1734 invisus,
2110 1675 2200 1721 aut
2240 1662 2585 1737 mugientium
2627 1664 2804 1720 valida
2846 1664 3125 1720 bestiarum
3167 1671 3288 1731 vox,
3334 1674 3439 1719 aut”

1844 1771 2096 1814 resonans
2126 1759 2191 1813 de
2222 1756 2501 1813 altissimis
2530 1756 2793 1813 montibus
2825 1758 2950 1811 echo
2972 1773 2991 1811 :
3025 1756 3322 1826 deﬁcientes
3349 1757 3430 1827 fa-

164 1855 311 1926 qitod
350 1854 474 1912 dicit
502 1850 643 1912 ‘mos
686 1856 899 1927 iniquos
944 1868 1171 1927 negasse
1210 1872 1268 1914 se
1307 1857 1489 1914 videre
1530 1874 1735 1923 εει-ειη,
1769 1840 1812 1898 Β
1838 1834 2041 1901 ciebant
2073 1846 2191 1901 illos
2223 1863 2333 1917 pra:
2365 1846 2568 1899 timore.
2598 1844 2846 1915 Undique
2875 1845 3017 1927 enim
3048 1844 3233 1899 miseri
3262 1852 3425 1915 pmna'

164 1947 319 2017 cujus
363 1945 704 2017 praesentiam
749 1962 909 2001 omne
956 1946 1155 2003 animal
1197 1948 1383 2003 vivens
1431 1955 1486 2004 et
1527 1949 1741 2020 spirans

162 2033 461 2105 aliquando
495 2048 603 2089 non
642 2040 819 2105 potest
863 2035 1123 2100 devitarc,
1163 2035 1500 2092 nimietatem
1530 2038 1741 2095 timoris

163 2125 442 2196 exprimit,
469 2138 626 2195 quem
661 2132 882 2195 propter
910 2126 1311 2196 oppressionem
1345 2128 1741 2184 imminentium

163 2224 453 2287 poenarum
495 2216 637 2272 malo
680 2220 779 2272 suo
821 2216 1177 2289 redarguente
1218 2220 1600 2275 conscientiam
1648 2236 1735 2291 pa-

167 2306 318 2365 titur.
347 2307 481 2365 Cum
512 2309 583 2365 sit
604 2314 785 2365 antem"
813 2310 995 2364 timida
1022 2326 1235 2381 semper
1260 2313 1498 2383 nequitia
1525 2310 1741 2383 pavoris

166 2402 247 2457 sui
274 2403 367 2458 dat
392 2402 608 2458 initium
635 2404 911 2473 suppliciis
930 2400 1314 2459 condemnata.

237 2488 457 2563 Semper
487 2493 631 2548 enim‘
655 2495 923 2565 prtesuntit
956 2509 1093 2549 sazua
1126 2495 1426 2566 perturbata
1475 2497 1742 2551 conscien-

166 2581 261 2638 tia.
310 2578 464 2639 Nihil
503 2586 648 2639 enim
683 2593 759 2640 est
794 2586 961 2639 timor
988 2584 1088 2640 nisi
1128 2586 1555 2657 pra’sumption‘is‘
1586 2582 1740 2657 adju—

166 2658 380 2738 torium,
418 2673 646 2744 proditio
679 2675 1007 2745 cogitationis
1043 2674 1400 2741 auxiliorum;
1439 2684 1488 2729 et
1518 2678 1651 2730 dum'
1676 2675 1739 2729 ab

166 2763 309 2817 intra
328 2764 505 2817 minor
535 2773 609 2818 est
639 2766 971 2834 exspectatio,
1010 2765 1262 2835 majorem
1292 2776 1441 2835 putat
1473 2768 1738 2822 conscien-

166 2854 295 2907 tiam
327 2852 669 2924 ejus-causae,
691 2854 755 2908 de
775 2869 880 2924 qua
913 2864 1224 2909 tormentum
1256 2863 1470 2925 prtestat
1500 2871 1742 2927 augmen-

165 2957 296 2999 tum.
365 2943 593 3014 Semper
630 2943 772 2999 enim
816 2944 1028 3000 turbida
1052 2986 1066 3010 ,
1135 2953 1190 3001 et
1231 2959 1362 3016 quae
1395 2947 1738 3005 serenitatem

165 3032 577 3107 tranquillitatis
630 3034 684 3090 in
727 3051 787 3091 se
830 3051 944 3092 non
977 3033 1140 3091 habet
1181 3037 1511 3093 conscientia
1535 3078 1550 3104 ,
1599 3052 1739 3109 prae-

162 3136 483 3197 sumptuose
521 3142 581 3182 se
618 3126 822 3194 elevat,
865 3127 962 3183 sed
999 3128 1195 3183 timore
1238 3128 1353 3198 ipsa
1394 3130 1741 3200 praesumptio

163 3217 565 3287 comprimitur.
627 3216 782 3274 Unde
825 3218 1024 3274 dicitur
1064 3218 1225 3274 timor
1263 3216 1380 3287 ejus
1419 3216 1540 3275 esse
1584 3218 1738 3290 adju-
1768 3202 1813 3264 (ἶ

166 3309 400 3371 torium,
451 3308 556 3363 hoc
591 3316 708 3371 est.
753 3306 1225 3364 medicamentum.
1278 3309 1380 3376 Qui
1416 3312 1579 3365 etiam
1618 3327 1744 3382 pro-

162 3400 248 3454 dit
301 3398 689 3455 inlirmitatem-
731 3399 931 3455 mentis
974 3398 1371 3470 superbientis,
1436 3416 1558 3472 quae
1605 3419 1741 3458 vana

163 3507 266 3563 spe
306 3490 632 3545 auxiliorum
672 3491 1016 3562 semetipsam
1054 3492 1343 3563 cogitando
1375 3493 1740 3561 dementabat,

162 3584 387 3654 quando
430 3584 484 3640 id
526 3597 588 3640 se
623 3596 787 3656 posse
827 3587 1118 3657 sperabat,
1161 3588 1305 3659 quod
1347 3589 1494 3644 nulla
1539 3591 1745 3647 ratione

160 3673 435 3744 perﬁcere
476 3683 726 3745 poterat,
793 3690 869 3731 ac‘
918 3677 1143 3747 proinde
1186 3677 1489 3749 dum'iejus‘
1515 3679 1747 3737 interius

162 3764 352 3819 minor
390 3770 513 3821 erat
550 3765 804 3822 valetudo
834 3781 1031 3823 earum'
1060 3781 1240 3823 rerum
1264 3783 1385 3840 quae
1407 3771 1747 3829 extrinsecus

160 3851 500 3921 patiebatur,
542 3852 802 3922 majorem
838 3856 1062 3926 putabat
1101 3870 1222 3913 esse
1258 3860 1572 3928 potentiam,
1601 3861 1748 3931 quod

159 3951 221 3999 et
279 3943 339 3999 in
393 3944 832 4014 persecutoribus
882 3944 1119 4001 ﬁdelium
1166 3946 1480 4017 frequenter
1521 3951 1745 4016 evenit;

155 4035 298 4100 quia
338 4050 466 4090 cum
510 4043 726 4105 propter
756 4036 1051 4092 caecitatem
1086 4039 1266 4094 cordis
1299 4040 1381 4095 sui
1411 4055 1471 4096 se
1498 4049 1749 4110 potentes

155 4141 291 4183 esse
330 4128 640 4193 aestimant,
698 4128 914 4198 quando
954 4139 1268 4186 sanctorum
1312 4146 1539 4202 corpora
1581 4135 1749 4192 variis

155 4215 461 4271 tormentis
500 4217 829 4281 excruciant,
856 4217 1113 4288 patientia
1156 4233 1341 4274 eorum
1374 4221 1503 4277 victi
1541 4237 1664 4279 cum
1696 4224 1751 4280 id

152 4319 222 4359 se
257 4304 482 4361 ellicere
520 4316 624 4361 non
657 4321 816 4377 posse
836 4308 1021 4364 vident
1051 4310 1193 4379 quod
1222 4311 1495 4381 volebant,
1522 4316 1752 4385 propriae

150 4394 371 4451 mentis
408 4397 658 4467 angustia
704 4398 956 4465 contriti,
995 4400 1208 4456 tandem
1258 4413 1556 4474 agnoscunt
1599 4421 1659 4461 se
1696 4406 1751 4461 id

150 4496 273 4543 nou
322 4500 446 4542 esse
485 4488 630 4558 quod
672 4497 797 4544 ante
837 4503 895 4544 se
936 4489 1054 4545 ﬁeri
1095 4492 1476 4562 aestimabant,
1529 4503 1586 4550 et
1630 4494 1749 4563 ejus

147 4583 439 4652 majorem
480 4580 846 4636 fortitudinem
888 4596 1009 4638 esse
1049 4585 1424 4654 perpendunt,
1468 4587 1561 4659 qui
1603 4588 1747 4643 mili-

146 4675 313 4728 tibus
347 4672 465 4727 suis
496 4672 833 4743 patientiam,
870 4686 1059 4745 prunas
1094 4675 1359 4732 tolerandi
1401 4686 1456 4733 et
1494 4679 1747 4735 virtutem

143 4763 363 4819 hostes
400 4774 530 4815 suos
567 4762 857 4831 superandi
894 4762 1181 4820 tribuebat.

227 4851 336 4905 Illi
381 4859 559 4905 autem
596 4854 685 4923 qui
726 4853 1053 4923 impotentem
1091 4872 1207 4911 vere
1237 4867 1458 4924 noctem,
1494 4869 1542 4915 et
1574 4861 1637 4915 ab
1672 4862 1752 4916 in-

136 4945 328 5017 ﬁmis,
356 4954 409 4998 et
439 4944 504 4997 ab
526 4944 792 5001 altissimis
824 4947 1011 5016 inferis
1029 4950 1489 5020 supervenientem,
1513 4955 1751 5008 eumdem

134 5050 420 5092 sortem
445 5034 778 5102 donnientes,
817 5036 1101 5107 aliquando
1140 5050 1491 5095 monstron
1519 5044 1754 5113 exagita-

134 5130 371 5185 bantur
413 5126 631 5192 timore,
673 5126 956 5198 aliquando
993 5130 1185 5184 anintaz
1224 5130 1529 5199 deﬁciebant
1563 5134 1750 5189 tradu-

131 5221 334 5275 ctione
384 5231 406 5271 :
466 5215 783 5271 subitaneus
813 5218 950 5272 enim
1001 5218 1128 5272 illis
1160 5231 1208 5273 et
1262 5221 1556 5291 insperatus
1598 5224 1754 5278 timor

126 5316 568 5384 supervenerat;
609 5306 808 5363 Deinde
837 5308 885 5364 si
913 5311 1191 5381 quisquam
1219 5327 1284 5364 ea:
1316 5311 1422 5366 illis
1453 5313 1752 5381 decidisset,

70 5460 76 5478 λ
127 5398 575 5458 custodiebatur
614 5398 672 5453 in
713 5416 955 5465 carcere,
1005 5402 1117 5456 sine
1157 5402 1297 5469 ferro
1337 5404 1588 5459 reclusus.
1640 5406 1755 5461 lloc

127 5494 284 5551 dicit
321 5502 469 5546 cum
502 5488 556 5543 in
582 5486 816 5561 Egypto
849 5490 1035 5546 hostes
1069 5492 1249 5561 populi
1285 5493 1380 5548 Dei
1418 5494 1642 5549 horrore
1680 5504 1757 5550 te-

128 5583 322 5638 tnebra
332 5590 475 5633 rum
511 5576 826 5633 circumdati
850 5582 1201 5651 erant,un
1225 5598 1326 5637 nec
1348 5583 1629 5654 vigilantes
1655 5602 1757 5644 nec

126 5673 535 5731 dormientes“
561 5669 797 5741 aliquam
839 5672 1083 5741 quietem.
1121 5673 1401 5728 haberent.
1457 5674 1561 5729 Aut
1610 5676 1753 5731 enim

129 5763 515 5817 dormientes
553 5762 751 5816 horren
762 5762 839 5816 v’is
865 5780 882 5808 κ
899 5763 1157 5818 isionihus
1198 5765 1612 5833 exagitabantur
1629 5805 1641 5830 ,
1661 5776 1751 5820 aut

1843 1937 2353 2009 constringebantur
2375 1976 2390 2003 ,
2441 1935 2574 2005 quia
2609 1924 2884 2006 quidQuid
2917 1937 2984 1990 de
3032 1928 3166 1991 sono
3204 1934 3429 1990 auribus

1841 2027 2228 2099 percipiebant,
2262 2027 2363 2084 vel‘
2386 2041 2546 2083 sensu
2590 2027 2770 2097 aliqua
2809 2027 3135 2094 sentiebant,
3159 2033 3331 2082 totum
3359 2026 3430 2081 ad

1841 2119 2137 2189 perniciem
2179 2125 2351 2174 suam”
2375 2117 2656 2173 intendere
2696 2117 3081 2175 formidabant.

1913 2208 2097 2265 Omnis
2120 2211 2259 2265 enim
2284 2210 2422 2264 orbis
2461 2218 2733 2263 terrarum
2769 2210 2986 2281 limpido
3025 2210 3433 2266 illuminabatur

1841 2302 2059 2365 lumine,
2089 2310 2139 2356 et
2168 2318 2272 2357 non
2307 2302 2584 2372 impeditis
2603 2303 2842 2371 operibus
2866 2303 3244 2359 continebatur.
3283 2304 3428 2360 Solis

1841 2390 2013 2446 autent
2042 2391 2149 2447 illis
2175 2394 2501 2465 superposita
2530 2403 2660 2452 erat
2687 2397 2860 2465 gravis
2904 2413 3038 2461 nox,
3077 2399 3252 2469 imago
3280 2408 3429 2453 tene—

1841 2484 2076 2548 brarum,
2125 2483 2215 2555 qui
2259 2493 2633 2556 superuentura
2678 2487 2783 2542 illis
2834 2497 2966 2541 erat.
3005 2486 3118 2557 Ipsi
3157 2504 3277 2558 ergo
3327 2487 3431 2542 sibi

1839 2584 1989 2630 erant
2017 2576 2279 2646 grai-iores
2310 2577 2553 2633 tenebris.
2611 2577 2725 2634 Soli
2750 2577 2894 2633 enim
2926 2579 3075 2650 impii
3114 2578 3167 2634 in
3190 2579 3431 2635 tenebris

1839 2676 2032 2734 erant;
2085 2668 2322 2724 cultores
2367 2680 2545 2725 autem
2582 2671 2683 2726 Dei
2717 2671 3023 2743 largis’simo
3060 2670 3431 2728 exuberaban‘t

1840 2760 2061 2815 lumine.
2098 2759 2251 2817 Unde
2279 2761 2352 2816 ita
2383 2760 2625 2832 legitur:
2674 2754 2984 2834 Ubicunque
3022 2773 3196 2818 autem
3224 2764 3431 2818 habita-

1841 2851 1967 2905 bant
2007 2851 2107 2920 ﬁlii
2128 2850 2299 2907 Israel
2328 2852 2532 2907 luxerat
2560 2844 2758 2925 (Exod.
2789 2853 2864 2925 ι).
2900 2852 3011 2909 Sed
3039 2858 3094 2909 et
3118 2855 3229 2910 hoc
3252 2854 3431 2909 censi-‘-

1842 2943 2137 2997 derandum
2184 2942 2328 3012 quod
2365 2943 2496 2999 dicit
2532 2962 2546 2999 :
2602 2944 2744 3000 Solis
2790 2944 2905 3000 illis
2943 2946 3289 3016 superposita
3315 2954 3435 3001 erat

1840 3026 2012 3104 gravis
2042 3049 2165 3099 nox,
2194 3034 2366 3105 imago
2400 3035 2729 3091 tenebrarum
2753 3052 2873 3106 qua:
2921 3042 3292 3107 superuentura
3314 3034 3431 3090 erat

1840 3124 1968 3189 illis,
1989 3125 2235 3196 quoniam
2256 3126 2356 3196 ipsi
2384 3128 2483 3181 sibi
2501 3136 2651 3183 erant
2688 3128 2950 3198 graviores
2971 3129 3212 3184 tenebrae.
3237 3118 3295 3183 Iit
3322 3144 3453 3200 (ιιιοκ

1844 3216 2063 3271 omnino
2091 3216 2491 3272 demonstratur
2513 3218 2655 3287 quod
2686 3218 2965 3289 graviores
3013 3219 3137 3275 sunt
3156 3220 3459 3291 spiritales:-

1846 3306 2101 3373 tenebrte,
2151 3319 2287 3377 quas
2335 3314 2489 3365 m‘ens
2530 3311 2735 3381 patitur
2780 3310 3147 3382 corporalibus
3193 3308 3447 3369 ténebris‘

1845 3414 1981 3470 quas
2008 3399 2196 3455 oculus
2221 3400 2488 3466 sustinet;
2516 3416 2583 3457 ex
2614 3402 2732 3458 isitis
2756 3404 2900 3459 enim
2924 3404 3180 3472 tenebris,
3208 3405 3312 3461 hoc
3326 3414 3433 3472 est,

1847 3490 2180 3548 inﬁdelitatis
2229 3498 2284 3548 et
2336 3496 2539 3549 erroris
2586 3503 2749 3566 atque
2798 3496 3086 3562 scelerum,
3111 3497 3429 3568 perducitur

1845 3584 2008 3639 homo
2037 3585 2105 3640 ad
2130 3585 2385 3640 tenebras
2408 3588 2726 3653 exteriores,
2759 3588 2851 3643 ubi
2879 3589 2984 3644 erit
3016 3584 3173 3645 ﬂetus
3201 3597 3255 3644 et
3299 3589 3428 3643 stri-

1846 3674 1945 3729 dor
1964 3674 2234 3742 dentium;
2258 3678 2392 3746 quas
2419 3676 2521 3732 illm
2546 3677 2775 3733 tenebrat
2789 3676 3163 3750 [Egyptiorum
3186 3691 3284 3747 per
3300 3676 3432 3748 ﬁgu-

1846 3779 1964 3819 ram
2019 3773 2428 3836 expresserant,
2481 3767 2733 3836 quoniam
2788 3767 2929 3822 sicut
2974 3768 3045 3823 ibi
3091 3781 3319 3837 corpora
3362 3767 3441 3821 ad

1845 3870 2005 3913 omne
2025 3870 2160 3926 opus
2177 3856 2377 3911 bonum
2403 3856 2611 3911 inutilia
2640 3857 2982 3921 tenebantur,
3017 3857 3092 3912 ita
3121 3865 3176 3911 et
3193 3857 3283 3912 hic
3311 3870 3435 3911 cor-

1846 3960 1977 4017 pora
2004 3946 2165 4001 simul
2202 3957 2259 4001 et
2282 3946 2475 4001 animat
2507 3947 2575 4001 ad
2599 3961 2758 4004 omne
2786 3961 2920 4016 Opus
2942 3947 3143 4001 bonum
3174 3945 3431 4001 inhabilia

1847 4049 2066 4093 carcere
2089 4042 2293 4092 aeterno
2322 4034 2697 4099 includuntur,
2725 4036 2978 4106 quoniam
3009 4051 3111 4091 nec
3132 4036 3269 4091 ratio
3287 4077 3302 4102 ,
3331 4053 3441 4093 nec

1848 4124 2018 4189 locus,
2049 4139 2150 4179 nec
2179 4132 2391 4195 tempus
2417 4135 2502 4180 est
2526 4125 2785 4196 operandi
2811 4126 2953 4196 apud
2983 4124 3206 4183 inferos.

2428 4246 2654 4303 CAPUT
2694 4239 2824 4302 ΧΝ

1848 4338 1928 4393 De
1951 4338 2146 4393 sanctis
2165 4378 2180 4403 ,
2213 4338 2353 4408 quod
2381 4338 2443 4408 in
2480 4339 2702 4393 tenebris
2730 4337 2979 4408 rEgypti,
3011 4334 3108 4391 hoc
3132 4347 3208 4393 est
3246 4338 3434 4393 mundi

2058 4407 2346 4472 erroribus,
2368 4407 2563 4463 lumine
2592 4409 2767 4462 divino
2788 4407 3215 4462 illustrabantur.

1921 4501 2071 4574 (CAP.
2107 4500 2284 4572 xvnt.)
2324 4499 2534 4580 Sanctis
2564 4510 2736 4555 autem
2770 4502 2874 4555 tuis
2902 4502 3135 4555 maxima
3165 4511 3278 4555 erat
3316 4500 3431 4565 lux,

1851 4604 1899 4649 et
1923 4594 2109 4647 horum
2134 4592 2341 4664 quidem
2373 4609 2550 4647 vocem
2590 4593 2900 4658 audiebant,
2939 4592 3040 4648 sed
3067 4594 3295 4664 ﬁguram
3327 4609 3433 4648 non

1854 4682 2111 4737 videbant.
2141 4681 2209 4737 Et
2236 4685 2361 4754 quia
2394 4698 2498 4737 non
2522 4691 2572 4738 et
2607 4683 2706 4753 ipsi
2733 4683 2912 4738 eadem
2941 4684 3084 4754 passi
3109 4696 3257 4739 erant
3275 4724 3288 4750 ,
3319 4698 3433 4736 mn-

1854 4773 2170 4843 qniﬁcabant
2199 4783 2280 4836 te;
2311 4783 2359 4828 et
2384 4774 2474 4845 qui
2510 4783 2629 4827 ante
2655 4772 2769 4827 laesi
2795 4783 2966 4838 erant,
2989 4774 3112 4843 quia
3147 4790 3251 4827 non
3276 4772 3435 4828 ld'de-

1857 4862 2068 4928 bantur,
2097 4862 2297 4932 gratias
2324 4861 2544 4932 agebant
2562 4879 2581 4925 ;
2601 4871 2649 4916 et
2670 4870 2726 4915 ut
2743 4871 2873 4915 esset
2896 4861 3212 4931 di/ferentia,
3237 4863 3435 4917 donum

1856 4956 2112 5026 petebant.
2144 4952 2367 5024 Propter
2393 4954 2530 5025 quod
2540 4954 2692 5024 ignis
2718 4954 2986 5008 ardentem
3015 4953 3310 5009 columnam
3335 4955 3435 5009 due

1854 5060 1964 5098 cent
1988 5042 2279 5097 habuerunt
2309 5044 2505 5113 ignota!
2534 5045 2657 5109 vita,
2693 5053 2740 5096 et
2768 5043 2928 5097 solent
2954 5044 3066 5098 sine
3096 5045 3286 5099 (wsura
3315 5044 3462 5103 boni.

1852 5134 2065 5204 hospitii
2102 5134 2412 5204 prwstitisti.
2459 5133 2674 5189 Sanctis
2716 5135 2860 5189 enim
2905 5135 3000 5191 Dei
3045 5136 3282 5191 maxima
3317 5146 3437 5192 erat

1855 5224 1942 5278 lux
1964 5265 1978 5289 ,
2004 5224 2294 5294 quamlo‘et
2319 5223 2451 5279 foris
2473 5226 2754 5294 corporali
2769 5224 2886 5279 lttce
2903 5266 2917 5289 ,
2953 5231 3009 5280 et
3034 5225 3186 5279 intus
3206 5226 3454 5295 spiritali

1853 5317 2054 5371 lumine
2082 5316 2517 5383 illustrabantur;
2541 5317 2673 5371 ﬁdes
2694 5318 2954 5372 enim‘D'ci
2976 5326 3031 5373 et
3062 5319 3271 5388 purit‘a‘s
3307 5322 3437 5372 con+

1859 5406 2244 5463 scientiae‘illos
2279 5407 2425 5462 intus
2450 5406 2821 5473 illuminabat,
2862 5415 3089 5478 quorum
3119 5422 3301 5463 vocem
3334 5407 3437 5460 ini-‘-

1862 5497 1986 5552 mici
2014 5497 2333 5564 audiebant,
2369 5498 2461 5554 sed
2493 5496 2719 5568 ﬁguram
2748 5514 2854 5552 non
2880 5498 3167 5561 videbant,
3196 5495 3323 5564 quia
3354 5504 3455 5549 tc-r

1860 5590 2041 5643 nehra:
2070 5590 2477 5661 obacCaverunt
2497 5590 2679 5645 oculus
2696 5605 2881 5645 eorum
2900 5629 2917 5655 ,
2937 5596 2994 5643 et
3014 5589 3140 5658 quia
3158 5586 3441 5658 plagarum

1864 5676 2155 5731 tentatione
2176 5691 2296 5746 quae
2322 5687 2747 5747 supervenerunt
2765 5675 3032 5747 Egyptiis
3053 5674 3157 5729 istl'
3174 5682 3280 5728 nou
3307 5678 3447 5742 per-

1862 5766 2222 5831 cutiebantur,
2252 5769 2345 5823 sed
2379 5767 2583 5824 caelesti
2612 5769 2803 5822 duc.:tu
2838 5780 2935 5834 per
2962 5763 3267 5819 columnam
3296 5764 3453 5833 igtuss
