3928 6182
428 329 539 387 735
1081 322 1142 380 Β.
1179 322 1435 380 RABANI
1471 319 1691 378 MAURI
1728 318 2050 377 ARCHIEP.
2092 318 2404 378 MOGUNT.
2435 317 2722 379 OPERUM
2761 321 2940 379 PARS
2964 323 3018 377 Δ1,
3604 326 3721 383 756

429 447 486 506 in
516 459 697 511 nocte,
724 453 780 504 et
803 459 899 515 per
927 442 1232 527 columnam
1261 440 1421 496 nubis
1452 440 1507 494 in
1537 439 1625 497 die
1652 437 2014 501 ducebantur,
2047 440 2095 500 Α
2122 434 2258 491 foris
2292 434 2362 489 ad
2404 423 2618 506 tempus
2654 434 2901 506 impediri
2940 434 3179 504 possint,
3220 449 3286 511 ne
3316 436 3523 499 cultum
3551 435 3717 492 Chri-

430 536 698 596 conditori
728 552 824 592 suo
849 534 1039 605 dignas
1065 534 1270 603 gratias
1300 532 1547 606 agebant.
1574 531 1740 603 Igitur
1758 530 2016 601 quoniam

429 631 607 701 sancti
646 637 830 700 patres
865 627 940 682 illi
982 627 1073 698 qui
1112 627 1211 683 sub
1237 625 1435 681 Vetere
1460 624 1809 688 Testamento
1858 623 2018 694 dege-

428 726 589 789 bant,
625 729 936 778 sanctorum
975 720 1207 790 qui.sub
1237 716 1385 773 Nova
1415 716 1764 775 Testamento
1800 714 2018 777 Christo

426 814 660 872 militant
685 824 869 886 typum
893 810 1280 884 praeferebant;
1308 810 1384 864 illi
1412 810 1465 864 in
1492 808 1726 880 Egypta
1754 808 2017 864 historico

427 906 528 964 sub
573 905 856 961 Pharaone
906 902 1089 958 amicti
1136 900 1495 963 laborabant,
1541 900 1676 954 istos
1711 898 2017 969 persecutio

425 1000 624 1056 diaboli
654 999 708 1054 in
747 998 947 1052 mundo
971 995 1242 1067 pressuris
1271 994 1490 1066 fatigat;
1520 1008 1645 1047 nam
1671 993 1757 1046 bis
1782 991 2017 1046 maxima

425 1093 517 1148 lux
546 1093 743 1169 micat,
788 1092 882 1162 qui
922 1091 1103 1146 lucem
1129 1105 1315 1145 veram
1345 1104 1466 1158 qua:
1496 1087 1764 1142 illuminat
1801 1101 2015 1142 omnem

426 1189 703 1243 hominem
728 1187 1034 1242 venientem
1069 1185 1124 1239 in
1155 1185 1301 1239 hunc
1338 1183 1598 1237 mundum
1638 1182 1693 1235 in
1725 1181 1905 1236 cordis
1936 1180 2018 1235 sui

427 1278 738 1334 habitacula
788 1277 975 1332 sedula
1031 1284 1263 1348 gestant.
1312 1275 1516 1331 Harum
1567 1275 1783 1344 quidem
1830 1288 2019 1328 vocem

427 1370 833 1443 prazdicatianis
866 1370 1070 1425 inimici
1112 1369 1369 1433 audiunt,
1398 1368 1490 1423 sed
1521 1367 1746 1438 ﬁguram
1776 1368 2022 1423 veritatis

428 1478 551 1531 quae
600 1463 654 1517 in
701 1463 783 1533 eis
828 1470 913 1516 est
962 1476 1069 1516 non
1122 1469 1450 1531 agnoscunt,
1500 1460 1621 1514 ideo
1668 1467 1723 1514 et
1765 1458 1874 1514 illis
1912 1474 2019 1513 non

434 1553 684 1608 credunt.
716 1552 826 1607 Hos
868 1562 923 1607 et
969 1552 1219 1607 columna
1248 1552 1388 1622 ignis
1410 1551 1463 1605 in
1494 1558 1669 1611 nocte,
1690 1558 1748 1605 et
1772 1550 2021 1605 columna

430 1645 592 1700 nubis
619 1645 672 1699 in
700 1645 789 1700 die
818 1645 988 1711 ducit,
1011 1645 1135 1713 quia
1167 1659 1262 1699 eos
1286 1643 1592 1698 incarnatia
1613 1642 1815 1699 Christi
1848 1643 1901 1697 in
1930 1644 2025 1698 ad-

428 1737 607 1791 versis
632 1744 688 1792 et
716 1736 995 1807 prosperis
1024 1734 1380 1805 pratectianis
1411 1718 1521 1789 sua:
1549 1733 1847 1789 munimine
1874 1747 2019 1788 sem-

432 1843 529 1898 per
554 1828 814 1883 custodit.

504 1920 665 1990 Digni
706 1919 917 1991 quidem
961 1919 1043 1975 illi
1080 1936 1258 1974 carere
1297 1919 1411 1973 luce
1438 1959 1453 1983 ,
1505 1928 1550 1973 et
1600 1920 1710 1990 pati
1761 1933 2022 1973 carcerem

433 2013 799 2078 tenebrarum;
826 2015 916 2084 qui
946 2012 1176 2067 inclusos
1205 2011 1565 2066 custodiebant
1592 2009 1732 2079 ﬁlios
1766 2019 1906 2074 tuos,
1932 2026 2024 2079 per

425 2120 562 2174 quos
605 2104 881 2174 incipiebat
924 2114 1226 2173 corruptum
1268 2101 1394 2173 legis
1434 2101 1610 2155 lumen
1649 2100 1843 2156 sa'culo
1880 2100 2019 2154 dari.

432 2193 565 2250 Cum
609 2197 897 2266 cogitarent
926 2195 1198 2265 justorum
1244 2193 1478 2248 occidere
1516 2192 1784 2262 infantes;
1823 2199 1872 2245 et
1914 2207 2022 2244 una

434 2289 668 2360 exposito
687 2288 802 2358 ﬁlio
826 2298 873 2342 et
895 2287 1136 2355 liberato,
1163 2289 1218 2343 in
1241 2286 1622 2342 traductionem
1649 2285 1860 2340 illorum
1885 2284 2023 2339 mul-

431 2380 706 2435 titudinem
737 2380 972 2450 ﬁliorum
1005 2380 1302 2446 abstulisti,
1337 2390 1386 2435 et
1413 2380 1609 2451 pariter
1642 2378 1761 2434 illos
1790 2378 2025 2449 perdidi-

432 2473 504 2524 sti
548 2472 602 2526 in
642 2489 779 2543 aqua
821 2471 1016 2526 valida.
1058 2470 1168 2525 Illa
1206 2473 1346 2525 enim
1389 2487 1496 2525 nos:
1536 2482 1658 2525 ante
1701 2470 1907 2542 cognita
1945 2477 2022 2524 est

432 2579 466 2614 a
498 2552 736 2633 patribus
765 2564 959 2618 nostris
979 2603 994 2629 ,
1018 2572 1073 2616 ut
1104 2579 1218 2631 vere
1255 2563 1473 2617 scientes
1498 2563 1684 2633 quibus
1701 2562 2021 2632 juramentis

434 2652 765 2708 crediderunt
795 2656 1198 2726 animaquiores
1234 2666 1421 2710 essent.
1468 2654 1660 2711 ﬁerito
1696 2654 1912 2726 Egypti
1944 2662 2023 2708 te-

433 2744 724 2799 nebrarum
756 2762 946 2815 pugnas
983 2748 1360 2814 sustinebant,
1391 2748 1483 2818 qui
1520 2748 1735 2805 invidiae
1773 2748 2021 2802 obscuri-

435 2842 551 2890 tate
584 2837 841 2892 excaecati
868 2838 1127 2910 populum
1160 2839 1255 2894 Dei
1295 2839 1383 2894 cui
1412 2839 1501 2894 lux
1531 2839 1727 2893 divinae
1750 2838 1885 2909 legis
1910 2846 2021 2892 tra-

433 2925 607 3001 denda
629 2935 767 2993 erat,
800 2928 854 2983 in
883 2944 1105 2985 carcere
1130 2945 1229 2986 suo
1259 2930 1498 2985 retinere
1523 2928 1794 2992 valebant,
1814 2937 1869 2983 et
1895 2944 2015 2983 cum

432 3011 667 3069 infantes
696 3014 909 3069 illarum
939 3032 1041 3071 nec
1068 3018 1283 3073 tradere
1316 3018 1700 3087 disponebant,
1741 3033 1848 3072 una
1878 3017 2014 3082 lilio,

2104 525 2312 594 ‘stianaf.
2338 523 2616 595 religionis
2643 524 2821 594 palam
2852 523 3147 589 celebrent,
3174 531 3355 579 tamen
3387 523 3537 581 nullo
3557 526 3722 581 modo

2119 614 2394 685 prohiberi
2420 624 2679 686 possunt,
2704 616 2833 686 quin
2862 616 2919 669 in
2948 615 3146 670 abditis
3175 616 3355 672 cordis
3393 617 3479 673 sui
3506 620 3721 675 sacriﬁ-

2120 706 2203 761 cia
2224 705 2409 760 divina
2428 707 2741 776 conspectui
2768 706 2929 777 digna
2958 706 3271 773 exhibeant,
3300 708 3430 778 quia
3454 718 3721 780 scriptum

2119 804 2205 850 est
2236 814 2249 851 :
2284 794 2622 866 Sacriﬁcium
2650 796 2758 850 Deo
2787 797 3003 867 spiritus
3029 796 3412 853 contribulatus
3432 841 3446 861 ,
3475 815 3569 852 cor
3595 818 3723 853 cono

2119 887 2301 941 tritum
2339 898 2387 941 et
2426 888 2761 942 humiliatum
2813 887 2953 942 Deus
3010 905 3114 943 non
3154 889 3351 958 spernit
3397 886 3584 960 (Psal.
3631 894 3719 961 ι).

2119 978 2188 1032 Et
2215 978 2343 1033 item
2375 977 2515 1033 idem
2544 976 2810 1047 Propheta
2844 978 2921 1032 ait
2949 998 2961 1031 :
2998 977 3063 1032 In
3098 995 3179 1031 me
3204 988 3327 1033 sunt
3346 1019 3362 1046 ,
3392 977 3566 1041 Deus,
3596 991 3721 1033 rota

2119 1079 2212 1124 tua
2236 1086 2354 1147 quae
2380 1069 2593 1123 reddam
2626 1069 2973 1149 laudationes,
2991 1070 3084 1124 tibi
3121 1069 3274 1140 (Psal
3321 1069 3433 1145 LV).
3466 1072 3603 1126 Vota
3625 1069 3719 1140 ju-

2120 1169 2329 1216 starum
2356 1161 2645 1231 placabilia
2673 1170 2801 1216 sunt
2822 1160 3053 1216 Domino
3079 1170 3134 1217 et
3161 1161 3398 1216 victima:
3426 1161 3719 1233 impiorum

2121 1258 2530 1313 abominabiles.

2194 1349 2491 1403 Resonabat
2532 1357 2705 1403 autem
2737 1350 3101 1403 inconveniens
3139 1349 3477 1403 inimicorum
3504 1365 3635 1412 vox,
3670 1359 3719 1402 et

2121 1441 2308 1512 ﬂebilis
2331 1439 2648 1494 audiebatur
2665 1438 2907 1511 planctus
2936 1440 3263 1510 ploratorum
3290 1440 3603 1509 infantium.
3630 1438 3719 1494 Si-

2123 1531 2235 1585 mili
2268 1540 2440 1585 autem
2473 1547 2625 1602 paena
2658 1546 2835 1585 servus
2880 1547 2997 1584 cum
3035 1530 3247 1585 domino
3275 1529 3501 1602 amictus
3531 1526 3639 1595 est,
3669 1539 3720 1584 et

2122 1622 2390 1696 popularis
2430 1623 2583 1677 homo
2636 1624 2745 1694 regi
2786 1621 2982 1677 similia
3033 1639 3243 1694 passus.
3295 1620 3556 1677 Similiter
3597 1613 3729 1692 ergo.

2125 1732 2302 1769 omnes
2333 1708 2437 1770 uno
2466 1706 2674 1769 nomine
2702 1715 2908 1780 mortis,
2932 1724 3169 1769 mortuos
3189 1712 3449 1768 habebant
3478 1715 3722 1767 innume-

2050 1812 2097 1872 B
2126 1807 2336 1862 rabiles.
2383 1806 2494 1861 Nec
2527 1807 2666 1860 enim
2704 1805 2773 1859 ad
2810 1805 3163 1876 sepeliendum
3200 1804 3301 1859 vivi
3332 1803 3662 1875 sufﬁciebant
3700 1819 3721 1855 :

2123 1898 2373 1969 quoniam
2397 1914 2500 1951 uno
2522 1905 2803 1961 momenta,
2829 1912 2947 1968 qua:
2966 1905 3077 1949 erat
3098 1894 3423 1966 prwclariar,
3444 1895 3593 1949 natio
3613 1895 3725 1950 illa-

2124 2005 2243 2041 rum
2270 1989 2618 2041 exterminata
2653 1997 2750 2041 est.
2782 1974 2857 2039 De
2885 1986 3124 2040 omnibus
3153 1987 3291 2040 enim
3317 2003 3421 2040 non
3450 1986 3721 2041 credentes

2121 2086 2333 2148 propter
2353 2077 2621 2147 veneﬁcia,
2647 2087 2769 2131 tunc
2798 2093 2918 2131 vero
2938 2078 3167 2148 primum
3190 2094 3307 2131 cum
3334 2077 3436 2148 fuit
3466 2078 3721 2132 extermi-

2124 2171 2265 2224 nium
2299 2171 2784 2242 primogenitorum,
2812 2171 3201 2241 spoponderunt
3228 2170 3481 2242 populum
3509 2170 3613 2227 Dei
3635 2189 3720 2227 es-

2122 2280 2195 2317 se.
2238 2262 2640 2318 Commemorat
2676 2262 2780 2318 hac
2826 2263 2971 2334 quod
3010 2262 3150 2318 liber
3192 2263 3369 2319 Exodi
3415 2273 3610 2320 narrat
3653 2265 3723 2322 de

2121 2347 2601 2427 primogenitorum
2629 2342 3030 2419 interfectiane,
3072 2353 3292 2424 quando
3318 2355 3589 2425 percussit
3616 2355 3725 2411 Do-

2121 2447 2300 2501 minus
2328 2446 2382 2500 in
2418 2446 2596 2502 noctis
2632 2447 2812 2502 medio
2848 2462 3011 2503 omne
3036 2448 3456 2519 primogenitum
3486 2449 3541 2504 in
3569 2459 3720 2506 terra

2122 2537 2371 2610 Egypti,
2395 2556 2428 2593 a
2454 2540 2797 2610 primogenita
2831 2538 3128 2594 Pharaonis
3153 2542 3242 2613 qui
3266 2542 3477 2597 sedebat
3504 2544 3561 2597 in
3584 2544 3723 2598 solio

2120 2646 2216 2684 suo
2261 2647 2422 2700 usque
2456 2630 2527 2684 ad
2555 2614 2955 2702 primogenitum
2979 2632 3196 2702 captiva:
3224 2649 3342 2704 qui:
3366 2642 3479 2688 erat
3507 2634 3562 2688 in
3593 2650 3717 2688 car-

2121 2736 2255 2787 cere,
2286 2732 2333 2777 et
2365 2740 2514 2777 omne
2544 2723 2946 2794 primogenitum
2966 2723 3329 2794 jumentorum
3361 2724 3559 2796 (Exod.
3588 2725 3714 2797 In).

2123 2812 2223 2869 Ubi
2247 2829 2353 2869 non
2378 2814 2518 2869 sicut
2538 2814 2690 2883 prius
2712 2814 2915 2869 exitum
2937 2814 3307 2871 Israelitarum
3330 2832 3391 2872 se
3410 2818 3720 2874 consentire

2121 2904 2564 2970 dissimulabant,
2592 2905 2684 2959 sed
2712 2904 2889 2975 palam
2922 2908 3218 2975 arguebant
3240 2907 3499 2979 populum
3528 2910 3625 2965 Dei
3653 2911 3719 2966 de

2118 3003 2264 3051 terra
2292 2995 2509 3067 Egypti
2546 2996 2697 3049 exire
2732 2995 2994 3050 velociter
3030 2997 3271 3053 dicentes
3316 3017 3329 3052 :
3372 2998 3565 3054 Omnes
3604 3017 3717 3055 mo-

430 3104 535 3160 hoc
574 3115 686 3170 est,
729 3106 939 3178 Moyse,
978 3109 1046 3162 ab
1085 3123 1239 3178 aqua:
1276 3108 1653 3165 interiectione
1691 3109 1785 3164 Dei
1812 3107 2017 3176 judicio
2056 3174 2084 3178 _
2118 3088 2337 3141 τίθτηην·
2750 3147 2754 3151 -
3110 3160 3113 3163 η

432 3198 620 3263 erepto
640 3194 929 3250 multitudo
950 3196 1381 3250 adversariorum
1402 3213 1499 3266 per
1519 3196 1635 3265 ejus
1657 3198 2015 3253 ministerium
2042 3174 2086 3236 Ο
2190 3199 2321 3255 Cum
2353 3202 2490 3256 enim
2527 3202 2760 3272 quietum
2799 3201 3065 3257 silentium
3095 3204 3383 3258 contineret
3423 3206 3634 3270 omnia,
3666 3217 3717 3261 et

433 3287 491 3339 in
516 3302 655 3357 aqua
683 3288 862 3342 valida
892 3288 1176 3344 submersa
1210 3299 1317 3355 est,
1345 3290 1418 3344 ita
1442 3298 1497 3345 et
1524 3306 1669 3345 nunc
1695 3292 1880 3346 hostes
1905 3292 2016 3361 spi-

432 3378 619 3434 ritales
647 3376 741 3448 qui
769 3388 969 3435 emtum
1001 3379 1235 3436 ﬁdelium
1267 3382 1534 3451 perimere
1560 3382 1875 3448 moliuntur,
1907 3382 2016 3437 cle»

434 3467 537 3523 ctis
568 3468 664 3522 Dei
692 3484 789 3539 per
824 3484 1022 3539 aquam
1060 3471 1407 3540 baptismatis
1446 3472 1515 3527 ab
1544 3472 1788 3528 hostibus
1821 3472 2018 3528 libera-

433 3558 526 3619 tis,
560 3559 659 3614 soli
688 3559 763 3614 illi
790 3575 914 3615 cum
954 3577 1081 3633 rege
1111 3577 1209 3619 suo
1245 3562 1460 3619 diabolo
1492 3564 1547 3618 in
1573 3563 1704 3633 ipsis
1743 3566 1896 3634 aquis
1921 3581 2020 3636 per

319 3722 333 3737 .
430 3650 632 3706 Christi
656 3654 957 3722 potentiam
990 3656 1386 3725 opprimuntur.
1419 3655 1584 3724 Cujus
1608 3659 1852 3728 mysterii
1879 3659 2018 3715 ratio

430 3751 487 3796 et
525 3743 725 3799 dudum
773 3755 859 3801 est
895 3747 1240 3817 antiquarum
1283 3749 1494 3804 actibus
1535 3749 1908 3821 prteﬁgurata,
1962 3760 2017 3806 et

430 3850 576 3889 nunc
601 3850 696 3905 per
718 3838 1005 3893 adventum
1033 3837 1233 3894 Christi
1266 3839 1560 3910 completa.

1033 3949 1261 4007 CAPUT
1296 3952 1413 4007 XV.

427 4035 506 4089 De
542 4048 943 4118 exterminatore
973 4040 1239 4118 ﬂigypli,
1282 4046 1373 4114 qui
1409 4061 1571 4099 ausus
1611 4061 1715 4100 non
1751 4045 1850 4115 [uit
1890 4050 2019 4118 agni

499 4110 754 4178 sanguine
773 4119 944 4180 postes
964 4109 1250 4166 Hebraicos
1276 4109 1602 4170 consecratos
1623 4109 1942 4187 contingere:

498 4195 751 4268 Suscepta
802 4210 876 4253 est
942 4210 1114 4254 autem
1163 4220 1194 4255 a
1256 4203 1446 4274 populo
1502 4215 1591 4259 tuo
1644 4207 1844 4261 sanitas
1898 4214 2016 4277 qui-

426 4290 543 4344 dem
563 4290 865 4359 justorum,
902 4293 1220 4362 injustarum
1258 4307 1430 4350 autem
1456 4300 1840 4353 exterminatio.
1869 4299 2014 4355 S'cut

425 4383 561 4438 enim
592 4382 775 4439 [resisti
811 4385 1171 4453 adversarios,
1212 4390 1289 4443 sic
1332 4407 1425 4444 nos
1459 4408 1747 4461 provocans
1774 4394 2015 4462 magni/i-

425 4479 576 4531 casti.
618 4476 880 4533 Absconse
923 4481 1060 4533 enim
1095 4481 1462 4551 sacriﬁcabant
1487 4482 1623 4552 justi
1665 4485 1814 4553 pueri
1855 4484 2013 4538 bono-

426 4586 563 4635 rum,
593 4579 641 4624 et
671 4570 895 4640 justitiw
932 4570 1095 4641 legem
1138 4572 1194 4625 in
1238 4572 1572 4627 concordiam
1608 4573 2007 4644 disposuerunt;

422 4659 665 4714 similiter
701 4660 837 4714 bona
875 4669 923 4714 et
963 4660 1105 4713 mala
1141 4670 1472 4730 percepturos
1499 4661 1673 4731 justas
1712 4665 1853 4733 patri
1892 4680 2007 4717 om-

424 4753 569 4806 nium
599 4753 710 4821 iam
751 4752 1088 4807 decantantes
1130 4752 1333 4806 laudes.
1373 4752 1451 4807 Eo
1486 4762 1729 4824 tempore
1768 4771 1877 4824 quo
1914 4749 2010 4826 po-

422 4845 580 4914 pulus
604 4844 703 4901 Dei
729 4859 825 4915 per
850 4843 1071 4916 Moysen
1101 4852 1157 4900 et
1178 4843 1359 4899 Aaron
1405 4844 1474 4900 de
1499 4844 1736 4917 IEgypta
1775 4848 2008 4903 educen-

422 4935 523 4990 dus
552 4944 703 5001 erat,
731 4936 846 5005 ipse
866 4937 1102 5030 populus
1137 4935 1315 4992 adhuc
1343 4937 1396 4991 in
1425 4936 1659 5011 IEgypto
1680 4940 2009 4995 constitutus

423 5024 635 5079 Domini
668 5025 825 5095 jussu
866 5024 1080 5096 pascha:
1107 5027 1383 5082 victimam
1421 5028 1763 5097 immolabat;
1802 5038 1857 5083 et
1882 5044 2005 5098 pro-

420 5127 611 5186 pterea
651 5117 784 5171 dicit
818 5133 913 5173 eos
953 5118 1217 5174 absconse
1258 5119 1631 5181 sacriﬁcasse,
1685 5121 1811 5189 quia
1858 5130 2003 5176 metu

420 5207 661 5266 hostium
688 5209 863 5263 territi
891 5209 945 5263 id
977 5209 1187 5265 occulte
1216 5210 1495 5280 gerebant,
1519 5210 1597 5264 uti
1625 5219 1682 5265 et
1709 5210 1881 5281 legem
1913 5226 2006 5281 pa-

418 5302 566 5356 scha:
605 5298 841 5371 qualiter
883 5299 1140 5369 deinceps
1178 5299 1441 5353 servanda
1486 5308 1632 5354 esset
1665 5314 1764 5370 per
1806 5298 2006 5369 Maysis

416 5394 720 5449 doctrinam
746 5391 1069 5456 didicerant,
1095 5390 1449 5446 tentatianem
1472 5389 1826 5460 repraborum
1857 5389 2000 5460 passi

416 5486 482 5540 ad
509 5494 745 5555 tempus,
779 5482 873 5538 sed
898 5481 967 5536 ab
994 5481 1228 5537 hostium
1270 5481 1520 5536 manibus
1553 5481 1734 5537 divina
1764 5496 1866 5551 ape
1891 5481 1999 5536 cita

412 5575 700 5630 liberandi.
736 5574 910 5639 Simili
952 5574 1112 5630 modo
1140 5581 1196 5627 et
1236 5588 1383 5627 nunc
1424 5573 1755 5643 temporibus
1787 5573 1996 5643 gratia}.

415 5667 557 5721 servi
588 5667 682 5722 Dei
713 5667 910 5737 quibus
946 5668 1070 5723 data
1108 5673 1191 5720 est
1232 5665 1315 5720 lex
1346 5664 1526 5719 divina
1564 5664 1616 5719 in
1654 5665 1996 5720 concordiam

415 5754 643 5812 duorum
686 5766 1162 5823 testamentorum,
1196 5758 1321 5812 licet
1358 5773 1387 5811 a
1420 5756 1860 5823 persecutoribus
1888 5757 2003 5811 suis

2118 3307 2225 3345 nox
2267 3292 2322 3345 in
2361 3309 2458 3346 suo
2496 3309 2653 3347 cursu
2698 3293 2928 3347 medium
2968 3294 3068 3347 iter
3103 3293 3348 3359 haberet,
3389 3297 3716 3365 amnipotens

2117 3397 2287 3434 sermo
2319 3390 2440 3435 tuus
2474 3382 2539 3435 de
2570 3381 2697 3436 cmlo
2723 3399 2756 3436 a
2788 3382 3048 3453 regalibus
3075 3382 3308 3447 sedibus,
3337 3384 3508 3438 durus
3538 3386 3712 3439 debel-

2118 3470 2255 3526 lator
2291 3473 2347 3526 in
2381 3473 2609 3528 mediam
2637 3474 2934 3528 exterminii
2970 3484 3170 3528 terram
3192 3474 3474 3545 prosilivit,
3503 3475 3713 3546 gladius

2118 3572 2305 3616 acutus
2331 3563 2694 3617 insimulatum
2724 3563 2997 3633 imperium
3024 3573 3175 3618 tuum
3203 3574 3424 3635 portans
3444 3606 3459 3629 ,
3490 3576 3541 3619 et
3568 3576 3712 3620 stans

2117 3653 2328 3725 replevit
2363 3656 2541 3709 omnia
2580 3664 2775 3721 morte,
2817 3664 2867 3709 et
2904 3672 3066 3727 usque
3096 3655 3166 3708 ad
3205 3654 3393 3710 caelum
3428 3657 3711 3728 attingebat

2115 3756 2261 3803 stans
2311 3749 2366 3803 in
2418 3758 2577 3804 terra.
2633 3748 2820 3805 Noctis
2868 3751 3046 3806 medio
3106 3751 3253 3807 dicit
3280 3753 3711 3823 omnipotentem

2117 3837 2284 3893 Deum
2314 3855 2618 3895 sermonem
2647 3842 2713 3896 de
2738 3841 2878 3896 coelo
2907 3857 2938 3895 a
2967 3842 3237 3911 regalibus
3265 3843 3490 3899 sedibus
3512 3846 3705 3898 durum

2115 3928 2496 3985 debellatorem
2526 3931 2579 3984 in
2608 3931 2840 3987 mediam
2867 3933 3180 3987 exterminii
3204 3942 3407 3989 terram
3435 3935 3701 4005 prosilire,

2115 4026 2169 4072 et
2199 4020 2389 4074 mortis
2406 4019 2673 4088 judicium
2700 4030 2953 4091 potenter
2979 4024 3033 4078 in
3060 4024 3241 4095 impiis
3269 4040 3548 4081 exercere.
3578 4024 3708 4092 Quis

2114 4120 2195 4165 est
2229 4111 2375 4166 enim
2415 4126 2597 4168 sermo
2638 4112 2879 4177 Domini,
2932 4115 3038 4170 nisi
3083 4115 3252 4171 Filius
3298 4117 3431 4171 Dei?
3486 4116 3556 4173 de
3601 4132 3711 4186 quo

2111 4200 2348 4256 Joannes
2388 4200 2464 4254 ait
2502 4216 2517 4254 :
2552 4200 2620 4256 In
2662 4202 2919 4273 principio
2944 4215 3057 4258 erat
3100 4204 3351 4272 Verbum,
3386 4215 3437 4261 et
3481 4205 3706 4261 Verbum

2111 4301 2221 4343 erat
2257 4290 2398 4361 apud
2430 4290 2597 4345 Deum
2616 4333 2629 4356 ,
2660 4301 2708 4345 et
2734 4291 2876 4346 Deus
2902 4302 3015 4347 erat
3046 4292 3271 4349 Verbum
3302 4293 3487 4367 (Joan.
3518 4296 3580 4367 I),
3608 4312 3708 4366 per

2114 4397 2273 4450 quem
2304 4382 2554 4437 universa
2583 4384 2726 4438 facta
2755 4393 2900 4450 sunt,
2935 4385 3029 4454 qui
3050 4396 3107 4440 et
3135 4386 3259 4440 alibi
3288 4387 3575 4442 brachium
3601 4388 3707 4442 Da-

2114 4472 2245 4526 mini
2284 4475 2617 4540 nominatur,
2658 4476 2874 4530 dicente
2917 4476 3055 4532 Isaia
3104 4495 3116 4530 :
3166 4476 3234 4531 Et
3279 4478 3553 4533 brachium
3600 4479 3703 4532 Do-

2114 4566 2243 4617 mini
2281 4565 2366 4618 cui
2393 4564 2674 4620 revelatum
2702 4568 2816 4621 est?
2841 4566 3000 4637 (Isai.
3031 4570 3175 4641 LIII.)
3213 4569 3358 4623 idem
3397 4579 3453 4625 et
3482 4570 3700 4625 dextera

2112 4655 2326 4712 Domini
2358 4666 2704 4729 nuncupatur
2727 4667 2948 4729 propter
2971 4658 3277 4714 eﬂ'ectivam
3305 4659 3502 4715 divina:
3529 4661 3699 4714 virtu-

2112 4748 2181 4802 tis
2208 4749 2524 4819 patentiam.
2548 4749 2933 4821 Intelligendus
2955 4759 3039 4806 est
3068 4764 3199 4819 ergo
3223 4766 3403 4806 sermo
3434 4750 3549 4819 ipse
3573 4759 3700 4804 tunc

2109 4853 2205 4906 per
2231 4838 2598 4909 evangelicum
2630 4840 2991 4896 ministerium
3015 4841 3277 4909 judicium
3304 4840 3485 4897 facere
3509 4842 3561 4896 in
3589 4841 3700 4911 pri-

2111 4930 2397 4999 magenitis
2426 4930 2802 5001 Egyptiorum
2824 4973 2840 4998 ,
2874 4933 2967 5003 qui
3009 4933 3351 5002 postmodum
3394 4932 3696 4988 sanctiﬁca-

2110 5019 2190 5074 bit
2208 5020 2309 5076 sibi
2333 5022 2721 5092 primagenitas
2738 5022 3129 5089 Israelitarum,
3146 5031 3200 5078 et
3222 5038 3366 5078 nunc
3383 5038 3485 5093 per
3504 5037 3691 5093 aquam

2111 5112 2195 5165 sui
2227 5112 2566 5182 baptismatis
2594 5113 2767 5169 salvat
2796 5113 3194 5169 multitudinem
3222 5114 3580 5179 credentium,
3604 5113 3690 5176 ubi

2112 5212 2167 5257 et
2210 5203 2482 5259 interfecit
2532 5205 2982 5261 innumerabilem
3027 5205 3328 5261 exercitum
3373 5206 3689 5276 spiritalium

2111 5296 2367 5351 hostium.
2414 5294 2770 5350 lnsimilatum
2815 5297 2959 5352 enim
3000 5297 3290 5367 imperium
3340 5297 3551 5352 Domini
3581 5296 3683 5368 gls-

2112 5388 2259 5443 dium
2284 5396 2501 5445 acutum
2528 5399 2775 5460 portasse
2803 5390 2964 5458 dicit;
2994 5392 3121 5462 quia
3155 5407 3335 5447 sermo
3365 5393 3577 5448 Domini
3607 5394 3683 5448 vi—

2106 5494 2206 5533 vus
2233 5487 2289 5534 et
2311 5477 2500 5533 ellicax
2534 5488 2590 5533 et
2626 5480 3016 5549 penetrabilior
3043 5481 3190 5535 omni
3232 5479 3413 5552 gladio
3448 5481 3679 5552 ancipiti.

2105 5568 2161 5623 ln
2199 5570 2429 5624 veritate
2476 5579 2529 5624 et
2569 5572 2686 5627 sine
2728 5570 2834 5625 ulla
2880 5566 3094 5627 ﬁctione
3129 5572 3335 5643 iudicat
3370 5582 3422 5628 et
3460 5572 3682 5643 disponit

2105 5664 2316 5728 omnia;
2354 5673 2504 5718 stans
2539 5664 2592 5718 in
2623 5673 2763 5719 terra
2793 5678 2964 5734 usque
2992 5664 3061 5719 ad
3081 5664 3250 5720 caelos
3275 5665 3493 5736 attingit
3521 5683 3534 5718 :
3561 5659 3678 5734 quia

2106 5753 2230 5808 licet
2260 5754 2568 5810 incarnatus
2599 5755 2740 5810 inter
2770 5757 3016 5812 homines
3050 5768 3464 5811 canversaretur
3496 5756 3547 5810 in
3573 5763 3677 5808 tct-
