3928 6182
184 347 289 404 75⁵1

1009 350 1360 407 COMMENT.
1399 352 1466 407 IN
1506 353 1763 410 LIBRUM
1806 354 2208 414 SAPIENTLIE.
2248 388 2315 398 —
2356 358 2481 413 LIB.
2524 359 2608 415 ιιι.

3356 369 3459 426 ’168

179 480 276 527 rs,
320 460 605 531 maiestate
647 471 824 516 tamen
861 477 957 516 sua
996 466 1328 520 transcendit
1367 466 1620 522 universa
1662 482 1771 521 cm-
1798 476 1846 533 Α
1875 468 2111 532 duobus,
2143 486 2263 538 qua:
2288 479 2433 526 tanta
2464 475 2668 539 virtus,
2699 480 2842 545 quod
2870 480 3154 547 meritum,
3183 498 3291 551 quo
3331 501 3456 541 sex-

179 556 364 611 lestia.

255 646 406 700 Tunc
437 647 687 700 continuo
717 646 858 700 visus
887 647 1209 700 somniorum
1238 647 1499 705 malorum
1525 650 1768 704 turbatis-

180 747 305 792 runt
336 736 476 801 illos,
503 746 552 791 et
575 738 787 791 timores
807 748 1209 807 supervenerunt
1233 739 1508 809 imperati.
1537 741 1605 794 Et
1632 741 1769 796 alius

178 831 311 884 alibi
352 830 619 900 projectus
662 829 931 885 semivivus
972 839 1183 898 propter
1225 846 1381 899 quam
1427 831 1768 896 moriebatur,

179 937 403 973 causam
432 919 820 973 demonstrabat
857 919 1059 973 mortis.
1104 918 1338 974 Visiones
1369 922 1530 987 enim,
1556 938 1673 991 qua:
1699 921 1768 975 il-

179 1013 259 1067 los
302 1013 677 1076 turbaverunt,
724 1011 836 1066 [nec
871 1011 1291 1081 prtemonebant,
1322 1029 1383 1065 ne
1422 1013 1574 1066 inscii
1609 1029 1771 1083 quare

178 1100 325 1155 mala
354 1102 687 1177 patiebantur
722 1102 982 1171 perirent.
1007 1100 1175 1157 Recte
1207 1101 1407 1156 dicitur
1442 1102 1586 1177 quod
1624 1104 1771 1157 visus

179 1193 522 1248 somniorum
548 1174 822 1246 malorum
863 1200 918 1246 et
952 1192 1173 1248 timores
1213 1193 1470 1262 insperati
1500 1174 1767 1249 'turhave‘

182 1282 291 1335 rint
339 1282 526 1336 hostes
570 1280 752 1352 populi
791 1281 916 1347 Dei,
965 1291 1025 1335 ut
1067 1297 1167 1337 nec
1213 1282 1554 1354 vigilantibus
1594 1300 1771 1354 neque

181 1374 579 1428 dormientibus
603 1374 815 1443 requies
837 1374 939 1427 ulla
968 1374 1188 1429 daretur
1206 1375 1297 1444 qui
1320 1385 1540 1445 prOpter
1563 1376 1769 1431 scelera

181 1478 277 1516 sua
308 1462 475 1517 futuri
504 1472 657 1517 erant
689 1463 757 1517 ad
791 1471 1059 1517 tormenta
1088 1474 1367 1533 perpetua.
1404 1464 1556 1531 Quod
1587 1475 1770 1521 autem

180 1556 311 1624 ipsa!
339 1555 513 1625 plaga:
539 1556 942 1623 praamonebant
979 1572 1099 1611 reos
1123 1565 1180 1609 ut
1208 1569 1563 1626 agnoscerent
1602 1574 1770 1628 quarc

178 1646 322 1699 mala
346 1654 682 1716 paterentur,
711 1661 778 1700 ne
801 1647 955 1701 inscii
990 1648 1252 1716 perirent,
1278 1650 1380 1703 hoc
1408 1650 1666 1705 bonitatis
1687 1660 1771 1705 est

179 1736 313 1803 Dei,
362 1737 456 1807 qui
496 1737 617 1791 ideo
656 1749 944 1806 peccantes
985 1739 1215 1811 castigat
1255 1750 1313 1795 ut
1354 1759 1383 1796 a
1427 1743 1665 1811 peccatis
1711 1759 1769 1800 se

1871 570 2030 616 centa
2058 563 2222 617 millia
2252 574 2308 619 et
2327 580 2394 620 eo
2423 568 2654 636 amplius
2679 568 2977 624 liberentur
3005 574 3075 629 ab
3104 573 3327 631 interitu
3362 593 3459 631 va-

1871 653 2126 731 statoris?
2163 655 2272 724 Ego
2300 657 2557 724 arbitror,
2589 662 2731 729 quod
2766 662 2816 716 in
2853 662 3033 734 Moyse
3059 664 3144 720 lex
3181 668 3457 737 signiﬁce-

1873 751 1980 806 tur,
2010 759 2131 812 quze
2152 746 2307 801 docet
2332 749 2577 805 homines
2599 753 2879 809 scientiam
2905 765 2961 810 et
2985 772 3225 815 amorem
3255 762 3374 817 Dei.
3399 762 3459 817 In

1869 831 2049 888 Aaron
2083 836 2416 905 supplicandi
2457 840 2623 895 Deum
2668 852 2722 896 et
2764 845 3083 905 obsecrandi
3118 866 3240 906 eum
3282 852 3457 910 forma

1870 925 2141 980 consistit.
2174 926 2229 982 Si
2265 943 2396 999 ergo
2434 932 2644 986 accidat
2680 934 2969 1004 aliquando
3001 940 3271 1012 indignari
3303 946 3459 1003 nobis

1869 1012 1955 1066 vel
1988 1014 2241 1071 universo
2269 1019 2465 1088 populo
2494 1020 2683 1087 Deum,
2709 1032 2764 1078 et
2787 1029 3052 1083 sententia
3083 1029 3307 1087 ultionis
3333 1050 3458 1105 pro-

1870 1104 2028 1160 cedat
2062 1122 2094 1160 a
2136 1107 2269 1173 Deo,
2299 1111 2484 1166 redeat
2516 1122 2695 1170 autem
2736 1116 2820 1172 lex
2853 1120 2943 1174 Dei
2980 1122 3035 1176 in
3065 1138 3160 1178 cor
3188 1104 3458 1191 nostrum,

1870 1211 2219 1255 commoneas
2253 1217 2352 1258 nos
2378 1211 2435 1257 et
2458 1205 2657 1261 docens
2686 1212 2928 1265 converti
2953 1214 3020 1269 ad
3055 1217 3455 1284 pmnitentiam.

1870 1286 2185 1343 satisfacere
2213 1306 2310 1359 pro
2335 1292 2564 1359 delictis,
2590 1297 2892 1365 supplicare
2919 1316 3018 1369 pro
3049 1303 3242 1374 culpis,
3273 1320 3455 1360 cessa-

1870 1375 1951 1429 bit
1979 1377 2236 1434 continuo
2261 1380 2536 1438 iracundia
2555 1422 2585 1447 ,.
2602 1384 2901 1456 indignatio
2924 1391 3301 1461 conquiescet,
3333 1408 3461 1461 pro«

1869 1468 2152 1538 pitiabitur
2183 1472 2477 1540 Dominus,
2506 1479 2660 1545 quasi
2705 1478 2889 1550 Moyse
2931 1490 2987 1536 et
3015 1482 3197 1538 Aaron
3228 1484 3462 1540 interce-

1870 1556 2123 1614 dentibus
2156 1575 2257 1629 pro
2283 1563 2467 1629 nobis,
2505 1574 2561 1620 ct
2599 1568 2857 1625 universo
2884 1572 3081 1641 populo
3108 1574 3466 1643 supplicanti-

1869 1645 1991 1701 bus.
2037 1646 2095 1703 Si
2148 1665 2278 1706 vero
2330 1653 2622 1724 aliquando
2663 1660 2874 1713 oriatur
2912 1661 3212 1734 indignatio
3258 1665 3351 1720 Dei
3405 1677 3465 1720 et

1870 1738 2053 1794 veniat
2078 1754 2180 1809 pro
2215 1745 2451 1812 peccatis
2480 1761 2621 1801 saeva
2655 1751 2956 1819 correptio,
2999 1768 3103 1807 non
3134 1755 3458 1811 indurentm-

174 1836 487 1894 coerceant,
501 1837 557 1882 et
579 1828 951 1897 penitentiam
976 1830 1041 1885 dc
1063 1830 1218 1885 malis
1246 1833 1537 1901 praeteritis
1565 1842 1762 1905 agant;
1794 1826 2051 1910 B_autem
2079 1833 2242 1888 corda
2268 1843 2455 1892 nostra
2487 1852 2555 1893 ne
2584 1850 2965 1897 convertamur
2994 1845 3058 1899 ad
3086 1846 3251 1900 Deum
3270 1888 3286 1910 ,
3322 1862 3455 1902 neve

176 1920 221 1975 si
251 1928 438 1975 autem
466 1922 933 1991 perseveraverint
956 1924 1009 1977 in
1040 1925 1183 1979 malo
1211 1933 1265 1980 et
1294 1926 1552 1996 patientia
1584 1928 1677 1982 Dei
1701 1930 1769 1984 ad

174 2020 529 2081 augmentum
557 2010 859 2068 facinorum
897 2028 1118 2068 suorum
1147 2014 1460 2081 abutuntur,
1496 2018 1643 2088 justo
1674 2017 1769 2074 Dei

170 2103 378 2173 judicio
416 2102 657 2158 damnati
691 2102 807 2158 sine
835 2104 1186 2159 excusatione
1227 2104 1280 2159 in
1320 2104 1501 2161 futuro
1533 2106 1766 2176 punian-

177 2206 287 2250 tur.

764 2284 992 2342 CAPUT
1032 2287 1169 2344 XVI.

177 2399 253 2454 De
281 2397 466 2473 κοιλίᾳ
490 2408 539 2453 et
570 2390 746 2473 Aaron
782 2410 962 2473 narrat
991 2401 1131 2471 quod
1166 2418 1269 2456 non
1299 2396 1485 2473 virt‘ute
1511 2404 1765 2473 corporis,

241 2471 334 2526 sed
368 2470 477 2538 [ide
513 2478 561 2524 et
598 2470 834 2524 oratione
867 2470 1158 2526 eduxerunt
1202 2470 1451 2542 populum
1490 2472 1554 2527 de
1596 2470 1766 2543 Αἰθυ-

240 2552 353 2612 pto.

246 2653 437 2725 Tetigit
462 2664 635 2709 autem
657 2664 778 2708 tunc
806 2664 853 2708 et
870 2656 1048 2725 justas
1079 2656 1294 2710 tentatio
1322 2658 1525 2720 mortis,
1550 2665 1598 2710 et
1625 2671 1765 2709 corn-

176 2750 332 2802 motio
371 2748 429 2802 in
462 2764 633 2802 eremo
670 2747 812 2817 facta
847 2759 921 2801 est
956 2748 1341 2813 multitudinis,
1384 2749 1476 2802 sed
1518 2765 1622 2803 non
1672 2749 1764 2801 diu

174 2842 460 2911 permansit
493 2841 548 2894 in
570 2841 651 2894 ira
679 2852 789 2895 tua.
822 2838 1118 2910 Properans
1145 2842 1281 2895 enim
1314 2842 1469 2894 homo
1499 2840 1610 2894 sine
1634 2857 1761 2912 que-

176 2931 281 2986 rela
323 2932 597 3002 deprecari
635 2948 728 3001 pro
768 2930 1003 3001 populis,
1048 2931 1316 3002 proferens
1357 2932 1619 2986 servitutis
1653 2949 1763 2986 sua:

173 3034 403 3089 scutum,
437 3025 727 3077 orationem
756 3033 804 3076 et
832 3041 924 3093 per
952 3025 1219 3079 incensum
1247 3023 1661 3094 deprecationem
1684 3025 1761 3078 al-

172 3113 371 3184 legans,
387 3114 574 3168 restitit
597 3113 711 3179 ira),
731 3122 777 3167 et
799 3112 958 3182 ﬁnem
979 3114 1221 3185 imposuit
1245 3114 1559 3179 necessitati,
1583 3124 1756 3168 osten-

1847 1905 2223 1978 °bumiliemur
2249 1924 2302 1980 in
2322 1937 2613 1998 conspectu
2639 1930 2778 2000 ejus,
2800 1942 2860 1987 ut
2888 1933 2940 1988 in
2968 1934 3307 1991 confessione
3331 1952 3452 2005 sup-

1870 2011 2220 2082 plicationum
2246 2026 2425 2075 motus
2443 2018 2560 2088 ejus
2577 2029 2633 2075 et
2655 2023 2985 2079 iracundiam
3011 2028 3338 2096 mitigemus,
3362 2030 3459 2083 Sed

1867 2121 1901 2163 e
1923 2110 2202 2165 contrario
2227 2111 2472 2169 dicamus
2503 2129 2518 2167 :
2546 2113 2660 2170 Non
2690 2126 2775 2172 est
2797 2117 2906 2173 Deo
2931 2134 3058 2174 cura
3082 2121 3148 2175 de
3176 2121 3282 2174 vita
3312 2137 3457 2176 mor-

1870 2198 2093 2266 talium,
2136 2215 2237 2257 nec
2268 2204 2543 2273 pertinent
2586 2207 2702 2262 haec
2740 2209 2809 2263 ad
2857 2209 3053 2275 Deum;
3104 2211 3318 2281 reliquit
3355 2229 3463 2267 nos.

1868 2289 1996 2344 olim
2017 2330 2032 2355 ,
2062 2307 2164 2347 nec
2198 2293 2268 2347 ad
2295 2294 2546 2350 notitiam
2576 2294 2691 2365 ejus
2726 2297 2827 2352 ista
2854 2300 3197 2368 perveniunt.
3230 2302 3288 2355 Si
3325 2302 3463 2357 talia

1868 2381 2170 2452 cogitemus
2190 2382 2245 2437 in
2274 2383 2529 2439 cordibus
2551 2386 2784 2449 nostris,
2816 2396 2871 2441 et
2901 2387 3018 2442 hac
3041 2387 3109 2443 de
3139 2402 3235 2443 ore
3266 2398 3456 2444 nostro

1869 2476 2196 2544 procedant,
2233 2486 2442 2533 certum
2474 2486 2559 2533 est
2587 2494 2696 2534 non
2723 2495 2843 2535 esse
2873 2480 2929 2535 in
2954 2481 3108 2536 nobis
3145 2481 3362 2553 Moysen
3398 2482 3454 2537 et

1865 2565 2071 2630 Aaron,
2100 2567 2233 2638 legis
2253 2567 2460 2623 scilicet
2481 2567 2762 2623 scientiam
2787 2578 2841 2625 et
2868 2568 3076 2625 fructus
3100 2571 3450 2639 poenitentiae,

1865 2670 1965 2725 per
1995 2671 2132 2725 quos
2161 2657 2439 2712 interitum
2469 2657 2799 2716 imminentis
2833 2659 2987 2715 exitii
3025 2660 3296 2730 possimus
3321 2676 3452 2718 eva-

1869 2745 2014 2799 dere.

2439 2838 2667 2896 CAPUT
2705 2839 2863 2896 XVII.

1866 2928 2248 3001 Commemorat
2287 2929 2514 3001 qualiter
2553 2931 2653 3001 filii
2696 2931 2867 2987 Israel
2914 2933 2972 2987 in
3019 2933 3222 2989 deserto
3266 2948 3453 2988 concu-

2014 3000 2215 3070 pierant
2247 3017 2429 3054 carnes
2451 3010 2499 3055 et
2526 3000 2650 3055 data
2677 3012 2750 3056 est
2779 3001 2885 3057 illis
2916 3011 3287 3075 ortygometra.

1936 3107 2067 3163 Cum
2112 3109 2250 3163 enim
2270 3109 2384 3179 jam
2422 3110 2705 3165 acervatim
2742 3111 3047 3191 cecidissent
3091 3129 3247 3184 super
3288 3113 3449 3168 alter-

172 3183 296 3259 dens
320 3205 572 3276 quoniam
607 3214 730 3257 tuus
760 3212 834 3258 est
871 3183 1125 3272 famulus.
1172 3201 1306 3258 Vicit
1342 3213 1517 3258 autem
1552 3202 1753 3268 turbas,
1783 3183 1827 3245 (ἶ
1860 3209 2035 3256 utrum
2060 3200 2276 3265 mortui,
2305 3200 2655 3268 interstitit,et
2677 3203 2962 3272 amputavit
2988 3183 3257 3273 impetum,
3289 3205 3449 3259 etldio

173 3313 273 3354 non
308 3297 363 3349 in
399 3297 587 3350 virtute
624 3297 890 3368 corporis,
932 3312 1024 3350 nec
1050 3306 1338 3351 armatum
1374 3298 1634 3368 potentia,
1667 3298 1758 3352 sed

172 3386 322 3441 verbo
349 3386 503 3441 illum
529 3388 619 3458 qui
642 3403 697 3441 se
721 3389 939 3441 vexabat
962 3387 1211 3456 subjecit,
1234 3388 1540 3458 juramenta
1563 3404 1755 3460 parca-

171 3488 312 3542 tum,
355 3487 407 3532 et
432 3487 796 3532 testamentum
833 3493 1264 3532 commemorem.
1303 3476 1642 3533 Rccordatur
1668 3478 1758 3534 hic

170 3567 441 3633 historiae,
474 3552 605 3637 quas
632 3567 686 3621 in
731 3566 1087 3622 Numerorum
1138 3567 1278 3622 libro
1320 3577 1593 3635 narratur,
1622 3584 1757 3640 quo-

171 3660 327 3715 modo
354 3668 479 3729 post
515 3659 946 3715 interfectionem
973 3660 1170 3726 Chore,
1199 3662 1410 3716 Datban
1441 3670 1497 3716 et
1530 3662 1751 3729 Abiron,

168 3751 261 3807 ﬁlii
288 3753 458 3809 Israel
492 3755 950 3810 murmuraverint
985 3765 1171 3810 contra
1216 3755 1434 3827 Moysen
1464 3766 1519 3811 et
1551 3759 1753 3824 Aaron,

168 3844 411 3899 dicentes
440 3863 454 3898 :
489 3843 593 3899 Vos
617 3846 947 3915 interfecistis
975 3846 1223 3917 populum
1250 3847 1364 3902 Dei.
1393 3847 1625 3919 Cumque
1650 3852 1756 3904 ori-

169 3943 310 3988 retur
333 3934 523 3989 seditio
544 3945 593 3990 et
619 3935 875 3990 tumultus
901 3938 1227 4001 incresceret,
1255 3938 1471 4009 Moysen
1502 3949 1553 3993 et
1575 3940 1754 3997 Aaron

167 4027 412 4097 fugerunt
439 4029 495 4081 in
525 4028 919 4082 tabernaculum
963 4029 1192 4098 (aderis.
1224 4029 1291 4084 Et
1321 4030 1526 4085 locutus
1549 4041 1623 4086 est
1648 4033 1754 4086 Do-

167 4120 337 4173 minus
367 4119 439 4173 ad
473 4118 690 4190 Moysen
720 4128 768 4175 et
806 4121 983 4175 Aaron
1011 4122 1187 4176 dicens
1217 4139 1235 4176 :
1266 4122 1528 4177 Discedite
1556 4124 1620 4178 de
1644 4140 1752 4179 me-

167 4211 252 4264 dio
289 4226 573 4281 synagoga:
604 4210 783 4281 hujus,
817 4220 865 4265 et
894 4213 1192 4267 interimam
1223 4212 1340 4267 illos
1370 4214 1434 4267 de
1470 4213 1646 4268 semel.
1680 4213 1750 4268 Et

165 4304 464 4357 ceciderunt
491 4304 546 4357 in
569 4304 757 4373 faciem
783 4320 954 4357 suam.
982 4302 1214 4374 Cumque
1229 4304 1471 4373 jacerent
1500 4305 1554 4358 in
1584 4313 1747 4371 terra,

164 4397 297 4450 dixit
328 4395 537 4468 Moyses
563 4397 633 4450 ad
664 4398 841 4451 Aaron
874 4413 891 4451 :
922 4395 1066 4450 Tolle
1098 4395 1451 4461 thuribulum,
1488 4405 1537 4450 et
1560 4397 1749 4451 hausto

163 4490 283 4558 igne
308 4489 372 4542 de
397 4489 558 4542 altari
582 4490 725 4543 mitte
750 4490 1017 4543 incensum
1039 4487 1277 4557 desuper,
1305 4504 1519 4559 pergens
1544 4490 1647 4542 cito
1674 4488 1744 4542 ad

159 4580 411 4651 populum
437 4591 495 4635 ut
531 4598 676 4652 roges
701 4598 795 4651 pro
828 4583 901 4636 eis
918 4622 933 4646 ,
958 4580 1077 4651 jam
1100 4581 1238 4633 enim
1271 4596 1474 4651 egressa
1502 4589 1578 4635 est
1602 4581 1683 4634 ira
1708 4599 1739 4635 a

159 4672 407 4734 Domino,
436 4684 484 4727 et
511 4672 667 4743 plaga
698 4671 947 4725 desteviit.
981 4669 1135 4736 Quod
1161 4687 1278 4723 cum
1301 4670 1505 4740 fecisset
1536 4670 1738 4733 Aaron,

155 4774 205 4817 et
228 4763 547 4817 cucurrisset
572 4763 640 4815 ad
663 4760 888 4815 mediam
902 4759 1309 4823 multitudinem,
1325 4776 1483 4829 quam
1506 4759 1739 4813 vastabat

154 4856 478 4919 incendium,
508 4854 694 4909 obtulit
720 4855 1011 4917 thimiame,
1035 4862 1081 4906 et
1103 4862 1247 4906 stans
1270 4853 1405 4905 inter
1425 4860 1659 4907 mortuos
1678 4869 1740 4905 ac

151 4947 383 5001 viventes
411 4961 508 5016 pro
534 4942 726 5013 populo
750 4942 1054 5013 deprecatus
1093 4950 1199 5007 est,
1234 4951 1281 4995 et
1309 4941 1464 5011 plaga
1500 4942 1735 4995 cessavit.

152 5036 403 5091 Fuerunt
436 5037 724 5106 autem’qui
747 5035 977 5106 percussi
1005 5043 1126 5088 sunt
1153 5034 1546 5105 quatuordecim
1573 5033 1739 5087 millia

149 5131 427 5185 hominum
453 5139 501 5184 et
527 5130 851 5200 septingenti,
873 5128 1064 5198 absque
1091 5129 1155 5182 iis
1180 5127 1269 5199 qui
1293 5128 1554 5196 perierant
1580 5128 1634 5179 in
1660 5142 1741 5178 se-

145 5221 352 5275 ditione
380 5218 551 5276 Chore
576 5218 765 5291 (Num.
800 5218 933 5288 xvi).
960 5216 1113 5272 Unde
1138 5216 1472 5285 pensandum
1501 5225 1584 5269 est
1606 5229 1739 5284 quo-

146 5312 315 5367 modo
339 5312 392 5367 in
424 5311 676 5367 Sodomis
701 5311 917 5381 quando
942 5310 1009 5364 ad
1031 5307 1313 5363 minimum
1346 5307 1531 5361 decem
1556 5305 1737 5374 requi-

145 5406 429 5467 rcbantur,
452 5419 548 5472 per
566 5418 703 5472 quos
726 5402 815 5456 vix
845 5401 889 5455 si
917 5399 1055 5455 forte
1079 5398 1279 5454 salvari
1302 5407 1540 5467 possent,
1562 5396 1615 5450 hi
1640 5395 1731 5463 qui

141 5496 469 5549 habitabant
498 5493 834 5563 Pentapolim
872 5491 1231 5546 Sodomorum
1249 5529 1262 5554 ,
1296 5502 1443 5541 nunc
1472 5493 1651 5539 autem
1679 5493 1734 5539 et

134 5586 249 5652 jam
285 5586 395 5639 duo
420 5584 465 5640 si
498 5594 678 5640 tamen
707 5582 1052 5638 inveniantur
1079 5580 1235 5645 tales,
1260 5576 1434 5648 qualis
1463 5575 1564 5629 fuit
1588 5574 1733 5645 Moy-

139 5694 226 5732 ses
261 5684 321 5730 ct
351 5675 529 5731 Aaron
557 5675 800 5730 suliicere
824 5681 1083 5744 possunt,
1117 5680 1177 5725 ut
1203 5686 1333 5742 gens
1363 5666 1729 5723 Israelitarum

139 5778 255 5825 tota
287 5769 545 5824 salvetur.
578 5768 716 5836 Quid
744 5783 875 5840 ergo
905 5768 1146 5823 dicemus
1173 5764 1402 5826 amplius
1423 5775 1541 5816 esse
1567 5760 1618 5813 in
1643 5758 1728 5813 his

1862 3293 1979 3346 visit
2014 3291 2159 3347 illam
2184 3309 2301 3363 qua:
2325 3293 2395 3346 ad
2427 3294 2565 3349 vivos
2596 3295 2817 3350 ducebat
2847 3297 3006 3350 viam.
3040 3295 3109 3351 In
3146 3306 3280 3353 veste
3304 3298 3477 3353 enima

1857 3385 2085 3455 poderis,
2126 3402 2282 3457 quam
2310 3387 2552 3454 habebat,
2586 3398 2727 3444 totus
2751 3399 2864 3445 erat
2898 3390 3039 3446 orbis
3068 3400 3362 3458 terrarum,
3394 3402 3446 3446 et

1856 3489 2135 3550 parentum
2156 3481 2489 3551 magnaliain
2510 3484 3020 3554 quatuorordinibus
3038 3484 3272 3556 lapidum
3295 3495 3445 3540 erant

1855 3570 2090 3641 sculpta,
2120 3580 2169 3624 et
2197 3572 2585 3642 magniﬁcentia
2623 3582 2719 3627 tua
2755 3574 2813 3628 in
2837 3573 3135 3629 diademate
3167 3575 3352 3645 capitis
3376 3576 3442 3631 il-

1855 3664 1957 3718 lius
1982 3663 2187 3734 sculpta
2213 3672 2345 3718 erat.
2375 3664 2432 3720 ln
2456 3679 2521 3720 eo
2550 3672 2731 3719 autem
2761 3666 2904 3733 quod
2932 3664 3065 3719 dicit
3088 3664 3144 3718 in
3172 3673 3323 3720 veste
3350 3679 3440 3733 po-
3510 3690 3517 3696 ο

1856 3754 2022 3819 deris,
2050 3769 2211 3825 quam
2239 3753 2477 3825 pontifex
2503 3755 2757 3818 habebat,
2781 3770 2902 3810 esse
2926 3762 3097 3810 totum
3118 3754 3304 3811 orbem
3335 3764 3437 3811 ter-

1856 3858 2060 3908 rarum,
2093 3851 2149 3898 et
2184 3851 2468 3912 parentum
2506 3836 2863 3915 magnalia'in
2895 3851 3132 3914 quatuor
3160 3844 3438 3903 ordinibus

1853 3933 2089 4004 lapidum
2116 3933 2348 4003 sculpta,
2375 3942 2430 3989 et
2457 3934 2911 4005 magniﬁcentiam
2937 3936 3028 3990 Dei
3050 3936 3106 3990 in
3135 3935 3440 3993 diademate

1852 4039 2012 4093 quam
2043 4024 2158 4094 ipse
2179 4023 2431 4094 pontifex.
2454 4024 2509 4078 in
2541 4025 2716 4093 capite
2741 4026 2994 4096 gerebat,
3026 4025 3156 4083 licet
3182 4026 3301 4082 hinc
3328 4027 3441 4082 vir-

1851 4124 2029 4171 tutum
2055 4116 2298 4171 omnium
2326 4116 2634 4185 exprimant
2664 4117 2880 4183 seriem,
2907 4132 3043 4187 quas
3071 4118 3313 4189 pontifex
3339 4119 3438 4175 Dei

1850 4212 1904 4266 in
1932 4211 2179 4267 doctrina
2209 4218 2265 4265 et
2293 4210 2701 4265 conversatione
2736 4225 2833 4265 sua
2872 4211 3074 4267 habere
3113 4211 3307 4271 debet.
3349 4220 3435 4268 ta-

1849 4315 1973 4356 men
2002 4316 2221 4357 sensum
2251 4316 2413 4370 quem
2454 4300 2664 4355 Hehrtei
2705 4302 2759 4377 in
2796 4310 2946 4357 veste
2983 4302 3303 4358 sacerdotali
3332 4304 3434 4359 ha-

1847 4392 2007 4456 bent,
2048 4391 2138 4446 hic
2185 4398 2446 4461 ponentes
2488 4392 2778 4462 mysticam
2822 4392 2939 4462 ejus
2982 4392 3465 4464 significationema

1849 4483 1974 4537 alibi
2000 4481 2369 4536 disserendam
2398 4496 2763 4537 reservamus.
2793 4481 3038 4549 Quatuor
3068 4499 3198 4551 ergo
3224 4483 3467 4539 colores-

1848 4573 1916 4628 ad
1960 4582 2194 4644 quatuor
2235 4572 2500 4628 elementa
2546 4571 2790 4627 referunt
2825 4588 2891 4628 ex
2935 4573 3132 4642 quibus
3178 4573 3434 4629 universa

1847 4662 2151 4718 subsistunt
2183 4680 2196 4715 :
2227 4661 2446 4732 byssum
2477 4668 2637 4716 terra:
2662 4660 2923 4732 deputant
2947 4675 3068 4730 quin
3094 4675 3162 4714 ex
3182 4669 3328 4714 terra
3349 4662 3431 4731 gi-

1845 4756 2059 4825 gnitur;
2099 4771 2394 4826 purpuram
2430 4756 2567 4810 mari
2607 4770 2729 4825 qua:
2754 4771 2824 4811 ex
2857 4755 2974 4824 ejus
3002 4757 3226 4812 conchis
3264 4758 3427 4829 tingi-

1845 4855 1975 4910 tur;
2024 4845 2375 4915 hyacinthum
2424 4844 2567 4909 aeri,
2614 4852 2835 4914 propter
2877 4845 3073 4900 coloris
3119 4845 3431 4903 similitudi-

1846 4950 2000 4998 nem;
2039 4949 2262 4990 eoccum
2288 4934 2399 5005 igni
2423 4943 2480 4988 et
2503 4935 2723 4998 aetheri,
2764 4935 2857 5005 qui
2888 4934 3149 4991 Hebraice
3178 4938 3299 4992 sani
3334 4952 3432 5008 ap-

1844 5027 2115 5097 pellatur:
2148 5033 2204 5081 et
2224 5023 2432 5094 justum
2458 5040 2577 5081 esse
2606 5038 3048 5088 commemorant.
3089 5038 3147 5081 ut
3181 5027 3431 5098 pontifex

1842 5117 2107 5172 creatoris
2135 5132 2242 5172 non
2275 5117 2448 5172 solum
2475 5132 2575 5187 pro
2596 5115 2793 5182 lsrael,
2824 5117 2917 5173 sed
2950 5126 3006 5173 et
3035 5134 3133 5189 pro
3172 5119 3461 5177 universo»

1841 5209 2043 5264 mundo
2075 5217 2246 5279 roget.
2280 5207 2557 5278 Siquidem
2588 5224 2655 5264 ex
2690 5217 2834 5264 terra
2869 5217 2925 5265 et
2958 5225 3095 5282 aqua
3121 5219 3178 5266 et
3210 5227 3338 5269 aere
3367 5222 3427 5268 et

1840 5301 1964 5371 igne
1991 5302 2221 5355 mundus
2246 5301 2349 5356 iste
2376 5301 2637 5356 consistat
2661 5309 2717 5355 et
2737 5302 2852 5356 haec
2878 5301 3146 5357 elementa
3169 5301 3280 5358 sint
3306 5316 3425 5357 om-

1840 5385 2006 5445 nium.
2042 5390 2191 5445 Unde
2225 5391 2454 5459 primum
2481 5389 2680 5445 lineam
2707 5392 3090 5448 vestimentum
3110 5399 3196 5448 est
3218 5400 3441 5446 terram-

1838 5481 2178 5551 signiﬁcans;
2217 5481 2511 5536 secundum
2563 5481 2974 5551 hyacinthinum
3015 5496 3234 5537 aereum
3273 5479 3443 5535 colo--

1840 5587 1955 5626 rem
1984 5573 2387 5636 demonstrans,
2417 5575 2540 5643 quia
2568 5574 2637 5627 de
2667 5574 2899 5630 terrenis
2927 5573 3184 5643 paulatim
3219 5570 3287 5625 ad
3323 5585 3419 5627 ex-
3452 5605 3457 5610 -

1835 5661 1980 5716 celsa
2007 5663 2364 5728 sustollimur,
2391 5672 2446 5718 ct
2477 5664 2591 5733 ipsa
2616 5665 2782 5719 vestis
2811 5662 3153 5733 hyacinthina
3181 5676 3209 5715 a
3238 5660 3419 5731 capite
3450 5688 3455 5695 ·

1837 5768 2006 5821 usque
2031 5753 2097 5808 ad
2123 5753 2258 5809 talos
2286 5754 2505 5810 veniens
2534 5754 2733 5808 indicat
2765 5768 2944 5808 aerem
2976 5752 3042 5807 de
3069 5752 3221 5809 cmlis
3247 5763 3453 5822 usque.
