3904 6184
462 322 573 381 759

1104 318 1166 374 Β.
1208 317 1463 373 BABANI
1500 316 1719 375 MAURI
1757 317 2074 374 ARCHIEP.
2117 316 2425 374 MOGUNT.
2466 317 2751 375 OPERUM
2789 318 2969 375 PARS
3004 317 3046 373 l.

3619 328 3721 386 760

458 438 528 494 ad
552 445 755 493 terram
779 440 977 493 lusum.
1008 431 1146 489 Itala
1171 440 1352 487 autem
1377 430 1573 502 punica
1595 439 1649 487 et
1680 430 2033 487 tintinnabula
2063 434 2117 495 Α
2140 439 2255 497 rat,
2294 431 2630 502 providebat.
2670 432 2739 487 Et
2774 431 2895 487 illos
2924 431 3143 501 quidem
3177 441 3307 488 tunc
3339 435 3520 504 imago
3548 442 3722 507 ιιι-εει-

460 529 515 583 in
551 524 897 583 inferioribus
919 521 1094 593 posita
1121 562 1137 586 ,
1175 521 1386 593 fulgura
1432 522 1776 591 tonitrusque
1819 522 2041 577 demon-

458 626 657 683 strant,
688 616 801 671 sive
826 622 1030 669 terram
1055 622 1111 669 et
1140 627 1335 684 aquam
1354 653 1369 677 ,
1395 622 1451 668 et
1476 612 1719 668 omnium
1743 612 2037 668 elemento-

458 725 577 765 rum
613 708 756 762 inter
779 720 839 762 se
866 704 1300 769 consonantiam,
1323 711 1380 759 et
1401 704 1480 758 sic
1508 702 1611 758 sibi
1643 703 1890 759 universa
1914 718 2040 773 per-

453 800 634 872 plexa,
660 807 723 854 ut
747 799 805 854 in
831 796 1060 869 singulis
1084 798 1263 853 omnia
1292 796 1648 868 reperiantur.
1680 795 1833 862 Quod
1857 804 2037 851 autem

454 889 750 960 supradicti
795 889 1007 944 colores
1048 903 1181 944 auro
1226 888 1418 943 intexti
1454 898 1615 953 sunt,
1654 888 1708 943 id
1742 887 2035 959 signiﬁcari

453 984 660 1047 volunt,
680 980 825 1052 quod
854 979 1036 1035 vitalis
1054 980 1204 1037 color
1222 988 1280 1034 et
1303 980 1470 1034 divini
1491 995 1682 1039 sensus
1701 978 2034 1049 providentia

451 1075 704 1129 universa
738 1080 1006 1144 penetret.
1054 1070 1228 1142 Super
1257 1071 1535 1126 humcrale
1576 1081 1631 1127 et
1664 1073 1798 1127 duos
1832 1072 2035 1142 lapides

450 1165 536 1220 vel
573 1164 952 1234 smaragdinos
978 1163 1065 1218 vel
1091 1164 1394 1233 onychinos
1421 1164 1512 1233 qui
1549 1164 1781 1233 desuper
1813 1164 1953 1229 sint,
1981 1170 2036 1218 et

449 1264 742 1325 utrumque
776 1255 1060 1310 humerum
1093 1261 1310 1325 tegant,
1337 1254 1442 1309 duo
1470 1253 1845 1322 hemisphaeria
1868 1253 2036 1309 inter-

449 1355 734 1419 pretantur
755 1363 983 1417 quorum
1005 1346 1148 1402 aliud
1168 1361 1330 1416 super
1352 1351 1575 1411 terram,
1600 1345 1744 1399 aliud
1764 1345 1865 1399 sub
1888 1352 2032 1398 terra

451 1439 543 1504 sit,
577 1438 693 1493 sive
725 1438 893 1493 solem
920 1445 977 1493 et
1004 1438 1182 1492 lunam
1212 1452 1330 1508 qua:
1355 1437 1588 1507 desuper
1615 1435 1857 1490 rutllent.
1885 1435 2032 1491 Zona

450 1530 541 1586 illa
569 1544 674 1600 qua
703 1530 1003 1586 sacerdotis
1037 1538 1228 1600 pectus
1263 1537 1525 1596 arctatur,
1554 1540 1610 1584 et
1638 1530 1777 1583 linea
1815 1528 1993 1583 tunica
2013 1568 2028 1594 ,

452 1615 504 1672 id
532 1626 637 1685 est,
665 1627 833 1685 terra,
862 1620 1267 1691 constringitur,
1301 1621 1721 1689 interpretantur
1744 1634 2027 1675 oceanum.

450 1705 733 1764 Rationale
766 1710 821 1764 in
854 1710 1032 1765 medio
1058 1710 1290 1779 positum
1322 1719 1525 1764 terram
1552 1710 1875 1773 edisserunt,
1909 1726 2029 1781 quae

447 1800 515 1853 ad
546 1799 715 1854 instar
740 1801 925 1870 puncti
953 1800 1080 1856 licet
1099 1800 1279 1855 omnia
1304 1800 1356 1854 in
1384 1815 1441 1855 se
1466 1814 1524 1854 se
1547 1800 1764 1865 habeat,
1795 1809 1973 1855 tamen
1993 1816 2024 1855 a
2054 1781 2102 1841 Β

447 1891 660 1947 cunctis
683 1891 914 1946 vallatur
940 1892 1243 1947 elementis.
1276 1891 1568 1947 Duodecim
1604 1891 1807 1962 lapides
1829 1891 1913 1948 vel
1938 1908 2030 1947 zo-

445 1978 661 2034 diacum
689 1980 1118 2051 interpretantur
1142 1980 1422 2046 circulum,
1453 1981 1537 2037 vel
1569 1982 1851 2037 duodecim
1877 1999 2028 2039 men-

445 2082 567 2133 ses,
604 2078 661 2123 et
693 2070 917 2141 singulis
947 2070 1226 2125 versiculis
1262 2070 1470 2141 singula
1513 2070 1858 2142 assignantur
1892 2080 2027 2127 tem-

443 2173 599 2230 pora,
625 2168 681 2214 et
709 2160 796 2214 his
819 2168 1002 2215 ternos
1030 2160 1293 2231 deputant
1316 2175 1552 2216 menses.
1579 2159 1809 2216 Pulchre
1844 2173 2023 2217 autem

441 2251 548 2308 hoc
579 2251 753 2322 ipsum
786 2252 931 2322 quod
971 2252 1025 2306 in
1066 2252 1243 2307 medio
1272 2260 1356 2307 est
1390 2250 1690 2323 appellatur
1723 2251 2021 2319 rationale;

441 2342 654 2397 ratione
692 2342 838 2397 enim
873 2350 1072 2397 cuncta
1108 2350 1233 2397 sunt
1265 2341 1420 2412 plena
1440 2382 1456 2407 ,
1488 2350 1543 2396 et
1574 2349 1789 2397 terrena
1818 2342 2025 2397 haerent

440 2434 773 2490 caelestibus.
802 2434 1119 2490 lmmoratio
1152 2443 1492 2489 terrenorum
1517 2441 1573 2488 et
1605 2442 1906 2504 temporum
1933 2450 2024 2489 ca-

442 2523 575 2579 loris
601 2532 657 2579 et
683 2523 920 2594 frigoris,
944 2533 999 2579 et
1033 2524 1228 2596 duplex
1259 2525 1401 2579 inter
1422 2533 1706 2595 utramque
1735 2526 2023 2595 temperies

440 2617 507 2671 de
530 2616 655 2673 caeli
682 2632 845 2672 cursu
871 2625 927 2675 et
950 2618 1160 2673 ratione
1183 2617 1478 2682 descendit,
1511 2618 1651 2672 unde
1674 2625 1730 2671 et
1761 2616 2023 2671 rationale

438 2723 564 2763 cum
595 2709 761 2780 ephot
785 2709 978 2765 fortius
999 2710 1360 2781 iustringitur.
1389 2709 1557 2766 Porro
1580 2712 1722 2780 quod
1747 2710 1942 2765 dicitur
1967 2710 2019 2764 in

438 2800 556 2869 ipso
583 2798 829 2855 rationali
854 2808 910 2855 et
933 2800 1237 2872 analogian,
1261 2800 1316 2855 id
1340 2808 1444 2866 est,
1473 2801 1835 2856 manilestatio
1860 2809 2021 2870 atque

441 2888 684 2943 doctrina
710 2888 795 2945 vel
822 2891 1052 2956 veritas,
1082 2891 1184 2945 hoc
1213 2891 1385 2961 ipsum
1418 2890 1686 2962 signiﬁcat
1708 2889 1849 2960 quod
1880 2906 2019 2944 nun-

437 2993 603 3050 quam
641 2979 695 3034 in
737 2980 830 3036 Dei
860 2981 1068 3035 ratione
1098 2981 1438 3037 mendaciqu
1465 2981 1555 3047 sit,
1584 2980 1679 3036 sed
1701 2991 1756 3037 et
1789 2982 1903 3054 ipsa
1930 2998 2020 3038 ve-

435 3068 573 3123 ritas
601 3067 783 3124 multis
820 3069 990 3141 signis
1030 3077 1082 3125 et
1120 3071 1454 3141 argumentis
1484 3080 1817 3127 monstretur
1844 3073 2017 3127 homi-

330 3186 345 3204 κ
435 3157 617 3223 nibus,
647 3166 703 3213 et
729 3174 897 3230 usque
925 3159 994 3213 ad
1018 3160 1274 3215 mortales
1299 3161 1498 3216 veniat.
1526 3162 1681 3217 Unde
1706 3162 1909 3218 factum
1935 3165 2088 3229 estC

435 3255 498 3302 ut
527 3249 789 3304 rationem
821 3250 951 3305 solis
978 3260 1032 3305 et
1059 3250 1225 3316 lunae,
1262 3260 1319 3306 et
1349 3253 1476 3306 anni
1497 3293 1511 3318 ,
1548 3261 1604 3307 et
1632 3254 1895 3311 mensium
1914 3296 1928 3318 ,
1960 3264 2017 3312 et

435 3348 759 3410 temporum,
790 3351 846 3396 et
867 3342 1124 3397 horarum
1153 3352 1204 3399 et
1234 3352 1610 3414 tempestatum
1638 3361 1851 3416 quoque
1874 3362 2027 3403 sere-

435 3433 623 3490 nitatis
659 3443 821 3504 atque
854 3445 1134 3492 ventorum
1174 3447 1229 3493 et
1267 3455 1448 3494 rerum
1486 3442 1727 3495 omnium
1766 3455 2017 3496 noscere-

433 3538 588 3590 mus,
624 3526 949 3597 accipientes
984 3528 1200 3584 insitam
1239 3544 1270 3584 a
1296 3528 1408 3584 Deo
1438 3529 1786 3600 sapientiam,
1820 3539 1875 3586 et
1900 3531 2015 3601 ipso

433 3615 741 3673 habitatore
775 3624 939 3688 atque
975 3620 1194 3675 doctore
1238 3621 1497 3677 domicilii
1536 3622 1620 3676 sui
1654 3623 1809 3677 nobis
1842 3630 1898 3677 et
1933 3622 2016 3676 fa-

432 3706 598 3763 bricae
624 3708 907 3764 scientiam
938 3710 1372 3776 demonstrante,
1406 3725 1571 3781 super
1597 3713 1778 3771 omnia
1815 3712 2012 3767 cidaris

431 3807 490 3853 et
515 3799 649 3854 vitta
679 3800 1029 3872 hyacinthina
1065 3803 1260 3859 coelum
1283 3813 1567 3870 monstrat,
1596 3813 1651 3860 et
1670 3806 1789 3861 auri
1811 3805 2012 3861 lamina

430 3903 554 3958 quae
596 3891 652 3945 in
699 3889 878 3948 fronte
916 3893 1191 3963 pontiﬁcis
1248 3903 1352 3960 est,
1405 3895 1773 3965 scriptumque
1817 3911 2013 3951 nomen

431 3980 566 4047 Dei,
605 3983 857 4040 universa
893 4000 1014 4056 qua:
1051 3985 1239 4041 subter
1275 3995 1401 4043 sunt
1436 3987 1528 4042 Dei
1557 3986 1784 4041 arbitrio
1819 3988 2013 4058 guber-

431 4087 573 4128 nari.

503 4161 605 4217 His
632 4172 808 4219 autem
835 4166 986 4221 cessit
1005 4168 1094 4239 qui
1118 4170 1519 4235 exterminabut,
1543 4179 1592 4224 et
1616 4171 1727 4225 Itwc
1750 4172 2008 4225 extimuit.

432 4250 568 4307 Erat
597 4255 735 4308 enim
759 4255 875 4311 sola
898 4260 1115 4312 tentatio
1136 4260 1231 4313 ira:
1249 4261 1526 4330 sufficiens.
1550 4260 1855 4331 Spiritalcm
1881 4275 2011 4331 ergo

432 4354 540 4394 non
593 4340 868 4412 ﬁguralem
919 4347 1154 4415 speciem
1204 4356 1444 4404 vastator
1490 4350 1690 4405 missus
1727 4351 2007 4417 extimuit,

431 4430 558 4500 quia
583 4432 698 4486 veri
726 4432 1004 4492 Pontificis
1037 4438 1457 4507 magnitudinem
1496 4441 1735 4510 agnovit.
1767 4439 2010 4496 Ascende

2138 531 2329 593 gurata
2376 522 2638 589 salvavit;
2684 523 2752 577 ad
2799 537 2897 578 nos
2926 532 3107 577 autem
3148 523 3339 580 salutis
3368 514 3572 584 veritas
3606 530 3720 601 ipsa

2135 614 2418 687 pervenit,
2446 628 2623 683 neque
2652 613 2797 669 enim
2829 613 3144 669 indumenta
3173 615 3448 685 pontiﬁcis
3484 634 3717 691 purpura

2136 720 2206 765 ae
2239 705 2361 759 lana
2402 705 2673 776 byssoque
2709 711 2964 759 contexta
3013 703 3325 760 erubuisset
3365 707 3591 778 angelus
3637 710 3720 770 ille

2135 803 2376 855 νθεῑαιοι·
2391 835 2406 851 .

2207 926 2356 1000 (CAP.
2382 925 2521 999 xix.)
2552 925 2734 999 Impiis
2760 937 2934 982 autem
2964 944 3126 1002 usque
3160 946 3215 984 in
3248 934 3585 989 novissimum
3610 954 3715 992 sine

2133 1023 2492 1079 misericordia
2533 1032 2625 1076 tua
2660 1024 2974 1094 supervenit.
3009 1020 3329 1080 Prwsciebat
3369 1029 3509 1082 enim
3544 1040 3593 1083 et
3634 1032 3715 1100 [u-

2131 1124 2251 1169 tura
2273 1113 2486 1168 illorum
2507 1127 2526 1165 :
2547 1112 2794 1184 quoniam
2818 1114 3051 1185 cumipsi
3071 1116 3422 1186 permisissent
3443 1129 3499 1173 ut
3520 1137 3574 1174 se
3595 1123 3715 1177 edu-

2132 1215 2326 1271 cerent,
2356 1216 2405 1259 et
2431 1221 2549 1259 cum
2576 1198 2765 1276 magna
2793 1204 3147 1263 sollicitudine
3174 1210 3551 1277 pra'misissent
3576 1212 3707 1279 illos,

2132 1297 2579 1369 consequebantur
2604 1295 2723 1351 illos
2758 1298 3058 1367 pwnitentia
3086 1300 3212 1353 acti.
3253 1299 3441 1355 Adhuc
3465 1304 3602 1359 enim
3638 1307 3710 1359 in-

2131 1400 2210 1443 ter
2245 1406 2431 1444 manus
2460 1388 2704 1442 habentes
2738 1386 2967 1453 luctum,
2999 1399 3048 1443 et
3074 1389 3403 1460 deplorantes
3432 1395 3505 1448 ad
3535 1413 3709 1451 monu-

2130 1488 2303 1533 menta
2326 1487 2670 1543 mortuorum,
2706 1477 2867 1531 aliam
2896 1478 2997 1532 sibi
3021 1491 3415 1550 assumpserunt
3443 1485 3708 1554 cogitatio-

2130 1583 2247 1620 nem
2294 1566 2626 1631 inscientite;
2677 1575 2725 1620 et
2773 1583 2903 1637 quos
2959 1577 3198 1636 rogantes
3244 1569 3572 1639 projecerant
3622 1575 3706 1630 hos

2130 1665 2380 1724 tanquam
2407 1656 2650 1726 fugitivos
2674 1656 3145 1726 persequebantur;
3180 1658 3401 1712 ducebat
3431 1659 3570 1713 enim
3593 1662 3703 1718 illos

2130 1749 2199 1805 ad
2229 1749 2367 1803 hunc
2399 1747 2556 1818 linem
2587 1747 2745 1818 digna
2785 1747 3097 1814 necessitas;
3125 1756 3172 1802 et
3209 1747 3395 1802 horum
3422 1767 3541 1821 qui:
3571 1755 3705 1807 acci-

2132 1840 2316 1895 derant
2347 1837 2889 1892 commemorationem
2918 1836 3240 1903 amittebant,
3275 1846 3332 1891 ut
3354 1854 3475 1909 qua:
3499 1840 3705 1894 deerant

2130 1932 2400 2001 tormentis
2421 1975 2437 2001 ,
2470 1930 2686 2001 repleret
2715 1929 2949 2001 punitio;
2985 1943 3034 1984 et
3070 1928 3294 2001 populus
3330 1931 3542 2002 quidem
3590 1941 3705 1988 tuus

2128 2021 2439 2080 mirabiliter
2471 2022 2747 2087 transiret,
2774 2019 2853 2074 illi
2892 2028 3065 2074 autem
3108 2037 3297 2074 novam
3323 2030 3545 2075 mortem
3574 2022 3707 2077 inre-

2129 2104 2315 2169 nirent.
2350 2111 2476 2167 Ideo
2499 2111 2642 2165 enim
2672 2109 2906 2166 inimicis
2935 2109 3114 2181 populi
3146 2109 3242 2166 Dei
3272 2111 3513 2167 vindicta
3542 2127 3705 2183 usque

2127 2205 2193 2262 ad
2221 2202 2743 2261 consummationem
2775 2202 3105 2272 supervenit,
3136 2201 3261 2272 quia
3288 2203 3340 2256 in
3372 2216 3567 2258 eorum
3598 2219 3706 2259 mo-

2125 2296 2277 2353 ribus
2303 2302 2359 2351 et
2387 2295 2495 2349 vita
2524 2293 2670 2348 nulla
2701 2293 3007 2348 emendatio
3033 2292 3193 2363 digna
3233 2290 3352 2347 fuit.
3382 2291 3553 2349 Fictis
3580 2309 3703 2364 ergo

2124 2390 2455 2463 argumentis
2494 2389 2822 2445 simulabant
2850 2388 3255 2459 pmnitentiam,
3292 2395 3347 2441 et
3376 2388 3499 2443 ideo
3534 2389 3605 2444 ab
3631 2389 3704 2442 in-

2123 2488 2367 2551 spectore
2393 2479 2639 2535 cordium
2657 2519 2673 2545 ,
2700 2478 2998 2551 perlectam
3038 2494 3146 2533 non
3176 2486 3507 2548 acceperunt
3531 2477 3701 2534 indul—

2122 2572 2380 2644 gentiam.
2412 2571 2565 2628 Unde
2592 2571 2790 2643 legitur
2815 2571 2869 2626 in
2898 2571 3085 2626 Exodo
3110 2570 3252 2642 quod
3278 2566 3515 2635 Pharao,
3539 2586 3706 2642 quan-

2121 2652 2190 2722 do
2220 2665 2372 2739 plaga
2405 2664 2585 2734 aliqua
2616 2680 2738 2719 cum
2767 2663 2961 2734 populo
2987 2679 3085 2718 suo
3114 2662 3371 2719 divinitus
3396 2678 3701 2733 percussus,

2121 2755 2304 2811 statim
2334 2755 2666 2825 promiserit,
2700 2753 2957 2824 populum
2988 2752 3083 2808 Dei
3111 2768 3170 2808 se
3196 2753 3471 2808 dimittere
3493 2754 3536 2807 si
3566 2768 3699 2823 pra:-

2120 2860 2246 2902 sens
2295 2846 2589 2902 discrimen
2638 2845 2929 2911 evaderet,
2974 2845 3069 2900 sed
3115 2843 3389 2915 paululum
3435 2844 3701 2914 respirans

2121 2936 2315 2991 iterum
2338 2936 2403 2990 ad
2428 2935 2801 2992 crudelitatem
2824 2935 3111 3006 pristinam
3136 2949 3384 2990 reversus
3405 2945 3512 3001 est,
3539 2937 3702 2991 donec

2121 3025 2174 3082 in
2204 3036 2447 3082 extremo
2476 3026 2691 3095 quando
2721 3034 3008 3081 exeuntem
3047 3025 3301 3095 populum
3340 3028 3700 3096 persequeba-

2118 3126 2229 3181 tur,
2262 3116 2428 3172 maris
2458 3114 2625 3171 Rubri
2657 3115 2908 3171 ﬂuctibus
2943 3115 3227 3170 demersus
3256 3116 3469 3171 interiit
3498 3114 3701 3187 (Exod.

2121 3207 2256 3279 xiv).
2288 3208 2435 3263 Talis
2471 3208 2613 3262 enim
2656 3205 2950 3262 inﬁdelium
2991 3216 3047 3262 et
3080 3207 3438 3277 superborum
3470 3208 3701 3262 hostium

2118 3301 2352 3356 nominis
2388 3299 2589 3356 Christi
2630 3298 2965 3371 pertinacia,
3005 3307 3066 3353 ut
3104 3315 3224 3355 cum
3263 3299 3705 3371 incorrigibiliter

2115 3392 2454 3463 perstiteriut
2498 3392 2552 3447 in
2598 3392 2847 3458 malitia,
2897 3391 3117 3446 tandem
3167 3391 3405 3447 sentiant
3457 3392 3701 3463 imperia,

2116 3490 2379 3552 quantum
2417 3480 2710 3551 praevaleat
2749 3481 3136 3553 omnipotentis
3169 3482 3268 3538 Dei
3312 3482 3369 3536 in
3407 3481 3705 3551 iudicando

2110 3576 2340 3647 justitia.

2187 3707 2369 3762 Omnis
2398 3724 2537 3762 enim
2570 3704 2815 3763 creatura
2850 3706 2919 3762 ad
2963 3724 3116 3761 suum
3144 3724 3306 3777 genus
3334 3710 3401 3763 ab
3433 3710 3591 3764 initio
3622 3726 3701 3779 re-

2112 3799 2464 3869 ﬁgurabatur,
2494 3798 2788 3853 deserviens
2833 3798 2938 3852 tuis
2972 3798 3281 3869 praeceptis,
3326 3808 3383 3852 ut
3428 3800 3588 3869 pueri
3628 3799 3703 3852 tui

2113 3888 2500 3944 custodirentur
2527 3886 2699 3941 illcesi.
2735 3886 2878 3942 Nam
2912 3886 3071 3940 nubes
3113 3896 3288 3940 castra
3312 3903 3501 3943 eorum
3527 3889 3705 3943 obum-

2112 3983 2316 4049 brabat,
2347 3993 2394 4038 et
2423 3999 2489 4037 ea:
2506 3996 2667 4053 aqua,
2699 4000 2815 4054 qute
2851 3993 2970 4037 ante
2991 3992 3127 4050 erat,
3156 3994 3298 4039 terra
3336 3985 3495 4039 arida
3543 4004 3704 4057 appa-

2112 4077 2241 4142 ruit,
2266 4085 2314 4130 et
2341 4076 2395 4129 in
2418 4075 2554 4129 mari
2599 4075 2779 4129 Rubro
2810 4076 2895 4130 via
2920 4076 3033 4129 sine
3055 4075 3446 4146 impedimenta,
3477 4089 3527 4133 et
3567 4096 3707 4133 can:-

2109 4183 2205 4239 pus
2232 4167 2531 4238 geminans
2573 4166 2637 4220 de
2677 4166 2941 4237 profundo
2970 4167 3130 4221 nimio
3154 4185 3167 4219 :
3193 4184 3288 4237 per
3331 4185 3488 4237 quem
3538 4172 3707 4225 omnis

2110 4256 2252 4319 natio
2275 4257 2532 4320 transiuit,
2555 4273 2672 4325 qua:
2695 4256 2960 4326 tegebatur
2987 4267 3077 4311 tua
3116 4258 3525 4317 manu..0mnis
3552 4276 3705 4315 crea-

2110 4356 2229 4401 tura
2254 4346 2322 4400 ab
2347 4345 2503 4400 initio
2535 4346 2603 4401 ad
2627 4362 2783 4401 suum
2826 4362 2998 4415 genus
3027 4346 3355 4416 reﬁguratur
3391 4349 3525 4405 dum
3568 4367 3708 4422 pra:-

2111 4435 2282 4505 ceptis
2302 4434 2484 4490 obedit
2504 4437 2587 4490 sui
2612 4436 2910 4491 conditoris
2934 4476 2950 4500 ,
3003 4437 3200 4507 et,ejus
3246 4438 3299 4492 in
3334 4441 3602 4497 omnibus
3625 4442 3709 4497 de~

433 4540 578 4580 nunc
610 4526 677 4580 ad
707 4530 857 4585 verbi
895 4532 1057 4602 hujus
1088 4534 1314 4589 celsiora
1341 4536 1568 4607 vestigia
1587 4578 1601 4602 ν
1629 4546 1685 4592 ει
1712 4539 1837 4593 inde
1868 4555 2005 4610 quo-
2033 4528 2086 4587 D
2112 4525 2279 4579 servit
2311 4524 2597 4580 voluntati.
2627 4525 2707 4583 Ad
2750 4527 2854 4582 hoc
2881 4528 3027 4583 enim
3054 4538 3301 4583 creatura
3342 4540 3452 4595 est,
3477 4541 3544 4586 ut
3585 4533 3710 4587 sub-

433 4615 593 4670 modo
612 4631 775 4674 verus
797 4620 1034 4691 pontifex
1056 4622 1213 4679 Jesus
1242 4625 1490 4681 Christus
1512 4638 1789 4697 assumpto
1816 4630 2010 4685 bacillo

431 4704 614 4763 carnis
642 4710 891 4767 humanae
909 4722 965 4768 et
989 4717 1328 4786 superposito
1354 4719 1461 4789 igni
1483 4718 1668 4774 altaris
1691 4722 1867 4775 anima
1892 4723 2010 4777 sine

433 4799 598 4855 dubio
627 4802 712 4857 illa
752 4805 1033 4876 magniﬁca
1075 4823 1196 4863 cum
1223 4823 1328 4878 qua
1364 4820 1524 4866 natus
1547 4818 1630 4865 est
1659 4812 1711 4866 in
1738 4827 1925 4873 carne.
1955 4821 2011 4867 et

435 4890 647 4959 adjecto
681 4895 843 4950 etiam
886 4897 1105 4954 incenso
1134 4899 1227 4968 qui
1264 4911 1348 4954 est
1386 4902 1608 4971 spiritus
1636 4903 2012 4958 immaculatus

434 4981 646 5036 medius
667 4984 810 5039 inter
825 4987 975 5042 vivos
1007 4999 1062 5043 et
1087 4999 1327 5047 mortuos
1348 4993 1532 5057 stetit,
1565 5001 1620 5047 et
1647 5003 1875 5049 mortem
1902 5012 2008 5051 non

436 5069 566 5125 fecit
605 5072 743 5128 ultra
784 5079 1057 5146 grassari,
1098 5081 1190 5135 sed
1218 5082 1358 5136 sicut
1393 5083 1681 5153 Apostolus
1707 5086 1838 5140 dicit
1867 5105 1880 5139 :
1915 5086 2013 5140 De-

433 5165 625 5218 struxit
655 5181 773 5219 eum
796 5170 889 5238 qui
911 5170 1129 5224 habebat
1156 5174 1337 5227 mortis
1366 5175 1659 5245 imperium,
1683 5176 1736 5230 id
1760 5186 1867 5240 est,
1898 5178 2021 5231 dia-’

428 5252 643 5317 bolum,
678 5266 734 5309 ut
771 5260 860 5328 qui
889 5261 1051 5314 credit
1092 5262 1146 5315 in
1179 5279 1295 5316 eum
1326 5265 1445 5333 jam
1473 5282 1577 5320 non
1607 5268 1881 5327 moriatur,
1918 5268 2010 5321 sed

431 5345 571 5398 vivat
592 5348 649 5400 in
671 5356 923 5404 internum
947 5350 1122 5422 (Rom.
1155 5352 1254 5423 is).
1283 5353 1395 5410 lloc
1420 5355 1521 5411 fuit
1538 5372 1669 5428 ergo
1693 5359 2009 5428 mySterium

430 5438 575 5507 quod
601 5447 788 5510 postea
821 5440 1059 5499 futurum
1083 5443 1195 5513 jam
1233 5452 1362 5502 tunc
1390 5447 1480 5504 ille
1507 5449 1601 5518 qui
1628 5449 1882 5520 populum
1913 5466 2009 5505 va-

430 5528 609 5586 stabat
646 5534 892 5603 expavit;
932 5538 1258 5607 agnoscebat
1285 5539 1430 5593 enim
1471 5539 1697 5610 ﬁguram
1737 5540 1915 5595 bacilli
1953 5550 2012 5595 et

431 5620 575 5693 ignis
595 5630 652 5680 et
683 5624 890 5682 incensi
922 5634 977 5683 et
1017 5628 1192 5699 qualis
1216 5628 1488 5684 offerenda
1514 5638 1657 5684 esset
1689 5629 1800 5685 Deo
1832 5632 2005 5685 hostia

435 5715 502 5768 ab
526 5728 593 5770 eo
619 5716 710 5786 qui
749 5719 956 5774 medius
994 5730 1328 5776 mortuorum
1365 5721 1715 5790 vivorumque
1750 5720 2009 5784 constite-

2104 4614 2249 4684 jecta
2276 4624 2331 4670 et
2355 4617 2612 4671 obediens
2639 4616 2793 4672 ﬁeret
2820 4634 2918 4673 suo
2944 4620 3200 4674 creaturi.
3250 4620 3500 4688 Qualiter
3526 4637 3711 4678 autem

2110 4705 2281 4759 nubes
2317 4714 2498 4760 castra
2530 4707 2894 4761 lsraclitarum
2934 4711 3229 4778 operuerit,
3269 4711 3343 4764 ita
3371 4711 3595 4768 luceret
3634 4716 3711 4768 eis

2111 4794 2164 4848 in
2193 4803 2351 4850 nocte
2379 4804 2433 4850 et
2459 4797 2809 4851 obumbraret
2836 4812 2930 4852 eos
2968 4808 3161 4853 contra
3196 4798 3323 4853 solis
3358 4801 3628 4856 ardorem
3657 4804 3708 4856 in

2111 4888 2235 4953 die,
2272 4887 2612 4957 qualiterque
2646 4888 2886 4945 Rubrum
2916 4905 3066 4945 mare
3098 4890 3326 4945 divisum
3345 4891 3495 4947 viam
3526 4896 3709 4964 populi

2112 4979 2205 5033 Dei
2241 4990 2586 5049 praepararet,
2618 4980 2799 5036 hostes
2835 4981 3063 5055 illorum.
3096 4981 3147 5034 in
3190 4991 3363 5045 semet
3412 4984 3708 5041 reductum

2110 5073 2464 5142 demergeret.
2496 5072 2681 5145 Exodi
2703 5071 2837 5125 satis
2865 5071 3104 5126 declarat
3134 5070 3380 5126 historia.
3414 5072 3537 5129 Nec
3565 5079 3711 5132 enim

2110 5173 2162 5218 et
2187 5163 2313 5218 illud
2357 5178 2508 5232 aeque
2541 5162 2746 5216 clarum
2777 5170 2878 5226 est,
2903 5163 3046 5231 quod
3076 5161 3245 5243 nubes
3287 5178 3413 5231 qua:
3440 5166 3709 5223 ducatum

2112 5265 2308 5336 popqu
2325 5265 2420 5319 Dei
2453 5262 2925 5334 praebeat,Christi
2946 5263 3215 5333 signiﬁcet
3243 5262 3712 5325 inmutationem,

2113 5376 2233 5430 qua:
2256 5358 2539 5414 credentes
2585 5358 2638 5411 in
2669 5357 2772 5413 hoc
2806 5357 3006 5411 mundo
3039 5356 3239 5411 lumine
3266 5355 3552 5427 Evangelii
3587 5357 3711 5411 illu—

2112 5459 2280 5517 strat,
2322 5459 2378 5506 et
2418 5450 2597 5521 gratia
2638 5464 2735 5504 sua
2765 5465 2796 5504 a
2824 5450 3262 5519 persecutoribus
3299 5448 3413 5503 suis
3468 5448 3714 5519 protegit

2112 5550 2275 5613 atque
2303 5544 2554 5598 custodit.
2585 5542 2732 5598 Mare
2775 5550 2953 5601 autem
2986 5542 3249 5609 Rubrum,
3274 5540 3541 5610 baptismi
3571 5542 3713 5612 gerit

2112 5640 2507 5687 sacramentum
2554 5631 2644 5685 ubi
2693 5630 2972 5686 salvantur
2997 5630 3218 5695 ﬁdeles,
3262 5642 3316 5682 et
3358 5627 3712 5687 suﬂ'ocantur

2111 5722 2396 5778 contraria:
2430 5729 2722 5791 potestates
2746 5740 2761 5788 ;
2808 5723 2901 5778 sed
2925 5734 3065 5779 sicut
3094 5731 3219 5777 tunc
3242 5719 3335 5781 ﬁlii
3360 5717 3541 5777 Israel
3572 5721 3704 5778 libo-
