3928 6182
249 362 342 420 761

1090 346 1443 409 ΟΟΜΜΕΝΤ.
1479 347 1547 404 ΙΝ
1588 345 1853 405 LIBRUM
1886 345 2293 404 SAPIENTLE.
2330 378 2402 390 --
2436 346 2565 413 LIB,
2602 346 2692 409 lli.

3408 343 3513 401 762

250 477 350 533 rati
375 515 392 541 ,
442 471 673 528 Paulino
717 468 905 524 laudes
949 466 1305 522 decantavere
1353 463 1587 535 tripudio
1633 478 1829 534 magno
1854 462 1908 525 A
1931 465 2175 522 caacitate
2208 465 2350 523 sicut
2376 465 2450 521 illi
2479 464 2716 525 tenebris
2741 464 3000 521 cxczecati
3024 470 3203 530 erant,
3229 462 3321 534 qui
3350 464 3402 518 in
3430 463 3515 517 [ο-

593 648 935 706 mirabiliaet
961 656 1216 721 monstra.
1244 646 1516 717 Tanquam
1542 642 1681 699 enim
1711 645 1831 713 equi

244 753 567 819 uepavmnt
617 757 789 797 escam
814 780 828 806 ,
887 747 936 794 et
964 746 1211 808 tanquam
1250 737 1373 806 agni
1413 734 1829 801 exsultaverunt,

245 836 647 910 magniﬁcantes
673 842 744 897 te,
773 831 1011 893 Domine,
1039 828 1128 900 qui
1153 827 1384 883 liberasti
1408 825 1545 883 illos.
1577 824 1830 881 Memores

245 931 385 987 enim
410 935 561 983 erant
586 925 759 980 adhuc
797 939 976 977 eorum
1007 937 1125 992 qua:
1150 920 1384 975 incolatu
1426 917 1640 972 illorum
1686 917 1830 987 facta

247 1021 483 1093 fuerant,
506 1013 943 1089 quemadmodum
968 1028 1061 1083 pro
1088 1011 1299 1066 natione
1326 1006 1632 1064 animalium
1650 1007 1830 1061 eduxit

246 1122 389 1166 terra
425 1123 654 1170 muscas,
678 1113 731 1179 et
761 1118 857 1179 pro
896 1100 1123 1170 piscibus
1166 1100 1417 1154 eructavit
1475 1098 1664 1167 ﬂuvius
1695 1094 1832 1150 mul—

246 1200 528 1256 titudinem
554 1174 824 1249 ranarum.
856 1192 929 1246 lta
960 1200 1015 1246 et
1051 1206 1150 1246 nos
1181 1197 1394 1259 oportet
1413 1188 1556 1242 omni
1588 1195 1831 1257 tempore

247 1288 484 1344 creatori
512 1293 698 1340 nostro
730 1298 831 1353 pro
866 1281 1143 1350 ereptione
1178 1287 1363 1335 nostra
1411 1279 1614 1349 gratias
1648 1293 1826 1349 agere,

246 1381 585 1437 exsultantes
614 1378 838 1434 dicendo
871 1390 992 1430 cum
1035 1373 1300 1443 PrOplteta
1332 1389 1344 1426 :
1380 1369 1620 1435 Benedic,
1653 1371 1829 1425 anima

248 1489 390 1536 mea,
418 1469 668 1534 Domino,
690 1476 736 1522 et
766 1467 942 1520 omnia
972 1465 1218 1518 interiora
1246 1480 1362 1518 mea
1385 1480 1570 1519 nomen
1592 1476 1827 1519 sanctum

245 1564 382 1633 ejus.
416 1560 666 1623 Benedic,
696 1559 871 1612 anima
898 1574 1031 1619 mea,
1068 1554 1293 1609 Domino
1317 1595 1331 1620 ,
1376 1564 1425 1609 et
1460 1554 1565 1609 noli
1595 1553 1835 1609 obliuisci

244 1671 425 1709 omnes
459 1652 819 1706 retributiones
852 1650 966 1719 ejus
988 1646 1161 1719 (Psal.
1200 1648 1318 1716 cu).
1345 1648 1496 1715 Quod
1523 1656 1579 1709 et
1595 1648 1827 1716 Aposto-

244 1744 332 1798 lus
380 1736 580 1797 docere
624 1755 724 1795 nos
776 1739 989 1794 videtur
1026 1739 1246 1794 dicens:
1276 1736 1402 1792 Sine
1447 1737 1829 1791 intermissione

245 1845 417 1899 orate,
446 1835 501 1887 in
525 1832 763 1887 omnibus
791 1832 991 1903 gratias
1020 1831 1175 1901 agite,
1197 1831 1307 1885 haec
1323 1839 1397 1884 est
1428 1830 1565 1885 enim
1593 1830 1828 1886 voluntas
1858 1804 1905 1865 Β

244 1925 345 1980 Dei
369 1927 427 1978 in
448 1924 655 1979 Christo
679 1922 809 1977 Iesu
838 1923 894 1976 in
929 1922 1167 1976 omnibus
1199 1922 1339 1977 vobis
1371 1922 1427 1995 (Ι
1462 1921 1614 1977 Thes.
1645 1922 1721 1995 v).

785 2034 1028 2091 CAPUT‘
1068 2034 1251 2091 χνιιι.

243 2126 456 2184 Laudat
486 2127 1036 2201 Deummagniﬁcgsse
1063 2128 1310 2198 populant
1334 2145 1510 2194 suum,
1533 2146 1683 2201 quem
1703 2130 1832 2185 edu-

528 2201 607 2253 xit
631 2200 695 2254 de
724 2196 1136 2269 terra/Egypti,
1157 2208 1205 2253 et
1245 2196 1549 2255 hanorasse.

317 2289 617 2345 Novissime
635 2300 811 2344 autem
831 2289 1073 2343 viderunt
1096 2305 1282 2344 novant
1316 2300 1609 2347 creaturam
1630 2292 1830 2357 avium,

243 2396 365 2435 cum
387 2380 603 2434 adducti
627 2380 1063 2450 concupiscentia
1096 2378 1491 2450 postulaverunt
1519 2397 1683 2437 escas
1707 2398 1834 2452 ερας-

241 2472 478 2527 lationis.
529 2472 597 2528 In
626 2472 941 2528 allocutione
965 2473 1104 2527 enim
1141 2473 1410 2540 desiderii,
1443 2475 1674 2529 ascendit
1723 2473 1843 2529 illis

241 2562 308 2617 de
338 2579 487 2617 mare
518 2571 898 2633 ortygometra;
949 2574 995 2617 et
1024 2565 1321 2619 vexationes
1367 2566 1723 2635 peccatoribus
1741 2583 1833 2621 sua

239 2662 609 2723 pervenerunt,
635 2668 739 2707 non
765 2655 877 2708 sine
902 2652 1028 2720 illis,
1049 2670 1168 2725 qua:
1208 2652 1351 2723 facta
1381 2664 1537 2711 erant
1557 2672 1834 2727 argumen-

242 2743 313 2797 tis
344 2759 441 2813 per
460 2743 562 2798 vim
581 2744 878 2814 (lanitium.
907 2743 1066 2809 Nota,
1096 2745 1334 2815 prudens
1362 2743 1554 2812 lector,
1575 2745 1716 2802 auod
1744 2749 1835 2803 ad-

240 2832 504 2889 versariis
544 2832 637 2889 Dei
678 2841 820 2889 terra
862 2835 1192 2904 producebat
1245 2850 1497 2901 muscas,
1546 2843 1601 2891 et
1641 2835 1843 2894 ﬂuvius.

240 2922 491 2979 ehullivit
537 2938 732 2988 ranas;
781 2924 1077 2985 cultoribus
1131 2934 1311 2982 autem
1358 2926 1454 2982 Dei
1504 2937 1648 2983 terra
1686 2928 1833 2985 dedit

239 3012 480 3070 fructum
508 3022 565 3069 et
592 3029 739 3069 mare
768 3016 1049 3085 praebebat
1084 3018 1265 3073 carnis
1301 3017 1649 3084 alimentum,

241 3105 466 3176 dignum
493 3114 580 3162 est
604 3114 661 3162 ut
681 3105 925 3162 ﬁdelibus
950 3108 1063 3164 suis
1088 3121 1183 3180 per
1211 3125 1389 3181 opera.
1407 3126 1503 3167 sua
1532 3105 1834 3168 nutrimen-

1932 556 2081 612 ribus
2122 556 2280 627 justi,
2309 558 2413 612 hoc
2456 564 2561 623 est,
2605 556 2739 622 Lot,
2782 557 3210 621 oberraverunt,
3262 557 3381 612 ostii
3431 558 3512 612 sui

1932 649 2222 707 transitum
2250 654 2561 718 quaerentes.
2605 654 2669 707 et,
2700 662 2807 709 non
2852 647 3208 711 invenientes,
3238 645 3362 715 quia
3402 646 3519 715 (ιιιί-

1928 753 2143 808 cunque
2172 740 2425 795 tenebras
2471 739 2687 794 erroris»
2710 738 2857 793 intus
2897 738 3132 808 patitur,
3175 737 3516 808 gravissimis

1928 829 2142 887 damnis
2164 830 2400 900 undique
2423 830 2842 901 constringitur,
2888 845 3009 885 cum
3051 829 3192 884 viam
3216 829 3337 882 vitae
3366 828 3519 898 igno-

1928 919 2148 975 raverit.
2183 918 2250 974 Et
2270 920 2471 975 ostium
2499 919 2628 974 illud
2664 920 2807 990 quod
2836 920 2888 973 in
2931 919 3221 989 Evangelio
3255 919 3369 973 ait:
3403 916 3516 986 Ego

1928 1010 2289 1075 sumostium;
2315 1026 2409 1081 per
2439 1027 2519 1065 me
2539 1010 2585 1064 si
2613 1012 2729 1080 quis
2765 1011 3023 1066 introierit
3049 1009 3337 1065 salvabitur
3358 1018 3405 1064 et
3436 1010 3517 1062 in-

1928 1099 2209 1170 gredietur,
2235 1109 2282 1155 et
2312 1101 2627 1173 egredietur,
2654 1112 2701 1155 et
2741 1119 2935 1173 pascua
2975 1104 3217 1169 inveniet,
3238 1103 3346 1173 ipse
3371 1102 3519 1156 ober-

1930 1212 2053 1251 rans
2084 1195 2315 1251 invenire
2336 1212 2441 1251 non
2479 1197 2665 1267 poterit
2692 1196 2873 1267 (Joan.
2904 1196 2982 1268 ιι).

1998 1284 2067 1340 In
2091 1302 2147 1340 se
2175 1286 2311 1340 enim
2341 1286 2592 1341 elementa
2613 1286 2739 1341 dum
2782 1296 3169 1351 convertuntur,
3194 1289 3326 1341 sicut
3350 1289 3403 1342 in
3432 1306 3516 1343 or-

1927 1394 2064 1448 gano
2094 1376 2365 1449 qualitatis
2396 1395 2556 1434 sonus
2602 1379 2933 1446 immutatur,
2954 1389 3003 1433 et
3045 1382 3222 1434 omnia
3253 1398 3407 1435 suum
3432 1399 3518 1436 so-

1931 1485 2052 1522 num
2075 1468 2395 1547 custodiunt.
2427 1468 2577 1525 Sicut
2597 1484 2725 1540 ergo
2763 1469 2816 1524 in
2842 1470 3202 1525 instrumento
3223 1470 3409 1542 organi
3433 1472 3518 1526 di-

1928 1556 2073 1610 versi
2101 1556 2240 1611 inter
2268 1573 2326 1613 se
2355 1558 2665 1626 discrepant
2704 1558 2855 1623 soni,
2913 1558 3007 1613 sed
3057 1558 3125 1613 ad
3174 1561 3518 1615 concordiam

1929 1646 2172 1707 melodize
2219 1654 2646 1716 temperamento
2693 1648 3037 1702 consentiunt
3076 1649 3307 1715 musici,
3358 1650 3432 1705 ita
3461 1658 3516 1705 et

1928 1736 2079 1789 varia
2118 1735 2381 1790 elementa
2411 1736 2538 1791 licet
2576 1738 2643 1792 ab
2693 1736 2925 1792 invicem
2955 1739 3165 1793 diversa
3212 1739 3518 1810 discrepent

1930 1825 2220 1895 qualitate,
2262 1826 2330 1880 ad
2369 1827 2630 1882 creatoris
2658 1828 2739 1882 sui
2774 1836 2953 1883 tamen
3005 1838 3221 1884 servato
3268 1832 3390 1901 jure
3416 1847 3518 1884 na-

1930 1923 2067 1973 tura:
2106 1915 2391 1975 ﬂectuntur
2436 1917 2754 1984 voluntate;
2804 1920 3098 1987 nongenim
3153 1920 3400 1976 conditor
3426 1937 3522 1989 no-

1928 2017 2042 2071 ειιει·
2070 2019 2378 2071 creaturam
2411 2025 2579 2071 suam
2621 2010 2723 2069 sibi
2770 2012 3011 2071 condidit
3037 2014 3364 2069 contrariam
3425 2013 3525 2073 sed

1928 2108 2026 2165 per
2052 2095 2234 2149 omnia
2266 2094 2529 2151 voluntati
2558 2111 2668 2151 sure
2704 2096 2834 2153 fecit
2867 2106 3303 2153 consentaneum.

1960 2214 1963 2217 -
2004 2181 2152 2239 Unde
2178 2184 2453 2250 mstimari,
2480 2195 2530 2240 et
2546 2203 2613 2241 ea:
2633 2187 2753 2256 ipso
2773 2187 2884 2241 visu
2907 2198 3047 2242 certo
3068 2197 3253 2258 potest.
3280 2188 3520 2260 Agrestia

1929 2276 2064 2344 enirn
2092 2278 2154 2334 in
2167 2278 2419 2348 aquatica,
2462 2277 2924 2343 convertebant”;
2967 2289 3014 2333 et
3035 2295 3356 2351 quacunque
3372 2290 3520 2335 erant

1933 2368 2286 2445 natantia,“itn
2314 2369 2856 2431 terramdrmibant.
2885 2370 3033 2442 Ignis
3067 2372 3124 2427 in
3154 2388 3292 2443 aqua
3318 2370 3523 2428 valebat

1929 2475 2103 2532 supra.
2125 2476 2275 2517 suam
2319 2461 2558 2523 virtutem
2583 2502 2598 2527 ,
2643 2470 2691 2516 et
2718 2478 2858 2534 aqua
2904 2463 3280 2534 exstinguentis
3317 2474 3523 2518 naturre

1932 2549 2345 2611 Obliviscebatur.
2408 2550 2668 2613 Flamma
2708 2569 2738 2607 c
2780 2555 3045 2609 contrario
3104 2553 3527 2625 corruptibilium

1932 2641 2249 2701 animalium.
2268 2658 2372 2698 non
2397 2652 2711 2701 vexaverant
2736 2659 2933 2699 carnes.
2950 2643 3411 2710 coambulantium,
3430 2662 3522 2700 nec

1932 2732 2297 2791 dissolveoant-
2334 2732 2482 2787 illam
2514 2774 2528 2798 ,
2586 2749 2705 2803 quae
2756 2733 2915 2803 facile
2960 2733 3337 2793 dissolvebatur
3386 2736 3521 2790 sicut

1932 2823 2122 2896 glacies
2150 2824 2340 2885 bonum
2368 2840 2561 2883 escam.
2586 2823 2844 2880 Homines
2872 2825 3017 2880 enim
3038 2833 3094 2880 et
3122 2821 3369 2892 iumenta
3397 2841 3523 2895 pro-

1930 2915 2156 2972 fundum
2196 2914 2365 2977 maris
2397 2915 2567 2971 Rubri
2606 2914 2753 2970 sicco
2781 2915 3007 2985 vestigio
3048 2916 3382 2973 transierunt
3406 2955 3421 2981 ,
3468 2922 3527 2970 et

1933 3022 2079 3062 rana:
2109 3007 2177 3063 de
2200 3006 2382 3064 ﬂuviis
2408 3007 2781 3077 procedentes,
2806 3008 2996 3069 domos
3017 2996 3397 3079 Egyptiorum
3420 3008 3523 3063 im-

1931 3097 2233 3168 pleverunt.
2254 3099 2399 3171 ignis
2431 3113 2563 3155 cum
2582 3100 2844 3170 grandine
2870 3100 3067 3161 mistus
3101 3100 3339 3157 devcmlo
3363 3100 3519 3170 pluit,

239 3172 369 3254 tum
392 3197 572 3253 divina
602 3207 854 3268 ptocuret
872 3172 1493 3268 provide-utiminimicis
1517 3212 1696 3261 autem
1717 3205 1831 3261 suis
1856 3172 1903 3236 Ο
1933 3203 1988 3247 ei
2025 3206 2128 3248 nec
2168 3192 2308 3273 ignis
2342 3207 2565 3262 “quam.
2592 3207 2693 3248 nec
2734 3207 2875 3262 aqua
2920 3193 3098 3264 ἰαιιθω
3150 3192 3521 3259 “ematur.

241 3288 570 3359 condignum
611 3297 936 3346 tormentum
964 3306 1064 3361 per
1089 3300 1394 3348 creaturam
1428 3295 1531 3350 sibi
1560 3296 1828 3352 subditam

240 3379 643 3451 Omnipotentis
670 3391 941 3453 praeparet.
962 3381 1196 3451 justitia.

317 3464 470 3529 Iuste
507 3474 641 3529 enim
679 3475 1015 3544 patiebantur
1051 3475 1337 3531 secundum
1371 3493 1495 3531 suas
1548 3478 1826 3550 nequitias.

240 3560 459 3623 Etenim
488 3558 922 3620 detestabiliorem
956 3565 1420 3637 inhospitalitatem
1456 3569 1828 3635 instituerunt;

1931 3282 2023 3339 sed
2053 3282 2557 3352 paritercadeutes,
2590 3291 2799 3341 terram
2830 3284 3206 3354 percotiebant
3233 3283 3519 3355 Egyptia-

1930 3389 2070 3429 rum.
2104 3373 2206 3430 Ubi
2229 3383 2409 3429 autem
2428 3380 2588 3429 erant
2616 3372 2710 3431 lilii
2741 3373 2907 3431 lsfael
2933 3375 3203 3430 neminem
3235 3373 3516 3440 luserunt,

1929 3474 1989 3522 ut
2013 3467 2320 3523 ostenderet
2343 3466 2484 3536 quod
2516 3466 2700 3523 omnia
2738 3467 3007 3525 elementa
3045 3467 3232 3525 mundi
3275 3482 3383 3524 non
3408 3483 3522 3524 sum

1929 3565 2136 3613 tantum
2160 3556 2475 3612 adnituntur
2494 3556 2814 3623 conditioni,
2852 3558 2950 3619 sed
2985 3558 3249 3615 creatoris
3273 3560 3356 3615 sui
3383 3558 3516 3615 sub-

240 3654 343 3709 alii
375 3656 583 3726 quidem
620 3657 823 3726 ignotos
869 3670 973 3712 non
1001 3658 1311 3729 recipiebant
1345 3658 1591 3726 advenas,
1615 3659 1708 3715 alii
1729 3678 1833 3715 ana

1933 3647 2067 3717 iecta
2092 3648 2412 3706 deserviunt
2431 3648 2721 3705 voluntati.

240 3757 351 3805 tem
372 3749 530 3803 bonos
557 3748 875 3818 hospitesin
907 3749 1204 3805 servitutem
1252 3749 1571 3821 redigebant.
1617 3751 1688 3807 Et
1722 3769 1826 3807 non

238 3836 417 3897 solum
464 3837 576 3895 lucc
600 3877 615 3902 ,
658 3838 748 3891 sed
795 3848 844 3892 et
879 3837 1018 3893 alius
1066 3840 1281 3910 quidam
1319 3852 1576 3911 respectus
1610 3843 1827 3897 illorum

239 3937 394 3991 erat;
421 3926 666 3996 quoniam
694 3926 840 3982 inviti
871 3929 1177 3998 recipiebant
1205 3932 1498 3985 extraneos.
1525 3930 1629 3996 Qui
1654 3942 1833 3986 autem

240 4034 365 4073 cum
382 4017 569 4072 ltetitia
596 4029 893 4088 receperunt
921 4019 1016 4073 Iros
1057 4022 1145 4091 qui
1168 4020 1360 4075 eisdem
1385 4022 1468 4075 usi
1491 4031 1649 4076 erant
1666 4023 1830 4092 justi-

240 4108 374 4172 tiis,
429 4106 726 4169 swvissintis
754 4107 1043 4179 afﬂixerunt
1103 4108 1392 4164 doloribus.
1426 4106 1679 4165 Percussi.
1704 4119 1827 4165 sunt
1868 4174 1871 4175 ν

240 4208 426 4257 autem
454 4199 725 4253 ccecitate:
753 4199 887 4253 sicut
915 4180 999 4252 illi
1027 4199 1083 4253 in
1130 4198 1329 4269 foribus
1360 4199 1517 4271 justi,
1545 4217 1665 4256 cum
1686 4202 1837 4257 subi-

239 4287 419 4343 laneis
446 4289 671 4359 cooperti
700 4296 867 4344 essent
897 4288 1138 4355 tenebris,
1161 4291 1516 4362 unusquisque
1548 4293 1829 4348 transitum

240 4379 370 4435 ostii
405 4379 687 4449 qwrebat.
713 4378 771 4434 Si
804 4380 949 4447 enim
983 4379 1056 4434 illi
1091 4381 1182 4451 qui
1232 4381 1483 4451 antiquos
1518 4396 1704 4437 servos
1731 4381 1833 4439 Dei

240 4467 475 4540 profana
504 4470 827 4529 necessitate
849 4470 916 4527 ad
950 4485 1009 4525 se
1044 4470 1323 4527 venientes
1350 4471 1486 4527 dure
1512 4481 1570 4527 et
1593 4472 1837 4531 itnmise-

241 4562 537 4619 ricorditer
569 4571 973 4628 tractaverunt,
1023 4564 1318 4634 condignas
1356 4579 1546 4635 poenas
1601 4565 1830 4636 recipie-

236 4655 402 4718 bant,
431 4653 503 4707 ita
536 4660 597 4709 ut
621 4662 801 4710 mente
828 4653 1096 4710 tenebrosi
1122 4662 1177 4710 et
1201 4653 1394 4711 ail'ectu
1430 4656 1612 4726 rigidi,
1635 4658 1831 4713 obscu-

235 4741 837 4802 ritatemtenebrarum
870 4753 925 4800 et
946 4746 1283 4801 diversorum
1329 4745 1626 4813 idolorum,
1665 4763 1825 4803 sensu

232 4838 492 4908 corporis
526 4838 885 4905 sustinerent,
931 4846 1133 4908 quanto
1183 4838 1361 4908 magis
1386 4838 1460 4894 illi
1488 4838 1599 4910 qui.
1626 4838 1829 4894 Christi

232 4943 439 4984 servos
458 4935 509 4982 et
548 4927 928 4997 praedicatores
956 4928 1231 5000 Evangelii
1256 4929 1540 4987 inhoneste
1564 4938 1828 5000 respuunt

228 5028 413 5088 atque
462 5028 812 5074 contemnunt
832 5060 848 5085 ,
879 5020 1425 5087 intestimabilibusct
1450 5023 1835 5081 inenarrabili-.5

224 5113 355 5165 bus
380 5110 553 5180 prauis
586 5110 641 5164 in
689 5119 950 5165 aeternum
995 5112 1283 5168 cruciandi
1315 5121 1459 5168 sunt.
1510 5113 1665 5169 Unde
1708 5114 1821 5182 ipsa

226 5203 463 5257 Veritas
492 5201 767 5271 discipulis
807 5204 923 5258 ait:
957 5203 1262 5278 Quicunque
1300 5223 1406 5260 non
1440 5207 1685 5276 receperit
1713 5205 1820 5269 vos,

225 5309 411 5363 neque
456 5292 679 5348 audierit
716 5311 980 5350 sermones
1007 5306 1236 5362 vestros,
1285 5307 1530 5352 exeuntes
1571 5297 1716 5367 foras
1758 5296 1823 5351 de

222 5383 400 5436 domo
426 5380 499 5436 rel
531 5385 764 5450 civitate,
813 5386 1036 5439 excutite
1084 5384 1342 5456 pulverem
1376 5386 1441 5439 de
1482 5386 1698 5457 pedibus
1726 5401 1825 5439 ve-

221 5472 369 5528 stris
390 5485 410 5523 :
461 5472 617 5529 Amen
640 5475 757 5529 dico
786 5476 946 5541 vobis,
973 5474 1295 5530 tolerabilius
1318 5477 1414 5530 erit
1458 5486 1611 5531 teme
1651 5477 1825 5531 Sodo-

223 5577 445 5617 morum
472 5572 521 5619 et
540 5563 997 5620 Comorrhteorum
1038 5567 1093 5619 in
1133 5566 1217 5621 die
1246 5567 1438 5636 judicii
1463 5584 1618 5637 quam
1657 5568 1734 5620 illi
1756 5569 1823 5621 ci-

225 5654 395 5709 uitati
423 5654 615 5726 (blattis
658 5656 738 5729 ι).
769 5656 839 5711 Et
864 5658 1000 5714 bene
1037 5657 1235 5713 dicitur
1259 5656 1398 5728 quod
1433 5659 1672 5726 percussi
1698 5668 1825 5712 sunt

2000 3759 2068 3814 In
2090 3760 2327 3815 omnibus
2351 3759 2491 3814 enim
2512 3759 2615 3825 his,
2637 3758 2882 3826 Domine,
2898 3759 3247 3830 magniﬁcasti
3267 3761 3531 3831 populum.

1927 3863 2095 3915 tuum,
2126 3860 2175 3905 et
2203 3851 2493 3913 honorasti,
2516 3859 2566 3907 et
2588 3849 2997 3921 nondespexisti
3022 3851 3082 3903 in
3118 3849 3259 3903 omni
3290 3859 3522 3919 tempore

1927 3952 1975 3996 et
2003 3943 2061 3996 in
2081 3940 2222 3995 omni
2257 3941 2371 3994 loco
2417 3941 2671 3994 assistens
2688 3941 2780 3994 eis.
2836 3938 2963 3993 Hec
2989 3938 3228 3994 clausula
3258 3938 3383 3994 libri
3408 3953 3519 3993 non

1928 4032 2099 4088 solum
2144 4031 2387 4101 priorum
2425 4029 2684 4093 Patrum,
2743 4029 2838 4084 sed
2865 4036 2921 4082 et
2965 4027 3309 4097 prtesentium
3355 4036 3521 4097 atque

1928 4120 2230 4176 futurorum
2276 4119 2435 4175 simul
2489 4118 2640 4180 facit,
2669 4119 3017 4181 mentionem.
3047 4116 3282 4172 ﬁdelium
3315 4157 3330 4183 ,
3389 4118 3529 4187 quia.

1929 4225 2203 4281 nunquam
2229 4209 2351 4280 pius
2389 4218 2445 4265 et
2484 4208 2794 4265 misericors
2841 4207 3093 4263 conditor
3133 4217 3319 4265 noster
3340 4208 3523 4264 omni-

1927 4309 2143 4371 potens,
2169 4300 2423 4356 videlicet
2445 4300 2589 4355 Deus
2627 4306 2911 4368 sperantes
2931 4298 3072 4354 inse
3102 4297 3381 4363 deservit,
3422 4305 3526 4352 aut.

1928 4395 2240 4453 deserturos
2268 4393 2391 4457 erit,
2413 4393 2507 4447 sed
2552 4391 2784 4461 benigno
2821 4389 3024 4446 auxilio
3062 4388 3240 4455 fovet,
3282 4390 3527 4460 protegit;

1855 4520 1906 4580 Β
1931 4496 2091 4558 atque
2113 4487 2271 4559 regit.
2301 4484 2411 4542 Nec
2439 4485 2545 4542 hoc
2572 4486 2800 4555 quisque
2828 4484 3289 4580 nobisopponere
3333 4484 3517 4548 debet,

1932 4581 2074 4652 quod
2100 4588 2409 4636 sanctorum
2437 4588 2736 4648 martyrum
2760 4591 2989 4647 corpora
3015 4576 3090 4629 in.
3107 4582 3523 4646 persecuturum

1933 4686 2165 4727 suorum.
2193 4684 2403 4726 manus
2432 4668 2735 4733 traduntur,
2766 4668 2891 4736 quia
2920 4682 3026 4723 non
3054 4667 3124 4721 ad
3152 4681 3356 4721 eorum.
3385 4679 3522 4720 nona

1932 4763 2350 4827 dominationem,
2373 4760 2466 4816 sed
2493 4760 2560 4815 ad
2605 4759 2979 4829 probationem
3007 4758 3257 4814 hoc'lieri
3294 4758 3520 4828 permitn

1930 4852 2080 4915 titur,
2105 4852 2332 4905 utsicut
2360 4864 2553 4903 aurum
2583 4849 2638 4903 in
2663 4849 2876 4904 camino
2916 4848 3059 4919 ignis
3111 4862 3220 4902 non
3264 4847 3515 4902 exuritur

1930 4939 2025 4995 sed
2052 4940 2339 5017 probatur,
2392 4941 2465 4992 ita
2494 4938 2787 4997 electorum
2828 4939 3023 4993 animae
3056 4952 3156 5008 per
3178 4937 3374 5008 ignem
3413 4938 3515 4993 tri-

1927 5029 2216 5085 bulationis
2243 5029 2564 5096 examinata
2610 5029 2887 5098 plut-iores
2915 5029 3227 5100 conspectui
3240 5030 3530 5086 creatoris

1930 5120 2015 5174 sui
2048 5119 2361 5184 reddantur,
2391 5120 2514 5189 quia
2542 5120 2966 5189 scriptumsesttz
3010 5118 3149 5177 Vasa
3186 5121 3336 5191 figuli
3364 5138 3508 5191 pro-.-

1930 5208 2014 5263 bat
2048 5208 2260 5278 [οι-τιατ,
2308 5218 2358 5263 et
2409 5210 2639 5264 homines
2682 5208 2857 5279 justas
2905 5211 3505 5267 tentatioitribulationis

1932 5297 2155 5369 (Eccles.
2190 5297 2384 5367 xxvn).
2432 5296 2615 5353 Multa:
2641 5300 2778 5353 enim
2804 5297 3169 5357 tribulationes
3200 5299 3496 5367 justorum,

1929 5397 1977 5442 et
2018 5389 2196 5447 deliis
2247 5389 2483 5443 omnibus
2530 5387 2764 5442 liberabit
2795 5405 2881 5442 eos
2920 5388 3194 5444 Dominus.
3245 5388 3525 5441 Dominus.

1930 5481 2153 5535 custodit
2179 5482 2352 5535 omnia
2373 5497 2492 5535 ossa
2519 5497 2720 5544 eorum,
2751 5497 2911 5534 unum
2946 5496 3011 5534 ea:
3038 5482 3111 5534 eis
3143 5496 3245 5532 non
3271 5487 3503 5530 contere-

1930 5578 2032 5623 tur.
2050 5569 2284 5624 Redimet
2305 5571 2507 5624 animas
2525 5586 2793 5624 servorum
2818 5584 3055 5631 suorum,
3075 5576 3124 5620 et
3147 5582 3251 5619 non
3272 5565 3506 5620 derelin~

1928 5668 2047 5729 quet
2076 5676 2250 5712 omnes
2272 5660 2360 5728 qui
2388 5669 2593 5728 sperant
2620 5658 2676 5712 in
2697 5674 2814 5712 eum
2838 5654 3010 5728 (Psal.
3034 5652 3212 5724 mu).

1550 5822 2167 5833 ~-.—4—..—___-—...———
