3928 6182
418 332 524 390 763

1056 333 1118 388 Β.
1157 329 1409 385 RABAM
1446 327 1663 383 MAURI
1702 327 2020 383 ARCHIEI’.
2063 326 2374 383 MOGUNT.
2415 293 2702 382 OI‘ERUM
2737 326 2918 382 PARS
2952 327 2993 381 ι.

3571 327 3668 382 Ἰϐὢ

414 461 3666 502 W

1017 626 1588 742 ΒΕΔ-ιιι
1667 579 2000 737 ut

2102 625 2416 734 AN!
2487 623 3102 736 MAURI

1141 841 1528 899 FULDENSIS
1565 838 1859 894 ABBATIS
1895 839 1984 893 ET
2019 836 2401 894 MOGUNTINI
2436 837 2953 911 ARCIIIEPISCOPI

867 1002 1932 1181 CIIIIIIIIN’I‘AIIIOIIUM
2042 1002 2170 1153 IN
2279 1001 3252 1158 IIIIGLIISIAS'I‘IGUII
3369 1003 3372 1006 ’

1525 1269 1735 1331 LIBRI
1783 1265 2055 1327 DECEM
2103 1265 2346 1343 (ANNO
2376 1263 2542 1342 8&0.)

1743 1505 2319 1580 ΡΒᾹΞΕΑῚἹΟ

1236 1673 1322 1727 AD
1360 1668 1721 1727 OTGARIUM
1756 1627 2356 1722 ARCIIIEPISCODUM
2397 1658 2884 1716 MOGUNTINUM.

1806 1808 1844 1826 ρ

1869 1806 2221 1820 _

483 1908 712 1966 Domino
741 1904 796 1958 in
839 1900 1068 1956 Domino
1113 1898 1453 1953 dominorum
1488 1893 1858 1957 dilectissimo,
1885 1891 1998 1947 Οτο
2026 1895 2078 1953 Α
2105 1889 2516 1945 Ecclesiasticus
2556 1896 2918 1958 nuncupatur,
2959 1887 3025 1942 ad
3068 1889 3481 1955 instructionem
3512 1894 3690 1952 Ecele.

411 2015 575 2060 GABIO
619 1995 1045 2065 archiepiscopo,
1071 1991 1320 2044 RABANUS
1366 1993 1651 2057 peccator,
1690 1986 1761 2040 in'
1788 1983 2003 2040 Christo

413 2091 666 2150 salutem.

486 2180 680 2236 Sciens
730 2172 1045 2231 benevolam
1077 2167 1432 2224 intentionem
1476 2173 1623 2220 tuam
1667 2173 1722 2219 et
1766 2162 2001 2236 studium

415 2272 470 2325 in
503 2267 703 2325 Christi
748 2263 972 2320 servitio
1023 2258 1438 2321 nobilissimum,
1472 2256 1562 2324 qui
1612 2253 1718 2309 fide
1757 2261 1814 2308 et
1855 2251 2003 2307 cultu

415 2359 709 2414 Ecelesiam
729 2354 826 2409 Dei
847 2369 954 2408 non
987 2349 1294 2421 ignobiliter
1321 2361 1508 2411 ornas,
1536 2344 1758 2415 apposui
1784 2345 2004 2414 quidem

413 2463 513 2518 ego
569 2446 860 2504 vilissimus
894 2456 1176 2498 servorum
1210 2437 1414 2495 Christi
1458 2451 1646 2492 servus
1673 2435 1890 2504 aliquod
1915 2449 2004 2490 so-

416 2539 607 2593 latium
636 2545 764 2601 tuaa,
793 2543 979 2590 sancte
999 2532 1180 2594 Pater,
1207 2529 1518 2600 impendere
1539 2526 1793 2591 solertiae,
1822 2526 1877 2580 in
1905 2540 2003 2581 ex-

415 2627 729 2700 planatione
796 2624 1032 2679 vilelicet
1084 2622 1389 2677 divinarum
1447 2619 1883 2700 Scripturarum,
1946 2623 2004 2670 ut

415 2727 541 2773 voto
567 2714 659 2772 tuo
706 2712 1112 2777 satisfacerem,
1151 2719 1205 2765 et
1235 2710 1488 2766 Ecclesia
1514 2708 1715 2764 Christi
1761 2705 2002 2762 debitum

415 2808 697 2866 servitium
727 2805 1062 2860 exhiberem.
1099 2801 1252 2858 Unde
1278 2802 1445 2857 etiam
1474 2795 2004 2868 explanatiunculam

414 2915 578 2971 quam
607 2899 784 2954 tribus
833 2895 1025 2950 libellis
1067 2895 1122 2948 in
1151 2893 1440 2963 Sapientiae
1469 2890 1689 2953 librum,
1714 2887 1806 2958 qui
1845 2885 2004 2956 vulgo

412 2991 714 3062 appellatur
741 2987 1067 3052 Salomonis,
1090 2984 1254 3048 edidi,
1284 2991 1388 3038 tuae
1422 2979 1756 3037 venerationi
1794 2977 2004 3048 pridem

413 3080 608 3137 direxi.
639 3079 707 3133 Et
742 3093 888 3132 nunc
937 3074 1256 3146 opusculum
1287 3072 1432 3141 quod
1479 3071 1533 3124 in
1573 3068 1909 3138 expositione
1946 3066 2008 3119 li-

414 3170 497 3224 bri
523 3167 652 3224 Jesu
682 3165 776 3222 filii
803 3166 1018 3229 Sirach,
1047 3163 1137 3232 qui
1180 3159 1596 3216 Ecclesiasticus
1635 3166 2002 3228 nuncupatur,

2103 1985 2198 2039 site
2223 1983 2341 2050 Dei,
2369 1984 2474 2038 hoc
2524 1989 2608 2038 est
2647 1981 2828 2052 populi
2852 1980 3172 2054 Christiani,
3206 1995 3332 2040 sunt
3377 1988 3680 2046 utilissimi:

2103 2089 2332 2144 quorum
2381 2073 2620 2144 priorem
2665 2073 3106 2129 concionatorem
3151 2089 3441 2144 possumus
3479 2079 3684 2144 dicere,

2103 2163 2332 2218 alterum
2363 2178 2496 2238 vero
2539 2173 2986 2234 eongregatorem
3034 2179 3128 2220 seu
3159 2165 3532 2224 colleclorem.
3590 2171 3684 2226 Sed

2103 2255 2247 2310 inter
2267 2254 2655 2310 Eeelesiastem
2679 2263 2736 2309 et
2774 2255 2917 2310 inter
2939 2255 3382 2313 Ecclesiasticum
3413 2261 3575 2316 istam
3597 2261 3689 2317 Pa-

2102 2355 2215 2403 tres
2237 2362 2468 2417 posuere
2493 2347 2836 2413 distantiam,
2863 2347 3006 2416 quod
3055 2348 3413 2405 Ecclesiastes
3440 2353 3509 2406 ad
3543 2352 3687 2408 Chri-

2102 2447 2245 2494 stum
2269 2438 2556 2493 Dominum
2582 2439 2814 2492 maxime
2843 2439 3000 2494 debet
3035 2438 3253 2505 referri,
3279 2441 3687 2499 Ecclesiasticus

2101 2545 2232 2586 vero
2275 2530 2579 2600 cuicunque
2626 2529 2776 2598 justo
2835 2531 3180 2600 praedicatori
3231 2543 3411 2602 potest
3455 2536 3690 2590 absolute

2102 2636 2423 2694 congruere,
2453 2622 2544 2692 qui
2584 2621 2886 2677 Ecclesiam
2913 2623 3124 2678 Domini
3161 2625 3524 2680 sanctissimis
3561 2626 3690 2682 solet

2101 2714 2319 2768 monitis
2353 2727 2686 2783 congregare
2715 2731 2728 2766 :
2760 2712 2903 2782 quod
2931 2713 3119 2782 utique
3143 2723 3468 2783 praesentem
3499 2716 3687 2770 librum

2103 2804 2296 2860 fecisse
2343 2803 2688 2859 manifestum
2738 2811 2842 2858 est.
2895 2803 2995 2870 Qui
3041 2816 3265 2874 propter
3315 2806 3687 2862 excellentiam

2102 2896 2360 2951 virtutum
2392 2909 2609 2949 suarum
2636 2903 2936 2963 panaretos,
2963 2894 3015 2949 id
3048 2903 3132 2950 est
3162 2897 3426 2951 virtutum
3457 2899 3690 2952 omnium

2103 3001 2312 3055 capax,
2357 2984 2679 3055 appellatur.
2735 2984 2902 3053 Cujus
2937 2994 3084 3041 tanta
3136 2988 3392 3056 claritas,
3443 2999 3692 3061 tantaque

2103 3076 2343 3131 latinitas
2371 3084 2474 3142 est,
2507 3084 2566 3131 ut
2617 3076 2718 3130 sibi
2749 3084 2926 3131 textus
2980 3078 3095 3148 ipse
3122 3082 3551 3137 commentarius
3593 3084 3690 3146 sit;

2104 3179 2267 3240 atque
2299 3170 2503 3224 utinam
2529 3184 2693 3238 quam
2725 3171 2834 3224 cito
2877 3179 3057 3226 mente
3093 3174 3304 3243 capitur
3330 3216 3345 3239 ,
3400 3184 3514 3230 tam
3555 3176 3694 3232 facili

414 3261 600 3315 decem
640 3258 793 3313 libris
820 3270 994 3325 nuper
1039 3252 1269 3315 confeci,
1303 3250 1465 3304 simili
1491 3249 1776 3304 devotione
1815 3247 2001 3301 oll‘ero.
2034 3244 2081 3303 B
2109 3269 2325 3316 actuum
2356 3261 2614 3330 qualitate
2642 3262 2979 3318 redderetur.
3009 3263 3179 3334 Hujus
3211 3282 3342 3338 ergo
3379 3267 3505 3323 libri
3539 3270 3694 3325 lectio

415 3352 487 3408 Ut
535 3363 779 3405 summus
825 3347 1079 3402 sacerdos
1127 3343 1332 3400 Christi
1372 3353 1428 3396 et
1466 3341 1795 3394 architectus
1839 3338 2004 3392 divini

414 3441 656 3508 aedilicii,
689 3442 907 3496 domum
939 3437 1239 3508 sapientia),
1275 3450 1440 3505 quam
1465 3434 1580 3504 ipsa
1607 3432 1709 3487 sibi
1740 3430 2002 3494 fundavit,

415 3546 579 3605 atque
601 3536 654 3588 in
677 3542 881 3604 septem
913 3531 1178 3587 columnis
1201 3528 1394 3595 erexit,
1425 3526 1644 3596 scriptis
1677 3523 2006 3580 ecclesiasti-

413 3629 493 3683 cis
537 3642 635 3696 pro
677 3625 836 3682 modo
866 3624 1019 3679 tibia
1048 3622 1158 3677 Deo
1189 3634 1448 3676 concesso
1489 3619 1804 3681 adornares,
1832 3621 1888 3669 et
1928 3613 2006 3666 lu-

412 3738 564 3776 crum
597 3721 778 3792 gregis
809 3719 905 3774 Dei
942 3715 1322 3787 ampliﬁcares.
1361 3712 1472 3769 Nec
1493 3711 1645 3766 aliud
1676 3711 2003 3764 instrumen-

414 3823 530 3869 tum
554 3817 620 3869 ad
647 3815 752 3869 hoc
780 3813 959 3882 aptius
981 3827 1103 3866 esse
1128 3810 1332 3881 putavi,
1365 3824 1527 3880 quam
1576 3805 1718 3876 quod
1744 3806 1862 3874 ipsa
1899 3803 2001 3859 Sa-

413 3904 620 3974 pientia
650 3919 749 3958 suo
780 3903 998 3956 nomine
1022 3909 1077 3955 et
1103 3909 1223 3955 arte
1271 3899 1506 3954 dicavit:
1547 3897 1691 3968 quod
1717 3896 1770 3950 in
1807 3908 2000 3964 super-

414 3997 536 4052 ficie
561 4011 774 4064 quoque
818 4002 873 4048 et
921 3994 973 4047 in
1005 3991 1235 4047 medulla
1273 3991 1529 4045 virtutem
1571 3996 1715 4042 tenet
1761 3985 2002 4041 scientiw

413 4095 469 4140 et
494 4086 729 4155 pietatis,
755 4084 896 4139 sicut
922 4084 974 4137 in
1009 4082 1275 4152 prommio
1298 4079 1655 4150 prazcedentis
1690 4077 1831 4142 libri,
1860 4085 1916 4130 et
1945 4075 1998 4128 in

413 4177 592 4245 capite
634 4175 916 4246 przesentis
949 4174 1275 4230 declaratur.
1316 4172 1456 4227 Dicit
1487 4170 1630 4224 enim
1659 4171 1848 4224 beatus
1874 4168 2000 4224 Ilie-

413 4283 671 4338 ronymus
693 4267 746 4320 in
768 4267 1008 4337 prologo,
1030 4280 1191 4336 quem
1206 4263 1652 4334 interpretatione
1668 4262 1999 4318 voluminum

415 4357 720 4413 Salomonis
768 4355 837 4411 ad
881 4355 1253 4412 Chromatium
1279 4363 1334 4409 et
1369 4344 1676 4408 Eliodorum
1717 4353 1998 4422 episcopos

414 4449 738 4520 conscripsit
763 4490 777 4514 ,
825 4449 971 4504 hunc
1010 4449 1206 4503 librum
1231 4445 1358 4501 Jesu
1390 4445 1482 4499 filii
1531 4444 1720 4498 Sirach
1771 4457 1829 4499 se
1855 4443 1996 4513 apud

413 4538 671 4594 Hebraeos
717 4538 986 4607 reperisse
1009 4553 1114 4591 non
1145 4535 1580 4591 Ecelesiasticum
1599 4573 1614 4598 ,
1647 4541 1705 4587 ut
1730 4534 1868 4603 apud
1895 4533 1996 4607 La-

2109 3351 2363 3422 frequens
2388 3353 2526 3422 apud
2559 3362 2609 3408 te
2635 3353 2722 3415 sit,
2747 3363 2935 3410 sancte
2959 3354 3140 3422 Pater,
3164 3366 3219 3413 et
3260 3359 3696 3418 testimoniorum

2109 3442 2225 3512 ejus
2247 3443 2464 3499 assidua
2501 3445 2812 3509 meditatio,
2860 3456 3128 3516 quatenus
3155 3452 3434 3522 cogitatio,
3461 3471 3587 3525 qua:
3617 3465 3692 3511 te-

2106 3551 2230 3590 cum
2259 3551 2356 3606 pro
2388 3536 2591 3591 honore
2612 3537 2812 3607 gradus
2847 3547 2903 3593 et
2928 3539 3190 3595 virtutum
3233 3544 3430 3598 merito
3461 3545 3698 3601 incessa-

2104 3625 2286 3680 biliter
2318 3635 2690 3690 conversatur,
2725 3629 2941 3683 assidue
2981 3631 3208 3686 verbum
3253 3633 3347 3686 Dei
3374 3635 3566 3688 audiat
3589 3677 3604 3700 ,
3645 3643 3698 3689 et

2103 3716 2511 3787 disciplinarum
2542 3718 2828 3772 utilitatem
2863 3719 3148 3791 intelligat,
3177 3730 3339 3791 atque
3364 3737 3592 3779 servare
3620 3723 3698 3779 di-

2105 3817 2237 3863 scat.
2267 3807 2338 3864 Ut
2360 3809 2521 3863 homo
2549 3809 2642 3863 Dei
2667 3823 2880 3880 semper
2902 3811 2974 3865 sit
3020 3822 3244 3881 paratus
3274 3814 3341 3867 ad
3371 3831 3540 3871 omne
3567 3832 3701 3887 opus

2103 3900 2329 3963 bonum,
2353 3906 2408 3954 et
2441 3899 2630 3970 religio
2655 3899 2982 3965 Christiana,
3005 3911 3060 3956 et
3101 3903 3209 3957 vita
3253 3902 3494 3959 fidelium
3546 3906 3702 3976 plene

2102 3989 2387 4055 clarescat,
2414 3989 2857 4060 glorificeturque
2891 3992 3032 4046 Deus
3069 4008 3170 4061 per
3194 3993 3376 4049 omnia
3419 3995 3471 4049 in
3520 3997 3702 4051 omni-

2101 4083 2221 4137 bus.
2253 4081 2328 4136 De
2349 4089 2547 4136 caetero
2567 4097 2781 4152 quoque
2802 4098 2994 4138 moneo
3015 4083 3273 4140 lectorem
3293 4125 3309 4149 ,
3345 4087 3388 4140 si
3417 4087 3543 4156 ejus
3572 4103 3703 4156 pru-

2101 4174 2295 4229 dentiae
2315 4174 2508 4228 alicubi
2532 4174 2584 4228 in
2614 4175 2717 4229 hoc
2737 4191 2899 4245 opere
2944 4184 3128 4232 nostro
3175 4193 3368 4233 sensus
3389 4178 3703 4248 displiceat,

2100 4267 2184 4321 vel
2211 4266 2385 4320 oratio
2417 4266 2716 4330 sordescat,
2740 4282 2844 4321 non
2881 4283 2980 4322 nos
3011 4269 3302 4325 temerario
3352 4269 3568 4336 judicio
3597 4271 3705 4324 cito

2099 4357 2479 4427 reprehendat,
2505 4357 2598 4412 sed
2637 4356 2810 4428 magis
2838 4357 3143 4414 infirmitati
3163 4369 3218 4414 ct
3248 4360 3574 4430 ignorantiae
3611 4377 3706 4416 vc-

2099 4448 2244 4501 niam
2265 4445 2496 4512 tribuat;
2541 4446 2784 4516 sciatque
2821 4447 2936 4501 loca
2966 4448 3040 4502 ibi
3077 4463 3199 4504 esse
3227 4448 3488 4515 difﬁcilia,
3523 4460 3582 4505 et
3623 4451 3707 4504 di-

2102 4537 2272 4592 versis
2305 4535 2683 4606 aenigmatihus
2706 4538 2860 4593 valde
2889 4539 3118 4594 obscura
3147 4555 3162 4593 :
3190 4541 3331 4595 unde
3355 4541 3516 4596 debet
3557 4544 3709 4613 igno«

415 4633 560 4686 tinos
583 4672 598 4697 ,
643 4630 736 4685 sed
765 4629 1055 4684 Parabolas
1085 4636 1456 4698 pramotatum.
1489 4625 1586 4681 Cui
1636 4625 1808 4694 juncti
1842 4605 2001 4680 erant
2026 4595 2070 4657 C
2105 4643 2259 4682 scere
2279 4595 2450 4682 labori
2481 4635 2699 4692 nostro;
2746 4637 2838 4682 aut
2864 4629 2908 4683 si
2944 4629 3074 4698 quid
3121 4630 3314 4683 melius
3337 4595 3608 4700 potuerit)
3627 4633 3709 4686 in.-

415 4723 772 4780 Ecclesiastes
810 4731 866 4775 et
901 4721 1182 4776 Canticum
1213 4718 1569 4782 canticorum,
1592 4725 1652 4770 ut
1688 4716 1995 4771 similitudi-

414 4832 536 4871 nem
565 4814 870 4870 Salomonis
896 4829 1002 4870 non
1033 4813 1206 4869 solum
1235 4811 1493 4867 librorum
1532 4823 1776 4874 numero,
1809 4809 1902 4864 sed
1942 4816 1998 4863 et

414 4906 768 4960 materiarum
804 4919 1002 4976 genere
1037 4913 1358 4975 coazquaret.
1397 4903 1638 4956 Alterum
1670 4916 1798 4955 vero
1824 4941 1838 4964 ,
1894 4901 1996 4956 hoc

412 5005 497 5051 est
528 4995 818 5066 Sapientiae
847 4997 1065 5063 librum,
1089 5011 1354 5068 nusquam
1382 4997 1520 5066 apud
1557 4996 1701 5064 ipsos
1739 4993 1995 5049 Hebraeos

413 5089 695 5159 reperisse.
742 5087 846 5144 Sed
884 5090 1055 5162 magis
1102 5090 1250 5145 illum
1300 5089 1544 5144 Graecam
1596 5087 1839 5144 redolere
1884 5085 1996 5142 elo-

412 5181 710 5249 quentiam,
742 5197 903 5252 quam
928 5190 983 5238 et
1016 5182 1254 5238 nonnulli
1277 5181 1517 5236 Philonis
1540 5195 1659 5236 esse
1699 5181 1988 5235 aﬂirmant.

412 5270 679 5326 Praeterea
710 5273 1006 5329 notandum
1034 5273 1176 5343 quod
1227 5272 1313 5326 ille
1362 5271 1498 5327 liber
1525 5270 1831 5326 Salomonis
1855 5311 1870 5333 ,
1899 5269 1991 5338 qui

409 5359 609 5418 dicitur
653 5363 1008 5420 Ecclesiastes
1077 5371 1134 5416 et
1171 5362 1271 5416 iste
1307 5359 1435 5416 Jesu
1468 5359 1560 5414 ﬁlii
1620 5360 1811 5415 Sirach
1835 5398 1850 5422 ,
1899 5359 1990 5426 qui

2106 4717 2310 4782 venire,
2341 4733 2438 4772 nos
2467 4718 2520 4771 in
2547 4717 2666 4786 ejus
2693 4718 3016 4772 sententiam
3036 4727 3255 4789 paratos
3275 4720 3414 4775 sciat
3437 4721 3706 4777 transire.

2105 4808 2404 4864 Dummodo
2433 4809 2645 4863 noverit
2687 4810 2924 4873 veniam,
2948 4825 3110 4879 quam
3149 4811 3304 4865 nobis
3349 4811 3511 4865 illum
3549 4823 3710 4882 opta-

2103 4917 2224 4955 mus
2247 4901 2506 4965 tribuere,
2529 4917 2588 4955 se
2612 4900 2680 4954 ab
2718 4900 2858 4965 aliis,
2889 4901 2979 4954 ubi
3013 4900 3231 4971 indiget,
3265 4900 3574 4969 aliquando
3615 4915 3709 4954 ac-

2101 5001 2402 5061 cepturum.
2449 4991 2721 5061 Scriptum
2765 4999 2849 5046 est
2878 4992 3060 5046 enim:
3097 5009 3116 5041 ι
3149 4990 3203 5044 1η
3228 5006 3335 5059 quo
3359 4990 3585 5058 judicio
3626 4992 3709 5061 ju-

2100 5083 2430 5147 dicaveritis,
2449 5083 2779 5153 iudicabitur
2801 5082 2868 5136 de
2893 5081 3064 5137 vobis.
3091 5101 3109 5133 ι
3147 5080 3345 5136 Sancta
3375 5081 3536 5136 Deus
3584 5080 3709 5136 Tri-

2100 5172 2241 5227 nitas
2288 5172 2674 5228 beatitudinem
2715 5181 2952 5226 vestram
3007 5171 3205 5239 ubique
3236 5177 3290 5224 et
3335 5170 3390 5224 in
3436 5172 3710 5226 omnibus

2099 5279 2422 5320 conservare
2456 5263 2738 5332 dignetur,
2791 5271 2977 5317 sancte
3017 5261 3206 5327 Pater,
3242 5276 3555 5318 memorem
3611 5276 3705 5318 no-

2098 5355 2220 5410 stri.
