3904 6184
228 323 327 381 765

226 456 1280 487 __________________.._______

1123 304 1477 367 COMMENT.
1515 303 1586 359 IN
1624 300 2231 361 ECCLESlASTlCUH.
2266 332 2339 344 —-
2373 299 2504 359 LIB.
2543 300 2586 354 1.
2671 360 2676 364 ,

1473 600 1766 677 LIBER
1820 597 2240 675 PRIMUS.

740 848 968 908 CAPUT
1014 845 1301 903 PRIMUM.

231 949 303 1010 De
326 961 521 1007 wtema
546 945 644 1001 Dei
670 941 975 1015 Sapientia,
1021 938 1159 1015 quod
1183 953 1385 1008 semper
1409 952 1525 989 cum
1556 934 1718 989 Patre
1741 934 1806 990 sit

829 1021 949 1066 ante
987 1007 1203 1065 uacula.

298 1135 445 1204 (Car.
472 1132 538 1199 ι.)
568 1148 585 1180 ι
617 1126 808 1183 Omnis
840 1122 1106 1193 sapientia
1142 1135 1172 1174 a
1199 1119 1427 1174 Domino
1456 1119 1565 1174 Deo
1585 1127 1669 1174 est
1692 1160 1706 1183 ,
1756 1126 1808 1173 et

281 1243 401 1282 cum
436 1225 527 1280 illo
572 1222 668 1277 fuit
691 1235 924 1291 semper,
953 1225 1006 1273 et
1027 1224 1110 1272 est
1141 1224 1266 1271 ante
1304 1230 1498 1269 aevum.
1519 1234 1559 1287 ἡ»
1592 1213 1808 1269 Princi-

228 1321 371 1392 pium
399 1333 529 1388 ergo
554 1316 710 1371 istius
730 1314 853 1368 libri
882 1313 950 1368 de
990 1318 1191 1365 teterna
1231 1307 1327 1363 Dei
1370 1309 1629 1378 sapientia
1671 1306 1811 1379 (qua:

228 1420 311 1467 est
352 1406 620 1479 Christus)
671 1412 892 1470 narrat,
935 1401 1079 1473 quod
1121 1415 1336 1472 semper
1372 1416 1496 1454 cum
1535 1399 1696 1455 Patre
1741 1400 1809 1454 sit

228 1511 352 1557 ante
383 1498 611 1564 saecula;
658 1505 715 1553 ει
755 1493 1048 1551 concordat
1074 1490 1368 1563 Evangelio
1399 1487 1643 1552 Joannis,
1668 1489 1812 1560 quod

229 1594 303 1649 ita
332 1592 550 1647 inchoat
577 1609 590 1643 :
627 1608 645 1642 ε
674 1587 731 1643 ln
758 1585 1026 1658 principio
1055 1593 1174 1640 erat
1209 1583 1466 1648 Verbum,
1493 1591 1547 1659 et
1577 1581 1812 1636 Verbum

230 1682 351 1743 erat.
369 1684 511 1757 apud
534 1685 724 1747 Deum,
745 1694 802 1737 et
826 1681 971 1736 Deus
993 1687 1111 1735 erat
1152 1677 1426 1734 Verbum:
1464 1678 1569 1731 hoc
1606 1681 1718 1730 erat
1758 1673 1812 1728 in

232 1776 492 1849 principio
530 1774 671 1845 apud
710 1773 899 1828 Deum.
933 1791 951 1824 ›
978 1766 1166 1827 Omnis
1204 1783 1334 1844 ergo
1362 1767 1627 1839 sapientia
1658 1781 1689 1819 a
1713 1762 1816 1819 Do-'

232 1874 374 1929 mino
400 1871 514 1926 Deo
533 1878 636 1935 est,
658 1869 785 1939 quia
808 1867 1077 1930 Christus,
1102 1865 1194 1935 qui
1212 1873 1290 1919 est
1309 1863 1428 1918 fons
1451 1862 1574 1918 vita:
1600 1870 1654 1916 et
1677 1880 1695 1911 ι
1722 1860 1815 1914 lux

231 1980 358 2019 vera
397 1977 517 2033 qua:
565 1960 829 2015 illuminat
868 1973 1085 2014 omnem
1128 1956 1400 2011 hominem
1425 1954 1728 2011 venientem
1763 1953 1814 2006 in

232 2054 371 2108 hunc
394 2051 674 2115 mundum,
704 2070 721 2101 ι
749 2065 780 2103 a
809 2041 922 2103 Deo
966 2047 1127 2102 Patre
1162 2055 1319 2101 natus
1354 2053 1459 2108 est,
1484 2052 1539 2099 et
1574 2062 1593 2095 ‹
1630 2043 1817 2105 omnia

231 2163 326 2218 per
346 2148 520 2216 ipsum
548 2143 686 2199 facta
719 2132 865 2206 sunt,
892 2149 947 2196 et
972 2140 1089 2195 sine
1115 2137 1232 2209 ipso
1261 2137 1463 2191 factum
1484 2146 1570 2191 est
1597 2135 1749 2190 nihil.
1793 2155 1810 2186 ι

231 2235 485 2304 Quisquis
514 2241 696 2287 autem
722 2229 882 2299 hujus
910 2228 1187 2298 sapientiae
1207 2227 1408 2280 lumine
1441 2233 1613 2290 caret,
1636 2225 1695 2301 in
1739 2232 1818 2280 te-

231 2327 410 2383 nebris
435 2323 693 2387 ambulat,
726 2330 781 2376 et
808 2321 979 2375 nescit
1006 2334 1112 2389 quo
1140 2318 1322 2382 vadat,
1351 2316 1609 2386 quoniam
1658 2324 1812 2370 tene-

231 2419 339 2472 brae
361 2419 771 2470 excmcaverunt
793 2409 980 2465 oculos
1021 2410 1158 2479 ejus.
1191 2407 1260 2461 Et
1286 2406 1546 2476 quidquid
1573 2406 1700 2461 huic
1732 2421 1819 2461 sa-

231 2510 446 2582 pientiae
477 2507 815 2568 adversatur,
843 2503 1066 2567 stultitia
1101 2502 1275 2572 magis
1303 2500 1529 2555 dicenda
1550 2508 1635 2554 est
1657 2515 1821 2569 quam

233 2600 539 2674 prudentia.
568 2597 720 2654 Unde
747 2595 947 2649 Paulus
971 2595 1081 2648 ait:
1119 2612 1137 2644 ι
1189 2592 1464 2671 Sapientia
1490 2593 1633 2647 enim
1662 2592 1823 2662 hujus

234 2690 415 2748 mundi
444 2687 672 2744 stultitia
695 2694 778 2741 est
803 2685 941 2755 apud
972 2684 1138 2738 Deum
1163 2682 1212 2751 (Ι
1227 2682 1349 2737 Cor.
1374 2682 1479 2753 ιιι).
1515 2703 1534 2735 ι
1562 2674 1628 2737 Et
1649 2684 1776 2738 item
1804 2701 1818 2736 :

240 2802 260 2835 ι
294 2780 588 2838 Prudentia
617 2779 759 2832 enim
790 2777 971 2833 carnis
1003 2790 1148 2829 mors
1168 2784 1272 2829 est.
1301 2773 1595 2829 Prudentia
1643 2782 1823 2829 autem

235 2874 482 2946 spiritus,
506 2873 614 2926 vita
639 2879 693 2924 et
718 2886 823 2940 pax
847 2867 1182 2940 (Rom.vm).
1217 2888 1235 2921 ι
1267 2866 1531 2934 Quoniam
1559 2868 1824 2937 sapientia

237 2964 420 3021 carnis
454 2961 673 3017 inimica
711 2967 793 3016 est
839 2958 982 3024 Deo;
1029 2958 1130 3028 legi
1154 2957 1299 3012 enim
1328 2956 1422 3011 Dei
1455 2972 1560 3012 non
1588 2965 1673 3011 est
1700 2958 1828 3013 sub-

230 3058 394 3127 jecta,
417 3070 518 3110 nec
545 3054 688 3109 enim
719 3062 915 3122 potest.

313 3169 332 3201 ι
368 3149 606 3203 Arenam
632 3146 823 3209 maris,
853 3155 908 3199 et
935 3128 1129 3214 pluviaé
1168 3150 1368 3213 guttas,
1399 3149 1452 3195 et
1486 3140 1601 3196 dies
1626 3139 1825 3203 saeculi,

243 3263 263 3296 ι
298 3242 423 3313 quis
470 3237 868 3295 dinumeravit?
902 3236 1254 3290 Altitudincm
1296 3233 1440 3298 cmli,
1482 3241 1536 3287 et
1587 3232 1829 3287 latitudi-

244 3355 262 3387 ι
299 3347 424 3388 ηειη
470 3342 650 3395 terrte,
675 3337 729 3384 et
768 3327 1087 3398 profundum
1134 3326 1353 3396 abyssi,
1388 3325 1510 3395 quis
1553 3324 1830 3379 dimensus

246 3445 265 3477 ι
296 3424 417 3480 est?
454 3420 785 3491 Sapientiam
815 3418 909 3473 Dei
957 3417 1349 3488 prmcedentem
1389 3415 1569 3470 omnia
1601 3415 1722 3485 quis
1746 3416 1830 3469 in-

246 3535 266 3568 c
299 3511 617 3584 vestigavit?
649 3529 667 3562 ι
702 3506 1172 3580 Comparationem
1207 3507 1335 3562 facit
1356 3506 1718 3577 corporalium
1747 3522 1831 3561 re-

241 3620 360 3660 rum
391 3603 459 3657 ad
490 3600 774 3671 spiritalia,
803 3608 863 3655 ut
902 3616 969 3656 ex
1008 3597 1333 3655 dillicillimis
1380 3607 1660 3669 pensetur,
1690 3599 1833 3669 quod

240 3695 463 3752 omnino
506 3692 836 3762 impossibile
880 3700 981 3747 est.
1014 3690 1072 3745 Si
1117 3691 1263 3745 enim
1311 3707 1533 3746 arenam
1563 3691 1732 3746 maris
1778 3703 1834 3746 et

241 3784 437 3856 pluviae
457 3791 637 3853 guttas
676 3788 732 3836 et
773 3781 889 3836 dies
922 3780 1101 3836 smculi
1132 3796 1291 3835 nemo
1338 3780 1684 3836 dinumerare
1739 3798 1834 3851 po.

241 3881 371 3937 test,
408 3886 585 3940 neque
607 3869 943 3925 altitudinem
972 3868 1092 3924 εωιί
1122 3878 1176 3923 ει
1199 3868 1536 3924 latitudinem
1563 3878 1718 3924 terra:
1746 3879 1831 3923 at-

242 3980 348 4034 que
394 3962 716 4034 profundum
770 3961 947 4033 abyssi
990 3960 1207 4015 metiri:
1252 3974 1370 4029 qum
1418 3969 1597 4014 tamen
1652 3961 1833 4014 omnia

241 4063 395 4110 εειιο
433 4068 679 4118 numero,
710 4067 960 4107 mensura
1015 4060 1070 4104 Ci.
1114 4050 1352 4120 pondere
1385 4066 1414 4104 a
1459 4059 1706 4105 creatore
1736 4065 1834 4105 ευο

242 4144 464 4200 condita
494 4151 657 4198 sunt:
692 4142 960 4212 quomodo
1020 4141 1340 4210 sapientiam
1391 4141 1525 4205 Dei,
1572 4157 1691 4211 quae
1720 4142 1836 4197 sine

242 4234 354 4289 ﬁne
400 4243 457 4288 et
485 4235 637 4289 initio
665 4241 893 4299 constat,
939 4240 994 4289 et
1032 4232 1410 4287 inenarrabilis
1438 4242 1599 4302 atque
1630 4232 1831 4287 inaesti-

241 4326 463 4382 mabilis
497 4340 711 4395 semper
732 4334 931 4389 manet,
961 4323 1101 4378 nllus
1127 4322 1455 4394 investigare
1481 4324 1692 4393 potest?
1722 4324 1840 4379 Vir-

240 4427 333 4473 tus
354 4418 500 4473 enim
528 4415 623 4470 Dei
660 4424 716 4471 et
766 4414 1027 4486 sapientia
1056 4415 1197 4485 (qua:
1222 4424 1303 4471 est
1328 4413 1593 4485 Christus)
1623 4430 1837 4485 semper

242 4522 370 4565 cum
397 4506 564 4561 Patre
597 4513 733 4569 erat,
760 4515 815 4560 et
839 4507 977 4560 sicut
1019 4505 1181 4560 Pater
1208 4506 1324 4561 sine
1352 4506 1637 4575 initio,gsic
1663 4516 1716 4562 et
1750 4506 1837 4561 Fi-

243 4593 352 4652 lius
378 4597 500 4652 sine
528 4594 679 4649 initio
705 4605 805 4651 est.

870 4705 1097 4762 CAPUT
1147 4707 1210 4763 ll.

251 4819 330 4875 De
350 4818 612 4888 sapientia
638 4817 753 4882 Dei,
779 4818 833 4870 id
851 4827 925 4871 est
950 4816 1091 4872 Filio
1111 4816 1471 4888 Patris,quod
1491 4828 1613 4873 ante
1633 4835 1836 4873 omnem

1842 844 1889 902 A
1918 841 2133 912 generis
2159 824 2333 895 salute
2360 837 2730 908 temporaliter
2764 836 3060 892 incarnari.
3089 834 3326 891 Verbum
3346 822 3490 892 enim

1910 933 2199 989 creationis
2219 935 2287 987 ad
2308 933 2603 987 humanam
2649 946 2758 985 non
2788 930 2854 984 ad
2875 929 3115 984 divinam
3137 929 3373 1000 pertinet
3399 945 3494 984 na-

1910 1034 2106 1081 turam.
2143 1025 2251 1080 Sed
2278 1034 2498 1096 propter
2527 1024 2791 1078 unitatem
2818 1036 3065 1092 personae
3097 1019 3385 1091 aliquando
3416 1021 3496 1075 di-

1911 1123 2055 1178 citur
2077 1118 2217 1172 [ilius
2245 1118 2488 1190 genitus,
2520 1116 2812 1185 aliquando
2841 1129 2972 1169 vero
3011 1122 3227 1169 creatus
3253 1131 3265 1165 :
3295 1112 3496 1184 princi—

1909 1214 2054 1285 pium
2084 1226 2215 1282 ergo
2246 1210 2455 1263 viarum
2492 1208 2586 1262 Dei
2617 1220 2734 1273 est,
2781 1215 2841 1262 ut
2875 1208 2989 1277 ipse
3027 1206 3106 1261 ait
3135 1225 3148 1260 :
3179 1225 3197 1257 ι
3229 1206 3342 1277 Ego
3377 1222 3494 1261 sum

1910 1304 1997 1357 via
2028 1300 2210 1373 (Joan.
2246 1300 2392 1372 xxv);
2431 1321 2450 1352 ι
2488 1300 2579 1372 qui
2605 1315 2831 1369 surgens
2877 1315 2908 1354 a
2948 1299 3176 1355 mortuis
3224 1300 3329 1354 iter
3375 1297 3500 1354 fecit

1911 1393 2166 1449 Ecclesia:
2212 1392 2281 1447 ad
2326 1408 2554 1464 regnum
2601 1393 2697 1447 Dei
2740 1393 2809 1447 ad
2857 1392 3026 1446 vitam
3073 1400 3354 1447 internum.
3388 1412 3407 1444 ι
3439 1392 3500 1446 in

1913 1499 2097 1555 Opera,
2130 1483 2325 1552 inquit,
2354 1498 2450 1537 sua
2482 1501 2495 1536 :
2535 1502 2553 1534 ι
2581 1483 2672 1553 qui
2698 1482 2764 1537 ad
2796 1483 3109 1538 redimenda
3134 1499 3296 1553 opera
3324 1482 3502 1540 Patris

1914 1590 1981 1630 ex
2007 1575 2217 1646 virgine
2245 1582 2462 1629 creatus
2488 1581 2590 1628 εει.
2618 1572 2933 1643 Suscipiens
2962 1588 3213 1638 carnem,
3252 1581 3312 1627 ut
3334 1589 3502 1644 opera

1913 1663 2094 1719 Patris
2126 1679 2159 1718 a
2196 1663 2520 1734 corruptelae
2568 1663 2793 1739 servitio
2838 1662 3119 1718 liberaret.
3169 1662 3308 1720 Caro
3355 1665 3501 1719 enim

1915 1753 2114 1809 Christi
2151 1764 2373 1825 propter
2405 1769 2606 1826 opera,
2648 1754 2905 1809 divinitas
2952 1760 3077 1810 ante
3115 1769 3300 1825 opera.
3340 1754 3495 1811 Unde

1916 1848 2163 1918 sequitur
2194 1867 2207 1901 :

2533 1938 2765 1995 CAPUT
2802 1938 2887 1996 III.

2427 2027 2678 2103 Sequitur
2716 2040 2771 2084 ut
2810 2048 2987 2101 supra.

1998 2162 2017 2196 ι
2057 2142 2202 2198 Fons
2237 2143 2516 2213 sapientiae
2544 2143 2770 2203 verbum
2806 2142 2903 2198 Dei
2934 2143 2993 2199 in
3028 2143 3260 2199 excelsis
3283 2184 3298 2211 ,
3329 2155 3386 2199 et
3416 2143 3503 2198 in-

1927 2251 1947 2285 ι
1992 2247 2210 2303 gressus
2274 2232 2414 2287 illius
2472 2234 2726 2287 mandata
2777 2240 3003 2288 aeterna.
3053 2252 3073 2286 ι
3123 2231 3287 2304 Origo
3331 2233 3512 2288 omnis

1922 2323 2203 2392 sapientiae
2235 2338 2265 2376 a
2295 2322 2463 2377 verbo
2484 2322 2581 2377 Dei
2608 2322 2845 2391 primum
2866 2323 3137 2393 processit
3160 2341 3173 2377 :
3202 2324 3347 2394 quod
3364 2323 3511 2395 Deus

1922 2428 1990 2469 ex
2012 2415 2145 2479 ,Deo
2183 2428 2398 2485 semper
2425 2430 2547 2470 cum
2590 2408 2752 2469 Patre
2801 2422 3085 2485 permanet
3118 2416 3174 2470 in
3204 2415 3385 2481 caelis;
3413 2417 3510 2471 sed

1923 2520 2023 2575 per
2050 2505 2505 2575 dispensationem
2546 2513 2811 2575 suscepta:
2841 2506 3198 2563 humanitatis
3232 2508 3511 2578 ingressus

1925 2602 2011 2650 est
2034 2593 2315 2658 mundum,
2344 2601 2398 2669 et
2423 2594 2572 2649 dedit
2601 2595 2853 2649 mandata
2885 2595 3075 2651 salutis
3102 2605 3338 2652 aeternae.
3357 2595 3513 2663 Quod

1925 2684 2230 2755 intelligens
2250 2684 2444 2738 Petrus
2475 2684 2748 2754 apostolus
2773 2686 2840 2739 ad
2874 2686 3048 2755 ipsum
3079 2687 3363 2743 Dominum
3393 2688 3509 2743 ait:

1932 2793 1951 2825 ι
1986 2773 2063 2827 Tu
2090 2774 2252 2837 verba
2277 2774 2403 2835 vita:
2431 2781 2647 2829 a‘tet'nze.
2673 2776 2858 2835 habes,
2890 2784 2945 2830 et
2967 2793 3067 2831 nos
3091 2779 3364 2832 credimus
3383 2779 3513 2848 quia

1929 2876 1985 2921 tu
2010 2880 2072 2920 es
2101 2865 2369 2930 Christus,
2400 2865 2570 2920 Filius
2604 2867 2697 2921 Dei
2724 2867 2831 2920 vivi
2857 2866 3037 2937 (Joan.
3069 2868 3167 2939 vr).
3206 2889 3225 2919 ι
3258 2868 3334 2923 De
3359 2870 3514 2940 cujus

1927 2957 2134 3028 origine
2159 2966 2321 3028 atque
2345 2958 2625 3013 nativitate
2645 2959 2821 3014 adhuc
2843 2960 3204 3030 subjungitur.

2530 3071 2756 3127 CAPUT
2792 3071 2883 3126 IV.

1931 3163 2008 3218 De
2035 3164 2292 3234 sapientia
2317 3162 2415 3218 Dei
2437 3166 2799 3235 prophetatum
2824 3163 2947 3233 quia
2969 3163 3035 3216 de
3071 3161 3283 3235 Virgine
3306 3179 3372 3218 ea:
3391 3162 3512 3234 Spi-

2289 3236 2392 3288 ritu
2418 3231 2600 3287 sanCto
2635 3231 2807 3287 Filius
2837 3231 3156 3288 nasceretur.

2009 3366 2027 3397 ι
2071 3346 2243 3400 Radix
2286 3346 2568 3415 sapientiae
2612 3347 2699 3401 cui
2749 3345 2988 3402 revelata
3035 3355 3153 3407 est.
3188 3355 3245 3403 et
3287 3348 3518 3404 astutias

1939 3457 1958 3490 ι
2007 3437 2148 3492 illius
2177 3437 2301 3507 quis
2326 3437 2582 3508 agnovit?
2607 3437 2903 3508 Disciplina
2932 3438 3214 3508 sapientiae
3246 3440 3334 3496 cui
3359 3455 3521 3496 reve-.

1858 3553 1902 3615 Ο
1940 3550 1959 3581 ι
2003 3530 2112 3584 lata
2140 3538 2255 3592 est,
2283 3540 2336 3584 et
2375 3529 2760 3589 manifestata?
2788 3530 2855 3583 Et
2898 3530 3398 3601 multiplicationem
3438 3533 3522 3587 in-

1939 3641 1960 3675 ι
2001 3637 2221 3693 gressus
2253 3621 2395 3675 illius
2424 3620 2547 3691 quis
2582 3620 2879 3674 intellexit?
2911 3620 3060 3675 Unus
3089 3629 3173 3675 est
3209 3620 3519 3677 Altissimus

1938 3732 1958 3764 ι
2000 3720 2214 3768 creator
2252 3711 2626 3780 omnipotens,
2667 3718 2721 3764 et
2755 3726 2850 3765 rex
2888 3718 3083 3779 potens
3106 3718 3161 3765 et
3197 3711 3521 3766 metuendus

1938 3823 1957 3856 ‹
2002 3804 2184 3866 nimis,
2218 3802 2413 3856 sedens
2445 3814 2610 3869 super
2646 3800 2900 3865 thronum
2947 3799 3120 3864 illius,
3154 3808 3208 3853 et
3234 3800 3521 3855 dominans

1940 3913 1958 3944 ι
2004 3895 2163 3947 Deus.
2200 3892 2318 3961 Ipse
2344 3892 2553 3946 creavit
2579 3891 2729 3944 illam
2766 3891 2820 3944 in
2851 3890 3057 3959 Spiritu
3090 3900 3307 3953 sancto,
3346 3900 3403 3946 et
3439 3893 3518 3947 vi-

1938 4004 1959 4037 ‹
2000 3985 2099 4049 dit,
2130 3992 2185 4038 et
2213 3981 2594 4047 dinumeravit,
2617 3991 2673 4036 et
2697 3996 2916 4036 mensus
2944 3989 3046 4036 est.
3072 3983 3140 4037 Et
3159 3983 3346 4038 effudit
3372 3984 3519 4038 illam

1940 4094 1959 4126 ι
2004 4087 2167 4142 super
2194 4072 2376 4126 omnia
2406 4085 2569 4142 opera
2602 4086 2731 4136 sua,
2770 4079 2826 4127 et
2854 4086 3020 4141 super
3051 4088 3268 4128 omnem
3296 4089 3519 4130 carnem

1941 4185 1961 4217 ι
2006 4163 2299 4221 secundum
2335 4163 2520 4218 datum
2550 4177 2731 4227 suum,
2762 4170 2818 4215 et
2845 4162 3077 4232 praebuit
3111 4162 3260 4216 illam
3294 4163 3522 4234 diligen-

1942 4277 1960 4310 ι
2008 4257 2153 4312 tibus
2200 4270 2278 4310 se.
2318 4274 2336 4307 ι
2374 4252 2510 4309 Cum
2556 4253 2860 4324 interrogat
2909 4253 2996 4308 cui
3045 4254 3323 4323 sapientiai
3367 4255 3521 4309 radix

1936 4345 2171 4402 revelata
2214 4344 2286 4398 sit
2309 4359 2372 4399 ac
2398 4341 2737 4397 manifestata
2757 4382 2772 4407 ,
2812 4351 2868 4398 et
2898 4342 3397 4412 multiplicationem
3435 4345 3520 4399 in-

1937 4451 2156 4509 gressus
2202 4434 2346 4489 illius
2391 4433 2513 4503 quis
2547 4433 2910 4499 intellexerit,
2956 4434 3195 4488 ostendit
3244 4435 3519 4490 neminem

1935 4546 2096 4604 posse
2124 4528 2548 4601 profunditatem
2579 4528 2792 4583 consilii
2816 4528 2911 4582 Dei
2939 4536 3224 4598 penetrare
3243 4569 3258 4594 ,
3288 4538 3381 4584 aut
3404 4546 3522 4584 ma-

1937 4621 2275 4693 gnitudinem
2302 4619 2564 4675 bonitatis
2587 4626 2644 4673 et
2676 4617 3066 4674 misericordiae
3092 4616 3230 4688 ejus,
3264 4618 3427 4691 (unde
3453 4622 3521 4675 ad

1938 4714 2309 4770 liberationem
2336 4720 2394 4768 et
2420 4712 2869 4767 illuminationem
2900 4711 3121 4765 humani
3161 4710 3377 4781 generis
3407 4713 3523 4781 ipse

1937 4806 2102 4861 homo
2145 4804 2263 4859 ﬁeri
2303 4803 2557 4873 dignatus
2593 4801 2698 4873 est)
2746 4801 3222 4871 comprehendere.
3270 4801 3423 4858 Sicut
3466 4811 3522 4858 et

322 4892 388 4943 sit
409 4898 813 4965 greaturatn,_e_t
844 4889 1019 4965 omnia
1035 4905 1140 4965 per
1163 4889 1331 4965 ipsum
1350 4890 1492 4959 facta
1522 4889 1647 4944 sint.
1680 4888 1833 4955 Quod
1862 4900 1914 4960 Ῑ)
1937 4894 2108 4951 Isaias
2134 4894 2396 4964 prepheta
2438 4900 2663 4962 stupens
2702 4892 3020 4962 mysterium
3061 4892 3359 4949 nativitatis
3405 4894 3524 4965 ejus

320 4968 373 5013 et
409 4955 632 5011 Verbum
653 4955 748 5010 Dei
768 4956 909 5011 Deus
936 4958 1003 5010 sit
1028 4955 1083 5012 in
1112 4955 1347 5012 excelsis.

334 5088 353 5120 ι
393 5067 553 5123 Prior
595 5069 836 5123 omnium
883 5078 1067 5125 creata
1111 5079 1195 5125 est
1232 5071 1495 5141 sapientia
1542 5082 1598 5127 et
1630 5072 1838 5127 intelle-

254 5184 276 5215 ι
321 5174 450 5220 ειιιε
474 5162 771 5233 prudentiae
793 5162 860 5218 ab
882 5178 1018 5218 aevo.
1052 5183 1071 5216 ι
1100 5162 1250 5218 lianc
1274 5164 1594 5221 sententiam
1621 5165 1763 5220 sicut
1784 5175 1841 5219 et

252 5254 409 5310 illam
453 5252 509 5307 in
546 5252 854 5309 Proverbiis
908 5255 996 5309 ubi
1047 5255 1309 5324 scriptum
1359 5263 1485 5310 est:
1525 5274 1544 5308 ι
1578 5256 1841 5312 Dominus

244 5344 472 5400 creavit
499 5344 944 5421 me‘principium
974 5345 1184 5399 viarum
1215 5361 1436 5400 suarum
1472 5344 1654 5417 (Prov.
1685 5350 1837 5419 vin);

246 5436 327 5491 de
380 5434 754 5489 incarnatione
803 5435 1015 5490 Domini
1060 5436 1260 5493 dictam
1299 5437 1490 5492 Patres
1518 5438 1840 5510 intelligunt.

243 5523 404 5594 Quia
428 5524 571 5580 sicut
598 5527 892 5581 secundum
925 5527 1261 5583 divinitatem
1286 5528 1455 5584 Filius
1484 5545 1513 5583 a
1539 5529 1696 5585 Patre
1718 5541 1844 5586 ante

188 5666 197 5673 .
245 5617 448 5672 omnia
480 5617 672 5672 sarcula
704 5620 862 5673 natus
887 5625 1002 5684 cst,
1037 5619 1112 5674 ita
1147 5627 1274 5674 ante
1298 5621 1480 5675 omnia
1513 5628 1754 5691 tempora
1786 5622 1842 5677 in

244 5708 499 5767 consilio
528 5709 620 5765 Dei
664 5699 836 5766 Patris
880 5710 1294 5780 prtedestinatus
1341 5719 1425 5766 est
1470 5728 1569 5781 pro
1621 5713 1842 5767 humani

1942 4987 2059 5040 ait:
2107 5004 2127 5036 ι
2170 4983 2593 5039 Generationem
2646 4989 2823 5039 autem
2881 4982 3000 5053 ejus
3037 4984 3162 5054 quis
3211 4987 3523 5053 enarrabit?

1943 5074 2116 5147 (Psal.
2139 5074 2281 5143 un.)
2303 5094 2321 5125 ι
2350 5074 2510 5131 Solus
2533 5074 2678 5130 enim
2701 5076 2845 5130 Deus
2865 5073 3032 5131 Pater
3048 5078 3391 5148 omnipotens
3411 5081 3521 5135 uni-

1943 5166 2110 5237 geniti
2135 5165 2256 5220 Filii
2284 5165 2371 5220 sui
2399 5166 2688 5220 adventum
2711 5205 2729 5231 ,
2771 5180 2872 5235 per
2911 5166 3088 5236 ipsum
3130 5168 3366 5225 Verbum
3417 5170 3522 5226 sibi

1945 5264 2271 5311 coaeternum
2298 5255 2457 5310 simul
2488 5270 2613 5310 cum
2651 5254 2857 5326 Spiritu
2895 5267 3086 5314 sancto
3122 5259 3397 5316 ordinavit
3434 5269 3521 5316 at-

1945 5362 2051 5417 que
2075 5347 2369 5417 disposuit,
2402 5347 2674 5417 quomodo
2710 5363 2810 5418 per
2837 5348 3064 5419 virginis
3090 5358 3305 5420 partum
3336 5349 3403 5403 ad
3434 5364 3524 5407 sa-

1944 5439 2113 5494 lutem
2142 5438 2326 5495 mundi
2356 5438 2718 5508 processerit,
2764 5445 2826 5492 ut
2863 5447 3142 5508 repararet
3181 5445 3521 5505 cpeaturam,

1946 5543 2111 5597 quam
2138 5526 2266 5583 fecit
2294 5526 2362 5581 ab
2385 5527 2561 5593 initio,
2585 5543 2650 5582 ac
2670 5527 2944 5582 hominem
2967 5527 3146 5598 (quem
3178 5526 3295 5596 ipse
3316 5527 3523 5582 creavit

1947 5628 2176 5684 rectum,
2206 5620 2299 5673 sed
2321 5617 2410 5673 ille
2440 5633 2499 5673 se
2542 5633 2638 5688 per
2674 5617 3094 5674 inobedientiam
3126 5614 3252 5669 fecit
3296 5629 3516 5684 pervcr~

1948 5712 2088 5783 sum)
2118 5712 2313 5766 iterum
2339 5710 2406 5765 ad
2430 5710 2755 5780 agnitionem
2791 5721 2845 5764 et
2874 5707 3214 5764 dilectionem
3252 5708 3335 5764 sui
3367 5720 3499 5764 revo
