3928 6182
363 343 465 398 ἷϐἹ

992 339 1053 394 Β.
1092 335 1601 393 sanast-mum
1641 333 1956 389 ARCHIEP.
2003 331 2311 388 uocum.
2354 295 2857 388 ornauitpaas
2893 333 2936 388 ι.

3516 329 3625 386 738

365 460 538 515 caret,
561 451 694 506 dans
719 448 794 504 illi
822 450 1020 504 donum
1047 447 1282 518 Spiritus
1302 446 1505 510 sancti,
1534 455 1593 498 ut
1619 445 1788 514 ipsius
1817 459 1934 497 mu-
1961 445 2009 503 Λ
2037 457 2125 497 mo
2170 443 2426 498 doctoris.
2461 443 2710 499 Charitas
2741 460 2872 500 vero
2903 445 2999 500 Dei
3024 485 3038 510 ,
3092 459 3213 514 qua:
3253 444 3626 500 certissimqu

365 557 498 598 nere
529 543 827 596 salvaretur
847 547 900 594 et
925 548 1232 594 servaretur
1254 539 1307 593 in
1336 546 1621 593 aeternum.

441 651 460 684 ‹
506 633 690 687 Timor
709 631 918 685 Domini
950 630 1117 701 gloria
1146 639 1200 685 et
1226 630 1432 694 laztitia,
1461 639 1515 683 et
1537 643 1738 683 corona
1759 629 1936 684 exsul-

367 742 390 778 ε
427 724 666 780 talionis.
707 743 724 774 ι
765 724 1005 792 Denique
1059 723 1222 776 timor
1263 721 1472 776 Domini
1513 721 1816 776 certissima
1853 727 1936 774 est

361 817 507 874 salus
537 815 790 879 hominis,
814 815 906 883 qui
929 822 1145 868 coercet
1165 813 1311 866 illum
1336 830 1364 867 a
1389 815 1646 892 peccatis,
1671 821 1726 865 et
1753 812 1940 884 dirigit

359 911 414 964 in
441 922 602 978 opere
628 906 862 978 pietatis.
896 905 971 960 De
999 922 1106 974 quo
1131 915 1183 959 et
1209 920 1304 974 pcr
1325 903 1666 959 Psalmistam
1697 903 1930 958 dicitur:

363 1021 380 1051 ι
418 1001 614 1055 Beatus
642 999 728 1054 vir
767 998 856 1069 qui
887 998 1041 1052 timet
1080 997 1365 1051 Dominum
1387 1037 1400 1058 ,
1434 996 1487 1048 in
1526 995 1794 1050 mandatis
1822 994 1938 1064 ejus

356 1089 502 1158 cupit
538 1089 720 1144 nimis.
760 1108 778 1140 ι
815 1089 881 1142 Ει
916 1087 1073 1158 paulo
1110 1095 1268 1157 post:
1305 1107 1321 1137 ‹
1359 1085 1541 1141 Gloria
1571 1095 1625 1140 et
1653 1086 1852 1140 divitiae
1880 1087 1935 1142 in

356 1180 516 1233 domo
546 1179 680 1248 ejus,
717 1188 768 1235 et
797 1179 1008 1250 justitia
1036 1179 1151 1248 ejus
1183 1188 1364 1232 manet
1394 1179 1445 1232 in
1472 1179 1724 1233 sacculum
1755 1179 1937 1234 saeculi

356 1267 526 1340 (Psal.
564 1270 706 1342 cxx).
744 1290 760 1320 ι
799 1269 1064 1338 Quoniam
1108 1269 1275 1342 gloria
1316 1269 1574 1322 virtutum
1603 1277 1656 1322 et
1691 1269 1939 1336 gloriatio

355 1371 516 1416 rectae
538 1363 889 1418 confessionis
910 1361 1237 1432 inpraesenti
1267 1361 1374 1415 vita
1407 1361 1552 1413 illum
1578 1361 1935 1416 comitantur:

356 1452 410 1506 in
448 1451 628 1508 futuro
667 1462 845 1508 autem
888 1453 1130 1524 sequitur
1157 1452 1342 1507 laetitia
1381 1461 1653 1521 perpetuae
1690 1453 1846 1518 vitae,
1877 1461 1935 1508 et

355 1559 554 1598 corona
582 1543 932 1598 beatitudinis
956 1553 1194 1599 aeternas.
1226 1543 1378 1599 Unde
1408 1544 1472 1598 de
1506 1543 1695 1598 eodem
1743 1543 1937 1600 timore

355 1637 533 1690 adhuc
564 1635 826 1706 sequitur.

988 1725 1215 1782 CAPUT
1255 1725 1317 1780 V.

2036 535 2236 589 donum
2266 543 2348 589 est
2372 535 2608 604 Spiritus
2636 538 2844 601 sancti,
2872 537 3136 591 citissime
3175 537 3244 591 ad
3274 537 3630 608 intelligenda

2036 632 2199 694 atque
2223 625 2560 690 observanda
2587 626 2679 680 Dei
2708 627 2962 682 mandata
2988 643 3085 682 cor
3115 627 3259 697 quod
3292 627 3510 697 implet,
3544 627 3630 683 in-

2035 713 2292 770 flammat.
2338 717 2454 786 Ipsa
2494 717 2624 772 facit
2667 719 2865 773 bonum
2909 719 3180 789 incipere,
3214 721 3329 791 ipsa
3364 729 3422 777 et
3458 722 3629 792 perﬁ-

2036 819 2180 872 cere,
2215 807 2330 876 ipsa
2360 816 2414 860 et
2447 810 2812 864 remuneratio
2841 818 3027 864 nostra
3055 811 3160 865 erit
3195 812 3248 866 in
3281 811 3464 866 futura
3489 813 3628 869 vita.

2035 893 2112 948 De
2157 911 2263 965 quo
2298 895 2565 966 Pr0pheta
2611 898 2678 950 ad
2721 898 3005 952 Dominum
3043 900 3207 955 dicit:
3243 920 3260 952 ‹
3292 900 3634 972 Adimplebis

2037 998 2136 1038 nos
2163 982 2348 1038 lzetitia
2392 1000 2514 1040 cum
2540 984 2691 1040 vultu
2721 994 2844 1052 tuo,
2874 987 3258 1045 delectationes
3303 990 3357 1044 in
3399 991 3628 1047 dextera

2037 1086 2127 1132 tua
2154 1097 2323 1151 usque
2353 1081 2404 1135 in
2435 1080 2592 1137 ﬁnem
2622 1080 2794 1154 (Psal.
2825 1082 2936 1154 xv).
2957 1102 2976 1135 ι

2115 1193 2133 1224 ι
2180 1173 2414 1228 Timenti
2447 1175 2730 1229 Dominum
2765 1175 2904 1230 bene
2941 1176 3045 1231 erit
3074 1175 3129 1232 in
3164 1178 3460 1243 extremis,
3487 1189 3541 1234 et
3571 1181 3628 1234 in

2043 1284 2062 1318 ‹
2108 1267 2194 1322 die
2220 1264 2583 1323 defunctionis
2613 1283 2724 1322 sua:
2754 1265 3125 1333 benedicetur,
3151 1279 3205 1324 et
3229 1286 3352 1324 cum
3378 1269 3631 1326 ﬁdelibus

2045 1377 2064 1411 ‹
2111 1358 2164 1414 in
2188 1357 2346 1414 vulva
2377 1368 2699 1415 concreatus
2731 1368 2849 1425 est,
2901 1368 2957 1416 et
2999 1377 3122 1417 cum
3173 1362 3365 1418 electis
3413 1362 3630 1419 feminis

2045 1471 2064 1505 ι
2109 1452 2374 1524 graditur,
2407 1461 2462 1508 et
2501 1467 2624 1508 cum
2663 1453 2828 1524 justis
2858 1461 2913 1508 et
2950 1452 3201 1510 ﬁdelibus
3231 1457 3564 1527 agnoscitur.
3604 1479 3623 1509 ι

2039 1541 2357 1612 Quicunque
2386 1542 2529 1598 enim
2558 1550 2780 1614 propter
2818 1543 3066 1598 timorem
3095 1544 3190 1600 Dei
3216 1546 3269 1599 in
3306 1546 3631 1600 credulitate

2038 1643 2094 1688 et
2123 1633 2367 1689 doctrina
2399 1642 2563 1706 atque
2591 1635 2910 1706 operatione
2960 1643 3142 1690 servat
3188 1634 3433 1706 regulam
3467 1635 3625 1704 justi-

2041 1724 2150 1789 tiae,
2197 1724 2251 1778 in
2298 1723 2582 1791 extremis,
2635 1725 2740 1780 hoc
2783 1729 2887 1789 est,
2930 1733 3054 1796 post
3091 1725 3299 1780 obitum
3338 1727 3632 1794 praesentis

355 1818 431 1872 De
474 1819 658 1872 timore
701 1817 832 1883 Dei,
883 1818 1021 1889 quod
1069 1819 1176 1887 ipse
1225 1818 1293 1889 sit
1340 1817 1547 1871 initium
1585 1816 1859 1887 sapientia:
1885 1825 1935 1872 et
1966 1802 2014 1862 Β
2041 1813 2187 1879 vitaz,
2217 1814 2651 1870 benedictionem
2683 1825 2900 1871 aiternaz
2944 1815 3297 1871 beatitudinis
3342 1817 3631 1887 percipiet.

863 1888 1143 1941 electorum
1179 1888 1418 1958 probatio
1431 1927 1446 1942 .

428 2015 446 2048 ‹
490 1996 676 2050 Timor
704 1996 914 2051 Domini
943 1997 1230 2052 delectabit
1259 2014 1372 2062 cor,
1410 2005 1465 2052 et
1509 1997 1658 2053 dabit
1693 1997 1936 2054 lzeﬁtiam

357 2108 375 2142 ι
418 2097 472 2144 et
501 2089 754 2158 gaudium
779 2089 834 2142 in
857 2089 1245 2160 longitudinem
1267 2088 1497 2144 dierum.
1530 2109 1547 2141 ι
1575 2092 1704 2146 Duae
1727 2092 1936 2162 species

353 2178 648 2232 timoris-in
689 2177 885 2232 divinis
925 2178 1076 2233 libris
1097 2179 1378 2250 leguntur.
1409 2179 1526 2236 Una
1555 2181 1700 2236 enim
1739 2190 1822 2237 est
1864 2184 1930 2239 de

350 2285 454 2340 qua
483 2269 720 2325 Joannes
759 2270 874 2325 ait:
909 2287 928 2320 ‹
961 2269 1148 2324 Timor
1173 2286 1280 2324 non
1307 2279 1391 2326 est
1432 2271 1488 2325 in
1516 2272 1813 2340 charitate;
1841 2274 1937 2330 sed

351 2359 589 2430 perfecta
624 2361 864 2416 charitas
891 2360 1038 2416 foras
1065 2361 1229 2416 mittit
1255 2363 1536 2428 timorem,
1571 2366 1825 2436 quoniam
1863 2368 1934 2422 ti-

351 2469 470 2508 mor
491 2469 709 2525 pmnam
739 2456 904 2509 habet
943 2455 995 2526 (Ι
1023 2455 1185 2510 Joan.
1220 2455 1317 2528 tv).
1356 2477 1374 2508 ›
1407 2456 1562 2511 Hunc
1599 2458 1742 2512 enim
1773 2459 1936 2515 timo-

351 2561 463 2600 rem
494 2545 566 2599 illi
599 2546 803 2601 habent
825 2548 915 2614 qui
945 2557 1163 2616 propter
1183 2556 1386 2601 metum
1413 2549 1672 2619 gehennze
1700 2565 1930 2620 peccare

350 2634 690 2700 desinentes,
719 2637 882 2690 vitam
931 2652 1083 2691 suam
1115 2636 1401 2693 meliorare
1439 2640 1789 2695 contendunt.
1813 2641 1937 2696 Alia

351 2737 529 2784 autem
576 2731 786 2799 species
825 2731 1034 2785 timoris
1075 2738 1186 2797 est,
1219 2732 1283 2786 de
1313 2747 1418 2801 qua
1459 2732 1514 2786 in
1549 2733 1758 2801 psalmo
1798 2734 1939 2789 scri-

351 2827 501 2887 ptum
524 2828 607 2874 est
634 2838 646 2872 :
683 2839 700 2871 ‹
737 2820 922 2874 Timor
943 2821 1156 2876 Domini
1188 2829 1409 2876 sanctus
1448 2829 1728 2891 permanet
1753 2822 1809 2876 in
1836 2836 1937 2877 sai-

351 2911 532 2967 culum
565 2913 745 2968 szeculi
791 2912 965 2984 (Psal.
1011 2913 1189 2986 xviii).
1231 2933 1248 2965 ›
1286 2914 1402 2969 Duo
1428 2929 1661 2984 namque
1686 2922 1842 2980 sunt,
1877 2922 1938 2969 ut

349 3003 604 3069 diximus,
644 3005 886 3059 timores.
923 3005 1072 3060 Unus
1100 3021 1207 3075 quo
1243 3006 1435 3061 timent
1461 3005 1707 3061 homines
1729 3005 1896 3062 Deum
1918 3048 1934 3073 ,

355 3110 424 3149 ne
455 3095 740 3151 mittantur
770 3097 823 3150 in
854 3097 1177 3166 gehennam.
1221 3097 1339 3165 lpse
1377 3105 1461 3152 est
1499 3099 1663 3152 timor
1705 3099 1794 3154 ille
1842 3099 1934 3170 qui

350 3186 646 3242 introducit
690 3189 1048 3255 charitatem;
1099 3191 1193 3244 sed
1233 3190 1311 3244 sic
1355 3190 1534 3256 venit,
1571 3200 1630 3244 ut
1673 3200 1849 3247 exeat.
1880 3192 1938 3247 Si

346 3279 492 3332 enim
544 3280 721 3335 adhuc
771 3288 994 3349 propter
1038 3296 1228 3350 poenas
1266 3281 1425 3337 times
1470 3283 1667 3346 Deum,
1699 3283 1938 3337 nondum

347 3383 502 3424 amas
531 3385 692 3439 quem
719 3371 799 3426 sic
826 3371 984 3426 times
1009 3388 1021 3426 ε
1053 3387 1159 3427 non
1189 3373 1328 3428 bona
1357 3373 1650 3440 desideras,
1674 3375 1769 3430 sed
1797 3375 1939 3430 mala

348 3474 538 3516 caves.
569 3458 675 3515 Sed
696 3470 763 3515 ex
791 3476 858 3516 eo
883 3461 1026 3530 quod
1051 3461 1190 3517 mala
1213 3474 1373 3518 caves
1406 3464 1635 3535 corrigis
1666 3473 1740 3529 te,
1771 3473 1826 3520 et
1852 3465 1937 3520 in-

348 3549 488 3621 cipis
511 3555 653 3606 bona
683 3551 1010 3608 desiderare.
1035 3551 1167 3608 Cum
1197 3554 1336 3607 bona
1362 3555 1666 3611 desiderare
1686 3557 1935 3626 cmperis,

348 3641 458 3696 erit
488 3641 541 3695 in
573 3649 625 3696 te
655 3642 820 3697 timor
860 3653 1100 3699 sanctus.
1152 3643 1245 3700 llle
1287 3645 1495 3700 scilicet
1542 3662 1610 3700 ne
1652 3647 1766 3717 ipsa
1796 3648 1936 3702 bona

348 3733 588 3799 amittas,
617 3748 724 3788 non
749 3734 837 3789 ille
862 3750 970 3804 quo
1003 3736 1160 3791 times
1182 3751 1248 3790 ne
1273 3737 1504 3792 mittaris
1527 3737 1580 3791 in
1609 3740 1933 3809 gehennam,

349 3823 446 3879 sed
474 3839 543 3879 ne
570 3833 622 3878 te
646 3824 865 3880 deserat
896 3829 1189 3896 prmscntia
1217 3828 1429 3882 Domini
1457 3844 1617 3898 quem
1649 3830 1938 3900 amplecte-

353 3917 430 3971 ris
457 3957 471 3981 ,
505 3931 612 3986 quo
639 3918 694 3972 in
721 3927 985 3974 aeternum
1031 3917 1137 3973 frui
1166 3920 1463 3976 desideras.
1495 3922 1569 3976 De
1598 3922 1700 3976 hoc
1731 3922 1939 3978 scilicet

350 4007 548 4062 timore
591 4007 794 4063 dictum
824 4017 945 4064 est:
983 4029 1001 4060 ‹
1041 4011 1226 4065 Timor
1265 4011 1478 4066 Domini
1513 4012 1801 4067 delectabit
1841 4029 1938 4069 cor

351 4097 526 4169 (Eccl.
556 4098 596 4168 ι)
619 4140 633 4164 ,
673 4118 693 4151 ι
729 4103 855 4170 quia
887 4116 1074 4156 amore
1109 4101 1460 4158 inenarrabili
1497 4101 1660 4158 allicit
1701 4112 1937 4160 mentem

350 4209 680 4264 possessam.
724 4195 792 4250 Et
834 4197 923 4252 hic
952 4199 1279 4253 suavitatem
1324 4200 1513 4255 tribuit
1548 4201 1814 4258 internam
1835 4243 1849 4268 ,
1882 4202 1935 4256 in

351 4285 534 4341 futuro
559 4295 736 4342 autem
760 4288 928 4343 vitam
959 4299 1242 4346 :eternam.
1269 4292 1422 4360 Quod
1445 4295 1682 4350 ostendit
1707 4310 1938 4367 sequens

352 4378 642 4443 sententia,
673 4378 857 4434 dicens
886 4393 900 4433 :

2042 1902 2145 1958 Hic
2173 1919 2298 1958 cum
2341 1903 2589 1960 ﬁdelibus
2613 1905 2671 1959 in
2700 1906 2858 1959 vulva
2886 1905 3082 1960 matris
3110 1905 3365 1961 Ecclesia:
3404 1915 3633 1960 renatus

2043 2007 2204 2069 atque
2226 1999 2466 2054 nutritus
2491 2005 2611 2053 est:
2645 2006 2702 2053 et
2730 2013 2853 2053 cum
2882 1997 3070 2054 electis
3097 1997 3316 2054 feminis
3349 2000 3626 2068 graditur,

2042 2091 2170 2162 quia
2200 2091 2405 2147 sanctis
2429 2091 2712 2146 animabus
2739 2090 3064 2157 sociabitur;
3090 2100 3146 2146 et
3167 2107 3288 2146 cum
3307 2090 3476 2160 justis
3500 2092 3638 2147 ﬁde-

2041 2177 2183 2234 libus
2213 2189 2564 2251 agnoscetur,
2591 2181 2809 2250 quando
2833 2180 2886 2235 in
2925 2180 3014 2236 die
3043 2182 3339 2236 novissima
3366 2198 3491 2237 cum
3527 2197 3637 2238 cm-

2042 2275 2177 2331 teris
2223 2274 2426 2332 sanctis
2473 2289 2504 2330 a
2554 2274 2760 2330 dextris
2803 2273 3006 2345 judicis
3051 2275 3345 2331 collocatus
3397 2275 3467 2330 ab
3514 2276 3637 2348 ipso

2043 2364 2272 2420 Domino
2315 2365 2498 2419 audiet
2524 2381 2537 2418 :
2571 2383 2589 2415 ‹
2621 2365 2786 2436 Euge,
2817 2381 2972 2421 serve
3007 2366 3147 2422 bone
3175 2377 3230 2421 et
3261 2367 3465 2429 ﬁdelis,
3501 2368 3633 2436 quia

2043 2470 2206 2525 super
2224 2470 2393 2524 pauca
2424 2454 2570 2509 fuisti
2597 2453 2790 2521 ﬁdelis,
2817 2470 2980 2527 super
3002 2456 3171 2510 multa
3199 2465 3251 2510 te
3275 2457 3632 2525 constituam,

2042 2544 2183 2599 intra
2215 2546 2270 2599 in
2302 2545 2554 2615 gaudium
2589 2545 2802 2600 Domini
2835 2546 2912 2599 tui
2938 2544 3152 2617 (Matth.
3180 2546 3332 2616 xxv).
3367 2566 3385 2598 ι

2119 2655 2137 2688 ‹
2183 2635 2370 2690 Timor
2397 2636 2606 2691 Domini
2639 2637 2883 2691 scientia:
2909 2637 3254 2708 religiositas.
3277 2637 3635 2710 Religiositas

2048 2749 2068 2784 ι
2114 2731 2378 2786 custodiet
2421 2738 2475 2785 et
2513 2731 2832 2801 justiﬁcabit
2865 2740 2980 2798 cur,
3015 2733 3413 2803 jucunditatem
3462 2728 3635 2805 atque

2047 2836 2067 2869 ι
2113 2819 2368 2889 gaudium
2397 2819 2566 2874 dabit.
2608 2839 2626 2871 ›
2664 2820 2766 2893 Qui
2804 2821 2922 2875 sine
2953 2822 3147 2877 timore
3171 2822 3267 2876 Dei
3293 2822 3637 2879 observatio-

2043 2926 2165 2966 nem
2205 2912 2583 2967 mandatorum
2612 2912 2785 2978 illius,
2818 2913 3224 2982 religiositatem
3251 2915 3498 2971 scientia:
3524 2917 3635 2971 sibi

2041 3000 2343 3072 pollicetur,
2394 3001 2534 3056 fallit
2588 3004 2958 3073 semetipsum.
3011 3003 3166 3060 Unde
3208 3006 3341 3060 dicit
3391 3005 3636 3062 Iacobus

2044 3092 2317 3162 apostolus
2345 3107 2360 3146 :
2394 3111 2412 3144 ι
2451 3091 2508 3147 Si
2540 3093 2662 3163 quis
2692 3103 2847 3164 putat
2892 3109 2950 3150 se
2988 3095 3298 3167 religiosum
3333 3111 3487 3162 esse,
3519 3114 3638 3152 non

1967 3158 2012 3220 C
2046 3182 2325 3238 refrenans
2351 3184 2493 3255 (Jac.
2526 3184 2567 3256 ι)
2594 3185 2832 3257 linguam
2867 3202 3048 3250 suam,
3096 3188 3192 3243 sed
3239 3191 3511 3244 seducens
3535 3206 3643 3244 cor

2039 3288 2216 3340 suum,
2251 3275 2409 3343 hujus
2439 3291 2574 3331 vana
2622 3288 2706 3332 est
2754 3279 2964 3349 religio.
3011 3280 3112 3347 Qui
3158 3281 3341 3336 statim
3395 3284 3643 3338 ostendit

2039 3367 2386 3438 subjungens,
2420 3368 2594 3438 qualis
2620 3384 2740 3424 esse
2761 3370 2918 3426 debet
2944 3386 3072 3426 vera
3093 3372 3284 3443 religio
3311 3392 3321 3426 :
3353 3393 3371 3424 ‹
3396 3373 3637 3445 Religio,

2040 3456 2238 3525 inquit,
2273 3459 2473 3512 munda
2503 3467 2560 3512 et
2588 3460 2931 3516 immaculata
2963 3463 3106 3533 apud
3137 3463 3304 3518 Deum
3326 3474 3382 3518 et
3408 3464 3637 3520 Patrem

2041 3545 2156 3600 hzec
2179 3554 2264 3601 est
2293 3565 2304 3600 :
2335 3547 2570 3604 Visitare
2613 3548 2843 3619 pupillos
2868 3558 2923 3605 et
2947 3551 3140 3607 viduas
3183 3552 3238 3606 in
3281 3553 3643 3608 tribulatione

2038 3651 2225 3691 eorum
2243 3679 2257 3703 ,
2284 3646 2340 3693 et
2367 3638 2775 3696 immaculatum
2803 3656 2860 3697 se
2887 3643 3160 3699 custodire
3195 3643 3262 3698 ab
3288 3643 3392 3698 hoc
3425 3645 3638 3700 saeculo

2041 3727 2249 3801 (Ibid).
2281 3749 2300 3780 ›
2341 3730 2584 3802 Namque
2615 3735 2667 3789 in
2701 3749 2767 3790 eo
2787 3736 2931 3806 quod
2965 3737 3195 3808 pupillos
3234 3747 3290 3793 et
3332 3737 3526 3795 Viduas
3572 3743 3640 3797 in

2037 3819 2386 3877 tribulatione
2415 3839 2604 3879 eorum
2638 3825 2860 3880 visitare
2887 3826 3090 3896 jussit,
3127 3837 3325 3884 cuncta
3350 3844 3471 3899 qua:
3495 3845 3643 3901 erga

2037 3911 2341 3977 proximum
2389 3913 2814 3970 misericorditer
2840 3932 3000 3988 agere
3044 3919 3303 3974 debemus
3349 3919 3641 3989 insinuat,

2040 4002 2180 4068 quod
2220 4010 2481 4072 quantum
2521 4005 2737 4069 valeat,
2771 4006 2887 4076 ipso
2910 4005 3116 4076 .judicii
3151 4019 3391 4080 tempore
3415 4013 3639 4082 pande-

2042 4100 2148 4156 tur,
2185 4093 2276 4147 ubi
2319 4094 2565 4150 dicturus
2594 4105 2678 4151 est
2692 4094 2891 4164 judex:
2929 4116 2948 4148 ‹
2982 4097 3227 4165 Quandiu
3278 4099 3482 4156 fecistis
3527 4104 3644 4159 uni

2037 4199 2102 4238 ex
2152 4185 2237 4240 his
2267 4185 2526 4243 fratribus
2553 4189 2688 4244 meis
2711 4229 2726 4254 ,
2770 4191 2901 4245 mihi
2933 4190 3140 4247 fecistis
3169 4191 3383 4264 (Matth.
3414 4198 3571 4264 xxv).
3612 4215 3638 4248 ι

2037 4273 2210 4330 Porro
2235 4274 2288 4329 in
2315 4291 2381 4331 eo
2407 4278 2551 4346 quod
2591 4278 2968 4337 immaculatos
3013 4283 3227 4339 nos‘ab
3271 4284 3375 4339 hoc
3421 4285 3644 4341 seculo

2036 4367 2310 4422 custodire
2361 4371 2644 4440 praecepit,
2687 4373 2941 4429 universa
2988 4376 3042 4430 in
3081 4377 3278 4447 quibus
3327 4393 3425 4434 nos
3471 4380 3645 4449 ipsos

429 4485 448 4520 ι
494 4465 722 4523 Dilectio
743 4467 1210 4534 Dei,honorabilis
1225 4473 1507 4542 sapientia.
1525 4473 1732 4542 Quibus
1754 4485 1944 4531 autem
1961 4503 2013 4562 Β
2039 4466 2232 4562 θεείοὲ
2249 4475 2471 4562 Serva-T6
2502 4463 2683 4562 defiet,
2713 4467 2969 4521 οεῑθηάίι-

358 4572 379 4606 ‹
424 4559 735 4629 apparuerit
773 4560 828 4614 in
866 4561 984 4617 visu
1011 4561 1239 4631 diligunt
1267 4577 1383 4617 eam
1428 4563 1483 4618 in
1514 4565 1760 4621 visione:
1792 4575 1848 4620 et
1878 4567 1943 4621 in

359 4667 378 4702 ‹
426 4650 700 4720 agnitione
738 4651 1066 4720 magnalium
1107 4667 1351 4707 suorum.
1398 4653 1615 4710 Initium
1656 4657 1932 4725 sapientiae

359 4760 378 4792 ι
427 4741 589 4795 timor
615 4741 850 4796 Domini.
886 4759 906 4793 ι
938 4739 1170 4796 Omnino
1209 4741 1373 4813 igitur
1397 4742 1635 4799 Charitas
1671 4744 1768 4800 Dei
1797 4761 1942 4801 vera

352 4839 437 4887 est
471 4833 734 4902 sapientia
761 4851 773 4885 :
807 4833 924 4887 haec
956 4847 1054 4901 per
1073 4831 1333 4903 Spiritum
1357 4841 1620 4899 sanctum,
1651 4835 1743 4904 qui
1773 4836 1931 4892 datus

351 4933 444 4979 est
465 4925 651 4990 nobis,
682 4924 1000 4980 diffunditur
1041 4925 1092 4978 in
1123 4925 1375 4981 cordibus
1410 4926 1643 4992 nostris;
1676 4936 1729 4981 et
1761 4928 1932 4998 replet

354 5027 456 5067 nos
509 5012 790 5067 dulcedine
832 5012 1134 5066 dilectionis
1178 5013 1272 5068 Dei
1312 5021 1366 5068 et
1407 5013 1679 5084 agnitione
1715 5031 1934 5086 magna-

353 5111 485 5166 lium
527 5126 768 5165 suorum.
799 5109 874 5163 De
912 5123 1019 5178 quo
1047 5108 1282 5165 Joannes
1317 5111 1372 5163 in
1405 5110 1641 5179 Epistola
1677 5125 1771 5165 sua
1802 5111 1936 5166 scri-

353 5206 520 5268 bens,
565 5201 678 5255 ait:
709 5219 728 5251 r
757 5201 866 5257 Vcs
899 5200 1202 5256 unctionem
1249 5200 1458 5256 habetis
1503 5217 1533 5255 a
1579 5210 1797 5266 sancto,
1839 5204 1926 5272 qui

354 5295 532 5350 nostis
554 5293 756 5356 omnia,
782 5300 836 5347 et
854 5307 959 5346 non
982 5306 1204 5346 necesse
1219 5292 1428 5346 habetis
1444 5300 1503 5345 ut
1526 5292 1718 5361 aliquis
1742 5293 1934 5348 doceat

353 5399 472 5451 vos,
505 5382 811 5437 sedaunctio
836 5379 952 5450 ejus
983 5381 1140 5436 docet
1172 5395 1272 5443 vos
1305 5381 1370 5434 de
1409 5381 1660 5436 omnibus
1692 5381 1742 5453 (1
1765 5381 1929 5435 Joan.

354 5474 438 5545 ιι).
473 5494 494 5526 ι
528 5473 717 5529 Unctio
740 5473 884 5528 enim
905 5470 1164 5542 spiritalis
1196 5471 1310 5540 ipSe
1329 5477 1414 5525 est
1435 5469 1670 5539 Spiritus
1693 5479 1932 5537 sanctus,

353 5567 506 5636 cujus
555 5573 956 5622 sacramentum
997 5571 1085 5620 est
1124 5563 1178 5616 in
1225 5562 1478 5617 unctione
1512 5563 1742 5628 visibili,
1780 5561 1934 5631 cujus

353 5659 524 5728 gratia
561 5660 878 5728 participem
907 5658 988 5712 sui
1017 5657 1238 5712 instruit
1265 5657 1330 5711 de
1358 5657 1637 5719 omnibus,
1664 5657 1791 5725 quia
1829 5657 1931 5711 nisi

365 5741 771 5818 ithm'Spiritus
803 5749 950 5804 cordi
981 5747 1120 5802 adsit
1150 5745 1438 5807 audientis,
1476 5745 1679 5800 otiosus
1707 5757 1789 5800 est
1817 5763 1931 5801 scr-

2115 4570 2135 4602 c
2176 4551 2456 4608 Plenitudo
2483 4555 2759 4623 sapientia:
2783 4565 2867 4612 est
2913 4559 3106 4615 timere
3129 4561 3328 4627 Deum,
3364 4571 3418 4616 et
3446 4561 3649 4632 pleni-

2043 4662 2061 4694 ι
2107 4643 2233 4697 tudo
2259 4658 2290 4696 a
2319 4642 2585 4700 fructibus
2615 4646 2775 4702 illius.
2819 4667 2836 4700 ι
2871 4647 3082 4716 Quanto
3105 4652 3227 4720 quis
3251 4652 3417 4707 Deum
3445 4656 3645 4724 magis

2037 4733 2221 4796 timet,
2253 4741 2404 4790 tanto
2432 4737 2732 4805 sapientior
2765 4749 3020 4810 apparet;
3060 4751 3116 4797 et
3157 4753 3362 4812 quanto
3401 4745 3644 4813 sapien-

2039 4823 2162 4888 tior,
2196 4831 2349 4878 tanto
2369 4825 2578 4894 plenior
2615 4827 2880 4883 fructibus
2919 4830 3185 4886 bonorum
3223 4849 3472 4903 operum.
3500 4834 3647 4894 Non

2036 4915 2181 4968 enim
2206 4915 2369 4970 timor
2389 4916 2482 4970 Dei
2509 4918 2672 4973 timor
2691 4928 2774 4975 est
2797 4921 3025 4988 otiosus,
3054 4925 3147 4978 sed
3170 4925 3325 4979 donis
3353 4924 3646 4984 virtutum

2039 5005 2208 5074 replet
2236 5006 2403 5060 vitam
2433 5007 2684 5076 hominis,
2715 5019 2769 5065 et
2795 5012 3061 5068 thesauris
3090 5014 3330 5070 scientiae
3361 5016 3647 5085 spiritalis

2038 5113 2132 5152 cor
2156 5096 2271 5166 ejus
2299 5099 2551 5155 illustrat.

2115 5211 2132 5243 ι
2177 5193 2384 5248 Corona
2409 5197 2702 5266 sapientia),
2720 5198 2884 5251 timor
2903 5198 3135 5260 Domini,
3161 5201 3374 5270 replens
3402 5216 3644 5268 pacem,

2045 5300 2063 5332 ‹
2107 5293 2160 5337 et
2189 5285 2380 5339 salutis
2404 5284 2675 5353 fructum;
2704 5296 2758 5342 et
2779 5290 2931 5352 vidit,
2960 5299 3015 5343 et
3037 5291 3562 5345 dinumeraviteam.
3611 5315 3634 5347 ι

2040 5376 2191 5443 Quod
2223 5377 2384 5432 timor
2414 5377 2508 5432 Dei
2551 5379 2627 5433 illi
2654 5379 2745 5448 qui
2773 5381 3046 5448 sapienter
3075 5379 3320 5451 graditur
3359 5397 3640 5439 coronam

2038 5467 2284 5524 conferat
2307 5470 2432 5524 vitae
2461 5477 2677 5523 aeternae
2701 5470 3060 5524 certissimum
3100 5479 3216 5536 est,
3254 5470 3374 5540 quia
3405 5471 3523 5540 ipse
3565 5473 3637 5527 ir.

2037 5560 2188 5628 cujus
2213 5569 2506 5632 conspectu
2537 5564 2720 5615 omnia
2749 5569 2873 5616 sunt
2905 5577 3071 5631 opera
3107 5572 3292 5617 nostra
3325 5573 3478 5618 certo
3515 5581 3642 5617 nu-

2037 5667 2186 5705 mero
2210 5692 2224 5715 ,
2254 5651 2542 5721 unicnique
2577 5660 2760 5706 servat
2805 5652 3127 5721 condignam
3175 5651 3634 5709 retributionem.

2039 5745 2142 5798 Ner
2185 5745 2237 5797 in
2270 5744 2539 5799 oblivione
2591 5759 2827 5810 unquam
2876 5744 3012 5798 bona
3068 5743 3260 5796 merita
3309 5758 3495 5796 coram
3544 5759 3636 5796 co
