3928 6182
250 313 355 370 769

1133 310 1490 371 COMMENT.
1524 314 1597 370 ΙΝ
1626 315 2240 375 ECCIESIASTICUH.
2279 350 2347 360 —-
2385 319 2510 376 LIB.
2552 321 2593 378 1.

3415 336 3541 413 ne

248 436 432 489 erunt,
461 426 558 482 sed
579 438 768 496 pacem
804 432 859 479 et
892 424 1086 480 salutis
1120 424 1355 482 fructum
1382 442 1483 497 pro
1515 427 1597 482 eis
1627 443 1837 483 recom—
1864 438 1911 491 Α
2016 449 2035 480 ε
2083 430 2265 501 Usque
2292 432 2347 489 in
2378 441 2588 504 tempus
2615 435 2907 493 sustinebit
2942 440 3189 510 patiens;
3236 454 3293 501 et
3326 462 3520 518 postea

244 526 459 589 pensat.
489 516 643 574 Unde
665 516 781 588 ipsa
802 516 1016 573 Veritas
1042 515 1322 585 discipulis
1340 518 1453 573 suis
1478 518 1587 572 ait:
1609 537 1627 569 ‹
1657 517 1836 575 Vestri

244 613 430 684 capilli
478 613 676 683 capitis
714 627 915 668 omnes
958 611 1231 668 numerati
1280 622 1456 668 sunt:
1500 613 1734 684 gaudete
1782 625 1838 671 et

242 707 535 772 exstdtate,
557 706 820 777 quoniam
848 720 1057 762 merces
1084 716 1263 762 vestra
1291 707 1456 763 multa
1487 716 1571 765 est
1604 709 1661 765 in
1684 709 1837 767 cmlis

242 796 468 869 (Matth.
500 798 579 863 ιι).
618 815 637 848 ι

318 908 339 941 ι
380 889 625 958 Utraque
650 896 831 942 autem
859 896 988 942 sunt
1008 888 1147 942 dona
1180 889 1296 943 Dci.
1338 908 1354 940 ι
1385 887 1662 959 Sapientia
1689 889 1836 946 vide-

241 978 374 1034 licet
422 988 480 1034 et
526 979 688 1034 timor
732 979 826 1033 Dei
867 993 883 1031 :
923 999 940 1029 ι
975 977 1112 1045 Quia
1151 994 1314 1034 omne
1352 981 1536 1034 datum
1579 990 1636 1036 et
1672 998 1834 1038 omne

241 1069 447 1124 donum
490 1069 789 1139 perfectum
817 1070 1100 1127 desursum
1129 1079 1229 1134 est,
1253 1071 1588 1129 descendens
1614 1089 1644 1128 a
1672 1074 1836 1129 Patre

238 1160 508 1217 lminum
533 1161 674 1233 (lae.
709 1162 768 1232 ι).
807 1180 826 1211 ι

320 1272 341 1303 ι
387 1252 686 1309 Scientiam
733 1261 790 1308 et
838 1252 1169 1309 intellectum
1219 1256 1521 1325 prudentia:
1564 1258 1832 1327 sapientia

243 1366 263 1398 ι
308 1345 729 1415 eompartietur,
752 1353 814 1400 et
842 1344 1071 1416 gloriam
1120 1346 1421 1401 tenentium
1452 1361 1512 1403 se
1548 1348 1769 1403 exultat.
1806 1368 1826 1402 ι

236 1433 493 1490 Ostendit
520 1435 664 1504 quod
694 1448 792 1504 per
817 1434 1142 1503 sapientiam
1181 1434 1421 1495 divinam
1462 1435 1633 1494 habet
1668 1440 1832 1498 homo

234 1526 525 1581 scientiam
566 1525 840 1581 devitandi
878 1525 1083 1580 malum
1118 1535 1176 1581 et
1220 1526 1553 1584 intellectum
1596 1529 1830 1587 faciendi

233 1618 465 1672 boumn.
498 1616 801 1687 Utrumque
828 1616 973 1672 enim
1006 1618 1120 1687 ipsa
1148 1617 1206 1672 in
1234 1618 1480 1674 auditore
1514 1634 1613 1675 suo
1637 1635 1832 1691 opera-

236 1718 355 1774 tur,
377 1718 435 1765 et
458 1710 527 1765 ad
554 1716 813 1765 aeternam
841 1710 1069 1780 gloriam
1100 1725 1159 1766 se
1186 1711 1293 1769 rite
1316 1721 1587 1767 tenentem
1626 1713 1681 1767 in
1721 1713 1829 1770 ﬁne

1948 540 1966 572 ι
2013 522 2240 581 redditio
2261 521 2639 592 iucunditatis.
2685 547 2703 579 ι
2734 527 2829 585 Ille
2860 545 2989 586 vere
3033 535 3248 603 patiens
3282 548 3397 605 est,
3431 549 3525 614 qui

1940 615 2173 671 sustinet
2199 618 2578 686 aequanimiter
2605 621 2864 687 adversa;
2888 633 2942 678 et
2971 641 3079 681 non
3103 628 3243 683 mala
3278 646 3377 701 pro
3406 649 3527 689 ina-

1938 703 2006 763 lis
2026 746 2041 767 ,
2086 706 2182 761 sed
2212 706 2352 763 bona
2381 723 2480 777 pro
2506 711 2664 767 malis
2701 712 2914 769 laedenti
2946 732 3005 770 se
3041 719 3249 775 tribuit.
3275 721 3427 778 Sicut
3457 726 3525 782 de

1939 797 2115 866 capite
2165 806 2352 853 nostro
2404 798 2600 857 Petrus
2655 807 2930 873 apostolus
2978 816 3239 878 testatur,
3293 813 3520 872 dicens:

1942 905 1961 937 ι
1996 886 2247 944 Christus
2292 903 2484 957 passus
2530 899 2615 946 est
2657 907 2756 962 pro
2798 897 2990 963 nobis,
3024 899 3338 970 relinquens
3367 907 3521 964 vobis

1936 977 2241 1048 exemplum
2264 986 2327 1034 ut
2352 981 2657 1050 sequamini
2680 985 2906 1056 veStigia
2935 988 3053 1058 ejus
3078 1007 3090 1042 :
3120 992 3211 1060 qui
3236 1003 3518 1063 peccatum

1935 1082 2044 1120 non
2085 1066 2251 1133 fecit,
2282 1084 2387 1126 nec
2432 1070 2683 1128 iuventus
2712 1083 2795 1129 est
2822 1077 2976 1132 dolus
3016 1079 3072 1133 in
3114 1096 3210 1136 ore
3240 1083 3388 1154 ejus;
3426 1087 3517 1149 qui

1935 1172 2058 1211 cum
2090 1159 2527 1229 malediceretur,
2552 1180 2658 1220 non
2682 1166 3130 1237 remaledicebat;
3156 1188 3281 1229 cum
3308 1186 3522 1246 patere-

1934 1255 2042 1313 tur,
2073 1264 2177 1303 non
2200 1253 2668 1322 comminabatur;
2696 1258 2946 1321 tradebat
2968 1269 3150 1317 autem
3171 1262 3437 1333 iudicanti
3460 1283 3520 1326 se

1933 1336 2159 1411 injuste,
2190 1349 2301 1397 etc.
2332 1342 2384 1415 (1
2412 1343 2559 1399 Petr.
2586 1345 2671 1419 ιι).
2705 1366 2724 1399 ι

2009 1451 2027 1482 ε
2076 1431 2258 1490 Bonus
2286 1450 2479 1493 sensus
2502 1453 2674 1509 usque
2704 1440 2759 1494 in
2790 1449 3001 1512 tempus
3025 1445 3322 1504 abscondet
3350 1451 3517 1507 verba

1937 1538 1957 1571 ι
2004 1522 2182 1589 illius,
2218 1534 2277 1580 et
2310 1527 2451 1584 labia
2491 1530 2788 1587 multorum
2829 1537 3168 1593 enarrabunt
3199 1556 3416 1597 sensum
3454 1545 3518 1599 il-

1936 1632 1955 1665 ι
2002 1614 2125 1672 lius.
2161 1636 2182 1670 ι
2216 1616 2356 1699 [line
2401 1620 2455 1676 in
2486 1622 2798 1681 Proverbiis
2839 1629 3102 1700 scriptum
3143 1643 3264 1688 est:
3297 1653 3313 1686 ι
3349 1635 3516 1693 Labia

1932 1706 2258 1775 sapientium
2308 1714 2620 1769 custodiunt
2670 1731 2766 1772 eos
2807 1716 2991 1788 (Prov.
3019 1722 3153 1795 xiv).
3187 1744 3205 1777 ι
3244 1724 3312 1780 Et
3342 1727 3507 1783 item:

232 1800 483 1856 exaltat:
511 1815 633 1872 quae
674 1799 802 1856 alibi
846 1802 918 1856 ita
951 1801 1191 1872 loquitur
1227 1802 1452 1857 dicens:
1490 1821 1508 1854 ι
1546 1802 1647 1870 Qui
1677 1804 1830 1859 audit
1858 1806 1903 1866 Β
1938 1815 1957 1846 ι
1992 1798 2220 1858 Astutus
2246 1802 2465 1877 (inquit)
2504 1809 2687 1863 omnia
2719 1811 2973 1882 agitcum
3011 1816 3260 1873 consilio.
3291 1818 3393 1887 Qui
3420 1836 3517 1876 au-

236 1908 361 1958 me,
417 1907 527 1947 non
578 1890 968 1959 confundetur;
1019 1901 1077 1947 et
1126 1892 1221 1963 qui
1274 1900 1572 1963 operantur
1608 1893 1665 1947 in
1701 1909 1822 1961 me,

233 2000 345 2039 non
386 1982 724 2054 peccabunt;
753 1983 846 2054 qui
875 1982 1151 2041 elucidant
1195 1999 1315 2050 me,
1349 1984 1515 2047 vitam
1565 1992 1825 2042 atteruam

232 2076 513 2132 habebunt
545 2074 715 2147 (Eccl.
746 2075 921 2147 xxiv).
941 2094 961 2127 ι

306 2189 327 2220 ι
371 2169 545 2224 Radix
593 2168 874 2238 sapientiae
915 2177 1002 2223 est
1049 2168 1241 2224 timere
1283 2167 1575 2224 Dominum
1620 2186 1636 2224 :
1684 2171 1825 2227 rami

236 2280 254 2312 ι
298 2261 447 2316 enim
478 2260 625 2315 illius
659 2259 904 2331 lungmvi.
945 2279 963 2311 ι
1006 2258 1145 2327 Quia
1189 2259 1449 2315 nimirum
1491 2277 1504 2313 :
1541 2278 1561 2311 ι
1605 2258 1823 2315 Initium

229 2352 514 2424 sapientia:
543 2351 706 2408 timor
734 2351 951 2406 Domini
975 2391 992 2416 ,
1024 2350 1334 2406 intellectus
1370 2350 1545 2406 bonus
1572 2351 1826 2407 omnibus

229 2445 561 2501 facientibus
604 2460 752 2499 eum.
791 2463 815 2496 ι
845 2444 1006 2501 Remi
1052 2458 1182 2515 ergo
1218 2444 1499 2514 sapientia:
1538 2444 1823 2501 sententiae

227 2550 354 2597 sunt
386 2540 796 2610 Scripturarum
822 2546 1124 2605 sacrarum,
1149 2555 1287 2610 quas
1312 2554 1412 2609 per
1434 2548 1604 2595 totum
1630 2542 1822 2597 urbem

228 2640 504 2688 terrarum
532 2632 600 2687 ad
626 2633 915 2687 utilitatem
944 2632 1224 2688 hominum
1261 2631 1587 2701 evangelica
1611 2646 1821 2702 expan-

227 2723 305 2777 dit
331 2723 605 2777 doctrina.
637 2720 790 2777 Unde
832 2723 887 2777 iu
915 2721 1209 2793 Evangelia
1252 2720 1514 2778 Dominus
1558 2722 1626 2778 de
1651 2737 1821 2794 grano

225 2812 434 2884 sinapis
462 2813 776 2884 parabolam
803 2814 1112 2884 proferens,
1140 2813 1393 2870 volucres
1414 2814 1539 2870 ereti
1563 2814 1702 2870 dixit
1722 2815 1820 2870 ha-

223 2906 430 2960 bitasse
456 2906 509 2960 in
539 2907 708 2961 ramis
733 2904 869 2973 ejus.
903 2905 1186 2974 Quomodo
1217 2916 1401 2962 autem
1428 2914 1557 2962 sunt
1587 2906 1817 2978 longzevi

223 2998 360 3051 rami
392 2997 714 3068 sapientiae,
737 2998 1001 3054 Dominus
1027 2999 1082 3052 in
1120 2997 1415 3069 Evangelia
1444 2999 1815 3064 demonstrat,

219 3089 413 3145 dicens
439 3107 452 3143 :
484 3110 502 3141 ι
535 3089 645 3144 lota
675 3105 841 3144 unum
868 3099 963 3144 aut
992 3105 1134 3147 unus
1159 3104 1295 3160 apex
1316 3105 1423 3145 non
1460 3090 1814 3161 prteteribita

1930 1897 2038 1943 tem
2071 1889 2252 1950 fatuus
2280 1905 2385 1962 est,
2428 1899 2605 1967 aperit
2641 1900 2926 1958 stultitiam
2956 1903 3138 1976 (Prov.
3182 1910 3325 1981 xui).
3365 1931 3384 1964 ι
3412 1913 3516 1985 lgi-

1928 1990 2017 2034 tur
2053 1984 2314 2053 sapientis
2353 1987 2591 2046 hominis
2636 2001 2720 2046 est
2755 1994 2916 2050 verba
2966 2004 3194 2064 tentare,
3229 2009 3285 2056 et
3327 1984 3513 2061 omnia

1926 2073 2170 2130 modeste
2212 2091 2396 2149 agere.
2425 2078 2592 2151 Cujus
2631 2092 2812 2141 tamen
2858 2093 3216 2158 temperantia
3256 2095 3516 2164 plurimo-

1926 2177 2049 2216 rum
2075 2179 2235 2222 voces
2259 2176 2315 2223 et
2342 2177 2496 2226 actus
2523 2170 2809 2231 laudantes
2840 2179 3159 2246 praedicant.
3196 2182 3307 2241 Nec
3333 2196 3511 2257 potest

1924 2253 2203 2323 abscondi,
2230 2260 2603 2331 quodjustitia
2631 2263 2805 2320 dictat
2828 2268 3187 2326 manifestari.

2536 2368 2764 2429 CAPUT
2807 2373 2887 2430 Vl.

1925 2449 2189 2535 Hortatur
2228 2455 2507 2535 Sapientia
2525 2465 2975 2535 _concupiscentes
3018 2486 3074 2524 se
3111 2488 3320 2528 servare
3359 2492 3509 2530 man-

2137 2526 2262 2580 data
2289 2541 2308 2579 .'
2335 2530 2488 2584 sicin
2516 2526 2803 2604 Evangelia
2835 2535 3093 2595 Dominus
3121 2540 3292 2596 docet.

1999 2633 2017 2663 ‹
2058 2612 2184 2681 Fili,
2223 2620 2613 2690 concupiscens
2658 2624 2983 2694 sapientiam
3043 2643 3309 2686 conserva
3350 2629 3513 2703 justi—

1927 2721 1947 2756 ι
1993 2704 2158 2771 tiam,
2195 2715 2251 2763 et
2292 2706 2436 2764 Deus
2464 2712 2730 2781 prmbebit
2758 2715 2908 2771 illam
2950 2719 3069 2774 tibi.
3107 2742 3125 2773 ι
3152 2720 3399 2789 Qualiter
3440 2727 3510 2782 ad

1920 2795 2202 2889 sapientiae
2229 2802 2630 2873 perceptionem
2655 2810 2942 2877 pervenire
2961 2813 3252 2882 possimus,
3281 2817 3397 2889 ipsa
3429 2835 3512 2875 sa-

1917 2884 2122 2956 pientia
2166 2892 2436 2948 tramitem
2476 2895 2634 2953 nobis
2676 2898 3052 2958 demonstrat:
3081 2908 3210 2977 quia
3237 2884 3354 2968 sine
3379 2926 3511 2968 con-

1918 2980 2233 3037 servatione
2255 2979 2486 3062 iustitia:
2527 3002 2689 3044 nemo
2727 2992 3009 3062 perveniet
3052 2996 3121 3051 ad
3166 2999 3381 3057 culmen
3417 3018 3509 3059 sa-

1916 3068 2154 3139 pientiae.
2189 3057 2343 3130 Unde
2373 3083 2429 3130 et
2453 3073 2688 3135 Iacobus
2720 3057 2996 3152 apostolus
3043 3086 3234 3157 docet,
3274 3057 3503 3149 dicens:

217 3180 361 3250 lege,
383 3182 558 3236 donec
582 3180 763 3236 omnia
789 3164 940 3235 ﬁant.
965 3180 1174 3236 Caelum
1205 3188 1261 3237 et
1297 3185 1445 3237 terra
1472 3181 1809 3249 transibunt,
1840 3169 1887 3232 C
1923 3180 1941 3213 ‘
1980 3162 2038 3255 §i
2067 3166 2188 3236 (ιιιίε
2215 3176 2397 3223 autem
2424 3177 2665 3229 Vestrum
2697 3172 2903 3246 indiget
2939 3178 3238 3249 sapientia,
3276 3186 3511 3255 postulet

218 3274 390 3327 verba
420 3282 602 3329 autem
632 3288 750 3328 mea
786 3288 893 3327 non
923 3273 1231 3329 transibunt
1254 3272 1469 3345 (Matth.
1494 3273 1568 3344 v).
1603 3293 1623 3328 ι

302 3381 326 3417 ι
366 3363 427 3418 In
475 3363 748 3419 thesauris
802 3363 1083 3432 sapientia;
1122 3362 1428 3419 intellectus
1475 3372 1531 3418 et
1572 3363 1815 3425 scientia:

223 3474 243 3508 ι
292 3455 645 3528 religiositas.
681 3472 700 3506 ι
733 3454 961 3522 Quando
981 3455 1034 3509 in
1061 3453 1195 3525 legis
1217 3453 1432 3510 Domini
1459 3454 1815 3511 meditatione

218 3556 520 3618 utrumque
569 3548 900 3613 declaratur,
940 3556 997 3604 et
1039 3548 1313 3619 quomodo
1351 3547 1638 3605 devitanda
1684 3556 1815 3605 sunt

217 3646 449 3708 peccata
475 3647 526 3693 et
553 3652 799 3704 errores;
825 3648 882 3694 et
908 3639 1180 3710 quomodo
1204 3639 1463 3694 discenda
1490 3646 1576 3695 est
1595 3640 1814 3711 spirita-

218 3727 288 3782 lis
317 3728 607 3798 sapientia,
633 3737 690 3786 et
717 3730 1021 3785 exercenda
1051 3731 1305 3800 operatio
1327 3730 1467 3787 bona
1484 3769 1502 3798 ,
1531 3731 1587 3787 in
1616 3733 1815 3804 quibus

216 3820 439 3875 duobus
464 3819 788 3891 religiositas
811 3836 938 3876 vera
965 3821 1235 3877 consistit.

260 3972 269 3978 ν
298 3932 319 3963 ι
366 3912 681 3969 Exsecratio
703 3923 884 3968 autem
909 3917 1289 3985 peccatoribus
1313 3915 1635 3986 sapientiai
1670 3916 1807 3984 Quia

215 4006 605 4063 abominabilis
645 4017 727 4064 est
754 4007 843 4062 illa
868 4008 1110 4063 doctrina
1139 4009 1277 4078 apud
1315 4024 1638 4079 perversos,
1687 4026 1809 4081 qua:

213 4099 477 4169 prohibet
507 4108 760 4169 peccata,
790 4108 848 4155 et
873 4099 1111 4156 carnalia
1154 4099 1309 4169 sequi
1337 4099 1637 4166 desideria,
1670 4101 1812 4159 sicut

211 4202 273 4248 et
319 4192 373 4246 in
406 4191 717 4248 Proverbiis
758 4192 1024 4262 scriptum
1069 4198 1192 4249 est:
1225 4211 1243 4243 ι
1278 4190 1395 4248 Non
1446 4200 1598 4248 amat
1641 4192 1812 4263 pesti-

212 4282 343 4338 lens
373 4297 498 4336 eum
525 4283 618 4352 qui
646 4297 706 4338 se
732 4282 977 4353 corripit,
1012 4294 1114 4337 nec
1150 4282 1219 4336 ad
1248 4281 1523 4352 sapientes
1544 4282 1808 4353 graditur.

211 4372 483 4428 Doctrina
519 4372 659 4429 mala
685 4373 1048 4447 deserentium
1079 4373 1222 4431 viam
1250 4372 1377 4428 vita:
1405 4390 1419 4426 :
1443 4373 1536 4443 qui
1562 4372 1810 4443 increpa-

207 4468 405 4522 tiones
429 4466 561 4527 odit.
595 4467 856 4521 morietur
880 4462 1062 4537 (Prov.
1089 4464 1204 4535 xv).
1245 4483 1264 4517 ι

1917 3268 1947 3308 a
1980 3252 2123 3321 Deo,
2148 3257 2241 3328 qui
2269 3258 2360 3313 dat
2392 3261 2643 3317 omnibus
2672 3262 2952 3321 amuenter
2972 3306 2987 3332 ,
3016 3278 3072 3323 et
3101 3284 3206 3325 non
3240 3252 3511 3347 imprope-

1916 3352 2031 3411 rat;
2057 3354 2113 3401 et
2143 3347 2365 3404 dabitur
2400 3351 2450 3405 ei
2488 3350 2629 3423 (Jac.
2659 3352 2720 3427 ι).
2766 3372 2787 3408 ι
2818 3354 2993 3411 Item:
3029 3375 3046 3409 ι
3081 3357 3214 3427 Quis
3253 3365 3468 3435 sapiens
3489 3352 3535 3432 ,’

1914 3437 2122 3508 inquit,
2153 3446 2208 3494 et
2233 3438 2609 3512 disciplinatus
2652 3445 2795 3501 inter
2837 3449 2974 3503 vos?
3016 3451 3267 3507 ostendat
3310 3453 3508 3511 bonam

1912 3533 2385 3591 conversationem
2426 3536 2488 3592 in
2537 3542 2953 3600 mansuetudine
3002 3546 3285 3615 sapientiae
3330 3548 3506 3620 (Ibid.

1912 3626 2021 3700 ιιι).
2048 3648 2067 3679 ι
2095 3628 2172 3685 De
2199 3646 2308 3701 quo
2336 3642 2733 3703 consumenter
2754 3637 3035 3694 subditur:

1991 3737 2010 3771 ι
2054 3719 2330 3792 Sapientia
2356 3725 2501 3783 enim
2525 3735 2582 3783 et
2614 3726 2899 3799 disciplina
2923 3771 2940 3796 ,
2984 3731 3148 3788 timor
3172 3733 3418 3803 Domini;
3451 3750 3507 3793 et

1918 3827 1937 3861 ι
1981 3812 2125 3881 quod
2153 3813 2552 3885 beneplacitum
2580 3828 2664 3876 est
2695 3820 2809 3888 illi,
2843 3822 2982 3878 ﬁdes
3009 3834 3065 3881 et
3102 3829 3500 3895 mansuetudo;

1919 3918 1939 3951 ι
1982 3910 2038 3956 et
2064 3902 2379 3975 adimplehit
2409 3907 2696 3966 thesauros
2719 3910 2883 3967 illius.
2924 3931 2945 3965 ι
2975 3911 3096 3968 1am
3124 3930 3277 3986 saepe.
3298 3917 3501 3974 dictum

1913 4001 2018 4059 est,
2049 3996 2192 4065 quod
2218 3997 2380 4053 timor
2420 3998 2631 4055 Domini
2678 4002 2958 4073 sapientia
3001 4013 3055 4059 et
3094 4006 3390 4077 disciplinae
3417 4020 3504 4065 est

1912 4089 2155 4144 custodia
2181 4108 2195 4143 :
2227 4090 2315 4145 cui
2344 4092 2482 4148 bene
2503 4095 2835 4151 conveniunt
2856 4096 2992 4154 ﬁdes
3016 4109 3184 4164 recta,
3206 4110 3263 4157 et
3287 4117 3498 4160 morum

1912 4182 2300 4248 temperantia;
2335 4201 2354 4234 ι
2381 4182 2508 4253 quia
2530 4184 2864 4255 impossibile
2886 4197 2971 4244 est
2997 4192 3117 4246 sine
3144 4190 3251 4247 ﬁde
3287 4192 3501 4263 placere

1911 4269 2024 4325 Deo
2063 4270 2222 4343 (Heb.
2260 4272 2371 4345 xi);
2405 4293 2426 4328 ι
2455 4282 2513 4330 et
2546 4276 2724 4332 omnis
2760 4276 3025 4333 honorum
3058 4280 3171 4336 vita
3208 4283 3497 4354 tranquilla

1908 4371 2011 4417 est.
2043 4362 2197 4419 Unde
2229 4364 2403 4421 virtus
2429 4373 2483 4420 et
2508 4368 2773 4437 sapientia
2799 4370 2893 4425 Dei
2916 4370 3196 4436 Christus,
3233 4373 3286 4428 in
3316 4374 3498 4431 Evan-

1909 4452 2048 4522 gelio
2069 4453 2359 4525 discipulos
2384 4471 2512 4512 suos
2545 4459 2747 4523 docuit,
2777 4459 3003 4516 dicens:
3042 4480 3063 4515 ι
3097 4462 3301 4520 Discite
3341 4482 3373 4521 a
3410 4482 3499 4523 me

291 4574 314 4606 ι
359 4556 545 4612 Timor
568 4556 780 4611 Domini
808 4528 1029 4626 expellit
1061 4527 1378 4625 peccatum;
1402 4570 1526 4610 nam
1568 4556 1658 4625 qui
1688 4558 1805 4613 sine
1837 4527 1883 4585 ³)
1908 4544 2037 4613 Quia
2062 4545 2211 4601 mitis
2243 4562 2363 4602 sum
2400 4557 2458 4602 et
2505 4548 2728 4607 humilis
2762 4553 2960 4619 corde;
2988 4562 3046 4608 et
3077 4554 3363 4613 invenietis
3380 4573 3495 4613 «re-

210 4669 230 4701 c
284 4648 488 4703 timore
514 4656 620 4713 est,
647 4663 754 4702 nou
785 4656 962 4716 potest
979 4646 1288 4716 iustiﬁcari.
1324 4666 1344 4699 ι
1375 4645 1637 4717 Superius
1668 4649 1808 4702 scri-

202 4752 373 4813 pttttn
403 4748 489 4796 est
515 4741 659 4810 quod
686 4741 898 4795 initium
928 4740 1210 4809 sapientiae
1238 4740 1311 4795 sit
1346 4739 1510 4795 timor
1540 4740 1757 4795 Domini
1788 4760 1799 4795 :

200 4832 349 4902 quia
390 4829 602 4885 initium
648 4831 1023 4887 conversionis
1066 4832 1134 4886 ad
1174 4830 1345 4887 Deum
1386 4838 1442 4885 et
1486 4830 1593 4885 iter
1625 4840 1711 4885 est
1736 4832 1804 4885 ad

193 4923 503 4996 justitiam.
534 4921 686 4979 Nunc
714 4932 895 4979 autem
925 4923 1058 4979 dicit
1099 4924 1349 4979 timorem
1390 4924 1487 4979 Dei
1532 4923 1804 4992 expellere

196 5021 533 5085 peccatum,
564 5014 687 5084 quia
715 5013 809 5085 qui
837 5029 936 5083 per
958 5014 1338 5084 paenitentiam
1373 5014 1601 5069 mundat
1626 5014 1805 5071 homi-

197 5118 346 5160 nem
380 5119 409 5157 a
442 5104 682 5171 peccatis
727 5103 1057 5174 perpetratis
1078 5144 1094 5170 ,
1130 5112 1226 5159 aut
1266 5113 1484 5162 coercet
1512 5105 1661 5162 illum
1688 5106 1808 5162 sive

1906 4636 2088 4704 quiem
2116 4637 2405 4694 animabus
2429 4640 2625 4695 vestris
2666 4639 2884 4713 (Matth.
2914 4642 3015 4715 xl).
3047 4664 3066 4697 ι
3094 4645 3162 4700 Et
3199 4657 3325 4716 apte
3360 4648 3495 4703 dici-

1907 4737 2026 4792 tur,
2071 4730 2215 4798 quod
2264 4731 2486 4802 impleat
2533 4734 2818 4790 thesauros
2855 4735 3019 4802 illius,
3066 4740 3192 4808 quia
3237 4740 3329 4809 qui
3367 4756 3497 4798 vere

1906 4823 2060 4876 timet
2083 4822 2253 4878 Deum
2271 4864 2286 4890 ,
2317 4841 2424 4880 non
2451 4834 2631 4895 potest
2659 4842 2780 4882 esse
2810 4828 2930 4883 sine
2958 4828 3063 4883 ﬁde
3090 4838 3145 4884 et
3181 4831 3339 4887 bonis
3366 4847 3497 4903 ope-

1904 4915 2092 4970 ribus:
2121 4931 2241 4985 quae
2286 4917 2568 4973 timentem
2616 4919 2786 4974 Deum
2833 4922 3008 4976 sacris
3048 4921 3345 4979 virtutibus
3394 4925 3496 4979 im-

1907 5007 2089 5077 plent,
2131 5016 2189 5063 et
2222 5009 2427 5065 faciunt
2451 5025 2577 5066 eum
2620 5027 2743 5069 esse
2770 5014 3155 5083 acceptabilem
3181 5015 3310 5071 Dee.
3344 5015 3501 5074 Unde

1909 5098 1965 5151 in
1992 5098 2319 5155 Ecclesiaste
2346 5102 2609 5169 scriptum
2635 5111 2720 5157 est
2746 5120 2758 5157 :
2795 5119 2813 5153 ι
2851 5101 3067 5158 Homini
3094 5102 3238 5160 bono
3276 5106 3330 5159 in
3367 5121 3497 5162 con-

1909 5199 2095 5259 spectu
2128 5206 2227 5247 suo
2247 5192 2395 5247 dedit
2421 5192 2562 5248 Deus
2585 5194 2905 5264 sapientiam
2934 5202 2993 5249 et
3014 5194 3295 5251 scientiam
3320 5206 3377 5250 et
3399 5196 3495 5251 la:-

1910 5282 2108 5335 titiam.
2136 5281 2419 5339 Peccatori
2459 5292 2645 5340 autem
2669 5285 2817 5341 dedit
2842 5284 3188 5341 aﬁlictionem
3222 5295 3276 5341 et
3306 5299 3492 5341 curam

196 5193 479 5265 prohibet
516 5208 547 5247 a
574 5193 815 5251 nondum
863 5194 1192 5250 commissis.
1225 5194 1325 5261 Qui
1369 5202 1553 5250 autem
1602 5196 1811 5265 spernit

194 5286 418 5349 Deum,
442 5284 588 5341 nullo
617 5286 778 5341 modo
804 5285 874 5341 ad
895 5285 1127 5357 iustitia:
1152 5286 1386 5356 palmam
1410 5287 1695 5356 pervenire
1714 5301 1812 5357 po—

194 5373 372 5435 terit.
1550 5418 1563 5425 -
1914 5373 2239 5443 superﬂuam
2269 5374 2468 5447 (Eccle.
2492 5376 2575 5448 ιι).
2608 5396 2629 5431 ι

285 5484 318 5519 ς
365 5466 644 5522 Iracundia
672 5467 818 5524 enim
842 5468 1211 5524 animositatis
1238 5467 1384 5523 illius
1425 5469 1708 5525 subversio
1742 5469 1807 5523 ιι-
1989 5483 2007 5515 ‹
2052 5465 2166 5519 Νοιι
2198 5467 2272 5521 sis
2301 5467 2633 5523 incredibilis
2663 5468 2843 5524 timori
2869 5470 3104 5533 Domini,
3130 5478 3183 5523 et
3212 5483 3280 5520 ne
3307 5479 3494 5520 acces-

197 5581 229 5618 σ
281 5558 399 5616 lius
416 5568 519 5615 est.
551 5580 569 5611 ι
599 5560 850 5617 Profecto
880 5563 1007 5632 quia
1038 5563 1085 5618 is
1109 5563 1203 5632 qui
1227 5576 1326 5633 per
1346 5562 1597 5617 timorem
1629 5562 1723 5617 Dei
1750 5578 1811 5618 se
1918 5574 1937 5605 ι
1983 5558 2120 5611 seris
2154 5558 2221 5611 ad
2252 5559 2400 5613 illum
2426 5560 2623 5630 duplici
2649 5562 2832 5617 corde.
2868 5580 2886 5611 ι
2914 5560 3145 5615 Credere
3167 5557 3309 5611 enim
3328 5571 3494 5626 opor-

194 5665 242 5711 a
273 5648 433 5705 νίιίίε
460 5650 717 5708 cohibere
743 5668 852 5709 ηοιι
877 5654 1015 5713 “ut.
1048 5654 1102 5708 ίυ
1132 5654 1342 5725 peccati
1371 5652 1684 5723 voraginem
1716 5669 1809 5709 ca.
1912 5652 1984 5697 tet
2015 5648 2360 5703 accedentem
2387 5650 2454 5703 ad
2482 5650 2681 5715 Deum,
2728 5659 2785 5704 ut
2823 5649 3020 5702 Paulus
3050 5654 3277 5701 testatur
3307 5664 3325 5695 ι
3364 5645 3491 5715 quia

196 5742 300 5805 dit.
326 5750 383 5798 et
412 5743 782 5814 ρτωείρὶιειωι-
811 5746 866 5800 in
892 5755 1141 5804 ιηω-ιεω,
1913 5746 2028 5799 cst,
2066 5747 2122 5791 et
2156 5740 2552 5808 inquirentibus
2595 5756 2654 5795 se
2697 5746 3071 5794 remuneratur
3108 5735 3202 5789 iit:
3245 5755 3262 5788 ι
3306 5742 3361 5789 et
3402 5735 3495 5801 qui
