3928 6182
379 466 401 498 ι
437 440 668 511 simplici
695 434 860 491 corde
882 425 1074 497 quaerit
1098 421 1268 475 Deum
1288 457 1303 482 ,
1342 412 1580 470 inveniet
1609 407 1761 464 illum
1800 400 1962 475 (Heb.
1995 403 2044 463 Α

377 537 484 605 x1).
516 498 724 585 {Unde
766 520 1024 589 scriptum
1065 523 1205 578 est:
1249 528 1267 560 ι
1319 502 1657 575 Simplicitas
1694 498 1968 569 iustorum

378 585 578 697 dii'iget
619 632 712 674 eos
742 655 758 681 ,
794 619 852 668 et
876 585 1258 678 supplantatio
1304 607 1690 669 perversorum
1738 585 1976 643 vastabit

379 681 519 776 illo;
525 712 710 785 (Prov.
740 705 843 776 x1).
874 723 893 755 ι
931 698 1119 756 Omnis
1147 695 1346 765 quippe
1373 690 1465 760 qui
1486 683 1685 757 duplici
1712 681 1895 737 animo
1920 685 1978 781 et

383 826 493 868 non
530 769 750 862 sincera
789 798 895 852 fide
922 809 988 849 ac
1013 791 1155 845 bona
1193 785 1499 842 intentione
1536 794 1596 835 se
1626 776 1795 830 Deum
1835 769 1978 825 arbi-

385 860 564 956 tra—tur
598 889 843 948 invenire
867 898 1045 957 posse,
1075 877 1423 945 semetipsum
1458 870 1614 925 fallit.
1638 865 1792 921 Unde
1820 860 1979 916 Jaco-

385 992 487 1049 bus
508 988 622 1042 ait:
661 1001 680 1034 ι
718 979 824 1048 Qui
849 950 994 1032 enim
1022 971 1260 1033 haesitat,
1284 963 1477 1020 similis
1498 968 1581 1015 est
1603 954 1784 1011 ﬂuctui
1813 950 1978 1006 maris

388 1083 481 1153 qui
527 1095 558 1133 a
607 1081 770 1130 vento
818 1075 1066 1125 movetur
1099 1071 1156 1117 et
1198 1056 1600 1117 circumfertur.
1630 1048 1737 1104 Vix’
1778 1044 1976 1115 duplex

390 1137 571 1230 animo
596 1169 911 1222 inconstans
941 1164 1024 1212 est
1044 1157 1101 1210 in
1127 1149 1381 1207 omnibus
1401 1145 1504 1199 viis
1530 1142 1642 1197 suis
1674 1137 1814 1211 (Jac.
1846 1139 1910 1205 ι).
1951 1154 1969 1186 ι

394 1266 489 1321 Vir
512 1260 708 1332 duplex
737 1264 821 1311 est
851 1251 1065 1312 animo,
1106 1245 1199 1314 qui
1229 1251 1284 1298 et
1321 1239 1412 1295 hic
1447 1235 1565 1289 vult
1591 1230 1826 1304 gaudere
1854 1241 1978 1300 cum

392 1318 611 1417 saeculo:
640 1359 697 1405 et
722 1348 829 1403 illic
858 1354 1086 1413 regnare
1116 1350 1239 1391 cum
1261 1330 1496 1387 Christo.
1522 1326 1655 1379 Item
1678 1322 1759 1376 vir
1783 1318 1979 1387 duplex

396 1458 479 1506 est
507 1446 707 1507 animo,
736 1439 829 1511 qui
859 1439 913 1492 in
932 1412 1098 1489 bonis
1126 1426 1245 1498 Quae
1273 1423 1403 1479 facit
1428 1434 1536 1475 non
1572 1412 1982 1471 retributionem

395 1539 644 1602 interius,
674 1533 771 1589 sed
790 1526 1032 1585 exterius
1055 1521 1298 1575 favorem
1331 1511 1544 1584 quierit.

475 1694 493 1726 ι
539 1671 616 1727 Ne
643 1666 809 1722 fueris
836 1655 1119 1733 hypocrita
1152 1651 1205 1705 in
1236 1651 1529 1715 conspectu
1569 1635 1849 1693 hominum
1877 1672 1890 1696 ,
1930 1636 1985 1682 et

1022 313 1083 367 ιι.
1126 301 1383 376 ιιΑιιΑΝι
1417 294 1642 354 MAURI
1677 287 1997 349 nomen.
2037 277 2347 339 uocum.
2391 248 2681 330 orn‘nuu
2720 263 2902 322 rans
2935 261 2979 320 t.

3554 246 3655 303 772

2679 379 2904 438 CAPUT
2946 375 3055 433 VII.

2076 526 2348 597 Sapientia
2375 528 2547 597 monet
2577 517 2879 597 accedentes
2906 515 2975 568 ad
2996 514 3300 566 seruitutem
3318 515 3590 597 vetuere
3609 509 3667 561 in

2137 578 2351 668 iustitia
2373 604 2421 647 et
2441 593 2648 668 timore,
2676 599 2725 643 et
2748 587 2983 668 animum
3023 596 3328 668 prepare“
3370 578 3444 668 qd
3491 587 3673 632 tenta-

2147 648 2362 730 libum,
2382 648 2664 734 quoniam,
2698 654 2985 734 secundum
3015 648 3324 734 {parteiam
3365 648 3625 703 dicentem
3647 661 3667 700 :

2148 721 2677 805 Omnesquivolunt
2707 729 2793 799 pie
2822 727 3007 780 vivere
3051 721 3105 777 in
3146 721 3368 776 Christo
3415 732 3671 789 persecu-

2144 810 2356 862 tionem
2384 803 2663 875 patiuntur

2148 939 2300 1013 (CAP.
2330 936 2416 1007 ιι.)
2452 953 2471 986 ι
2513 933 2637 996 Fili,
2671 930 2939 986 accedens
2965 927 3035 982 ad
3059 925 3381 981 servitutem
3410 923 3507 978 Dei
3534 963 3551 988 ,
3581 931 3667 977 sta

2084 1055 2104 1088 ι
2147 1034 2202 1089 in
2233 1030 2444 1102 iustitia
2470 1036 2528 1082 et
2546 1027 2753 1082 timore
2777 1041 2789 1075 ι
2814 1031 2870 1077 et
2891 1034 3138 1092 praepara
3163 1017 3405 1072 animam
3426 1024 3574 1072 tuam
3602 1016 3669 1070 ad

2086 1146 2106 1180 ‹
2153 1123 2528 1181 tentationem.
2570 1137 2589 1169 ι
2622 1115 2755 1172 Cum
2784 1113 2932 1185 prius
2970 1111 3192 1167 doceret
3227 1108 3357 1178 quid
3389 1107 3665 1162 vitandum

2082 1218 2175 1283 sit,
2202 1231 2345 1277 nune
2368 1213 2711 1268 demonstrat
2733 1205 2865 1277 quid
2889 1203 3154 1275 agendum
3174 1208 3261 1257 est
3286 1219 3301 1255 :
3336 1200 3442 1255 hoc
3467 1207 3587 1263 est,
3613 1207 3671 1254 ut

2082 1310 2176 1380 qui
2202 1307 2386 1363 divino
2417 1301 2647 1358 servitio
2667 1315 2727 1355 se
2760 1298 2864 1353 rite
2893 1295 3205 1366 mancipare
3226 1292 3601 1358 vult,maneat
3619 1291 3669 1344 in

2078 1399 2312 1471 iustitia,
2331 1405 2387 1453 ct
2413 1396 2660 1451 timorem
2683 1391 2779 1445 Dei
2804 1397 3016 1453 servet;
3046 1387 3236 1456 sicque
3254 1387 3491 1443 animam
3518 1398 3671 1439 suam

2085 1496 2353 1561 praeparet
2383 1487 2451 1542 ad
2481 1484 2834 1540 tentationem
2853 1521 2869 1546 ,
2899 1480 3024 1549 quia
3052 1475 3389 1557 impossibile
3417 1483 3505 1531 est
3533 1484 3595 1528 ut
3626 1476 3671 1530 is

2088 1585 2181 1654 qui
2211 1598 2277 1639 se
2309 1587 2483 1636 tentet
2531 1577 2609 1632 ab.
2646 1572 2918 1629 illecebris
2966 1569 3149 1625 mundi
3189 1567 3463 1623 abstinere
3494 1573 3553 1618 et
3581 1565 3676 1619 Dei

2089 1674 2342 1730 mandata
2391 1666 2695 1730 custodire,
2748 1663 2974 1719 adversa
3028 1658 3212 1715 mundi
3262 1673 3371 1712 non
3416 1656 3673 1726 patiatur.

406 1790 425 1822 ι
467 1782 575 1824 non
609 1752 1001 1819 scandalizcris
1042 1749 1094 1802 in
1139 1742 1299 1798 labiis
1328 1737 1454 1791 tuis.
1495 1756 1513 1787 ι
1542 1730 1861 1828 ξ)ιδεεὶῐῐιιιιῐὶΔ
1896 1736 1986 1828 ge:
2015 1758 2062 1816 Β
2096 1785 2113 1817 1
2153 1764 2357 1821 omnes
2380 1760 2558 1823 enim,
2579 1758 2733 1828 juxta
2768 1752 2923 1809 Pauli
2962 1750 3290 1806 sententiam
3311 1788 3326 1813 θ
3356 1747 3449 1817 qui
3470 1747 3561 1816 pie
3588 1761 3678 1800 νο,

402 1876 504 1915 nus
546 1863 629 1913 est
675 1845 1121 1921 bypocritarum,
1160 1833 1251 1904 qui
1300 1828 1482 1893 omnia
1534 1814 1657 1878 licte
1703 1823 1895 1890 agunt;
1932 1821 1988 1867 et

403 1914 547 2004 aliud
573 1914 785 2015 gestant
811 1934 992 1995 corde,
1029 1926 1175 1984 aliud
1207 1936 1422 1994 quoque
1458 1914 1751 1972 ostendunt
1797 1922 1991 1979 Opera-

407 1998 915 2093 tioncfllorumque
943 2018 1183 2075 omnium
1216 2007 1532 2083 nequissimi
1564 2012 1687 2061 sunt
1713 1998 1952 2093 lueretici
1972 2040 1987 2063 ,

406 2130 473 2183 de
497 2120 694 2194 quibus
740 2119 794 2173 in
831 2080 1131 2182 iivangelto
1176 2080 1439 2165 Dominus
1480 2099 1555 2153 ait
1592 2117 1602 2151 :
1653 2116 1672 2147 ι
1715 2080 1992 2148 Αιιοιιᾱὶιθ

406 2180 586 2272 autem
617 2209 770 2264 vobis
795 2223 824 2260 a
851 2180 1328 2271 falsispropltetis,
1350 2190 1442 2261 qui
1466 2192 1687 2243 veniunt
1718 2183 1784 2237 ad
1814 2196 1911 2236 vos
1938 2180 1999 2253 in.

404 2303 745 2363 vestimentis
772 2299 955 2354 ovium
978 2335 993 2358 ,
1019 2291 1350 2347 intrinsecus
1381 2290 1560 2338 autem
1605 2286 1728 2333 sunt
1757 2273 1868 2346 lupi
1907 2287 1995 2326 ra-

407 2412 569 2469 paces
599 2391 816 2465 (llatth.
849 2386 947 2459 vn)
984 2404 997 2439 :
1040 2403 1058 2435 ι
1097 2382 1153 2437 hi
1197 2392 1365 2449 pravo
1408 2372 1571 2428 corde
1615 2367 1997 2424 machinantur

409 2456 631 2547 malum,
660 2491 717 2537 et
742 2477 890 2534 omni
921 2456 1163 2543 tempore
1189 2467 1369 2539 jurgia
1417 2465 1714 2522 seminam,
1744 2466 1807 2512 ut
1845 2456 1994 2511 ince-

410 2580 603 2635 dentes
631 2573 777 2627 viam
811 2565 1059 2622 veritatis
1093 2562 1407 2617 subvertant
1433 2572 1445 2608 :
1471 2567 1607 2623 quos
1639 2547 1878 2604 maxime
1906 2560 1999 2600 ca-

408 2680 541 2723 vere
561 2659 922 2723 necessarium
951 2662 1056 2710 est.
1082 2650 1237 2707 Unde
1261 2663 1357 2719 per
1380 2644 1724 2700 Salomonem
1760 2638 1993 2692 dicitur:

418 2776 439 2811 ι
467 2753 764 2812 Consilium
793 2745 1061 2805 custodiet
1090 2751 1163 2808 te,
1192 2749 1247 2795 et
1268 2735 1555 2811 prudentia
1580 2729 1816 2788 servabit
1846 2739 1917 2793 te,
1942 2735 1999 2780 ut

413 2846 624 2905 eruaris
646 2843 712 2898 de
740 2841 829 2896 via
858 2836 999 2893 mala
1022 2843 1078 2889 et
1102 2833 1170 2887 ab
1194 2829 1413 2886 homine
1433 2826 1525 2896 qui
1547 2836 1802 2894 perversa
1828 2816 1999 2888 loqui-

413 2947 523 2994 tur.
549 2934 651 3006 Qui
680 2928 935 3000 relinquit
971 2927 1076 2982 iter
1121 2932 1360 2986 rectum,
1391 2927 1448 2973 et
1476 2915 1850 2998 ambulatpcr
1885 2910 2001 2965 vias

418 3028 756 3089 teuebrosas,
783 3029 843 3074 ut
867 3018 1076 3075 eruaris
1106 3031 1138 3070 a
1163 3014 1387 3069 muliere
1422 3010 1595 3064 aliena
1629 3017 1684 3062 et
1717 2993 1785 3060 ab
1823 3013 2002 3060 extra-

416 3134 520 3177 nea
546 3132 666 3199 quae
696 3112 869 3168 mollit
907 3120 1184 3164 sermones
1210 3118 1368 3168 suos,
1415 3111 1471 3155 et
1518 3094 1774 3168 relinquit
1809 3096 2001 3151 ducem
2028 3119 2074 3182 ρ

416 3185 722 3280 pubertatis
770 3217 914 3265 suae,
962 3208 1018 3253 et
1066 3196 1207 3268 pacti
1249 3193 1347 3248 Dei
1395 3191 1475 3246 sui
1510 3191 1678 3245 oblita
1714 3200 1815 3243 est.
1847 3185 2003 3240 incli-

420 3312 548 3359 nata
584 3307 669 3355 est
716 3297 863 3351 enim
906 3291 974 3347 ad
1018 3299 1248 3344 mortem
1297 3286 1489 3341 domus
1529 3282 1681 3351 ejus,
1720 3289 1776 3335 et
1821 3281 1890 3335 ad
1927 3280 2011 3334 in-

422 3392 572 3448 feros
625 3385 832 3443 semitm
889 3381 1097 3453 ipsius:
1129 3390 1319 3434 omnes
1376 3373 1471 3444 qui
1523 3370 1903 3441 ingrediuntur
1942 3370 2011 3422 ad

422 3493 546 3540 eam
602 3495 709 3535 non
750 3481 1131 3537 revertentur,
1182 3484 1284 3525 nec
1332 3465 1738 3538 apprehendent
1787 3462 2011 3518 semitas

422 3573 550 3629 vitae
576 3566 761 3642 (Prov.
788 3564 871 3638 ιι).
964 3628 967 3633 _

504 3723 523 3755 ι
565 3700 843 3757 Attendite
868 3699 926 3753 in
947 3697 1055 3752 illis
1084 3710 1153 3751 ne
1174 3694 1313 3750 forte
1337 3692 1524 3753 cadas,
1554 3698 1613 3745 et
1638 3688 1873 3743 adducas
1899 3685 2013 3741 ani-

434 3815 454 3847 ι
500 3809 603 3849 tute
623 3802 728 3847 tute
768 3786 1263 3849 inhonorationem,
1287 3788 1343 3837 et
1364 3780 1565 3836 revelet
1584 3777 1728 3834 Deus
1750 3777 2017 3833 absconsa

435 3904 456 3935 ι
501 3891 615 3947 tua,
648 3882 705 3937 in
733 3879 909 3935 medio
935 3888 1223 3947 synagoga:
1250 3872 1415 3928 elidat
1436 3880 1489 3926 te
1515 3889 1528 3923 :
1560 3868 1820 3940 quoniam
1841 3882 2020 3947 acces-

438 3995 455 4027 ι
501 3973 621 4030 sisti
648 3970 883 4041 maligne
925 3944 990 4022 ad
1014 3944 1182 4021 Deum
1206 4005 1221 4028 ,
1259 3972 1315 4018 et
1347 3978 1445 4019 cor
1483 3970 1635 4017 tuum
1674 3944 1892 4029 plenum
1934 3965 2020 4013 est

439 4085 457 4116 ι
500 4063 624 4119 dolo
650 4071 705 4116 et
734 4058 981 4115 fallaciae.
1023 4076 1042 4109 ι
1077 4053 1424 4111 Manifestum
1448 4060 1532 4107 est
1551 4052 1697 4120 quod
1726 4050 1818 4119 qui
1846 4047 2021 4120 sequi-

437 4168 523 4217 tur
569 4153 855 4211 htereticos
899 4150 1093 4205 animae
1137 4161 1251 4202 sua:
1299 4143 1534 4213 acquirit
1581 4141 2016 4205 damnationem,

437 4247 657 4320 quando
684 4242 968 4315 in-judicio
996 4240 1181 4296 divino
1222 4235 1604 4292 revelabuntur
1647 4232 1860 4288 occulta
1901 4246 2021 4286 cor-

438 4343 622 4405 dium,
653 4348 711 4395 et
748 4336 930 4407 justus
967 4333 1134 4405 iudex
1164 4330 1353 4386 reddet
1399 4327 1692 4396 unicuique
1726 4323 2021 4380 secundum

440 4447 607 4505 opera
639 4445 774 4497 sua;
803 4436 860 4483 et
894 4424 1170 4497 disperdet
1194 4435 1391 4478 omnes
1416 4419 1509 4489 qui
1548 4418 1843 4489 loquuntur
1869 4430 2021 4470 men-

443 4523 678 4587 dacium,
698 4519 826 4590 quia
847 4519 1026 4573 virum
1048 4513 1370 4586 sanguinum
1395 4521 1450 4566 et
1476 4508 1717 4565 delusum
1746 4507 2025 4562 abomina-

440 4616 589 4672 bitur
614 4611 898 4667 Dominus.
923 4606 1078 4663 Unde
1102 4605 1218 4674 ipsa
1241 4602 1454 4659 Veritas
1474 4600 1527 4654 in
1549 4597 1839 4668 Evangelio
1864 4596 2028 4652 disci-

441 4708 599 4781 pulos
626 4719 754 4761 suos
776 4700 1052 4762 admonet,
1080 4696 1265 4753 dicens
1292 4708 1306 4747 :
1344 4712 1363 4743 ι
1396 4690 1672 4746 Attendite
1698 4704 1728 4742 a
1758 4689 2039 4744 fermento

442 4776 845 4857 l’barisaeorum
898 4787 1043 4860 quod
1084 4796 1169 4843 est
1217 4782 1519 4856 hypocrisis
1564 4777 1715 4852 (Luc.
1754 4778 1875 4848 xu).
1911 4796 1931 4828 ι
1960 4776 2051 4830 Et

449 4890 577 4949 mali
621 4888 766 4945 servi
798 4886 1049 4947 ruinam,
1095 4879 1189 4949 qui
1233 4889 1526 4934 conservos
1571 4886 1701 4928 suos
1748 4869 2025 4941 percutit,

450 4976 761 5040 manducet,
789 4981 855 5028 et.
874 4972 1010 5029 bibit
1035 4984 1159 5025 eum
1187 4966 1354 5022 ebriis
1390 4959 1521 5020 alibi
1550 4969 1779 5027 testatus
1806 4968 1917 5025 est,
1942 4959 2028 5015 di-

450 5083 583 5124 cens
614 5085 627 5121 :
666 5086 685 5118 ι
722 5065 917 5122 Veniet
935 5060 1194 5119 Dominus
1238 5058 1377 5114 servi
1409 5056 1555 5112 illius
1579 5056 1637 5110 in
1669 5055 1756 5111 die
1788 5069 1894 5124 qua
1924 5068 2032 5118 non

452 5164 653 5230 sperat,
672 5163 736 5210 et
759 5154 893 5209 hora
913 5167 1023 5223 qua
1055 5150 1297 5222 ignorat;
1321 5157 1376 5204 et
1400 5147 1604 5203 dividet
1622 5161 1768 5211 eum,
1795 5153 2034 5215 partem-

453 5263 562 5319 que
605 5244 721 5315 ejus
766 5250 930 5315 ponet
969 5257 1091 5297 cum
1140 5237 1454 5310 bypocritis.
1493 5236 1606 5291 Illic
1644 5235 1750 5290 erit
1790 5234 1945 5289 lletus
1979 5242 2036 5288 et

455 5338 656 5399 stridor
689 5335 929 5393 dentium
958 5330 1175 5399 (Matth.
1209 5327 1378 5401 xxrv).

2047 4483 2100 4541 D

2091 1861 2210 1913 lunt
2256 1857 2444 1910 vivere
2498 1852 2552 1906 in
2599 1849 2856 1912 Christo,
2910 1841 3345 1915 persecutionem
3400 1838 3680 1910 patiuntur

2091 1950 2176 2025 (II
2204 1949 2337 2003 Tim.
2372 1945 2478 2017 ιιι).
2516 1964 2535 1996 ι
2569 1942 2787 2010 Quanto
2815 1939 2965 1995 enim
2987 1936 3112 2006 quis
3133 1949 3191 1989 se
3221 1948 3250 1986 a
3285 1930 3471 1986 mundi
3494 1944 3682 1984 amore

2091 2051 2340 2099 avertere
2364 2044 2557 2099 certat,
2587 2044 2642 2090 et
2664 2035 2733 2089 ad
2760 2031 3045 2088 servitium
3068 2027 3165 2083 Dei
3194 2024 3510 2102 coadupare
3531 2020 3683 2075 festi-

2092 2144 2207 2199 nat,
2234 2138 2390 2186 tanto
2413 2128 2662 2199 graviora
2695 2124 2836 2180 bella
2867 2138 2932 2177 ac
2958 2126 3290 2177 tentamenta
3326 2117 3395 2171 ab
3426 2112 3681 2170 hostibus

2096 2227 2307 2284 tolerat.
2338 2220 2595 2290 Quisquis
2619 2218 2763 2274 enim
2790 2213 2998 2284 accingi
3022 2213 3076 2267 in
3099 2210 3281 2268 divino
3302 2207 3534 2265 servitio
3558 2219 3681 2276 pro-

2093 2329 2270 2394 perat,
2301 2316 2431 2388 quid
2462 2314 2608 2369 aliud
2634 2325 2799 2381 quam
2827 2322 2888 2364 se
2907 2314 3102 2362 contra
3136 2302 3347 2373 antiqui
3381 2297 3681 2356 adversarii

2097 2390 2373 2470 certamen
2413 2406 2606 2479 parat?
2629 2413 2688 2459 ut
2722 2402 2861 2456 liber
2896 2399 2951 2452 in
2990 2394 3291 2453 certamine
3335 2392 3480 2447 ictus
3515 2390 3685 2445 susci-

2097 2504 2244 2575 piat,
2284 2501 2397 2572 qui.
2426 2498 2643 2569 quietus
2672 2494 2775 2550 sub
2811 2489 3097 2562 tyrannide
3132 2487 3193 2541 in
3221 2483 3542 2555 captivitate
3574 2497 3688 2537 ser-

2100 2594 2297 2649 viebat.
2332 2589 2457 2669 'Sed
2502 2589 2559 2645 in
2605 2601 2672 2642 eo
2711 2586 2828 2654 ipso
2875 2581 3019 2653 quod
3054 2594 3210 2636 mens
3247 2584 3443 2634 contra
3472 2576 3685 2632 hostem

2100 2666 2423 2755 accingitur,
2454 2694 2562 2749 quo
2586 2678 2692 2732 alia
2713 2676 2843 2730 vitia
2872 2673 3062 2741 subiit,
3085 2671 3212 2726 aliis
3235 2669 3558 2739 reluctatur.
3587 2665 3689 2719 Ali-

2101 2777 2319 2848 quando
2346 2781 2527 2829 tamen
2564 2770 2634 2825 de
2674 2767 2831 2836 culpa
2862 2763 3068 2833 aliquid
3093 2762 3239 2832 quod
3263 2776 3374 2816 non
3400 2757 3561 2815 valde
3588 2772 3687 2811 no-

2102 2879 2226 2927 ceat
2256 2876 2551 2924 remanere
2584 2858 2938 2932 permittitur.
2970 2855 3038 2910 Et
3065 2868 3208 2926 saepe
3234 2865 3419 2916 mens,
3451 2864 3575 2919 quae
3598 2848 3692 2901 ad-

2102 2976 2259 3018 versa
2286 2957 2457 3014 multa
2476 2962 2532 3011 et
2558 2952 2720 3007 fortia
2751 2954 2993 3018 superat,
3024 2959 3194 3010 unum
3218 2942 3272 2997 in
3300 2948 3438 2996 seet
3466 2938 3697 2995 fortasse

2105 3052 2391 3110 minimum
2437 3056 2493 3102 et
2539 3041 2792 3114 quamvis
2832 3052 3025 3107 magna
3076 3032 3376 3114 intentione
3415 3027 3693 3099 invigilet,

2108 3159 2215 3199 non
2240 3144 2515 3210 expugnat
2542 3111 2575 3189 ε’
2588 3132 2732 3203 quod
2774 3129 2959 3185 divina
3008 3111 3265 3185 nimirum
3295 3120 3698 3192 dispensatione

2109 3208 2404 3306 agitur,—ne
2428 3245 2493 3286 ex
2521 3226 2670 3283 omni
2697 3231 2853 3294 parte
2881 3219 3175 3274 virtutibus
3196 3212 3488 3286 splendens
3509 3212 3565 3265 in
3589 3208 3700 3266 ela-

2110 3301 2257 3381 tione
2286 3322 2620 3378 sublevetur.
2653 3315 2724 3371 Ut
2765 3315 2892 3367 dum
2933 3324 3159 3381 parvum
3190 3301 3703 3379 quidreprehensi—

2111 3417 2219 3473 bile
2242 3415 2412 3478 videt,
2440 3411 2537 3467 sed
2556 3418 2734 3462 tamen
2762 3407 2863 3460 hoc
2890 3403 3142 3470 subigere
3172 3414 3278 3453 non
3305 3395 3471 3460 valet,
3497 3408 3702 3464 nequa-

2112 3521 2276 3576 quam
2306 3503 2433 3567 sibi,
2465 3500 2559 3559 sed
2585 3497 2793 3575 auctori
2824 3493 3107 3548 victoriam
3135 3480 3371 3553 tribuat,
3390 3488 3447 3541 in
3471 3487 3561 3542 his
3585 3496 3707 3556 qua;

2113 3575 2363 3667 subigere
2387 3593 2602 3648 fortiter
2633 3587 2794 3643 valet.
2823 3585 2931 3641 Sed
2953 3583 3081 3653 quia
3105 3579 3385 3637 humilitas
3414 3585 3471 3632 et
3496 3575 3705 3647 patien-

2114 3690 2191 3745 tia
2233 3664 2311 3743 illi
2352 3680 2666 3739 necessaria
2691 3686 2773 3734 est
2800 3716 2814 3741 ,
2852 3684 2909 3730 et
2944 3683 3005 3728 ut
3032 3687 3102 3727 se
3137 3664 3482 3727 documentis
3509 3665 3707 3722 divina:

2114 3780 2248 3848 legis
2298 3781 2512 3845 coaptet
2532 3813 2547 3837 ,
2597 3780 2658 3826 ut
2701 3769 2839 3825 sciat
2893 3765 3131 3837 qualiter
3184 3776 3358 3832 usque
3412 3760 3483 3815 ad
3543 3758 3706 3814 fian

2116 3872 2242 3927 vitae
2284 3870 2342 3924 in
2381 3864 2605 3938 servitio
2648 3862 2744 3918 Dei
2777 3872 3131 3931 perseverare
3161 3854 3375 3919 debeat,
3418 3853 3551 3907 hinc
3583 3849 3709 3907 sub-

2118 3962 2265 4019 ditur
2278 3998 2285 4011 ι

2195 4088 2215 4122 ι
2258 4069 2511 4138 Deprime
2550 4080 2648 4121 cor
2691 4071 2862 4127 tuum,
2909 4070 2967 4116 et
3008 4061 3234 4116 sustine.
3273 4057 3477 4112 inclina
3522 4069 3712 4110 aurem

2126 4182 2143 4213 ι
2184 4169 2328 4215 tuam
2358 4167 2414 4213 et
2447 4155 2661 4226 suscipe
2687 4154 2853 4208 verba
2876 4150 3203 4213 intellectus,
3229 4156 3285 4202 et
3311 4162 3380 4202 ne
3408 4146 3636 4202 festines
3660 4145 3714 4199 in

2127 4270 2145 4302 ι
2184 4258 2426 4318 tempore
2468 4243 2829 4301 obductionis.
2884 4241 3106 4297 Sustine
3138 4238 3566 4318 sustentationes
3596 4236 3713 4290 Dei.

2128 4362 2147 4393 ι
2183 4314 2522 4410 Coniungere
2546 4337 2658 4391 Deo
2681 4344 2736 4390 et
2758 4325 3000 4398 sustine,
3017 4340 3076 4387 ut
3096 4314 3307 4388 crescat
3334 4330 3387 4384 in
3418 4328 3720 4385 novissimo

2132 4453 2150 4484 ι
2186 4433 2296 4487 vita
2326 4439 2438 4485 tua.
2475 4448 2495 4481 ι
2531 4428 2845 4499 Deprimere
2863 4423 3150 4492 corjubet,
3183 4430 3245 4478 ut
3268 4422 3323 4476 in
3347 4419 3585 4477 elatione
3610 4435 3717 4475 non

2128 4530 2422 4587 tumescat;
2473 4521 2742 4576 sustinere
2788 4517 3027 4583 mandat,
3075 4523 3136 4571 ut
3180 4515 3234 4569 in
3275 4512 3723 4571 tribulationibus

2127 4632 2235 4671 non
2285 4613 2519 4676 deficiat,
2568 4611 2678 4665 imo
2729 4608 3053 4679 longanimis
3110 4605 3225 4661 fiat.
3281 4603 3387 4660 Sed
3429 4605 3567 4675 quia
3604 4603 3725 4657 haec

2128 4724 2286 4763 nemo
2330 4696 2568 4775 perfecte
2597 4716 2756 4773 agere
2800 4678 2972 4767 novit,
3019 4699 3121 4753 nisi
3170 4698 3261 4751 ille
3296 4678 3487 4773 quies
3518 4695 3723 4751 divinis

2130 4772 2411 4875 praeceptis
2450 4796 2568 4851 haec
2610 4791 2817 4855 didicit,
2862 4789 3096 4845 ideoad
3134 4772 3546 4844 meditatimtem
3589 4786 3727 4857 legis

2132 4891 2228 4946 Dei
2252 4904 2374 4943 eum
2412 4887 2599 4942 mittit.
2636 4885 2699 4939 Et
2721 4883 2848 4953 quia
2894 4878 3238 4937 no‘n‘suliicit
3283 4882 3421 4936 bene
3460 4880 3724 4950 incipere.

2133 4981 2241 5038 nisi
2265 4979 2531 5036 studuerit
2562 4992 2734 5048 usque
2762 4978 2815 5031 in
2842 4973 3004 5029 linem
3037 4973 3091 5028 in
3116 4987 3184 5028 eo
3202 4985 3579 5042 perseverare,
3605 4970 3727 5025 ideo

2130 5070 2286 5141 jubet
2310 5078 2373 5124 ut
2396 5084 2501 5124 non
2527 5066 2991 5137 pusillanimitate-
3015 5062 3236 5127 flectas,
3286 5062 3523 5118 celerem
3564 5060 3730 5114 finem

2135 5161 2383 5217 laborum
2410 5168 2661 5231 exoptet;
2696 5158 2791 5213 sed
2828 5157 3123 5212 secundum
3153 5155 3489 5210 voluntatem
3515 5161 3733 5209 creato—

2140 5254 2216 5309 ris
2242 5253 2329 5308 sui
2353 5251 2728 5321 aequanimiter
2755 5247 3072 5304 sustinendo
3113 5246 3280 5316 ipsius
3315 5244 3578 5316 judicium
3615 5256 3736 5297 ma-

2142 5351 2226 5423 gis
2257 5353 2550 5419 exspectet.
2586 5345 2737 5402 Unde
2770 5344 2947 5398 adhuc
2968 5341 3235 5412 sequitur.

2218 5462 2239 5493 ‹
2275 5441 2448 5496 Omne
2487 5439 2629 5509 quod
2681 5436 2776 5494 tibi
2813 5436 3126 5507 applicitum
3156 5431 3320 5488 fuerit
3350 5433 3557 5502 accipe,
3581 5440 3640 5486 et
3673 5431 3732 5484 in

2151 5554 2168 5586 ι
2203 5533 2391 5589 dolore
2437 5527 2666 5594 sustine;
2690 5537 2772 5605 ,ει
2823 5529 2883 5583 in
2927 5526 3236 5583 humilitate
3274 5532 3372 5579 tua
3411 5522 3730 5594 patientiam

2152 5645 2170 5676 ι
2206 5625 2367 5679 habe.
2397 5622 2662 5689 Quoniam
2702 5621 2755 5674 in
2786 5621 2906 5690 igne
2939 5619 3201 5688 probatur
3231 5631 3423 5672 ain-um
3451 5623 3505 5669 et
3531 5628 3733 5682 argen-

2154 5733 2174 5767 ι
2215 5725 2365 5771 tum:
2403 5713 2649 5769 homines
2677 5726 2805 5766 vero
2840 5709 3177 5781 receptibiles
3213 5709 3266 5763 in
3307 5706 3519 5762 camino
3557 5703 3729 5759 humi.
