3928 6182
276 346 383 404 775

1203 342 1556 399 COMMENT.
1599 341 1665 397 IN
1705 340 2313 398 ECCLESIASTICUM.
2350 375 2417 384 —
2452 345 2582 401 LIB.
2622 346 2663 401 Ι.

3434 354 3539 408 7⁸74

283 484 300 517 ι
340 462 600 518 liationis.
641 479 658 511 ι
693 457 970 514 υιςειιιιειιι
1010 458 1063 510 in
1097 464 1337 525 tempore
1369 456 1736 527 castigationis
1782 465 1860 508 at—
1891 464 1933 520 Α
1966 455 2301 524 largitionem
2332 456 2694 513 miserationis
2715 459 2863 529 ejus;
2891 461 2982 530 qui
3001 470 3183 519 autem
3205 478 3303 533 per
3328 470 3548 536 pusilla-

275 572 379 629 que
423 551 841 610 examinationis
883 558 1081 604 nostra:
1122 548 1451 618 longanimes
1488 564 1553 603 ac
1593 549 1765 602 fortes
1793 547 1866 601 si-

273 663 393 703 mus
441 646 728 702 Psalmista
773 644 1023 698 hortatur
1073 657 1203 707 nos,
1250 640 1436 696 dicens
1486 659 1500 694 :
1553 659 1572 691 ι
1624 641 1866 697 Viriliter

274 741 434 811 agite,
470 747 528 795 et
557 736 893 793 confortetur
925 750 1021 790 cor
1051 742 1310 799 vestrum,
1345 748 1536 789 omnes
1564 735 1655 803 qui
1680 748 1865 803 spera-

274 830 342 884 tis
371 830 425 884 in
468 828 696 883 Domino
726 825 896 897 (Psal.
934 825 1109 895 xxvi).
1151 844 1169 875 ›
1204 825 1282 879 De
1314 840 1419 894 quo
1454 832 1508 879 et
1536 824 1590 878 in
1621 825 1864 895 Evange-

270 921 347 976 lio
394 920 657 988 scriptum
704 925 825 971 est:
859 934 877 967 ‹
915 914 1017 982 Qui
1059 914 1282 969 verbum
1322 914 1418 970 Dei
1459 915 1657 969 retinet
1698 916 1862 970 corde

270 1012 515 1084 perfecto
538 1019 594 1066 et
621 1006 844 1078 optimo,
868 1006 1101 1061 fructum
1126 1006 1313 1061 ali'eret
1340 1007 1394 1061 in
1421 1007 1677 1076 patientia
1708 1005 1858 1077 (Luc.

269 1106 416 1172 vin).
469 1119 488 1152 ι
548 1098 639 1153 Sic
679 1106 734 1152 et
776 1098 891 1167 ipsa
924 1095 1138 1151 Veritas
1181 1095 1439 1165 apostolis
1483 1095 1598 1149 ait:
1637 1112 1655 1145 ι
1684 1096 1741 1150 ln
1770 1110 1863 1163 pa-

268 1191 467 1246 tientia
478 1198 655 1246 vestra
676 1187 1023 1260 possidebitis
1033 1188 1243 1242 animas
1258 1194 1469 1242 vestras
1483 1186 1646 1258 (Ibid.
1677 1186 1811 1258 xxx).
1835 1205 1855 1238 ι

271 1276 481 1336 Idcirco
509 1279 779 1351 possessio
805 1277 999 1332 anima:
1024 1278 1080 1331 in
1102 1277 1300 1332 virtute
1325 1277 1595 1347 patientiae
1618 1277 1856 1345 ponitur,

269 1375 400 1444 quia
427 1373 580 1428 radix
604 1372 842 1426 omnium
866 1380 1157 1440 custosque
1179 1370 1437 1423 virtutum
1464 1369 1724 1439 patientia
1751 1376 1855 1424 est.

269 1466 671 1534 Sciendnmqne
714 1464 863 1533 quod
905 1462 1077 1517 tribus
1119 1461 1293 1517 modis
1323 1461 1580 1530 patientia
1602 1459 1857 1515 exerceri

270 1557 429 1612 solet.
478 1555 597 1609 Alia
640 1569 873 1624 namque
913 1560 1038 1607 sunt
1083 1566 1203 1621 qua:
1246 1568 1278 1606 a
1330 1552 1460 1617 Deo,
1503 1551 1605 1605 alia
1637 1566 1758 1620 qua:
1788 1550 1858 1605 ab

270 1646 496 1714 antiquo
525 1644 860 1707 adversario,
889 1642 994 1695 alia
1025 1656 1144 1710 qua:
1171 1657 1203 1695 a
1231 1641 1479 1711 proximo
1508 1642 1852 1696 Sustinemus.

267 1736 589 1816 A'proximo
626 1749 863 1804 namque
910 1733 1332 1803 persecutiones,
1365 1733 1558 1787 damna
1588 1741 1638 1787 et
1667 1740 1857 1787 contu-

1967 544 2267 607 nimitatem
2291 554 2348 599 et
2374 546 2760 615 impatientiam
2783 545 2852 604 ab
2874 550 2964 607 illo
2983 552 3353 621 declinaverit,
3379 559 3549 619 ruina:

1965 637 2242 704 proximus
2276 638 2398 692 erit.
2451 637 2603 694 Unde
2639 655 2736 710 per
2779 640 3069 698 Jeremiam
3098 646 3334 703 dicitur:
3373 670 3392 706 ε
3422 651 3550 709 0m-

1966 740 2062 780 nes
2098 727 2189 795 qui
2239 735 2292 781 te
2325 725 2725 799 derelinquunt,
2767 732 3194 803 confundentur;
3234 743 3552 802 recedentes

1965 833 1995 870 a
2033 826 2110 881 te,
2157 817 2211 871 in
2254 826 2400 873 terra
2449 820 2775 876 scribentur.
2833 823 3099 890 Quoniam
3147 830 3554 903 dereliqueruut

1962 923 2154 965 venam
2196 926 2460 981 aquarum
2489 914 2783 971 viventium
2819 918 3122 975 Dominum.
3152 922 3288 992 (Jer.
3326 928 3482 998 xvn).
3525 950 3544 982 ι

2038 1019 2056 1052 ‹
2085 1000 2187 1067 Qui
2214 1003 2415 1058 timetis
2438 1004 2753 1069 Dominum,
2767 1007 2974 1062 credite
2992 1009 3087 1074 illi,
3112 1020 3166 1066 et
3192 1029 3297 1081 non
3318 1030 3552 1071 evacua-

1968 1108 1989 1142 ι
2021 1090 2168 1147 bitur
2192 1108 2403 1149 merces
2425 1102 2622 1149 vestra.
2646 1095 2747 1162 Qui
2771 1098 2972 1154 timetis
2995 1101 3304 1170 Dominum,
3332 1117 3550 1175 sperate

1966 1199 1986 1232 ι
2023 1180 2077 1235 in
2102 1181 2282 1248 illum;
2307 1192 2364 1238 et
2392 1184 2446 1239 in
2471 1184 2830 1241 oblectatione
2853 1190 3035 1244 veniet
3059 1192 3209 1247 vobis
3241 1196 3554 1251 misericor-

1967 1288 1986 1320 ι
2024 1271 2131 1326 dia.
2165 1271 2267 1339 Qui
2308 1274 2510 1330 timetis
2540 1275 2824 1333 Dominum
2868 1279 3072 1351 diligite
3116 1282 3301 1354 illum,
3337 1294 3393 1341 et
3427 1287 3549 1341 illu-

1966 1380 1987 1414 σ
2019 1363 2372 1420 minabuntur
2406 1368 2570 1422 corda
2607 1377 2809 1424 vestra.
2847 1390 2865 1421 ι
2897 1371 3041 1428 Bene
3072 1374 3267 1444 quippe
3300 1378 3549 1434 hortatur

1958 1457 2108 1511 illum
2136 1460 2229 1528 qui
2256 1459 2407 1514 timet
2450 1460 2735 1517 Dominum
2764 1471 2825 1517 ut
2853 1467 3037 1520 credat
3068 1467 3163 1533 illi,
3190 1479 3453 1536 quatenus
3481 1471 3547 1523 ad

1959 1555 2164 1603 certam
2206 1552 2486 1619 proveniat
2530 1554 2856 1619 mercedem,
2908 1557 3034 1626 quia
3071 1556 3225 1624 juxta
3269 1562 3547 1631 propheta:

1957 1645 2323 1694 sententiam:
2360 1659 2379 1692 σ
2427 1641 2615 1698 Justus
2640 1659 2707 1698 ex
2742 1644 2846 1700 ﬁde
2885 1646 3020 1701 vivit
3046 1647 3275 1719 (Habac.
3303 1652 3384 1720 ιι).
3425 1672 3444 1703 ι
3478 1653 3546 1709 Et

1958 1729 2014 1786 in
2041 1731 2333 1800 Evangelio
2361 1732 2622 1789 Dominus
2658 1753 2671 1789 :
2715 1754 2734 1787 ι
2779 1736 3018 1803 Conﬁde,
3065 1739 3261 1809 inquit,
3315 1741 3409 1807 ﬁli,
3444 1758 3547 1799 're-

268 1825 490 1892 melias;
540 1825 609 1880 ab
656 1826 879 1893 antiquo
914 1825 1224 1879 adversario
1264 1831 1627 1888 tentamenta;
1667 1836 1698 1876 a
1745 1824 1856 1878 Deo
1885 1816 1932 1875 Β
1962 1821 2247 1876 mittuntur
2300 1823 2396 1877 tibi
2442 1833 2665 1894 peccata
2711 1834 2798 1881 tua
2849 1827 3065 1899 (Matth.
3116 1830 3212 1903 Ix).
3270 1833 3335 1888 Et
3375 1836 3543 1892 alibi:

267 1926 449 1971 antem
482 1914 690 1987 ﬂagella
717 1914 1026 1969 toleramus.
1068 1912 1175 1968 Sed
1211 1913 1265 1967 in
1293 1912 1544 1969 omnibus
1570 1913 1743 1967 tribus
1760 1913 1852 1968 his

268 2011 444 2066 modis
462 2009 703 2079 vigilanti
724 2008 880 2064 oculo
901 2007 1244 2076 semetipsam
1267 2006 1427 2061 debet
1449 2021 1600 2060 mens
1624 2007 1854 2062 circum-

266 2100 497 2170 spicere,
524 2112 595 2154 ne
628 2108 816 2154 contra
852 2097 993 2152 mala
1029 2094 1261 2167 proximi
1295 2097 1642 2167 pertrahalur
1670 2098 1739 2151 ad
1768 2111 1853 2151 re-

266 2189 814 2255 tributionem’mali;
852 2204 920 2243 ne
966 2196 1154 2243 contra
1193 2195 1527 2243 tentamenta
1556 2188 1869 2243 adversarii‘

264 2284 557 2337 seducatur
593 2282 660 2335 ad
699 2281 1110 2337 delectationem
1156 2280 1241 2335 vel
1283 2295 1610 2336 consensum
1638 2280 1847 2345 delicti;

264 2360 332 2429 ne
357 2381 551 2429 contra
580 2372 787 2444 ﬂagella
817 2372 1028 2442 opiﬁcis
1055 2372 1122 2426 ad
1147 2386 1425 2429 excessum
1452 2379 1678 2440 promat
1705 2386 1850 2425 mur—

264 2463 601 2519 murationis.
674 2460 918 2518 Perfecte
979 2461 1123 2517 enim
1190 2460 1535 2517 adversarius
1580 2460 1845 2525 vincitur,

263 2557 478 2626 quando
509 2571 663 2611 mens
688 2564 872 2611 nostra
897 2565 953 2610 et
978 2555 1119 2609 inter
1147 2558 1478 2609 tentamenta
1507 2553 1623 2623 ejus
1650 2568 1679 2606 a
1705 2552 1847 2607 dele-

261 2648 498 2702 ctatione
533 2655 696 2715 atque
732 2661 1019 2712 consensu,
1050 2655 1105 2702 et
1150 2646 1293 2700 inter
1328 2645 1681 2713 contumelias
1724 2659 1849 2717 pro-

263 2727 389 2795 ximi
420 2739 731 2795 custoditur
758 2739 827 2792 ah
855 2739 1002 2804 odio,
1038 2746 1093 2794 et
1121 2738 1260 2792 inter
1303 2736 1514 2807 ﬂagella
1557 2738 1651 2793 Dei
1693 2753 1844 2793 com-

258 2832 503 2901 pescitur
526 2846 558 2885 a
586 2830 1015 2885 murmuratione
1040 2846 1053 2882 :
1080 2843 1180 2884 nec
1206 2828 1322 2884 haec
1350 2835 1592 2898 agentes,
1620 2827 1845 2882 retribui

259 2924 410 2979 nobis
464 2922 754 2994 praesentia
788 2922 933 2977 bona
969 2921 1353 2991 requiramus.’
1375 2918 1509 2973 Nam
1536 2933 1636 2993 pro
1662 2918 1847 2973 labore

257 3012 534 3083 patientite
558 3012 699 3067 bona
723 3008 988 3080 speranda
1011 3016 1136 3065 sunt
1160 3007 1437 3078 sequentis
1466 3007 1606 3071 vitae,
1634 3015 1694 3061 ut
1718 3016 1846 3062 tunc

254 3104 539 3181 praemium
566 3096 738 3158 nostri
762 3100 963 3156 laboris
989 3099 1233 3170 incipiat,
1253 3097 1470 3169 quando
1490 3097 1666 3175 omnis
1685 3096 1839 3152 labor

248 3194 359 3264 jam
387 3192 636 3262 funditus
661 3199 860 3248 cessat.
1516 3254 1519 3257 λ

328 3313 345 3344 ι
377 3291 559 3348 Crede
608 3291 739 3356 Deo,
786 3299 843 3345 et
891 3288 1232 3360 recuperabit
1268 3294 1345 3353 te,
1384 3296 1440 3343 et
1486 3287 1657 3359 dirige
1698 3286 1839 3342 viam

256 3403 277 3437 ι
296 3393 463 3440 tuam
489 3392 545 3440 et
569 3399 727 3455 spera
767 3383 822 3438 in
852 3383 1022 3438 illum.
1058 3402 1076 3434 ›
1110 3382 1298 3437 Fidem
1331 3383 1385 3437 in
1416 3382 1674 3437 omnibus
1698 3384 1841 3438 hunc

252 3491 474 3532 servare
492 3483 737 3546 oportet,
761 3489 921 3546 quem
951 3474 1106 3531 dolor
1133 3483 1191 3530 et
1216 3473 1432 3531 aﬂlictio
1460 3482 1650 3539 tentat,
1682 3485 1738 3529 et
1766 3474 1841 3528 di-

252 3570 426 3641 rigere
454 3583 677 3639 gressus
703 3582 926 3638 operum
962 3581 1181 3622 suorum
1209 3575 1332 3621 ante
1362 3576 1705 3635 conspectum
1737 3566 1841 3621 Do—

250 3660 399 3722 mini,
429 3666 487 3714 et
514 3673 665 3729 spem
699 3673 854 3713 suam
880 3657 934 3713 in
962 3658 1074 3712 Deo
1106 3670 1327 3727 ponere,
1353 3655 1482 3726 quia
1505 3655 1596 3724 qui
1619 3654 1842 3710 conﬁdit

253 3751 308 3805 in
340 3750 515 3815 illum,
562 3765 670 3804 non
718 3748 1097 3805 confundetur.
1148 3748 1223 3802 De
1271 3762 1379 3817 quo
1418 3745 1688 3818 Propheta
1722 3747 1835 3802 ait:

256 3858 275 3892 ι
310 3840 511 3897 Revela
538 3841 607 3896 ad
636 3840 922 3895 Dominum
966 3839 1107 3894 viam
1138 3846 1307 3904 tuam,
1334 3846 1391 3893 et
1417 3853 1572 3908 spera
1598 3839 1661 3893 in
1689 3853 1835 3906 eum,

246 3940 306 3987 et
318 3932 434 4002 ipse
461 3931 622 3986 faciet
645 3929 816 4002 (Psal.
843 3927 1105 4001 καινὴ.)
1130 3928 1269 3984 Hinc
1289 3938 1344 3984 et
1371 3926 1633 3985 Ieremias
1658 3946 1672 3983 :
1697 3948 1715 3981 ι
1737 3929 1839 3984 Βθθ

248 4022 516 4087 nedictns,
554 4020 751 4091 inquit,
774 4020 859 4074 vir
892 4020 983 4090 qui
1038 4018 1260 4074 confidit
1290 4019 1344 4073 in
1370 4018 1600 4074 Domino
1644 4026 1699 4074 et
1733 4020 1839 4075 erit

245 4110 512 4167 Dominus
566 4110 761 4166 fiducia
815 4109 954 4178 ejus,
982 4117 1040 4166 et
1084 4109 1191 4166 erit
1236 4109 1392 4179 quasi
1444 4108 1647 4179 lignum
1692 4110 1836 4179 quod

242 4202 682 4274 transplantatur
701 4215 864 4270 super
883 4214 1053 4270 aquas
1072 4216 1088 4265 ;
1110 4199 1253 4270 quad
1270 4199 1341 4254 ad
1363 4201 1645 4256 humorem
1670 4201 1838 4255 mittit

242 4301 456 4355 radices
495 4314 648 4364 suas,
696 4305 752 4353 et
777 4312 884 4352 non
916 4297 1124 4351 timebit
1163 4312 1287 4352 cum
1316 4296 1526 4352 venerit
1554 4305 1749 4360 mstu‘s;
1779 4304 1834 4349 et

238 4391 353 4445 erit
384 4389 571 4446 folium
605 4388 723 4458 ejus
750 4388 954 4444 viride:
987 4396 1044 4443 et
1072 4388 1128 4441 in
1158 4396 1402 4457 tempore
1429 4385 1695 4442 siccitatis
1724 4399 1834 4440 non

236 4482 352 4536 erit
391 4481 714 4545 sollicitum;
772 4496 873 4535 nec
914 4479 1201 4550 aliquando
1241 4479 1448 4534 desinet
1490 4477 1674 4534 facere
1722 4477 1831 4532 fru-

231 4581 390 4628 ctum
419 4573 553 4645 (Jer.
582 4560 737 4645 xvii).
775 4593 791 4625 ι
891 4629 895 4633 ,

316 4681 338 4713 ι
375 4662 543 4718 Serva
582 4664 831 4717 timorem
859 4662 1023 4728 illius,
1056 4671 1111 4717 et
1140 4663 1193 4718 in
1218 4662 1309 4719 illo
1330 4670 1626 4718 veterasce.
1663 4681 1682 4715 ›
1713 4660 1828 4717 Hoc

229 4762 347 4817 est,
378 4767 656 4821 permane,
701 4752 827 4822 quia
874 4752 1087 4807 timenti
1133 4752 1417 4807 Dominum
1453 4753 1590 4808 bene
1620 4752 1727 4806 erit
1773 4752 1828 4805 in

226 4843 556 4907 novissimo.
598 4843 943 4912 Exspectatio
971 4843 1157 4909 Israel,
1188 4844 1438 4900 Salvator
1463 4845 1582 4916 ejus
1608 4845 1663 4900 in
1691 4853 1820 4901 tem-

221 4950 372 5006 pore
399 4935 778 4992 tribulationis.
818 4933 971 4990 Unde
991 4936 1169 4990 adhuc
1197 4934 1462 4990 subditur.

835 5089 1062 5147 CAPUT
1095 5090 1223 5147 vni.

215 5204 515 5276 Sapientia
534 5203 780 5257 hortatur
798 5203 1034 5276 timentes
1052 5203 1557 5276 Domiuumgsperare
1576 5203 1634 5276 in
1650 5199 1824 5268 illum,

380 5275 437 5327 id
464 5284 560 5339 est,
593 5283 652 5327 ut
676 5289 765 5343 spe
793 5273 919 5327 certi
942 5274 1065 5337 sint,
1097 5290 1158 5327 ne
1180 5274 1277 5342 fiat
1305 5272 1461 5327 timor
1487 5272 1680 5343 inanis.

293 5408 318 5440 ι
363 5387 670 5443 Μειυθιιῑρε
710 5386 1169 5443 Deum-sustinete
1211 5384 1637 5442 misericordiam
1667 5383 1820 5452 ejus:

210 5487 346 5536 «et
379 5494 489 5535 non
518 5478 818 5535 dellectatis
855 5478 925 5533 ab
948 5478 1059 5545 illo,
1094 5494 1160 5534 ue
1182 5478 1407 5533 cadatis.
1448 5497 1467 5530 ›
1506 5476 1821 5548 Beneplaci-

201 5581 339 5628 nun
372 5583 463 5631 est
492 5571 636 5627 enim
662 5568 891 5625 Domino
917 5585 1081 5641 super
1111 5571 1363 5626 timentes
1391 5586 1537 5635 eum,
1566 5571 1701 5624 etin
1729 5584 1823 5624 eos

207 5662 309 5733 qui
345 5668 573 5730 sperant
605 5661 659 5714 in
689 5659 1061 5716 misericordia
1089 5661 1224 5732 ejus.
1258 5661 1360 5728 Qui
1380 5661 1523 5716 enim
1554 5660 1824 5714 veraciter

200 5752 428 5812 metuit
473 5750 783 5819 Dominum,
830 5754 1097 5824 patienter
1135 5755 1396 5818 sustinet,
1442 5763 1495 5809 et
1543 5759 1821 5821 exapectat

1962 1931 1981 1963 t
2019 1912 2176 1967 Fides
2212 1922 2302 1968 tua
2335 1921 2389 1969 te
2430 1916 2637 1971 salvum
2684 1917 2814 1973 fecit
2842 1918 2993 1991 (Luc.
3029 1923 3169 1994 vm).
3203 1943 3221 1975 ι
3256 1925 3346 1981 Sic
3384 1928 3544 1983 etilli

1955 2008 2047 2078 qui
2077 2017 2259 2079 sperat
2288 2011 2342 2066 in
2383 2012 2633 2080 Domino,
2664 2014 2967 2070 desiderata
3012 2020 3293 2087 proveniet
3330 2022 3542 2078 miseri-

1954 2099 2167 2165 cordia;
2210 2108 2265 2156 et
2289 2103 2382 2171 qui
2423 2103 2596 2175 diligit
2628 2102 2800 2171 illum,
2828 2094 2931 2176 per‘
2953 2106 3186 2177 Spiritus
3217 2114 3393 2167 sancti
3420 2130 3543 2185 gra—

1952 2195 2084 2250 tiam
2126 2196 2308 2251 lumen
2359 2200 2638 2269 sapientiae
2674 2203 2928 2271 capacius
2966 2205 3244 2276 percipiet.
3279 2206 3437 2274 Nota,
3468 2209 3545 2264 le-

1952 2294 2088 2351 ctor,
2117 2288 2261 2357 quod
2281 2289 2596 2346 timentibus
2638 2293 2925 2348 Dominum
2952 2296 3148 2350 trinam
3179 2296 3308 2352 facit
3336 2299 3540 2354 discre-

1952 2377 2153 2434 tionem
2203 2396 2217 2433 :
2279 2396 2406 2436 nam
2469 2380 2703 2453 primum
2757 2384 2878 2441 illos
2906 2387 3073 2457 jubet
3119 2390 3538 2458 credereDeo;

1950 2470 2187 2526 secundo
2211 2486 2432 2543 sperare
2455 2473 2512 2528 in
2541 2473 2720 2540 illum;
2745 2477 2906 2530 tertio
2933 2478 3157 2548 diligere
3183 2478 3331 2534 illum
3365 2498 3377 2535 :
3408 2482 3535 2552 quia

1900 2568 1903 2571 '
1950 2560 2077 2628 ﬂde,
2102 2577 2196 2634 spe
2221 2570 2276 2617 et
2316 2564 2583 2620 cltaritate
2603 2566 2781 2621 omnis
2802 2567 2979 2621 anima
3003 2567 3174 2624 ﬁdelis
3197 2569 3324 2624 colit
3345 2570 3533 2626 Deum.

1950 2649 2016 2705 Et
2056 2666 2153 2720 per
2200 2652 2298 2707 has
2344 2653 2551 2723 species
2594 2655 2874 2724 perveniet
2921 2657 2987 2711 ad
3030 2660 3536 2728 contemplationem

1948 2750 2148 2796 sancta:
2175 2740 2476 2810 Trinitatis,
2515 2759 2635 2815 quae
2667 2754 2752 2800 est
2780 2744 2857 2801 illi
2887 2760 3096 2802 merces
3122 2763 3247 2803 vera
3278 2748 3332 2802 in
3365 2749 3537 2804 beati-

1948 2831 2137 2887 tudine
2166 2835 2512 2904 sempiterna.

2023 2944 2041 2976 ε
2077 2924 2365 2996 ReSpicite,
2394 2927 2507 2993 ﬁlii,
2531 2928 3097 3005 nationesyhominum,
3120 2940 3177 2986 et
3201 2933 3391 2989 scitote
3407 2935 3557 3003 quia

1952 3035 1971 3068 ι
2007 3015 2186 3072 nullus
2206 3019 2448 3088 speravit
2474 3017 2528 3073 in
2552 3020 2779 3075 Domino
2800 3029 2853 3075 et
2873 3021 3129 3078 confusus
3149 3032 3260 3089 est;
3285 3041 3534 3096 perman-

1954 3123 1973 3157 ί
2003 3106 2075 3161 sit
2106 3106 2161 3161 in
2192 3108 2460 3164 mandatis
2497 3109 2634 3178 ejus,
2665 3116 2721 3170 et
2748 3110 3035 3166 derelictus
3062 3121 3163 3167 est.
3208 3113 3273 3168 Et
3300 3115 3423 3184 quis
3450 3114 3535 3168 in-

1869 3170 1913 3231 C
1950 3216 1968 3249 ‹
2006 3199 2218 3254 vocavit
2244 3198 2416 3261 illum,
2447 3207 2502 3253 et
2524 3170 2793 3271 vdespexit
2832 3214 2980 3257 eum.
3012 3204 3268 3272 quoniam
3316 3170 3437 3275 pius
3478 3212 3534 3259 et

1951 3305 1969 3338 ι
2003 3288 2315 3344 misericors
2337 3296 2421 3343 est
2445 3289 2611 3353 Deus,
2640 3298 2695 3344 et
2722 3291 2963 3346 remittet
2989 3292 3044 3347 in
3089 3302 3331 3363 tempore
3361 3294 3533 3350 tribu-

1948 3396 1966 3429 ι
2000 3377 2216 3434 lationis
2237 3387 2458 3448 peccata
2485 3381 2737 3437 omnibus
2764 3382 3175 3452 exquirentibus
3206 3399 3265 3439 se
3304 3385 3358 3439 in
3383 3387 3529 3441 veri-

1948 3487 1966 3518 ‹
2009 3478 2137 3523 tate.
2178 3489 2195 3521 ›
2218 3468 2371 3540 Ergo
2401 3471 2571 3549 etbic
2602 3473 2741 3527 sicut
2765 3472 2818 3526 in
2845 3472 3123 3543 superiore
3145 3483 3415 3529 commate
3435 3476 3533 3530 tri-

1940 3556 2132 3626 plicem
2181 3557 2310 3614 facit
2337 3559 2761 3628 distinctionem,
2801 3560 2989 3618 dicens
3019 3581 3032 3615 :
3061 3562 3274 3618 Nullum
3311 3580 3531 3635 sperare

1940 3647 1994 3701 in
2024 3650 2270 3714 Domino,
2303 3658 2356 3704 et
2381 3651 2664 3706 confusum
2692 3667 2842 3718 esse;
2873 3668 3191 3723 permanere
3218 3655 3273 3708 in
3299 3656 3527 3710 manda-

1940 3740 2009 3795 tis
2037 3741 2174 3812 ejus,
2203 3750 2260 3797 et
2283 3742 2597 3798 derelictum
2627 3758 2787 3810 esse;
2820 3745 3102 3801 invocasse
3136 3745 3285 3800 illum
3306 3786 3322 3813 ,
3350 3756 3407 3803 et
3430 3748 3525 3803 dc-

1939 3841 2181 3901 spectum
2219 3832 2403 3889 fuisse.
2441 3834 2629 3900 «Quia
2660 3835 2824 3891 corde
2863 3834 3105 3891 creditur
3128 3837 3196 3892 ad
3231 3836 3522 3906 justitiam,

1936 3936 2032 3976 ore
2059 3931 2239 3975 autem
2269 3922 2540 3979 confessio
2584 3925 2740 3979 ﬂt‘~in
2789 3926 3057 3993 salutem;
3110 3938 3166 3982 et
3210 3929 3386 3983 omnis
3430 3929 3525 3999 qui

1936 4009 2066 4065 facit
2093 4011 2421 4067 voluntatem
2458 4012 2635 4070 Patris
2667 4015 2923 4081 caelestis,
2954 4016 3069 4087 ipse
3094 4016 3317 4073 intrabit
3343 4019 3398 4073 in
3433 4034 3521 4075 re-

1935 4118 2099 4175 gnum
2130 4102 2398 4159 “cmlorum
2431 4104 2609 4176 (Rom.
2654 4106 2732 4176 ι).
2774 4126 2794 4159 ι
2830 4106 2897 4162 Ει
2923 4108 3061 4163 bene
3087 4109 3219 4164 dicit
3259 4110 3461 4166 remitti
3490 4129 3522 4167 a

1933 4194 2164 4252 Domino
2203 4196 2259 4251 in
2294 4205 2536 4267 tempore
2583 4192 2946 4256 tribulationis
2994 4210 3216 4270 peccata
3269 4203 3523 4259 omnibus

1933 4286 2345 4355 exquirentibus
2384 4300 2444 4343 se
2479 4286 2535 4341 in
2563 4291 2813 4355 veritate,
2838 4291 2965 4359 quia
2997 4307 3017 4340 ι
3052 4290 3378 4346 sacriﬁcium
3410 4294 3522 4351 Deo

1932 4383 2017 4430 est
2059 4376 2280 4446 spiritus
2322 4377 2713 4434 contribulatus
2749 4393 2765 4433 :
2802 4394 2901 4435 cor
2935 4381 3228 4436 contritum
3261 4390 3317 4439 et
3342 4383 3522 4439 humi-

1932 4466 2123 4521 liatum
2147 4482 2252 4522 non
2278 4468 2483 4539 spernit
2509 4467 2682 4541 (Pani.
2709 4468 2796 4541 1.);
2833 4489 2852 4523 ι
2883 4480 2937 4525 et
2968 4491 2986 4522 ι
3023 4470 3197 4542 Prope
3224 4481 3309 4529 est
3338 4473 3522 4530 Domi-

1934 4576 2037 4615 nus
2064 4561 2314 4617 omnibus
2343 4561 2719 4618 invocantibus
2743 4576 2802 4616 se
2828 4563 2884 4617 in
2912 4565 3160 4629 veritate,
3188 4564 3518 4621 voluntatem

1933 4650 2332 4707 timentiumse
2374 4651 2553 4717 faciet,
2599 4661 2655 4708 et
2699 4653 2974 4710 orationes
3015 4668 3203 4710 eorum
3242 4652 3516 4711 exaudiet.

1931 4750 1988 4797 et
2015 4743 2194 4799 salvos
2223 4743 2385 4799 faciet
2405 4757 2517 4799 eos.
2550 4764 2566 4796 ι

2007 4855 2026 4886 ε
2062 4836 2155 4891 Vae
2184 4836 2381 4905 duplici
2424 4838 2610 4903 corde,
2649 4847 2705 4893 et
2747 4818 2906 4894 labiis
2932 4838 3226 4903 sceleratis,
3266 4846 3322 4894 et
3346 4839 3518 4893 mani-

1941 4911 2089 4982 tbus
2133 4925 2627 4993 malefacientibus,
2676 4937 2731 4983 et
2772 4929 3042 5000 peccatori
3089 4936 3291 4983 terram
3334 4928 3515 5000 ingrc-

1944 5039 1960 5071 ι
1990 5019 2157 5075 dienti
2187 5019 2395 5075 duabus
2426 5019 2546 5075 viis.
2586 5039 2606 5072 ι
2647 5019 2906 5091 Superius
2955 5021 3233 5076 admonuit
3279 5036 3348 5075 ne
3394 5021 3517 5091 quis

1931 5107 2127 5179 duplici
2166 5109 2329 5166 corde
2370 5110 2654 5167 accederet
2689 5112 2755 5167 ad
2783 5106 3089 5167 Dominum.
3133 5111 3289 5168 Nunc
3333 5120 3514 5167 autem

1930 5199 2062 5260 dicit
2101 5215 2184 5255 vae
2228 5215 2350 5256 esse
2381 5200 2578 5271 duplici
2627 5203 2809 5268 corde,
2846 5210 2903 5258 et
2931 5203 3088 5258 labiis
3131 5203 3428 5266 sceleratis,
3460 5211 3518 5257 et

1943 5294 2179 5355 manibus
2214 5294 2678 5353 malefacientibus
2703 5314 2717 5352 :
2746 5297 2870 5366 quia
2905 5297 2995 5366 qui
3020 5311 3182 5365 prava
3213 5293 3434 5366 cogitat,
3460 5300 3514 5346 et

1928 5402 2185 5458 perversa
2202 5385 2461 5456 loquitur,
2485 5395 2648 5456 atque
2668 5387 2866 5456 iniquis
2892 5386 3089 5453 insistit
3107 5385 3379 5455 operibus,
3407 5380 3511 5434 nisi

1927 5479 2245 5548 paenitentia
2276 5478 2649 5541 intervenerit,
2687 5492 2767 5532 va:
2804 5478 2877 5531 illi
2917 5484 3230 5546 perpetuum
3263 5482 3526 5527 remane-‘

1926 5572 2027 5628 bit.
2060 5571 2212 5639 Quod
2238 5580 2422 5626 autem
2453 5570 2698 5625 subditur
2724 5586 2738 5623 :

2005 5680 2023 5713 ι
2050 5661 2144 5716 Vae
2177 5662 2447 5733 peccatori
2489 5669 2692 5715 terram
2739 5655 3055 5727 ingredienti
3091 5653 3299 5707 duabus
3324 5646 3448 5707 viis.
3481 5668 3506 5705 ι

1927 5752 2143 5807 Duabus
2169 5766 2296 5817 ergo
2318 5752 2419 5806 viis
2448 5759 2700 5818 peccator
2721 5756 2916 5802 terram
2947 5741 3264 5813 ingreditur,
3294 5741 3513 5810 quando
