3928 6182
409 339 512 395 77b

1056 329 1117 383 Β.
1158 324 1412 381 RABANI
1446 322 1661 380 MAURI
1698 318 2017 378 ARCHIEP.
2066 314 2369 375 MOGl’VT.
2409 317 2691 376 OPERUM
2724 316 2908 373 PARS
2942 316 2982 369 i.

3550 316 3650 371 776

399 451 540 507 male
562 448 691 504 facit
722 454 777 500 et
804 450 987 513 sperat
1012 441 1113 496 sibi
1142 440 1282 494 bona
1310 437 1599 508 provenire
1630 451 1806 506 posse,
1827 433 1975 502 juxta
2005 436 2048 493 Α
2079 434 2383 489 versionem
2411 443 2685 497 nostram;
2732 431 2786 485 in
2813 429 2903 484 illa
2932 432 3112 483 autem
3143 423 3334 481 reddet
3372 424 3655 500 unicuique

395 542 527 597 illud
569 538 711 608 quod
753 537 1015 603 scriptum
1059 541 1143 587 est
1173 550 1186 585 :
1219 549 1239 582 ι
1272 530 1556 585 Faciamus
1595 527 1760 592 mala,
1792 536 1851 581 ut
1882 541 1973 583 vc—

396 634 546 687 niant
574 630 713 685 bona
737 625 915 698 (Rom.
942 623 1045 696 ιιι).
1077 643 1094 675 ι
1121 622 1360 690 Quorum
1386 619 1658 675 damnatio
1689 618 1834 688 jttsta
1864 626 1969 683 est,

396 727 477 781 vel
502 724 717 795 quando
743 720 921 777 carnis
946 726 1188 775 sectatur
1221 730 1382 786 opera
1426 716 1480 770 in
1520 710 1971 783 concupiscentiis

392 818 524 888 ejus,
555 823 612 870 et
650 814 873 885 spiritus
914 809 1340 867 sanctiﬁcatione
1366 822 1425 863 se
1463 807 1760 862 arbitratur
1784 802 1970 874 perﬁci

392 920 549 978 posse
594 907 648 960 in
687 907 879 960 timore
925 903 1053 969 Dei;
1104 902 1190 958 vel
1238 898 1453 971 quando
1491 906 1546 953 et
1585 898 1679 953 Dei
1706 906 1790 951 est
1829 895 1971 965 quod

392 1011 553 1067 opere
582 994 819 1059 exhibet,
848 1001 903 1048 et
926 992 1108 1047 mundi
1136 991 1279 1060 quod
1301 1004 1398 1061 per
1422 987 1802 1057 cogitationem
1826 998 1972 1052 qure-

392 1091 481 1145 rit.
513 1090 713 1145 Omnes
749 1097 929 1142 autem
976 1086 1064 1140 isti
1105 1086 1259 1155 juxta
1304 1082 1489 1137 Jacobi
1528 1080 1853 1136 sententiam
1883 1078 1968 1132 iu-

389 1188 700 1237 constantes
726 1186 853 1234 sunt
890 1178 943 1230 in
974 1174 1226 1231 omnibus
1252 1174 1354 1227 viis
1381 1172 1493 1226 suis
1519 1186 1533 1225 :
1565 1169 1690 1241 quia
1722 1169 1972 1225 facillim

396 1274 449 1327 in
478 1271 719 1327 adversis
762 1267 944 1324 saeculi
974 1267 1313 1321 deterrentur
1344 1271 1395 1317 et
1422 1262 1694 1333 prosperis
1718 1260 1975 1315 irretiun-

399 1373 504 1485 mi.
524 1434 613 1488 Vae
640 1431 918 1486 dissolutis
940 1429 1123 1493 corde,
1153 1443 1243 1497 qut
1272 1441 1377 1482 non
1404 1425 1633 1480 credunt
1658 1422 1769 1478 Deo
1799 1440 1812 1476 :
1851 1422 1973 1478 ideo

396 1545 413 1577 ι
449 1540 554 1579 non
580 1530 928 1593 protegentur
956 1521 1026 1575 ab
1051 1535 1136 1575 eo.
1172 1539 1191 1572 ι
1222 1518 1413 1573 Adhuc
1457 1522 1771 1586 perseverat
1810 1514 1863 1569 in
1892 1529 1975 1568 ra-

394 1616 541 1671 tione
566 1613 817 1684 pristina,
847 1618 904 1665 ut
938 1611 1129 1666 doceat
1169 1624 1268 1665 nos
1293 1621 1507 1663 errores
1533 1620 1725 1662 cavere
1754 1613 1812 1661 et
1834 1604 1975 1660 veri-

392 1715 559 1761 tatem
600 1718 803 1759 amare.
841 1702 1066 1775 Oportet
1103 1701 1303 1771 quippe
1344 1707 1403 1753 ut
1450 1698 1816 1754 sinceritatem
1848 1695 1973 1751 ﬁdei

2076 526 2372 581 secundum
2400 540 2564 593 opera
2596 539 2714 580 sua.

2149 633 2168 666 ι
2203 614 2305 681 Qui
2353 616 2543 670 timent
2587 614 2905 675 Dominum,
2956 624 3064 665 non
3104 616 3265 664 erunt
3315 607 3656 665 incredibiles

2080 723 2098 755 ι
2138 706 2303 761 verbo
2332 706 2500 769 illius;
2549 713 2605 760 et
2650 704 2746 773 qui
2777 702 3008 773 diligunt
3044 700 3219 766 illum,
3260 699 3655 754 conservabunt

2080 813 2098 844 ι
2133 796 2275 848 viam
2309 794 2469 850 illius.
2504 794 2603 861 Qui
2638 794 2827 847 timent
2873 791 3180 855 Dominum,
3217 789 3496 859 inquirent
3540 804 3658 858 qua:

2078 901 2098 934 ι
2131 884 2463 953 beneplacita
2505 892 2633 940 sunt
2680 882 2791 945 illi;
2829 890 2886 937 et
2923 882 3016 951 qui
3057 880 3284 949 diligunt
3323 894 3451 935 cum
3488 880 3661 949 reple-

2079 996 2098 1027 ι
2133 976 2335 1030 buntur
2374 977 2491 1047 lege
2535 976 2723 1047 ipsius.
2760 996 2778 1027 ι
2817 972 3148 1029 Alternando
3194 970 3433 1040 loquitur
3480 971 3551 1025 de
3595 972 3662 1026 ti-

2076 1079 2227 1119 more
2269 1073 2324 1119 et
2370 1063 2657 1120 dilectione
2703 1063 2838 1128 Dei,
2882 1061 3139 1131 quoniam
3174 1079 3192 1111 ι
3236 1059 3399 1116 timor
3442 1060 3658 1116 Domini

2073 1167 2292 1215 sanctus
2334 1164 2612 1227 permanet
2644 1157 2696 1211 in
2738 1154 2996 1211 sarculum
3035 1152 3249 1225 saeculi;
3287 1173 3306 1206 ι
3337 1139 3443 1209 ett
3481 1153 3661 1208 omnis

2074 1249 2165 1318 qui
2214 1248 2388 1319 diligit
2426 1263 2495 1309 ex
2542 1247 2650 1302 Deo
2684 1254 2843 1300 natus
2880 1251 2986 1310 est,
3017 1251 3074 1299 et
3098 1243 3371 1315 cognoscit
3396 1242 3592 1313 Deum.
3633 1261 3653 1295 ι

2075 1342 2165 1397 Ille
2207 1355 2337 1413 ergo
2380 1341 2473 1411 qui
2517 1340 2672 1395 timet
2714 1339 3020 1404 Dominum,
3068 1346 3125 1394 et
3160 1338 3251 1410 qui
3279 1337 3457 1409 diligit
3484 1334 3655 1401 illum,

2072 1434 2249 1489 credit
2267 1432 2559 1502 Scripturis
2584 1432 2778 1498 sacris,
2803 1440 2860 1486 et
2885 1439 3065 1487 servat
3088 1429 3364 1501 operando
3388 1439 3655 1505 praecepta

2072 1522 2307 1589 Domini,
2357 1530 2414 1579 et
2448 1538 2663 1593 semper
2690 1521 3000 1576 meditando
3027 1521 3222 1591 quaerit
3250 1535 3375 1592 qua:
3408 1520 3656 1590 benepla-

2074 1616 2178 1671 cita
2208 1623 2335 1669 sunt
2371 1613 2470 1679 illi,
2508 1613 2696 1683 sicque
2734 1612 3026 1682 replebitur
3075 1611 3337 1683 sapientia
3378 1620 3431 1667 et
3484 1611 3658 1666 chari-

2077 1714 2185 1761 tate
2212 1704 2328 1761 Dei.
2358 1725 2378 1757 ι
2406 1704 2556 1761 Finis
2581 1705 2726 1760 enim
2754 1702 3007 1774 praecepti
3032 1711 3116 1757 est
3138 1702 3380 1759 charitas
3403 1701 3472 1761 de
3501 1702 3658 1757 corde

392 1806 590 1859 servet,
639 1804 695 1850 et
736 1792 1097 1849 constantiam
1144 1790 1340 1845 mentis
1393 1790 1619 1853 habeat,
1666 1787 1975 1857 quicunque
2001 1801 2049 1862 Β
2074 1812 2235 1867 pum,
2255 1804 2310 1851 ει
2324 1796 2651 1852 conscientia
2674 1793 3032 1859 [immundo
3053 1809 3159 1849 non
3184 1792 3305 1849 ﬁcta
3327 1792 3381 1866 (I
3405 1791 3522 1847 Tim
3546 1791 3604 1864 ι),
3634 1810 3653 1843 ι

390 1903 420 1941 a
458 1889 563 1941 Deo
596 1886 807 1957 protegi
833 1882 1125 1949 desiderat,
1152 1881 1277 1952 quia
1305 1879 1392 1936 ille
1416 1880 1506 1950 qui
1536 1879 1638 1934 ﬁde
1677 1878 1886 1935 dubitat
1906 1892 1973 1933 ac

396 1994 492 2050 spe
524 1977 759 2043 vacillat,
786 1988 1119 2044 consequens
1151 1980 1235 2027 est
1266 1979 1326 2026 ut
1348 1971 1413 2026 ad
1444 1984 1697 2027 coronam
1723 1984 1828 2024 non
1855 1983 1974 2039 per-

389 2070 590 2136 veniat,
632 2085 752 2138 qute
789 2067 917 2123 solis
942 2066 1187 2121 ﬁdelibus
1214 2080 1277 2120 ac
1307 2063 1591 2119 Dominum
1619 2061 1884 2116 veraciter
1905 2059 1973 2114 ti-

390 2162 679 2223 mentibus,
706 2161 809 2215 hoc
838 2167 941 2225 est,
978 2158 1072 2230 qui
1106 2157 1340 2212 fructum
1372 2153 1635 2210 bonorum
1665 2167 1887 2223 operum
1913 2152 1971 2208 in

387 2251 644 2323 patientia
694 2249 997 2314 proferunt,
1042 2244 1455 2318 repromittitur.
1504 2243 1615 2299 illis
1645 2251 1847 2310 autem,
1878 2242 1970 2312 qui

386 2357 485 2412 per
505 2340 831 2411 apostasiam
858 2340 971 2394 sive
998 2337 1244 2393 hmresim
1276 2352 1306 2389 a
1336 2335 1440 2391 ﬁ-Je
1466 2335 1820 2400 discedentes,
1849 2348 1969 2404 pra-

387 2433 574 2500 visque
621 2432 876 2501 operibus
905 2429 1242 2492 insistentes,
1288 2422 1544 2480 derelicto
1588 2424 1830 2480 veritatis
1868 2432 1971 2477 tra-

390 2522 538 2585 mite,
578 2522 633 2576 in
662 2522 913 2576 vitiorum
946 2520 1255 2589 voraginem
1302 2515 1567 2581 incidunt,
1602 2516 1681 2569 ira
1712 2524 1765 2571 et
1795 2514 1970 2573 tribu-

387 2614 516 2668 latio
550 2621 711 2683 atque
744 2611 990 2683 angustia
1017 2609 1401 2680 perpetualiter
1436 2609 1811 2665 remanebunt.
1854 2606 1971 2662 Sic-

341 2687 450 2758 ἰιι
514 2701 713 2757 Paulus
775 2708 1032 2769 testatur,
1083 2701 1319 2756 dicens:
1362 2719 1381 2752 ι
1434 2699 1528 2755 liis
1576 2698 1829 2772 quidem,
1875 2699 1969 2770 qui

386 2795 678 2851 secundum
723 2794 1040 2865 patientiam
1083 2793 1210 2848 boni
1240 2786 1440 2863 aperis,
1478 2791 1701 2863 gloriam
1727 2800 1782 2846 et
1807 2791 1971 2845 hono-

387 2901 502 2941 rem
537 2895 591 2940 et
622 2880 1081 2954 incorruptionem
1104 2890 1355 2952 quaerunt
1378 2883 1541 2937 vitam
1569 2890 1846 2937 internata.
1872 2880 1971 2938 His

385 2984 585 3041 autem,
627 2976 717 3045 qui
760 2991 827 3031 ex
872 2975 1218 3031 contentione
1258 2983 1314 3029 et
1354 2973 1447 3043 qui
1477 2988 1583 3029 non
1618 2974 1970 3043 acquiescant

386 3066 626 3131 veritati,
660 3066 886 3121 credunt
913 3074 1093 3121 autem
1123 3064 1416 3133 iniquitati,
1444 3064 1526 3119 ira
1556 3070 1612 3119 et
1653 3064 1964 3136 indignatio,

2070 1895 2129 1942 et
2155 1885 2248 1955 qui
2278 1885 2453 1957 diligit
2481 1886 2809 1955 proximum,
2840 1884 3012 1954 legem
3044 1882 3299 1952 implevit.

2148 1997 2166 2028 ι
2202 1976 2303 2043 Qui
2349 1976 2542 2030 timent
2580 1976 2866 2031 Dominum
2910 1973 3289 2045 prmparabunt
3327 1974 3499 2029 corda
3540 1988 3654 2040 sua,

2078 2085 2097 2118 ι
2127 2077 2181 2120 et
2206 2066 2261 2121 in
2286 2074 2576 2135 conspectu
2607 2065 2749 2121 illius
2771 2064 3186 2122 sanctiﬁcabunt
3211 2066 3422 2120 animas
3454 2080 3582 2120 suas
3635 2085 3653 2117 ο

2072 2158 2119 2215 Ο
2144 2173 2305 2228 quam
2344 2157 2471 2215 felix
2507 2158 2687 2215 anima
2724 2173 2845 2227 qua:
2866 2156 3105 2229 quotidie
3134 2156 3360 2213 mundat
3378 2171 3479 2212 cor
3504 2171 3659 2211 suum

2071 2258 2125 2306 et
2152 2250 2508 2321 cogitationes
2533 2264 2682 2314 suas,
2711 2255 2975 2318 quatenus
2997 2247 3257 2317 suscipiat
3284 2246 3337 2301 in
3363 2260 3424 2301 se
3450 2244 3657 2302 habita-

2072 2353 2243 2399 torem
2292 2343 2479 2409 Deum,
2510 2342 2667 2413 cujus
2694 2340 3003 2411 quicunque
3044 2352 3330 2408 possessor
3364 2345 3473 2403 est,
3515 2335 3660 2394 nullo

2071 2433 2213 2487 bono
2252 2439 2392 2503 eget,
2439 2431 2567 2502 quia
2595 2429 2838 2487 omnium
2883 2429 3147 2485 honorum
3198 2436 3480 2484 auctorem
3508 2428 3563 2482 in
3596 2440 3658 2485 se

2071 2524 2254 2587 habet.
2282 2533 2337 2579 et
2362 2524 2487 2594 quia
2515 2536 2737 2579 necesse
2764 2531 2849 2577 est
2887 2521 2944 2576 in
2982 2520 3332 2577 mundatione
3362 2520 3546 2576 cordis
3566 2535 3657 2576 cu-

2069 2614 2246 2670 stodia
2289 2614 2667 2669 mandatorum
2705 2611 2798 2667 Dei
2833 2626 2956 2666 cum
2978 2610 3244 2682 patientia
3290 2616 3420 2666 boni
3456 2608 3657 2679 operis,

2070 2719 2179 2775 quo
2214 2703 2528 2776 pervenitur
2559 2704 2628 2759 ad
2655 2701 2951 2773 perfectam
2982 2701 3309 2775 agnitionem
3333 2699 3653 2762 divinitatis.

2068 2797 2314 2867 sequitur
2341 2812 2354 2849 :

2142 2908 2162 2941 ι
2200 2887 2303 2957 Qui
2331 2888 2524 2944 timent
2546 2887 2830 2944 Dominum
2851 2897 2994 2945 custt
3015 2888 3161 2943 :iiunt
3186 2885 3447 2942 mandata
3470 2885 3612 2941 illius
3635 2903 3652 2940 :

2074 2998 2093 3030 ι
2127 2988 2180 3035 ει
2236 2978 2551 3049 patientiam
2606 2980 2883 3035 habebunt
2933 2994 3105 3049 usque
3153 2977 3220 3036 ad
3264 2977 3657 3049 inspectionem

2074 3088 2094 3123 ι
2131 3069 2298 3136 illius,
2324 3069 2566 3131 dicentes
2592 3088 2603 3123 :
2634 3068 2690 3124 Si
2713 3070 3097 3140 paenitentiam
3119 3084 3223 3125 non
3252 3069 3546 3140 egerimus,
3578 3070 3658 3123 in-

388 3153 664 3210 tribulatio
710 3162 766 3209 et
811 3153 1058 3224 angustia
1108 3154 1161 3208 in
1202 3168 1419 3209 omnem
1461 3154 1699 3208 animam
1739 3155 1970 3210 hominis
1997 3147 2043 3211 C
2079 3180 2098 3213 ί
2129 3162 2371 3218 cidemus
2392 3161 2447 3216 in
2473 3176 2667 3216 manus
2696 3160 2789 3217 Dei
2819 3171 3000 3216 etnon
3027 3161 3082 3215 in
3104 3172 3303 3219 manus
3332 3160 3612 3215 hominum
3639 3177 3654 3213 :

385 3243 662 3315 cperantis
688 3242 888 3299 malum
915 3242 1093 3314 (Rom.
1118 3242 1202 3315 ιι).
1235 3241 1387 3298 Unde
1409 3242 1582 3298 adhuc
1615 3243 1859 3312 sequitur
1880 3264 1896 3297 ;

1000 3386 1230 3448 CAPUT
1261 3390 1353 3447 IX.

387 3502 657 3575 Sapientia
697 3504 1043 3559 comminatur
1068 3502 1149 3558 his
1176 3503 1267 3575 qui
1299 3513 1413 3573 post
1436 3505 1801 3560 sustinentium
1822 3504 1971 3561 dere-

513 3573 751 3645 linquunt
778 3575 886 3628 vias
916 3584 1081 3628 rectas
1102 3585 1149 3629 et
1171 3573 1364 3629 eadunt
1389 3591 1480 3645 per
1504 3576 1611 3630 vias
1630 3591 1839 3645 pravas.

467 3705 487 3741 ι
523 3685 612 3742 Va:
634 3667 721 3743 his
747 3687 837 3757 qui
870 3688 1220 3757 perdiderunt
1253 3687 1655 3754 sustinentiam,
1678 3698 1735 3744 et
1760 3689 1851 3759 qui
1878 3689 1971 3744 de-

392 3801 410 3833 ι
448 3780 784 3851 reliquerunt
812 3780 928 3835 vias
956 3790 1152 3847 rectas,
1185 3789 1240 3837 et
1264 3781 1600 3837 diverterunt
1628 3782 1681 3839 in
1706 3782 1824 3836 vias
1847 3798 1971 3853 pra-

393 3893 415 3924 ι
449 3890 575 3939 vas;
600 3881 653 3928 et
673 3871 801 3940 quid
825 3871 1055 3937 facietis,
1074 3888 1195 3927 cum
1220 3872 1486 3943 inspicere
1506 3873 1732 3943 coeperit
1751 3872 1928 3928 Deus?
1945 3891 1963 3925 ι

385 3966 537 4023 Licet
563 3966 711 4021 omni
746 3974 989 4036 tempore
1032 3966 1301 4036 inspicere
1346 3964 1489 4020 Deus
1518 3965 1770 4021 credatur
1800 3966 1971 4022 bonos

385 4075 451 4116 ac
483 4057 668 4121 mulos,
697 4065 751 4114 et
775 4056 909 4113 nihil
937 4072 1060 4113 eum
1087 4056 1257 4127 possit
1282 4056 1469 4121 latere,
1497 4065 1676 4113 tamen
1704 4073 1801 4113 usu
1831 4057 1972 4114 Scri-

385 4159 664 4218 pturarum
727 4149 1163 4220 frequentissimo
1220 4157 1347 4202 tunc
1405 4147 1604 4202 dicitur
1671 4148 1967 4218 inspicere,

386 4241 602 4312 quando
625 4240 708 4295 vel
738 4241 968 4311 probare
1005 4241 1089 4295 vel
1129 4240 1435 4310 improbare
1462 4238 1663 4309 aliquid
1698 4240 1970 4311 dignosci-

391 4346 496 4391 tur.
534 4336 672 4402 Quid
712 4350 841 4406 ergo
876 4333 1068 4389 facturi
1109 4342 1269 4390 erunt
1312 4334 1402 4403 qui
1452 4334 1568 4389 vias
1617 4333 1973 4389 deseruerunt

389 4439 585 4494 rectas,
616 4439 671 4484 et
698 4444 757 4482 se
789 4427 1194 4499 implicaverunt
1226 4426 1423 4496 iniquis
1449 4427 1725 4495 operibus,
1756 4424 1970 4495 quando

2074 3271 2093 3304 ι
2127 3251 2425 3309 secundum
2465 3251 2612 3307 enim
2655 3251 3077 3322 magnitudinem
3112 3250 3273 3321 illius,
3304 3251 3387 3306 sic
3410 3259 3469 3306 et
3492 3252 3628 3306 mise

2074 3362 2094 3395 ι
2131 3343 2360 3401 ricordia
2404 3342 2575 3413 ipsius
2614 3356 2739 3397 cum
2785 3342 2907 3412 ipso
2948 3350 3050 3397 est.
3094 3360 3113 3393 ›
3160 3340 3273 3396 Mos
3309 3341 3536 3412 quidem
3577 3348 3659 3396 est

2069 3444 2379 3491 sanctorum
2410 3435 2739 3506 semetipsos
2750 3442 3064 3506 peccatores
3085 3448 3363 3501 accusare,
3387 3443 3657 3504 quatenus

2068 3526 2389 3598 condignam
2444 3524 2766 3581 humilitatis
2823 3541 2936 3582 sua:
2991 3526 3261 3595 accipiant
3312 3527 3652 3590 mercedem,

2069 3618 2195 3688 quia
2215 3618 2357 3673 sicut
2383 3616 2673 3673 humilitati
2696 3617 3003 3688 praemium,
3024 3617 3105 3673 sic
3129 3623 3184 3673 et
3204 3616 3475 3687 superbire
3496 3630 3657 3686 plena

2069 3709 2376 3779 deputatur.
2417 3708 2559 3765 Dicit
2582 3708 2727 3763 enim
2755 3707 3041 3764 manifeste
3070 3706 3307 3763 Joannes
3333 3708 3654 3777 apostolus:

2072 3822 2092 3855 ι
2136 3803 2190 3858 Si
2236 3802 2532 3859 dixerimus
2577 3802 2833 3873 quoniam
2880 3811 3162 3874 peccatum
3209 3817 3327 3873 non
3368 3801 3657 3869 habemus,

2068 3891 2170 3961 ipsi
2199 3907 2299 3948 nos
2340 3892 2668 3956 seducimus,
2707 3899 2764 3948 et
2804 3893 3008 3947 veritas
3048 3893 3101 3947 in
3142 3890 3297 3947 nobis
3324 3907 3433 3947 non
3459 3900 3565 3947 est.
3600 3890 3658 3947 Si

2070 3986 2424 4043 conﬁteantur
2468 3993 2690 4055 peccata
2728 3993 2938 4051 nostra,
2970 3983 3145 4039 ﬁdelis
3182 3990 3266 4063 est
3291 3992 3345 4038 et
3364 3992 3573 4055 justus,
3600 3990 3661 4037 ut

2070 4078 2311 4132 remittat
2354 4076 2508 4132 nobis
2540 4083 2768 4145 peccata
2811 4084 3019 4139 nostra,
3061 4082 3117 4129 et
3150 4074 3407 4130 emundet
3444 4089 3547 4131 nos
3591 4074 3663 4130 ab

2068 4168 2213 4222 omni
2243 4167 2524 4237 iniquitate
2553 4165 2603 4237 (Ι
2639 4166 2800 4220 Joan.
2832 4164 2896 4237 ι).
2932 4185 2951 4217 ι
2979 4164 3134 4222 Unde
3163 4164 3479 4235 subjuuxit:
3508 4185 3527 4218 ι
3563 4166 3663 4221 Se-

2036 4259 2301 4313 ‘cundum
2324 4256 2468 4313 enim
2497 4256 2920 4327 magnitudinem
2956 4254 3118 4321 illius,
3158 4256 3238 4312 sic
3260 4265 3317 4311 et
3339 4257 3662 4312 misericor-

2070 4347 2155 4402 dia
2200 4346 2369 4416 ipsius
2417 4361 2540 4399 cum
2591 4348 2727 4416 ipso.
2763 4366 2782 4398 ι
2813 4345 2969 4412 Quia,
3000 4354 3060 4401 ut
3097 4346 3359 4418 propheta
3400 4354 3659 4410 testatur,

2078 4456 2095 4487 ι
2133 4437 2424 4491 secundum
2450 4434 2788 4491 altitudinem
2810 4435 2933 4492 cmli
2955 4452 2988 4491 a
3015 4445 3157 4493 terra
3187 4437 3527 4492 conﬁrmavit
3553 4437 3661 4491 Do-

382 4523 494 4593 jam
517 4521 705 4592 judicii
732 4519 907 4574 aderit
942 4529 1176 4589 tempus,
1202 4526 1257 4573 et
1286 4516 1462 4572 nullus
1490 4517 1648 4572 datur
1681 4516 1830 4571 locus
1855 4529 1969 4584 pm-
1998 4488 2047 4549 D
2075 4526 2251 4581 minus
2298 4526 2724 4582 misericordiam
2782 4541 2936 4581 suam
3004 4542 3169 4596 super
3225 4526 3480 4581 ιίωρηιεε
3532 4541 3666 4581 eum

389 4611 659 4665 nitentite?
708 4607 945 4678 quando,
973 4606 1128 4676 juxta
1174 4603 1522 4676 Sophoniam,
1554 4625 1572 4657 ι
1605 4605 1731 4660 Dies
1759 4604 1971 4661 Domini

389 4680 615 4772 magnus
641 4699 841 4763 veniet,
877 4698 993 4752 dies
1023 4697 1136 4761 ine,
1171 4696 1287 4751 dies
1312 4695 1670 4752 tribulationis
1704 4706 1762 4750 et
1803 4710 1972 4766 angu-

389 4797 526 4857 stiae,
558 4794 672 4848 dics
697 4789 1020 4847 calamitatis
1044 4797 1101 4843 et
1130 4787 1379 4853 miseriae,
1406 4788 1522 4843 dies
1551 4789 1895 4844 tenebrarum
1918 4797 1972 4843 et

390 4883 652 4952 caliginis,
681 4883 793 4937 dies
818 4879 1025 4935 nebulae
1053 4886 1108 4933 et
1132 4866 1383 4942 turbinis,
1415 4877 1528 4933 dies
1563 4878 1703 4932 tubae
1740 4888 1795 4933 et
1822 4877 1970 4945 clan-

393 4973 556 5043 guris.
592 4972 765 5040 Super
790 4971 1037 5024 civitates
1064 4968 1298 5023 munitas
1331 4977 1385 5022 et
1414 4983 1576 5040 super
1627 4968 1849 5040 angulos
1876 4984 1971 5024 ex-

392 5061 594 5125 celsos,
648 5068 704 5114 et
744 5060 1141 5113 tribulabuntur
1189 5059 1466 5125 homines,
1518 5069 1574 5114 et
1620 5060 1970 5116 ambulabunt

392 5154 519 5209 ccci
553 5172 565 5207 :
598 5153 725 5224 quia
753 5152 977 5208 Domino
999 5160 1379 5224 peccaverunt,
1427 5161 1483 5208 et
1518 5151 1820 5208 eil‘undetur
1840 5169 1968 5209 san-

392 5248 510 5318 guis
554 5262 739 5302 eorum
799 5245 937 5300 sicut
976 5247 1191 5310 humus,
1240 5254 1293 5299 ct
1346 5261 1543 5316 corpus
1588 5259 1772 5299 eorum
1831 5247 1971 5300 sicut

392 5350 654 5396 stercora.
685 5338 791 5394 Sed
826 5347 881 5392 et
915 5349 1197 5408 argentum
1223 5353 1410 5391 eorum
1437 5345 1491 5389 et
1514 5352 1703 5390 aurum
1734 5353 1840 5393 non
1869 5354 1968 5408 po-

2074 4613 2246 4688 (Psal.
2291 4615 2411 4690 cu).
2442 4637 2461 4669 ι
2488 4617 2555 4672 Et
2605 4618 2773 4672 item:
2806 4636 2824 4669 ι
2860 4616 3228 4693 Misericordia
3259 4656 3275 4681 ,
3302 4616 3502 4686 inquit,
3557 4617 3667 4672 Do-

2073 4707 2202 4762 mini
2230 4722 2261 4761 a
2291 4708 2486 4764 saeculo
2510 4716 2565 4763 et
2590 4723 2760 4777 usque
2786 4708 2839 4762 in
2881 4707 3134 4765 steculum
3181 4706 3362 4762 saeculi
3392 4721 3560 4776 super
3590 4708 3664 4762 Li-

2073 4809 2282 4857 mcntes
2324 4816 2471 4867 eum,
2518 4810 2573 4855 et
2607 4798 2820 4869 justitia
2863 4799 2982 4870 ejus
3030 4815 3194 4869 super
3245 4798 3385 4855 ﬁlios
3425 4798 3669 4873 ﬁliorum

2072 4888 2498 4945 custodientibus
2531 4898 2912 4946 testamentum
2952 4890 3088 4960 ejus,
3131 4897 3187 4945 et
3228 4889 3494 4943 memoria
3528 4888 3666 4945 reti-

2072 4980 2323 5035 nentibus
2352 4963 2604 5035 mandata
2630 4977 2746 5046 ejus
2774 4988 2835 5034 ut
2856 4978 3058 5035 faciant
3084 4994 3147 5034 ea
3172 4977 3382 5049 (Ibid.).

2142 5069 2293 5143 (CAP.
2328 5069 2435 5141 ιιι.)
2471 5088 2489 5121 ι
2520 5070 2641 5125 Filii
2668 5070 2963 5141 sapientiae,
2997 5069 3235 5125 Ecclesia
3260 5066 3539 5137 iustorum
3565 5088 3580 5125 :
3609 5078 3668 5124 et

2077 5180 2096 5214 ι
2132 5163 2279 5221 natio
2312 5161 2526 5217 illorum
2577 5161 2881 5217 obedientia
2929 5169 2986 5217 et
3025 5160 3264 5218 dilectio.
3304 5179 3324 5213 ι
3361 5159 3530 5218 Filios
3574 5177 3670 5217 sa-

2071 5253 2286 5323 pientia:
2309 5252 2504 5308 merito
2531 5252 2663 5308 dicit
2704 5268 2824 5307 esse
2869 5253 3169 5308 Ecclesiam
3198 5253 3493 5324 iustorum,
3532 5256 3667 5324 quia

2071 5346 2164 5414 qui
2191 5359 2315 5400 vere
2342 5344 2556 5415 sapiens
2588 5351 2688 5406 est,
2733 5359 2896 5399 verus
2928 5353 3009 5400 est
3040 5342 3269 5412 iustitia:
3302 5344 3500 5410 cultor,
3526 5359 3669 5413 quo-

394 5432 518 5486 terit
544 5431 773 5486 liberare
800 5444 894 5485 eos
917 5429 970 5484 in
1000 5429 1085 5485 die
1115 5430 1208 5484 irm
1232 5428 1464 5484 Domini.
1495 5428 1550 5483 ln
1578 5428 1700 5498 igne
1724 5428 1825 5483 zeli
1853 5427 1968 5496 ejus
2070 5435 2214 5490 niam
2232 5450 2357 5490 vera
2384 5434 2648 5505 sapientia
2670 5434 2937 5491 veraciter
2947 5435 3175 5505 iustitia:
3196 5435 3367 5490 dictat
3385 5452 3664 5492 normam.

390 5523 736 5605 devorabitur
762 5521 938 5578 omnis
960 5529 1120 5586 terra,
1145 5520 1269 5589 quia
1299 5519 1815 5581 consummationem
1844 5535 1970 5574 cum
2072 5523 2252 5588 Natio,
2299 5525 2493 5594 inquit,
2536 5523 2751 5578 illorum
2801 5524 3103 5579 obedientia
3149 5531 3205 5578 et
3251 5525 3488 5579 dilectio.
3516 5525 3671 5591 Quo-

390 5610 733 5672 festiuatione
752 5611 914 5669 faciet
935 5611 1142 5668 cunctis
1168 5610 1532 5666 habitantibus
1558 5618 1757 5666 terram
1782 5609 1965 5683 (Soph.
2072 5616 2231 5669 modo
2272 5623 2450 5669 autem
2493 5617 2766 5671 nationem
2797 5627 2951 5670 vocat
2975 5615 3246 5685 justorutn
3290 5614 3665 5671 obedientiam

390 5707 486 5774 1).»
523 5703 581 5758 lu
609 5704 710 5758 hac
742 5711 919 5758 autem
946 5702 1053 5754 vita
1071 5700 1213 5755 Deus
1232 5707 1507 5770 exspectat
1545 5709 1597 5756 ct
1627 5701 1820 5769 accipit
1842 5717 1968 5757 con-
2072 5713 2126 5759 et
2154 5705 2525 5761 dilectionem?
2553 5704 2687 5760 Cum
2718 5705 3023 5771 obedientia
3067 5714 3123 5759 et
3168 5704 3387 5759 dilectio
3432 5704 3665 5759 virtutes
