3928 6182
237 410 326 445 ΔΗ

1137 393 1488 451 (ΣΟΜΜΕΝΤ.
1530 398 1595 453 ΙΝ
1637 400 1962 457 ECCLESIA
1974 402 2248 461 STlCUM.

2338 437 2356 446 -
2395 409 2522 464 LIB.
2560 411 2601 466 Ι.

3418 431 3519 489 773

218 500 354 564 sint,
398 515 523 571 qua:
566 500 835 557 habeatur
863 520 894 556 a
922 501 1106 571 justis.
1140 507 1254 563 Nisi
1283 510 1409 578 quia
1434 514 1645 583 tropica
1673 514 1819 571 locu-
1848 528 1895 583 Α
1999 537 2017 567 ι
2060 519 2162 585 Qui
2197 520 2425 579 honorat
2453 535 2663 595 patrem
2711 544 2891 598 suum,
2920 535 3028 589 vita
3074 538 3217 593 vivet
3250 541 3514 615 longiore,

221 592 371 646 tione
411 606 513 661 per
555 593 701 662 ipsas
740 594 968 652 virtutes
1004 599 1261 667 exprimit
1297 602 1559 660 virtutum
1599 621 1817 674 posses-

217 696 392 737 801³88.

1926 627 1944 656 ι
1979 617 2033 660 et
2053 609 2145 677 qui
2173 611 2357 665 obeJit
2384 616 2546 683 patri,
2585 618 2924 689 refrigerahit
2950 633 3199 688 matrem.
3232 649 3252 683 ι
3285 609 3406 690 Vita
3439 609 3517 692 vi;

1917 705 2009 750 vet
2054 696 2286 754 feliciter
2326 702 2590 774 longiore,
2620 709 2736 778 'qui
2785 706 3160 772 remuneratus
3210 735 3239 773 a
3286 722 3514 783 Domino

291 794 311 827 ι
349 775 621 833 Judicium
669 778 840 847 patris
890 781 1093 848 audite,
1145 783 1261 849 ﬁlii,
1312 794 1369 840 et
1413 787 1493 843 sic
1544 786 1707 844 facite
1759 799 1817 845 ut
1916 795 2115 843 teterna
2146 788 2358 846 fruetur
2387 775 2731 866 requierllle
2769 801 3113 876 refrigerabit
3138 820 3389 879 matrem,
3417 820 3509 889 qui

291 865 410 889 μή,
461 867 579 889 _,.,_
643 869 852 889 ,n‘,”
1041 886 1051 889 _
1396 885 1405 889 μ
1671 880 1708 889 ..
1952 876 1964 889 .
2266 882 2277 889 .
2427 885 2436 889 -

219 881 238 915 ι
274 865 410 920 salvi
459 867 601 923 sitis.
640 888 660 920 ι
689 869 854 925 Pater
898 872 1275 930 universorum
1316 877 1643 933 naturaliter
1671 880 1815 935 Dens

212 965 319 1021 est,
350 973 419 1014 ex
464 974 573 1029 quo
621 961 804 1017 omnis
839 963 1140 1031 paternitas
1168 965 1222 1021 in
1250 966 1407 1022 cmlis
1453 976 1510 1023 et
1552 969 1607 1024 in
1653 972 1812 1027 terris

210 1049 560 1119 nominatur;
602 1053 728 1122 quia
776 1069 845 1109 ex
889 1054 1025 1124 ipso,
1073 1063 1128 1110 et
1154 1072 1251 1127 per
1295 1058 1491 1128 ipsum,
1522 1068 1579 1115 et
1612 1060 1666 1115 in
1694 1062 1811 1131 ipso

209 1147 341 1193 sunt
374 1140 562 1196 omnia
589 1159 602 1194 :
634 1142 725 1212 qui
754 1142 931 1214 diligit
953 1158 1021 1198 ea
1051 1160 1172 1215 qua;
1198 1145 1346 1212 fecit,
1390 1150 1532 1204 utin
1562 1149 1663 1206 hoc
1686 1165 1809 1220 per-

207 1239 470 1286 maneant
492 1234 637 1302 quod
665 1231 809 1289 facta
846 1244 992 1291 sunt.
1024 1235 1128 1304 Qui
1147 1239 1291 1294 enim
1322 1239 1481 1308 hujus
1504 1240 1684 1297 Patris
1710 1259 1808 1297 au-

206 1321 365 1376 dierit
385 1320 652 1391 judicium
682 1332 741 1379 et
776 1325 969 1385 fecerit
1001 1329 1119 1399 ejus
1157 1339 1445 1401 praecepta,
1484 1334 1674 1403 procul
1707 1335 1805 1390 du-

204 1417 292 1471 bio
319 1417 506 1473 salvus
529 1419 654 1474 erit.
686 1420 853 1491 Cujus
876 1422 1191 1477 mandatum
1218 1431 1322 1489 est,
1371 1434 1429 1480 ut
1462 1427 1627 1482 etiam
1661 1428 1801 1497 patri

204 1508 487 1576 temporali
516 1517 574 1565 et
600 1512 761 1566 matri
782 1513 1006 1569 honoris
1032 1516 1335 1571 reverentia
1358 1516 1704 1574 exhibentur.
1730 1520 1801 1576 Ut

200 1607 282 1653 est
305 1599 481 1654 illud:
519 1620 538 1653 ι
569 1601 783 1658 Honora
810 1613 1206 1675 patremvtuum
1247 1616 1306 1662 et
1331 1617 1586 1676 matrem,
1626 1620 1686 1666 ut
1722 1613 1799 1668 sis

198 1686 476 1761 longmvus
510 1707 674 1764 super
715 1705 935 1762 terram,
970 1712 1131 1768 quam
1178 1699 1439 1757 Dominus
1478 1702 1623 1759 Deus
1671 1714 1798 1762 tuus

196 1777 428 1837 daturus
456 1794 544 1841 est
566 1784 662 1839 tibi
699 1784 895 1857 (Exod.
925 1788 1042 1858 xx).
1078 1808 1097 1840 ι
1129 1788 1281 1846 Unde
1310 1792 1574 1862 sequitur.

1914 876 2097 932 obedit
2136 882 2278 949 patri
2307 899 2320 936 :
2347 885 2472 953 quia
2524 895 2755 946 matrem
2790 892 3085 953 Ecclesium
3132 876 3388 972 la-tiﬁcat,
3417 876 3506 978 qui

1912 972 2173 1031 obediens
2201 986 2286 1033 est
2304 984 2587 1052 pmceptis
2614 989 2805 1043 aeterni
2833 989 3032 1048 Patris.

1987 1082 2007 1114 ‹
2043 1063 2146 1130 Qui
2173 1067 2326 1123 timet
2345 1071 2515 1127 Deum
2537 1075 2768 1132 honorat
2792 1093 3061 1150 parentes,
3082 1097 3133 1144 et
3155 1093 3310 1160 quasi
3337 1094 3507 1151 domin-

1915 1165 1934 1200 ι
1971 1150 2055 1207 nis
2085 1155 2288 1210 serviet
2314 1158 2400 1214 bis
2443 1162 2536 1230 qui
2577 1178 2637 1219 se
2684 1180 2997 1236 genuerunt
3023 1175 3076 1229 in
3113 1150 3278 1245 opere
3308 1192 3364 1238 et
3389 1200 3504 1241 εει-υ

1913 1259 1931 1290 ‹
1969 1258 2150 1309 mone,
2186 1254 2241 1302 et
2264 1250 2415 1305 omni
2442 1254 2722 1322 patientia.
2758 1278 2777 1311 ι
2811 1259 2947 1317 Nota
2971 1268 3121 1334 quod
3139 1270 3272 1326 dicit
3295 1274 3382 1331 bis
3407 1278 3502 1333 (ξεν

1904 1330 2020 1386 beri
2064 1333 2380 1396 famulatum
2410 1342 2678 1402 instanter
2707 1352 2968 1419 exhiberi,
2987 1330 3089 1427 qui
3117 1375 3176 1415 se
3198 1330 3502 1433 geiuierunt

1903 1436 2009 1476 non
2051 1439 2118 1479 ex
2163 1427 2319 1483 vulva
2363 1435 2592 1499 ventris,
2638 1438 2733 1493 sed
2782 1441 2834 1496 in
2880 1459 3045 1513 opere
3079 1456 3135 1502 et
3166 1427 3416 1510 sermone
3444 1465 3499 1512 et

1901 1511 2187 1580 patientia,
2217 1525 2277 1572 ut
2312 1525 2629 1580 ostendatur
2657 1511 2931 1598 spiritalis
2951 1547 3109 1604 pater
3134 1544 3379 1602 maxime
3418 1511 3499 1604 di?

1900 1619 2037 1674 gnus
2062 1607 2270 1666 honore
2294 1627 2417 1671 esse
2440 1635 2454 1669 :
2475 1617 2628 1687 cujus
2664 1624 2741 1677 rei
2784 1641 2997 1684 memor
3018 1632 3327 1705 Apostolus,
3361 1644 3496 1698 serio

1897 1697 2006 1802 psit
2033 1698 2101 1753 ad
2121 1702 2437 1802 discipulos,
2461 1725 2597 1779 quos
2628 1712 2741 1784 ipse
2771 1733 2868 1786 per
2891 1697 3243 1796 Evangelium
3262 1697 3487 1802 genuit,

1898 1784 2128 1844 dicens:
2165 1809 2184 1841 ι
2216 1792 2491 1865 Rogamus
2509 1815 2623 1864 vos,
2650 1784 2869 1873 fratres,
2892 1820 2951 1863 nt
2989 1784 3491 1896 ndveritiseos—qui

269 1906 291 1939 ι
327 1888 473 1946 Deus
511 1894 655 1948 enim
688 1896 975 1953 honoravit
1016 1906 1227 1970 patrem
1259 1902 1312 1957 in
1348 1902 1505 1971 ﬁliis;
1553 1914 1608 1962 et
1645 1907 1761 1977 judi

1895 1874 2147 1934 laborant
2172 1882 2317 1937 inter
2348 1901 2467 1953 vos,
2508 1896 2565 1945 et
2592 1906 2833 1961 pmsttnt
2874 1903 3028 1959 vobis
3063 1906 3119 1961 in
3156 1874 3490 1981 Dom-inania

200 1998 221 2031 ι
253 1981 621 2040 cium‘matris
639 1982 890 2056 exquiret
910 1989 970 2043 in
990 1990 1151 2048 ﬁlios.
1182 2012 1203 2045 ι
1230 1988 1499 2067 Cu‘iergo
1526 1996 1669 2054 Deus
1697 2001 1793 2056 ho-

194 2085 378 2125 norem
413 2073 468 2128 in
509 2077 767 2147 progenie
812 2094 910 2134 sua
939 2082 1242 2149 constituit,
1284 2098 1392 2139 non
1419 2094 1502 2140 est
1529 2086 1633 2153 fas,
1667 2098 1725 2143 ut
1754 2106 1784 2145 a

193 2159 316 2216 ﬁliis
343 2162 461 2218 suis
489 2164 864 2235 inlionoretur,
891 2171 1025 2240 quia‘
1044 2171 1306 2231 Dominus
1342 2191 1441 2233 suo
1461 2175 1667 2245 judicio
1692 2196 1786 2236 ex-

191 2252 385 2321 quiret,
434 2257 669 2325 qualiter
722 2259 842 2327 ejs
891 2273 1222 2334 praeceptum
1268 2272 1518 2323 servetur
1561 2284 1577 2323 :
1630 2270 1789 2340 cujus

191 2351 474 2405 secuturos,
495 2357 846 2417 comnantur,
874 2361 932 2407 et
951 2363 1353 2426 contemptores
1380 2359 1690 2427 puniuntur.

259 2453 281 2489 ι
309 2436 413 2503 Qui
443 2437 620 2510 diligit
660 2441 849 2509 Deum,
880 2446 1127 2515 exorabit
1149 2463 1250 2518 pro
1283 2453 1539 2520 peccatis,
1566 2462 1623 2509 et
1649 2470 1780 2511 eou-

192 2542 222 2574 ι
241 2524 435 2585 tiuebit
457 2544 519 2587 se
542 2530 610 2586 ab
633 2531 760 2596 illis,
781 2534 837 2587 iu
865 2537 1113 2593 oratibue
1142 2540 1358 2595 dierum
1381 2544 1719 2600 exaudiatur.
1752 2568 1770 2599 ι

184 2612 272 2670 Ille
301 2618 503 2687 quippe
530 2639 557 2671 η(
591 2623 681 2691 qui
711 2623 886 2695 diligit
915 2626 1106 2692 Deum,
1153 2648 1174 2680 ι
1210 2638 1269 2684 ut
1298 2630 1414 2701 ipse
1452 2633 1507 2687 in
1532 2634 1775 2707 Evange-

184 2700 250 2756 lio
281 2713 534 2772 testatur,
572 2728 590 2761 ι
631 2714 885 2770 mandata
932 2715 1049 2785 ejus
1094 2727 1276 2774 servat
1319 2719 1499 2794 (Joan.
1543 2700 1774 2797 Σιγὴ-ει

180 2799 418 2859 continet
445 2816 505 2857 se
534 2817 569 2856 a
596 2806 854 2874 peccatis,
886 2818 1146 2877 quantum
1190 2813 1440 2871 humanm
1468 2817 1773 2891 fragilitatis

178 2892 508 2967 possibilitas
551 2895 702 2964 sinit,
731 2907 786 2954 et
813 2909 994 2958 tamen
1026 2919 1127 2974 pro
1162 2908 1474 2966 excessibus
1516 2913 1630 2969 suis
1661 2931 1766 2973 non

175 2977 371 3041 desinit
412 2985 655 3052 quotidie
695 3004 873 3053 orare,
904 2995 1030 3064 quia
1063 2997 1169 3052 scit
1203 2999 1609 3059 misericordem
1623 3005 1769 3076 judi-

175 3083 286 3124 cem
314 3073 437 3144 ejus
462 3090 656 3144 preces
683 3080 764 3136 sic
785 3085 931 3138 omni
969 3092 1214 3159 tempore
1241 3094 1518 3161 exaudire,
1557 3073 1763 3168 etquia

173 3157 454 3237 Scriptura
482 3174 737 3236 testante,
776 3173 952 3229 honor
988 3157 1296 3246 parentum,
1335 3157 1567 3252 primum
1609 3157 1736 3244 m-au

1893 1981 2119 2028 moueat
2146 1989 2279 2031 vos:
2307 1987 2367 2033 ut
2394 1980 2647 2039 habeatis
2671 1986 2791 2043 illos
2828 1991 3195 2055 abundantius
3224 2003 3279 2057 in

1892 2068 2039 2128 tate;
2090 2077 2315 2137 propter
2341 2086 2480 2140 opus
2524 2073 2745 2132 illorum
2782 2096 2972 2150 pacem
3018 2088 3213 2147 habete
3251 2109 3373 2152 cum
3402 2101 3484 2156 eis

1890 2149 1943 2221 (1
1976 2150 2128 2209 Thes.
2172 2160 2247 2227 ν).
2284 2178 2304 2211 ι
2332 2159 2401 2215 Ει
2447 2163 2515 2217 ad
2556 2149 2988 2227 Timotheum“
3022 2175 3123 2240 Qui
3165 2149 3483 2255 maga;

1888 2251 2037 2308 sunt,
2063 2244 2255 2315 inquit,
2284 2254 2602 2324 presbyteri,
2628 2258 2823 2328 duplici
2849 2264 3054 2324 honore
3077 2271 3222 2342 digiti
3249 2244 3482 2334 habean-

1888 2337 2011 2385 tur:
2043 2337 2276 2401 maxime
2296 2342 2385 2409 qui
2412 2342 2660 2403 laborant
2681 2349 2735 2404 iu
2759 2354 2923 2409 verbo
2942 2365 2997 2411 et
3016 2337 3259 2418 doctrina
3288 2385 3305 2413 ι
3348 2370 3475 2438 quia

1892 2444 1912 2476 ι
1947 2427 2144 2531 dignus
2171 2443 2256 2490 est
2283 2438 2564 2505 operarius
2588 2446 2836 2504 mercede
2861 2464 2958 2505 sua
2988 2452 3039 2522 (Ι
3081 2454 3214 2511 Tim.
3242 2458 3315 2531 v).
3338 2481 3359 2514 ι

1960 2537 1981 2568 ι
2020 2518 2233 2580 Honora
2264 2540 2477 2597 patrem
2508 2540 2655 2589 tuum
2674 2577 2687 2599 ,
2718 2549 2776 2592 ut
2805 2518 3153 2610 superventu
3180 2518 3288 2606 tibi,
3308 2553 3474 2609 bene-

1888 2627 1907 2660 ι
1937 2608 2103 2668 dictio
2125 2629 2154 2669 a
2183 2617 2316 2685 Deo,
2346 2630 2401 2675 et
2430 2622 2732 2683 benedictio
2763 2608 2909 2690 illius
2944 2635 2999 2689 in
3026 2640 3324 2698 novissimo
3350 2662 3467 2700 ma»

1887 2717 1906 2750 ι
1936 2709 2084 2757 neat.
2119 2724 2137 2757 ι
2163 2705 2351 2764 Honor
2390 2714 2564 2782 patris
2602 2717 2718 2773 sive
2759 2722 3051 2792 spiritalis,
3083 2730 3198 2785 sive
3234 2737 3475 2793 carnalis
3568 2774 3577 2781 -

1878 2790 2312 2856 benedictionem
2341 2818 2372 2857 a
2403 2805 2635 2863 Domino
2662 2790 3047 2882 promereturi
3093 2831 3153 2875 et
3180 2835 3304 2895 apte
3334 2829 3471 2884 diei-

1876 2891 1984 2949 tur,
2014 2890 2159 2958 quod
2184 2908 2204 2942 ι
2235 2892 2290 2947 in
2317 2896 2617 2954 novissimo
2645 2901 2951 2960 benedictio
2981 2909 3122 2967 iliius
3154 2890 3403 2985 maneat,
3436 2941 3457 2973 ι

1872 2976 2001 3048 quia
2027 2988 2233 3039 interna
2259 2988 2511 3045 mercede
2540 3005 3002 3064 recompensatur.

1872 3177 1895 3212 ι
1925 3161 2097 3219 dictio
2126 3176 2313 3222 autem
2344 3171 2540 3227 matris
2569 3176 2812 3233 eradicat
2846 3182 3213 3244 inuitamenta.
3239 3161 3268 3245 ἰ
3301 3191 3460 3251 Inve-

169 3236 363 3307 damm'
380 3263 473 3317 es,
500 3256 557 3317 in
590 3236 1007 3329 repmmiasioné
1032 3236 1359 3341 (Επάοέχς
1787 3236 1832 3299 C
1865 3249 2455 3358 uitiatur—patriarcha
2501 3264 2824 3358 quibusdam
2871 3236 3179 3334 filiisms'uis
3227 3236 3451 3341 ben-edi-

168 3340 440 3397 subditur.

236 3449 256 3482 ι
286 3431 353 3487 Et
376 3434 523 3491 sicut
551 3438 644 3508 qui
685 3440 1035 3512 thesaurizat,
1081 3448 1161 3502 ita
1203 3460 1260 3506 et
1295 3454 1386 3523 qui
1436 3456 1760 3516 bonorillcat

170 3540 188 3571 σ
221 3534 454 3583 matrem
484 3545 661 3585 suam.
700 3551 719 3584 ι
752 3533 898 3592 Bene
928 3539 1264 3598 tbesaurizat
1302 3545 1393 3616 qui
1436 3547 1755 3607 lionorilicat

163 3627 390 3673 matrem
419 3635 597 3687 suam,
629 3624 755 3693 quia
795 3638 895 3697 pro
938 3633 1182 3687 cutttodia
1222 3636 1605 3695 mandatorum.
1633 3642 1749 3710 Dei,

161 3707 248 3773 qui
291 3708 455 3776 jussit
493 3712 762 3773 honorare
802 3731 1076 3789 parentes,
1118 3727 1341 3795 priemia
1377 3738 1594 3788 aeternae
1628 3707 1753 3790 vitae

156 3802 437 3873 percipiet.

782 3923 1011 3984 CAPUT
1050 3928 1117 3984 Χ.

150 4025 506 4088 Honorando:
526 4040 1013 4177 parentesﬁarﬁliis,
1045 4052 1102 4126 ut
1141 4045 1428 4102 benedictio
1465 4062 1741 4119 parentum

836 4126 901 4164 ns
926 4124 1113 4177 prosit.

836 4126 901 4164 iis
926 4124 1113 4181 prosit.

216 4252 236 4283 ι
273 4233 379 4300 Qui
404 4237 641 4303 honorat
685 4249 894 4311 patrem
920 4244 1307 4314 jucundabitur
1336 4252 1389 4306 in
1432 4253 1574 4319 filiis,
1601 4265 1656 4311 et
1684 4257 1735 4311 in

143 4343 162 4374 ι
192 4326 284 4380 die
306 4329 576 4393 orationis
602 4336 1080 4393 suaecxaudietur.
1120 4358 1138 4389 ι
1166 4339 1332 4397 Filios
1356 4343 1444 4398 hic
1469 4345 1553 4399 vel
1578 4347 1736 4402 sobo-

137 4417 237 4473 lem
269 4420 569 4491 discipulos
611 4425 866 4495 appellat,
895 4429 947 4482 in
978 4445 1207 4499 quorum
1233 4435 1566 4492 nutrimento
1592 4453 1733 4509 saepe

129 4511 409 4579 gaudebit,
460 4515 552 4584 qui
596 4516 712 4572 suis
742 4520 1030 4591 magistris
1068 4523 1149 4579 vel
1194 4528 1528 4596 parentibus,
1571 4541 1728 4587 antea

1861 3342 2038 3407 xisse,
2065 3356 2125 3400 ut
2147 3346 2280 3408 Noe.
2308 3349 2437 3407 Sem
2498 3362 2554 3409 et
2575 3353 2768 3427 Japhet
2796 3360 2816 3433 (
2837 3359 2967 3417 Gen.
2998 3367 3125 3440 is);
3156 3376 3448 3440 posterita-

1864 3440 1975 3485 tem
1999 3446 2185 3493 autem
2200 3439 2370 3496 Citam
2398 3449 2743 3509 maledixisse
2775 3455 2989 3527 (ηεαδ.
3024 3439 3311 3521 Benedixit
3340 3484 3438 3521 au-

1870 3530 1979 3578 tem
2004 3527 2276 3587 Abraham
2312 3535 2462 3592 lsaac
2493 3541 2605 3596 ﬂiio
2639 3558 2761 3612 suo,
2799 3559 2851 3602 et
2884 3552 3039 3605 Isaac
3060 3553 3231 3610 Iacob
3264 3557 3432 3628 (Ibid.

1866 3630 1997 3711 xiv,
2031 3624 2244 3711 iam),
2275 3637 2331 3711 et
2380 3627 2553 3685 Jacob
2581 3635 2867 3692 duodecim
2921 3624 3282 3711 patrisrcliis'
3317 3650 3438 3705 sin—

1852 3701 2010 3770 gulas
2050 3704 2461 3766 benedictiones
2502 3712 2648 3768 dedit
2690 3714 2899 3785 (11:54.,
2921 3701 3051 3776 'mx
3073 3723 3113 3792 ).
3144 3724 3202 3779 ιιι
3241 3701 3440 3797 quibus

1848 3794 2100 3850 omnibus
2160 3797 2628 3860 benedictionibus
2687 3806 2777 3864 ille
2835 3794 3302 3883 prteﬁgurabatur,
3343 3824 3437 3891 qui

1848 3882 1916 3937 de
1959 3884 2398 3953 patriarcharum
2441 3892 2611 3961 stirpe
2638 3899 2935 3953 secundum
2964 3882 3183 3958 cmrnem
3213 3882 3435 3962 descen-

1849 3971 1957 4037 dit,
1989 3974 2239 4031 Cbristus
2268 3978 2455 4047 utique
2484 3979 2735 4039 Salvator
2760 3994 2962 4051 noster,
3005 3992 3097 4061 qui
3136 4001 3220 4049 est
3262 4012 3427 4067 super

1841 4064 2024 4118 omnia
2067 4065 2208 4122 Dens
2244 4068 2561 4128 benedictus
2591 4074 2644 4128 in
2673 4077 2891 4133 saecula.
2929 4079 3210 4147 Quomodo
3247 4064 3428 4145 autem

1840 4153 2151 4221 maledictio
2195 4168 2479 4227 parentum
2526 4175 2721 4220 noceat
2763 4167 2972 4234 soboli,
3022 4175 3332 4233 oswuditur
3373 4179 3452 4234 in.

1838 4247 2044 4303 semine
2069 4247 2261 4304 Citam.
2293 4251 2479 4333 Cujus
2489 4258 2779 4327 progenies
2804 4273 2834 4315 a
2864 4260 2989 4317 filiis
3021 4261 3182 4331 Scin,
3213 4267 3317 4338 hoe
3343 4280 3430 4326 est

1836 4336 1969 4397 ﬁliis
1992 4337 2177 4395 lstrael
2197 4381 2210 4405 ,
2242 4357 2271 4395 a
2302 4351 2443 4405 terra
2477 4330 2919 4416 repromissionis
2939 4330 3237 4425 exstirpata
3262 4335 3424 4429 atque

1835 4428 2011 4485 deleta
2041 4440 2146 4486 est.

1914 4537 1931 4568 ι
1964 4518 2040 4572 Ne
2069 4520 2325 4591 glorieris
2353 4523 2407 4577 in
2438 4527 2766 4583 contumelia
2792 4532 2965 4599 patris
2991 4535 3104 4600 tui,
3136 4552 3243 4593 non
3273 4542 3418 4596 enim

127 4617 318 4659 amem
368 4608 693 4664 obediemim
740 4589 1040 4671 ίηειέηθνίι.
1093 4589 1213 4672 δαί
1252 4620 1376 4688 quia
1431 4589 1725 4679 satiandum
1755 4589 1808 4648 Ῑ)
1840 4626 1859 4658 ι
1886 4618 1971 4663 est
2003 4589 2101 4665 tibi
2130 4611 2302 4682 gloria
2330 4612 2450 4682 ejus
2480 4617 2750 4675 confusio.
2781 4589 2967 4679 (Πενία
2994 4589 3419 4687 enim-hominis

124 4692 414 4752 historiam
446 4699 648 4769 ubique
677 4700 781 4758 hoc
805 4718 913 4758 non
935 4706 1134 4773 evenit,
1167 4718 1229 4762 ut
1253 4711 1610 4768 honoratores
1637 4729 1728 4784 pa-

124 4799 343 4842 rentum
375 4805 603 4849 suorum
632 4791 719 4846 vel
747 4795 1150 4865 magistrorum,
1180 4798 1323 4856 ﬁlios
1341 4803 1454 4858 sive
1486 4803 1724 4875 discipu-

120 4873 196 4931 los
221 4877 468 4933 babeant
492 4880 597 4936 sibi
631 4882 874 4938 devotos.
902 4883 1036 4942 Cum
1068 4903 1215 4958 saepe
1253 4890 1481 4964 legimus
1505 4873 1722 4952 saneto-

116 4982 233 5024 rum
282 4970 535 5026 virorum
566 4974 924 5045 degenerasse
964 4979 1221 5045 sobolem,
1253 4990 1309 5038 et
1345 4999 1376 5039 a
1407 4987 1599 5042 semita
1627 4988 1720 5044 de-

115 5057 293 5115 viasse
367 5062 656 5131 majorum.
723 5063 889 5121 Juxta
943 5070 1296 5143 tropologiam
1358 5076 1529 5146 magis
1585 5079 1720 5135 mihi

109 5148 331 5205 videtur
363 5153 659 5209 convenire
698 5157 841 5224 quod
878 5156 1098 5226 dicitur,
1128 5169 1185 5216 ut
1223 5162 1361 5220 ﬁlios
1387 5167 1720 5237 accipiamus

108 5237 356 5297 fructum
400 5242 669 5299 bonorum
713 5262 957 5317 operum.
987 5250 1089 5319 Qui
1123 5268 1253 5325 ergo
1280 5255 1540 5314 obediens
1578 5275 1718 5330 prie-
1758 5312 1761 5315 .

105 5334 281 5402 ceptis
335 5334 443 5388 Dei
490 5336 726 5392 bonorat
770 5350 1025 5408 parentes
1047 5343 1134 5399 vel
1167 5356 1524 5417 praeceptores
1563 5365 1713 5415 suos,

106 5421 151 5475 in
178 5424 651 5494 multiplicatione
677 5427 941 5486 bonorum
985 5442 1203 5489 actuum
1231 5434 1500 5493 laetabitur
1526 5439 1581 5495 in
1608 5440 1714 5496 tiae

99 5514 339 5583 dierum,
391 5525 452 5572 et
489 5520 632 5574 sicut
664 5520 808 5577 illius
844 5523 936 5592 qui
982 5527 1178 5583 avortit
1216 5544 1398 5594 aures,
1434 5546 1504 5586 ne
1531 5534 1717 5588 audiat

99 5604 291 5676 legem,
343 5609 536 5664 oratio
564 5611 670 5665 erit
692 5614 1064 5682 exsecrabilis,
1106 5617 1176 5672 ita
1213 5618 1377 5686 huius
1401 5621 1493 5690 qui
1526 5623 1714 5677 otezlit

98 5704 401 5774 prs:ch
444 5703 562 5764 Dei.
614 5705 878 5777 dirigetur
925 5711 1101 5766 oratio
1143 5712 1282 5768 sicut
1319 5713 1601 5771 incensum
1654 5718 1739 5773 in.

97 5802 406 5864 conspectu
438 5793 724 5848 Altissimi.

436 5885 714 5949 Parnon.
761 5890 833 5951 Ci
842 5894 920 5957 Χ.

1839 4716 1858 4747 ι
1886 4713 1951 4752 ex
1998 4700 2206 4756 honore
2246 4705 2417 4774 patris
2460 4706 2579 4774 sui,
2619 4716 2674 4764 et
2713 4709 2950 4769 dedecus
2979 4713 3073 4771 ﬁlii
3117 4726 3272 4786 pater
3299 4721 3419 4778 sine

1836 4807 1854 4837 ι
1888 4789 2113 4845 honore.
2145 4811 2164 4843 ›
2192 4791 2346 4859 Quod
2376 4805 2558 4852 autem
2586 4802 2915 4858 contumelia
2953 4808 3126 4874 patris
3167 4810 3255 4864 vel
3294 4828 3415 4867 ma-

1829 4879 1984 4949 gistri
2007 4882 2118 4937 Deo
2143 4882 2452 4953 displiceat,
2476 4889 2661 4945 multis
2683 4894 2946 4962 probatur
2965 4899 3251 4970 exemplis.
3276 4901 3412 4959 Nam

1827 4973 2087 5026 nudatum
2118 4981 2328 5043 patrem
2359 4991 2517 5033 suum
2545 4978 2717 5039 Cham
2769 4984 2963 5053 irrisit,
2996 4999 3051 5044 et
3091 4993 3411 5050 servitutem

1822 5071 2137 5131 perpetuam
2164 5080 2350 5122 semen
2380 5067 2498 5136 ejus
2522 5070 2645 5127 inde
2669 5075 2948 5132 sustinuit.
2974 5077 3210 5138 Absalon
3239 5083 3410 5140 Davizl

1823 5153 1890 5208 de
1915 5154 2042 5209 sede
2073 5156 2224 5227 regni
2255 5158 2340 5213 sui
2369 5160 2605 5229 expulit,
2647 5166 3086 5239 conetibinasque
3128 5171 3251 5240 ejus
3288 5181 3409 5229 stuc

1820 5242 2033 5311 pravit;
2065 5246 2161 5300 sed
2191 5254 2368 5302 morte
2392 5249 2692 5322 condignas
2716 5267 2910 5323 pinnas
2939 5256 3056 5311 luit.
3090 5257 3185 5315 Sic
3207 5268 3262 5317 et
3293 5261 3400 5315 Eli~

1821 5333 1914 5388 sici
1961 5336 2237 5404 propheta:
2275 5338 2554 5397 calvitium
2595 5344 2750 5412 pueri
2779 5344 2970 5402 Bethel
2997 5349 3319 5414 irriserunt,
3352 5361 3408 5422 et

1818 5424 2159 5495 egredientes
2186 5429 2292 5486 duo
2320 5431 2434 5487 ursi
2464 5433 2531 5488 de
2558 5434 2702 5491 saltu
2728 5437 3084 5511 quadraginta
3113 5442 3249 5496 duos
3275 5458 3406 5511 pue-

1822 5531 1917 5571 ros
1964 5532 2035 5572 ex
2081 5519 2163 5574 eis
2210 5520 2632 5597 laceraverunt:
2683 5528 2837 5597 cujus
2885 5529 3126 5601 mysterii
3169 5529 3309 5584 ratio
3350 5529 3404 5584 ia

1823 5612 2025 5669 Christi
2057 5616 2309 5683 passione
2339 5619 2609 5688 completa
2649 5629 2765 5684 est,
2807 5636 2969 5691 quem
3008 5620 3231 5692 puerilis
3270 5621 3406 5677 stul-

1814 5700 1933 5754 titia
1964 5699 2272 5759 Iudaeorum
2305 5707 2361 5760 in
2390 5705 2654 5764 Calvariie
2683 5708 2804 5765 loco
2844 5711 3166 5788 cruciﬁxum
3207 5711 3399 5768 irrisit.

1789 5782 1919 5847 'Sed
1953 5795 2370 5865 quadragesimo
2398 5799 2637 5854 secundo
2678 5816 2821 5856 anno
2861 5785 2985 5872 post
3027 5804 3398 5862 ascensionem

2882 5917 2962 5995 εδ
