  <div class='ocr_page' id='page_1' title='image "/cluster/home/n/w/nwhite01/storage/ocr_20150623/109/hvd.32044054759741/395.png"; bbox 0 0 3928 6182; ppageno 0'>
   <div class='ocr_carea' id='block_1_1' title="bbox 415 337 518 394">
    <p class='ocr_par' dir='ltr' id='par_1_1' title="bbox 415 337 518 394">
     <span class='ocr_line' id='line_1_1' title="bbox 415 337 518 394; baseline -0.019 -1"><span class='ocrx_word' id='word_1_1' title='bbox 415 337 518 394; x_wconf 78' lang='lat'><strong>779</strong></span> 
     </span>
    </p>
   </div>
   <div class='ocr_carea' id='block_1_2' title="bbox 1062 313 3014 384">
    <p class='ocr_par' dir='ltr' id='par_1_2' title="bbox 1062 313 3014 384">
     <span class='ocr_line' id='line_1_2' title="bbox 1062 313 3014 384; baseline -0.008 1"><span class='ocrx_word' id='word_1_2' title='bbox 1062 330 1121 384; x_wconf 89' lang='grc' dir='ltr'><strong>Β.</strong></span> <span class='ocrx_word' id='word_1_3' title='bbox 1165 325 1417 384; x_wconf 76' lang='lat' dir='ltr'><strong>HABANI</strong></span> <span class='ocrx_word' id='word_1_4' title='bbox 1459 323 1677 380; x_wconf 79' lang='lat' dir='ltr'><strong>MAURI</strong></span> <span class='ocrx_word' id='word_1_5' title='bbox 1719 322 2036 378; x_wconf 80' lang='lat' dir='ltr'><strong>ARCHIEP.</strong></span> <span class='ocrx_word' id='word_1_6' title='bbox 2081 320 2392 378; x_wconf 75' lang='lat' dir='ltr'><strong>MOGUNT.</strong></span> <span class='ocrx_word' id='word_1_7' title='bbox 2433 317 2720 375; x_wconf 76' lang='lat' dir='ltr'><strong>Ol&#39;ERUM</strong></span> <span class='ocrx_word' id='word_1_8' title='bbox 2761 317 2942 372; x_wconf 79' lang='lat' dir='ltr'><strong>PARS</strong></span> <span class='ocrx_word' id='word_1_9' title='bbox 2965 313 3014 370; x_wconf 56' lang='lat'><strong>1:</strong></span> 
     </span>
    </p>
   </div>
   <div class='ocr_carea' id='block_1_3' title="bbox 3589 315 3694 375">
    <p class='ocr_par' dir='ltr' id='par_1_3' title="bbox 3589 315 3694 375">
     <span class='ocr_line' id='line_1_3' title="bbox 3589 315 3694 375; baseline 0.038 -4"><span class='ocrx_word' id='word_1_10' title='bbox 3589 315 3694 375; x_wconf 82' lang='lat'><strong>780</strong></span> 
     </span>
    </p>
   </div>
   <div class='ocr_carea' id='block_1_4' title="bbox 415 431 3694 517">
    <p class='ocr_par' dir='ltr' id='par_1_4' title="bbox 415 431 3694 517">
     <span class='ocr_line' id='line_1_4' title="bbox 415 431 3694 517; baseline -0.007 -13"><span class='ocrx_word' id='word_1_11' title='bbox 415 446 535 517; x_wconf 87' lang='lat' dir='ltr'><strong>ejus</strong></span> <span class='ocrx_word' id='word_1_12' title='bbox 580 447 648 500; x_wconf 91' lang='lat' dir='ltr'><strong>ad</strong></span> <span class='ocrx_word' id='word_1_13' title='bbox 689 442 888 508; x_wconf 68' lang='lat' dir='ltr'><strong>caelos,</strong></span> <span class='ocrx_word' id='word_1_14' title='bbox 934 441 1039 496; x_wconf 91' lang='lat' dir='ltr'><strong>duo</strong></span> <span class='ocrx_word' id='word_1_15' title='bbox 1084 439 1230 504; x_wconf 90' lang='lat' dir='ltr'><strong>ursi,</strong></span> <span class='ocrx_word' id='word_1_16' title='bbox 1275 440 1377 494; x_wconf 89' lang='lat' dir='ltr'><strong>hoc</strong></span> <span class='ocrx_word' id='word_1_17' title='bbox 1415 445 1498 492; x_wconf 90' lang='lat' dir='ltr'><strong>est</strong></span> <span class='ocrx_word' id='word_1_18' title='bbox 1539 435 1906 506; x_wconf 79' lang='lat' dir='ltr'><strong>Vespasianus</strong></span> <span class='ocrx_word' id='word_1_19' title='bbox 1948 441 2002 488; x_wconf 92' lang='lat' dir='ltr'><strong>et</strong></span> <span class='ocrx_word' id='word_1_20' title='bbox 2032 442 2078 500; x_wconf 81' lang='grc' dir='ltr'><strong>Α</strong></span> <span class='ocrx_word' id='word_1_21' title='bbox 2107 442 2160 488; x_wconf 92' lang='lat' dir='ltr'><strong>et</strong></span> <span class='ocrx_word' id='word_1_22' title='bbox 2189 449 2314 488; x_wconf 90' lang='lat' dir='ltr'><strong>ecce</strong></span> <span class='ocrx_word' id='word_1_23' title='bbox 2344 431 2525 486; x_wconf 83' lang='lat' dir='ltr'><strong>omnia</strong></span> <span class='ocrx_word' id='word_1_24' title='bbox 2559 432 2758 485; x_wconf 91' lang='lat' dir='ltr'><strong>munda</strong></span> <span class='ocrx_word' id='word_1_25' title='bbox 2791 439 2918 485; x_wconf 91' lang='lat' dir='ltr'><strong>sunt</strong></span> <span class='ocrx_word' id='word_1_26' title='bbox 2947 431 3098 485; x_wconf 87' lang='lat' dir='ltr'><strong>vobis</strong></span> <span class='ocrx_word' id='word_1_27' title='bbox 3129 433 3147 500; x_wconf 93' lang='lat'><strong>(</strong></span> <span class='ocrx_word' id='word_1_28' title='bbox 3173 433 3297 485; x_wconf 78' lang='lat' dir='ltr'><strong>Luc.</strong></span> <span class='ocrx_word' id='word_1_29' title='bbox 3333 449 3386 486; x_wconf 81' lang='lat' dir='ltr'><strong>xi</strong></span> <span class='ocrx_word' id='word_1_30' title='bbox 3410 432 3451 502; x_wconf 93' lang='lat'><strong>).</strong></span> <span class='ocrx_word' id='word_1_31' title='bbox 3489 453 3508 488; x_wconf 77' lang='grc' dir='ltr'><strong><em>ι</em></strong></span> <span class='ocrx_word' id='word_1_32' title='bbox 3542 432 3694 490; x_wconf 74' lang='lat' dir='ltr'><strong>Unde</strong></span> 
     </span>
    </p>
   </div>
   <div class='ocr_carea' id='block_1_5' title="bbox 419 527 1998 605">
    <p class='ocr_par' dir='ltr' id='par_1_5' title="bbox 419 527 1998 605">
     <span class='ocr_line' id='line_1_5' title="bbox 419 527 1998 605; baseline -0.008 -11"><span class='ocrx_word' id='word_1_33' title='bbox 419 541 607 605; x_wconf 86' lang='lat' dir='ltr'><strong>Titus,</strong></span> <span class='ocrx_word' id='word_1_34' title='bbox 651 537 719 592; x_wconf 89' lang='lat' dir='ltr'><strong>de</strong></span> <span class='ocrx_word' id='word_1_35' title='bbox 759 535 898 590; x_wconf 91' lang='lat' dir='ltr'><strong>saltu</strong></span> <span class='ocrx_word' id='word_1_36' title='bbox 943 531 1184 604; x_wconf 83' lang='lat' dir='ltr'><strong>gentium</strong></span> <span class='ocrx_word' id='word_1_37' title='bbox 1230 531 1467 601; x_wconf 79' lang='lat' dir='ltr'><strong>egressi,</strong></span> <span class='ocrx_word' id='word_1_38' title='bbox 1517 529 1768 585; x_wconf 88' lang='lat' dir='ltr'><strong>illusores</strong></span> <span class='ocrx_word' id='word_1_39' title='bbox 1812 527 1998 582; x_wconf 83' lang='lat' dir='ltr'><strong>sawis-</strong></span> 
     </span>
    </p>
   </div>
   <div class='ocr_carea' id='block_1_6' title="bbox 419 627 948 686">
    <p class='ocr_par' dir='ltr' id='par_1_6' title="bbox 419 627 948 686">
     <span class='ocr_line' id='line_1_6' title="bbox 419 627 948 686; baseline -0.017 0"><span class='ocrx_word' id='word_1_40' title='bbox 419 631 556 686; x_wconf 84' lang='lat' dir='ltr'><strong>sime</strong></span> <span class='ocrx_word' id='word_1_41' title='bbox 585 627 948 682; x_wconf 81' lang='lat' dir='ltr'><strong>laniaverant.</strong></span> 
     </span>
    </p>
   </div>
   <div class='ocr_carea' id='block_1_7' title="bbox 1027 758 1383 818">
    <p class='ocr_par' dir='ltr' id='par_1_7' title="bbox 1027 758 1383 818">
     <span class='ocr_line' id='line_1_7' title="bbox 1027 758 1383 818; baseline -0.02 1"><span class='ocrx_word' id='word_1_42' title='bbox 1027 758 1252 818; x_wconf 79' lang='lat' dir='ltr'><strong>CAPUT</strong></span> <span class='ocrx_word' id='word_1_43' title='bbox 1293 758 1383 814; x_wconf 78' lang='lat' dir='ltr'><strong>XI.</strong></span> 
     </span>
    </p>
   </div>
   <div class='ocr_carea' id='block_1_8' title="bbox 614 867 1809 946">
    <p class='ocr_par' dir='ltr' id='par_1_8' title="bbox 614 867 1809 946">
     <span class='ocr_line' id='line_1_8' title="bbox 614 867 1809 946; baseline -0.014 -10"><span class='ocrx_word' id='word_1_44' title='bbox 614 877 834 936; x_wconf 83' lang='lat' dir='ltr'><strong>Senecta</strong></span> <span class='ocrx_word' id='word_1_45' title='bbox 871 874 1039 946; x_wconf 79' lang='lat' dir='ltr'><strong>patris</strong></span> <span class='ocrx_word' id='word_1_46' title='bbox 1076 869 1416 943; x_wconf 83' lang='lat' dir='ltr'><strong>gubernanda</strong></span> <span class='ocrx_word' id='word_1_47' title='bbox 1453 887 1485 922; x_wconf 92' lang='lat' dir='ltr'><strong>a</strong></span> <span class='ocrx_word' id='word_1_48' title='bbox 1518 867 1645 937; x_wconf 77' lang='lat' dir='ltr'><strong>ﬁliis</strong></span> <span class='ocrx_word' id='word_1_49' title='bbox 1679 867 1809 920; x_wconf 77' lang='lat' dir='ltr'><strong>suis.</strong></span> 
     </span>
    </p>
   </div>
   <div class='ocr_carea' id='block_1_9' title="bbox 495 976 2004 1057">
    <p class='ocr_par' dir='ltr' id='par_1_9' title="bbox 495 976 2004 1057">
     <span class='ocr_line' id='line_1_9' title="bbox 495 976 2004 1057; baseline -0.009 -15"><span class='ocrx_word' id='word_1_50' title='bbox 495 1011 514 1042; x_wconf 70' lang='grc' dir='ltr'>ι</span> <span class='ocrx_word' id='word_1_51' title='bbox 541 989 681 1056; x_wconf 88' lang='lat' dir='ltr'><strong>Fili,</strong></span> <span class='ocrx_word' id='word_1_52' title='bbox 733 988 950 1057; x_wconf 86' lang='lat' dir='ltr'><strong>suscipe</strong></span> <span class='ocrx_word' id='word_1_53' title='bbox 979 991 1254 1040; x_wconf 72' lang='lat' dir='ltr'><strong>senectam</strong></span> <span class='ocrx_word' id='word_1_54' title='bbox 1283 980 1455 1050; x_wconf 90' lang='lat' dir='ltr'><strong>patris</strong></span> <span class='ocrx_word' id='word_1_55' title='bbox 1483 979 1594 1044; x_wconf 91' lang='lat' dir='ltr'><strong>tui,</strong></span> <span class='ocrx_word' id='word_1_56' title='bbox 1625 987 1681 1032; x_wconf 93' lang='lat' dir='ltr'><strong>et</strong></span> <span class='ocrx_word' id='word_1_57' title='bbox 1707 992 1778 1031; x_wconf 91' lang='lat' dir='ltr'><strong>ne</strong></span> <span class='ocrx_word' id='word_1_58' title='bbox 1805 976 2004 1052; x_wconf 86' lang='lat' dir='ltr'><strong>contri-</strong></span> 
     </span>
    </p>
   </div>
   <div class='ocr_carea' id='block_1_10' title="bbox 425 1068 2003 1136">
    <p class='ocr_par' dir='ltr' id='par_1_10' title="bbox 425 1068 2003 1136">
     <span class='ocr_line' id='line_1_10' title="bbox 425 1068 2003 1136; baseline -0.009 -4"><span class='ocrx_word' id='word_1_59' title='bbox 425 1100 446 1132; x_wconf 67' lang='grc' dir='ltr'><em>ς</em></span> <span class='ocrx_word' id='word_1_60' title='bbox 475 1089 588 1135; x_wconf 88' lang='lat' dir='ltr'><strong>stes</strong></span> <span class='ocrx_word' id='word_1_61' title='bbox 611 1094 736 1134; x_wconf 91' lang='lat' dir='ltr'><strong>eum</strong></span> <span class='ocrx_word' id='word_1_62' title='bbox 765 1077 821 1130; x_wconf 92' lang='lat' dir='ltr'><strong>in</strong></span> <span class='ocrx_word' id='word_1_63' title='bbox 853 1075 962 1129; x_wconf 88' lang='lat' dir='ltr'><strong>vita</strong></span> <span class='ocrx_word' id='word_1_64' title='bbox 998 1073 1141 1127; x_wconf 92' lang='lat' dir='ltr'><strong>illius</strong></span> <span class='ocrx_word' id='word_1_65' title='bbox 1171 1089 1185 1136; x_wconf 88' lang='lat'><strong>;</strong></span> <span class='ocrx_word' id='word_1_66' title='bbox 1219 1079 1273 1125; x_wconf 89' lang='lat' dir='ltr'><strong>et</strong></span> <span class='ocrx_word' id='word_1_67' title='bbox 1301 1071 1347 1126; x_wconf 90' lang='lat' dir='ltr'><strong>si</strong></span> <span class='ocrx_word' id='word_1_68' title='bbox 1379 1068 1642 1124; x_wconf 75' lang='lat' dir='ltr'><strong>defecerit</strong></span> <span class='ocrx_word' id='word_1_69' title='bbox 1682 1081 1876 1131; x_wconf 89' lang='lat' dir='ltr'><strong>sensu,</strong></span> <span class='ocrx_word' id='word_1_70' title='bbox 1909 1082 2003 1119; x_wconf 80' lang='lat' dir='ltr'><strong>ve-</strong></span> 
     </span>
    </p>
   </div>
   <div class='ocr_carea' id='block_1_11' title="bbox 428 1155 2008 1235">
    <p class='ocr_par' dir='ltr' id='par_1_11' title="bbox 428 1155 2008 1235">
     <span class='ocr_line' id='line_1_11' title="bbox 428 1155 2008 1235; baseline -0.009 -12"><span class='ocrx_word' id='word_1_71' title='bbox 428 1191 446 1223; x_wconf 85' lang='grc'><em>‹</em></span> <span class='ocrx_word' id='word_1_72' title='bbox 475 1171 622 1226; x_wconf 91' lang='lat' dir='ltr'><strong>niam</strong></span> <span class='ocrx_word' id='word_1_73' title='bbox 651 1169 721 1224; x_wconf 89' lang='lat' dir='ltr'><strong>da</strong></span> <span class='ocrx_word' id='word_1_74' title='bbox 742 1209 757 1235; x_wconf 97' lang='lat'><strong>,</strong></span> <span class='ocrx_word' id='word_1_75' title='bbox 785 1175 841 1222; x_wconf 89' lang='lat' dir='ltr'><strong>et</strong></span> <span class='ocrx_word' id='word_1_76' title='bbox 867 1181 937 1221; x_wconf 90' lang='lat' dir='ltr'><strong>ne</strong></span> <span class='ocrx_word' id='word_1_77' title='bbox 965 1177 1192 1235; x_wconf 83' lang='lat' dir='ltr'><strong>spernas</strong></span> <span class='ocrx_word' id='word_1_78' title='bbox 1215 1176 1336 1216; x_wconf 91' lang='lat' dir='ltr'><strong>eum</strong></span> <span class='ocrx_word' id='word_1_79' title='bbox 1367 1159 1422 1214; x_wconf 93' lang='lat' dir='ltr'><strong>in</strong></span> <span class='ocrx_word' id='word_1_80' title='bbox 1445 1159 1647 1213; x_wconf 89' lang='lat' dir='ltr'><strong>virtute</strong></span> <span class='ocrx_word' id='word_1_81' title='bbox 1675 1166 1786 1211; x_wconf 89' lang='lat' dir='ltr'><strong>tua.</strong></span> <span class='ocrx_word' id='word_1_82' title='bbox 1819 1175 1836 1207; x_wconf 84' lang='grc'><strong>›</strong></span> <span class='ocrx_word' id='word_1_83' title='bbox 1864 1155 2008 1210; x_wconf 88' lang='lat' dir='ltr'><strong>Bene</strong></span> 
     </span>
    </p>
   </div>
   <div class='ocr_carea' id='block_1_12' title="bbox 423 1252 2008 1330">
    <p class='ocr_par' dir='ltr' id='par_1_12' title="bbox 423 1252 2008 1330">
     <span class='ocr_line' id='line_1_12' title="bbox 423 1252 2008 1330; baseline -0.012 -8"><span class='ocrx_word' id='word_1_84' title='bbox 423 1266 704 1330; x_wconf 81' lang='lat' dir='ltr'><strong>convenit,</strong></span> <span class='ocrx_word' id='word_1_85' title='bbox 755 1271 816 1318; x_wconf 91' lang='lat' dir='ltr'><strong>ut</strong></span> <span class='ocrx_word' id='word_1_86' title='bbox 865 1261 960 1316; x_wconf 79' lang='lat' dir='ltr'><strong>lilii</strong></span> <span class='ocrx_word' id='word_1_87' title='bbox 1010 1268 1176 1328; x_wconf 90' lang='lat' dir='ltr'><strong>atque</strong></span> <span class='ocrx_word' id='word_1_88' title='bbox 1213 1254 1460 1325; x_wconf 85' lang='lat' dir='ltr'><strong>discipuli</strong></span> <span class='ocrx_word' id='word_1_89' title='bbox 1505 1252 1805 1306; x_wconf 83' lang='lat' dir='ltr'><strong>honoribus</strong></span> <span class='ocrx_word' id='word_1_90' title='bbox 1847 1258 2008 1317; x_wconf 89' lang='lat' dir='ltr'><strong>atque</strong></span> 
     </span>
    </p>
   </div>
   <div class='ocr_carea' id='block_1_13' title="bbox 425 1340 2007 1420">
    <p class='ocr_par' dir='ltr' id='par_1_13' title="bbox 425 1340 2007 1420">
     <span class='ocr_line' id='line_1_13' title="bbox 425 1340 2007 1420; baseline -0.013 -9"><span class='ocrx_word' id='word_1_91' title='bbox 425 1357 632 1412; x_wconf 91' lang='lat' dir='ltr'><strong>solatiis</strong></span> <span class='ocrx_word' id='word_1_92' title='bbox 700 1353 916 1410; x_wconf 86' lang='lat' dir='ltr'><strong>foveant</strong></span> <span class='ocrx_word' id='word_1_93' title='bbox 955 1356 1213 1420; x_wconf 86' lang='lat' dir='ltr'><strong>parentes</strong></span> <span class='ocrx_word' id='word_1_94' title='bbox 1255 1354 1310 1402; x_wconf 88' lang='lat' dir='ltr'><strong>et</strong></span> <span class='ocrx_word' id='word_1_95' title='bbox 1351 1345 1646 1400; x_wconf 82' lang='lat' dir='ltr'><strong>nutritores</strong></span> <span class='ocrx_word' id='word_1_96' title='bbox 1689 1355 1848 1405; x_wconf 90' lang='lat' dir='ltr'><strong>suos,</strong></span> <span class='ocrx_word' id='word_1_97' title='bbox 1881 1340 2007 1408; x_wconf 90' lang='lat' dir='ltr'><strong>quia</strong></span> 
     </span>
    </p>
   </div>
   <div class='ocr_carea' id='block_1_14' title="bbox 424 1431 2010 1508">
    <p class='ocr_par' dir='ltr' id='par_1_14' title="bbox 424 1431 2010 1508">
     <span class='ocr_line' id='line_1_14' title="bbox 424 1431 2010 1508; baseline -0.013 -5"><span class='ocrx_word' id='word_1_98' title='bbox 424 1447 711 1503; x_wconf 90' lang='lat' dir='ltr'><strong>eharitatis</strong></span> <span class='ocrx_word' id='word_1_99' title='bbox 737 1442 962 1499; x_wconf 61' lang='lat' dir='ltr'><strong>allectus</strong></span> <span class='ocrx_word' id='word_1_100' title='bbox 992 1442 1164 1508; x_wconf 81' lang='lat' dir='ltr'><strong>magis</strong></span> <span class='ocrx_word' id='word_1_101' title='bbox 1189 1439 1244 1492; x_wconf 87' lang='lat' dir='ltr'><strong>in</strong></span> <span class='ocrx_word' id='word_1_102' title='bbox 1273 1438 1375 1492; x_wconf 93' lang='lat' dir='ltr'><strong>hoc</strong></span> <span class='ocrx_word' id='word_1_103' title='bbox 1406 1444 1654 1505; x_wconf 81' lang='lat' dir='ltr'><strong>augetur.</strong></span> <span class='ocrx_word' id='word_1_104' title='bbox 1689 1432 1841 1488; x_wconf 87' lang='lat' dir='ltr'><strong>Unde</strong></span> <span class='ocrx_word' id='word_1_105' title='bbox 1868 1431 2010 1485; x_wconf 84' lang='lat' dir='ltr'><strong>Pau-</strong></span> 
     </span>
    </p>
   </div>
   <div class='ocr_carea' id='block_1_15' title="bbox 426 1523 2008 1609">
    <p class='ocr_par' dir='ltr' id='par_1_15' title="bbox 426 1523 2008 1609">
     <span class='ocr_line' id='line_1_15' title="bbox 426 1523 2008 1609; baseline -0.013 -14"><span class='ocrx_word' id='word_1_106' title='bbox 426 1541 511 1594; x_wconf 87' lang='lat' dir='ltr'><strong>lus</strong></span> <span class='ocrx_word' id='word_1_107' title='bbox 540 1537 797 1609; x_wconf 74' lang='lat' dir='ltr'><strong>praecepit</strong></span> <span class='ocrx_word' id='word_1_108' title='bbox 823 1533 1002 1588; x_wconf 86' lang='lat' dir='ltr'><strong>viduis</strong></span> <span class='ocrx_word' id='word_1_109' title='bbox 1031 1543 1220 1586; x_wconf 89' lang='lat' dir='ltr'><strong>mutua</strong></span> <span class='ocrx_word' id='word_1_110' title='bbox 1250 1529 1480 1584; x_wconf 84' lang='lat' dir='ltr'><strong>invicem</strong></span> <span class='ocrx_word' id='word_1_111' title='bbox 1512 1526 1741 1582; x_wconf 87' lang='lat' dir='ltr'><strong>reddere</strong></span> <span class='ocrx_word' id='word_1_112' title='bbox 1770 1523 2008 1594; x_wconf 84' lang='lat' dir='ltr'><strong>parenti-</strong></span> 
     </span>
    </p>
   </div>
   <div class='ocr_carea' id='block_1_16' title="bbox 426 1615 2013 1696">
    <p class='ocr_par' dir='ltr' id='par_1_16' title="bbox 426 1615 2013 1696">
     <span class='ocr_line' id='line_1_16' title="bbox 426 1615 2013 1696; baseline -0.01 -12"><span class='ocrx_word' id='word_1_113' title='bbox 426 1630 528 1684; x_wconf 86' lang='lat' dir='ltr'><strong>bus</strong></span> <span class='ocrx_word' id='word_1_114' title='bbox 549 1668 564 1694; x_wconf 94' lang='lat'><strong>,</strong></span> <span class='ocrx_word' id='word_1_115' title='bbox 593 1625 721 1696; x_wconf 89' lang='lat' dir='ltr'><strong>quia</strong></span> <span class='ocrx_word' id='word_1_116' title='bbox 747 1627 850 1680; x_wconf 93' lang='lat' dir='ltr'><strong>hoc</strong></span> <span class='ocrx_word' id='word_1_117' title='bbox 881 1631 1161 1693; x_wconf 90' lang='lat' dir='ltr'><strong>acceptum</strong></span> <span class='ocrx_word' id='word_1_118' title='bbox 1189 1629 1274 1676; x_wconf 89' lang='lat' dir='ltr'><strong>est</strong></span> <span class='ocrx_word' id='word_1_119' title='bbox 1303 1634 1486 1675; x_wconf 89' lang='lat' dir='ltr'><strong>coram</strong></span> <span class='ocrx_word' id='word_1_120' title='bbox 1520 1617 1767 1670; x_wconf 84' lang='lat' dir='ltr'><strong>Domino.</strong></span> <span class='ocrx_word' id='word_1_121' title='bbox 1797 1615 1932 1669; x_wconf 89' lang='lat' dir='ltr'><strong>Hinc</strong></span> <span class='ocrx_word' id='word_1_122' title='bbox 1957 1623 2013 1669; x_wconf 92' lang='lat' dir='ltr'><strong>et</strong></span> 
     </span>
    </p>
   </div>
   <div class='ocr_carea' id='block_1_17' title="bbox 428 1705 2011 1788">
    <p class='ocr_par' dir='ltr' id='par_1_17' title="bbox 428 1705 2011 1788">
     <span class='ocr_line' id='line_1_17' title="bbox 428 1705 2011 1788; baseline -0.009 -15"><span class='ocrx_word' id='word_1_123' title='bbox 428 1719 544 1788; x_wconf 87' lang='lat' dir='ltr'><strong>ipse</strong></span> <span class='ocrx_word' id='word_1_124' title='bbox 583 1716 846 1772; x_wconf 88' lang='lat' dir='ltr'><strong>Dominus</strong></span> <span class='ocrx_word' id='word_1_125' title='bbox 889 1714 945 1768; x_wconf 90' lang='lat' dir='ltr'><strong>in</strong></span> <span class='ocrx_word' id='word_1_126' title='bbox 991 1711 1288 1782; x_wconf 86' lang='lat' dir='ltr'><strong>Evangelio</strong></span> <span class='ocrx_word' id='word_1_127' title='bbox 1328 1706 1677 1778; x_wconf 87' lang='lat' dir='ltr'><strong>reprehendit</strong></span> <span class='ocrx_word' id='word_1_128' title='bbox 1706 1705 1928 1760; x_wconf 90' lang='lat' dir='ltr'><strong>Scribas</strong></span> <span class='ocrx_word' id='word_1_129' title='bbox 1954 1712 2011 1758; x_wconf 89' lang='lat' dir='ltr'><strong>et</strong></span> 
     </span>
    </p>
   </div>
   <div class='ocr_carea' id='block_1_18' title="bbox 428 1788 2085 1877">
    <p class='ocr_par' dir='ltr' id='par_1_18' title="bbox 428 1788 2085 1877">
     <span class='ocr_line' id='line_1_18' title="bbox 428 1788 2085 1877; baseline -0.012 -11"><span class='ocrx_word' id='word_1_130' title='bbox 428 1810 766 1873; x_wconf 64' lang='lat' dir='ltr'><strong>Pharisaeos,</strong></span> <span class='ocrx_word' id='word_1_131' title='bbox 813 1805 957 1877; x_wconf 89' lang='lat' dir='ltr'><strong>quod</strong></span> <span class='ocrx_word' id='word_1_132' title='bbox 993 1801 1372 1859; x_wconf 88' lang='lat' dir='ltr'><strong>traditionibus</strong></span> <span class='ocrx_word' id='word_1_133' title='bbox 1398 1799 1512 1854; x_wconf 92' lang='lat' dir='ltr'><strong>suis</strong></span> <span class='ocrx_word' id='word_1_134' title='bbox 1539 1797 1674 1867; x_wconf 90' lang='lat' dir='ltr'><strong>legis</strong></span> <span class='ocrx_word' id='word_1_135' title='bbox 1701 1795 1796 1850; x_wconf 87' lang='lat' dir='ltr'><strong>Dei</strong></span> <span class='ocrx_word' id='word_1_136' title='bbox 1830 1795 2008 1850; x_wconf 88' lang='lat' dir='ltr'><strong>since-</strong></span> <span class='ocrx_word' id='word_1_137' title='bbox 2043 1788 2085 1846; x_wconf 89' lang='grc' dir='ltr'><strong><em>Β</em></strong></span> 
     </span>
    </p>
   </div>
   <div class='ocr_carea' id='block_1_19' title="bbox 430 1885 2011 1966">
    <p class='ocr_par' dir='ltr' id='par_1_19' title="bbox 430 1885 2011 1966">
     <span class='ocr_line' id='line_1_19' title="bbox 430 1885 2011 1966; baseline -0.009 -11"><span class='ocrx_word' id='word_1_138' title='bbox 430 1901 646 1956; x_wconf 85' lang='lat' dir='ltr'><strong>ritatem</strong></span> <span class='ocrx_word' id='word_1_139' title='bbox 667 1901 1099 1966; x_wconf 86' lang='lat' dir='ltr'><strong>corrumperent,</strong></span> <span class='ocrx_word' id='word_1_140' title='bbox 1121 1892 1308 1948; x_wconf 86' lang='lat' dir='ltr'><strong>dicens</strong></span> <span class='ocrx_word' id='word_1_141' title='bbox 1335 1889 1403 1944; x_wconf 90' lang='lat' dir='ltr'><strong>ad</strong></span> <span class='ocrx_word' id='word_1_142' title='bbox 1431 1903 1524 1943; x_wconf 90' lang='lat' dir='ltr'><strong>eos</strong></span> <span class='ocrx_word' id='word_1_143' title='bbox 1551 1903 1566 1941; x_wconf 88' lang='lat'><strong>:</strong></span> <span class='ocrx_word' id='word_1_144' title='bbox 1595 1904 1614 1938; x_wconf 73' lang='grc' dir='ltr'><strong><em>ι</em></strong></span> <span class='ocrx_word' id='word_1_145' title='bbox 1643 1885 1822 1953; x_wconf 85' lang='lat' dir='ltr'><strong>Quare</strong></span> <span class='ocrx_word' id='word_1_146' title='bbox 1840 1892 1898 1939; x_wconf 91' lang='lat' dir='ltr'><strong>et</strong></span> <span class='ocrx_word' id='word_1_147' title='bbox 1913 1899 2011 1940; x_wconf 88' lang='lat' dir='ltr'><strong>vos</strong></span> 
     </span>
    </p>
   </div>
   <div class='ocr_carea' id='block_1_20' title="bbox 429 1975 2008 2062">
    <p class='ocr_par' dir='ltr' id='par_1_20' title="bbox 429 1975 2008 2062">
     <span class='ocr_line' id='line_1_20' title="bbox 429 1975 2008 2062; baseline -0.013 -15"><span class='ocrx_word' id='word_1_148' title='bbox 429 1987 863 2062; x_wconf 89' lang='lat' dir='ltr'><strong>transgredimini</strong></span> <span class='ocrx_word' id='word_1_149' title='bbox 904 1984 1215 2039; x_wconf 89' lang='lat' dir='ltr'><strong>mandatum</strong></span> <span class='ocrx_word' id='word_1_150' title='bbox 1258 1979 1352 2035; x_wconf 91' lang='lat' dir='ltr'><strong>Dei</strong></span> <span class='ocrx_word' id='word_1_151' title='bbox 1392 1985 1613 2049; x_wconf 82' lang='lat' dir='ltr'><strong>prapter</strong></span> <span class='ocrx_word' id='word_1_152' title='bbox 1666 1975 2008 2030; x_wconf 84' lang='lat' dir='ltr'><strong>traditionem</strong></span> 
     </span>
    </p>
   </div>
   <div class='ocr_carea' id='block_1_21' title="bbox 429 2071 2010 2141">
    <p class='ocr_par' dir='ltr' id='par_1_21' title="bbox 429 2071 2010 2141">
     <span class='ocr_line' id='line_1_21' title="bbox 429 2071 2010 2141; baseline -0.011 -3"><span class='ocrx_word' id='word_1_153' title='bbox 429 2083 706 2140; x_wconf 79' lang='lat' dir='ltr'><strong>vestram?</strong></span> <span class='ocrx_word' id='word_1_154' title='bbox 733 2079 869 2135; x_wconf 88' lang='lat' dir='ltr'><strong>Nam</strong></span> <span class='ocrx_word' id='word_1_155' title='bbox 901 2079 1042 2133; x_wconf 90' lang='lat' dir='ltr'><strong>Deus</strong></span> <span class='ocrx_word' id='word_1_156' title='bbox 1069 2075 1242 2131; x_wconf 82' lang='lat' dir='ltr'><strong>dixit:</strong></span> <span class='ocrx_word' id='word_1_157' title='bbox 1277 2071 1495 2128; x_wconf 81' lang='lat' dir='ltr'><strong>Honora</strong></span> <span class='ocrx_word' id='word_1_158' title='bbox 1541 2077 1752 2141; x_wconf 88' lang='lat' dir='ltr'><strong>patrem</strong></span> <span class='ocrx_word' id='word_1_159' title='bbox 1795 2077 1851 2123; x_wconf 93' lang='lat' dir='ltr'><strong>et</strong></span> <span class='ocrx_word' id='word_1_160' title='bbox 1895 2083 2010 2123; x_wconf 85' lang='lat' dir='ltr'><strong>ma-</strong></span> 
     </span>
    </p>
   </div>
   <div class='ocr_carea' id='block_1_22' title="bbox 429 2163 2007 2244">
    <p class='ocr_par' dir='ltr' id='par_1_22' title="bbox 429 2163 2007 2244">
     <span class='ocr_line' id='line_1_22' title="bbox 429 2163 2007 2244; baseline -0.01 -12"><span class='ocrx_word' id='word_1_161' title='bbox 429 2186 565 2231; x_wconf 86' lang='lat' dir='ltr'><strong>trem</strong></span> <span class='ocrx_word' id='word_1_162' title='bbox 586 2215 601 2241; x_wconf 92' lang='lat'><strong>,</strong></span> <span class='ocrx_word' id='word_1_163' title='bbox 626 2181 681 2229; x_wconf 89' lang='lat' dir='ltr'><strong>et</strong></span> <span class='ocrx_word' id='word_1_164' title='bbox 706 2173 800 2244; x_wconf 87' lang='lat' dir='ltr'><strong>qui</strong></span> <span class='ocrx_word' id='word_1_165' title='bbox 829 2168 1170 2226; x_wconf 83' lang='lat' dir='ltr'><strong>maledixerit</strong></span> <span class='ocrx_word' id='word_1_166' title='bbox 1193 2166 1334 2237; x_wconf 89' lang='lat' dir='ltr'><strong>patri</strong></span> <span class='ocrx_word' id='word_1_167' title='bbox 1361 2163 1444 2220; x_wconf 88' lang='lat' dir='ltr'><strong>vel</strong></span> <span class='ocrx_word' id='word_1_168' title='bbox 1474 2163 1670 2229; x_wconf 88' lang='lat' dir='ltr'><strong>matri,</strong></span> <span class='ocrx_word' id='word_1_169' title='bbox 1696 2171 1872 2217; x_wconf 89' lang='lat' dir='ltr'><strong>morte</strong></span> <span class='ocrx_word' id='word_1_170' title='bbox 1895 2177 2007 2217; x_wconf 83' lang='lat' dir='ltr'><strong>mo-</strong></span> 
     </span>
    </p>
   </div>
   <div class='ocr_carea' id='block_1_23' title="bbox 427 2251 2008 2323">
    <p class='ocr_par' dir='ltr' id='par_1_23' title="bbox 427 2251 2008 2323">
     <span class='ocr_line' id='line_1_23' title="bbox 427 2251 2008 2323; baseline -0.009 -4"><span class='ocrx_word' id='word_1_171' title='bbox 427 2265 619 2320; x_wconf 88' lang='lat' dir='ltr'><strong>riatur.</strong></span> <span class='ocrx_word' id='word_1_172' title='bbox 648 2261 758 2318; x_wconf 84' lang='lat' dir='ltr'><strong>Vos</strong></span> <span class='ocrx_word' id='word_1_173' title='bbox 784 2268 964 2316; x_wconf 90' lang='lat' dir='ltr'><strong>autem</strong></span> <span class='ocrx_word' id='word_1_174' title='bbox 991 2257 1172 2314; x_wconf 89' lang='lat' dir='ltr'><strong>dicitis</strong></span> <span class='ocrx_word' id='word_1_175' title='bbox 1202 2274 1216 2310; x_wconf 91' lang='lat'><strong>:</strong></span> <span class='ocrx_word' id='word_1_176' title='bbox 1259 2253 1580 2323; x_wconf 83' lang='lat' dir='ltr'><strong>Quicunque</strong></span> <span class='ocrx_word' id='word_1_177' title='bbox 1624 2252 1827 2308; x_wconf 87' lang='lat' dir='ltr'><strong>dixerit</strong></span> <span class='ocrx_word' id='word_1_178' title='bbox 1865 2251 2008 2322; x_wconf 89' lang='lat' dir='ltr'><strong>patri</strong></span> 
     </span>
    </p>
   </div>
   <div class='ocr_carea' id='block_1_24' title="bbox 431 2345 2009 2418">
    <p class='ocr_par' dir='ltr' id='par_1_24' title="bbox 431 2345 2009 2418">
     <span class='ocr_line' id='line_1_24' title="bbox 431 2345 2009 2418; baseline -0.006 -9"><span class='ocrx_word' id='word_1_179' title='bbox 431 2355 512 2410; x_wconf 90' lang='lat' dir='ltr'><strong>vel</strong></span> <span class='ocrx_word' id='word_1_180' title='bbox 545 2353 704 2410; x_wconf 89' lang='lat' dir='ltr'><strong>matri</strong></span> <span class='ocrx_word' id='word_1_181' title='bbox 727 2393 743 2416; x_wconf 88' lang='lat'><strong>,</strong></span> <span class='ocrx_word' id='word_1_182' title='bbox 775 2365 975 2406; x_wconf 89' lang='lat' dir='ltr'><strong>munus</strong></span> <span class='ocrx_word' id='word_1_183' title='bbox 1005 2349 1366 2418; x_wconf 80' lang='lat' dir='ltr'><strong>quodcunque</strong></span> <span class='ocrx_word' id='word_1_184' title='bbox 1393 2354 1477 2401; x_wconf 92' lang='lat' dir='ltr'><strong>est</strong></span> <span class='ocrx_word' id='word_1_185' title='bbox 1505 2361 1570 2401; x_wconf 85' lang='lat' dir='ltr'><strong>ex</strong></span> <span class='ocrx_word' id='word_1_186' title='bbox 1603 2361 1724 2411; x_wconf 90' lang='lat' dir='ltr'><strong>me,</strong></span> <span class='ocrx_word' id='word_1_187' title='bbox 1756 2345 1853 2400; x_wconf 88' lang='lat' dir='ltr'><strong>tibi</strong></span> <span class='ocrx_word' id='word_1_188' title='bbox 1882 2360 2009 2416; x_wconf 86' lang='lat' dir='ltr'><strong>pro-</strong></span> 
     </span>
    </p>
   </div>
   <div class='ocr_carea' id='block_1_25' title="bbox 429 2438 2010 2512">
    <p class='ocr_par' dir='ltr' id='par_1_25' title="bbox 429 2438 2010 2512">
     <span class='ocr_line' id='line_1_25' title="bbox 429 2438 2010 2512; baseline -0.008 -10"><span class='ocrx_word' id='word_1_189' title='bbox 429 2446 611 2512; x_wconf 90' lang='lat' dir='ltr'><strong>derit;</strong></span> <span class='ocrx_word' id='word_1_190' title='bbox 653 2453 709 2500; x_wconf 92' lang='lat' dir='ltr'><strong>et</strong></span> <span class='ocrx_word' id='word_1_191' title='bbox 747 2459 856 2498; x_wconf 89' lang='lat' dir='ltr'><strong>non</strong></span> <span class='ocrx_word' id='word_1_192' title='bbox 892 2438 1277 2497; x_wconf 78' lang='lat' dir='ltr'><strong>honorificabit</strong></span> <span class='ocrx_word' id='word_1_193' title='bbox 1315 2444 1523 2508; x_wconf 83' lang='lat' dir='ltr'><strong>patrem</strong></span> <span class='ocrx_word' id='word_1_194' title='bbox 1560 2451 1717 2491; x_wconf 91' lang='lat' dir='ltr'><strong>suum</strong></span> <span class='ocrx_word' id='word_1_195' title='bbox 1755 2445 1848 2490; x_wconf 90' lang='lat' dir='ltr'><strong>aut</strong></span> <span class='ocrx_word' id='word_1_196' title='bbox 1893 2451 2010 2490; x_wconf 85' lang='lat' dir='ltr'><strong>ma-</strong></span> 
     </span>
    </p>
   </div>
   <div class='ocr_carea' id='block_1_26' title="bbox 429 2527 2009 2602">
    <p class='ocr_par' dir='ltr' id='par_1_26' title="bbox 429 2527 2009 2602">
     <span class='ocr_line' id='line_1_26' title="bbox 429 2527 2009 2602; baseline -0.007 -9"><span class='ocrx_word' id='word_1_197' title='bbox 429 2549 566 2592; x_wconf 89' lang='lat' dir='ltr'><strong>trem</strong></span> <span class='ocrx_word' id='word_1_198' title='bbox 585 2576 600 2602; x_wconf 93' lang='lat'><strong>,</strong></span> <span class='ocrx_word' id='word_1_199' title='bbox 625 2544 681 2591; x_wconf 90' lang='lat' dir='ltr'><strong>et</strong></span> <span class='ocrx_word' id='word_1_200' title='bbox 703 2535 918 2589; x_wconf 91' lang='lat' dir='ltr'><strong>irritum</strong></span> <span class='ocrx_word' id='word_1_201' title='bbox 947 2531 1155 2587; x_wconf 83' lang='lat' dir='ltr'><strong>fecistis</strong></span> <span class='ocrx_word' id='word_1_202' title='bbox 1183 2528 1495 2583; x_wconf 90' lang='lat' dir='ltr'><strong>mandatum</strong></span> <span class='ocrx_word' id='word_1_203' title='bbox 1525 2527 1620 2581; x_wconf 88' lang='lat' dir='ltr'><strong>Dei</strong></span> <span class='ocrx_word' id='word_1_204' title='bbox 1649 2536 1872 2598; x_wconf 87' lang='lat' dir='ltr'><strong>propter</strong></span> <span class='ocrx_word' id='word_1_205' title='bbox 1898 2536 2009 2582; x_wconf 89' lang='lat' dir='ltr'><strong>tra-</strong></span> 
     </span>
    </p>
   </div>
   <div class='ocr_carea' id='block_1_27' title="bbox 426 2619 2008 2694">
    <p class='ocr_par' dir='ltr' id='par_1_27' title="bbox 426 2619 2008 2694">
     <span class='ocr_line' id='line_1_27' title="bbox 426 2619 2008 2694; baseline -0.006 -12"><span class='ocrx_word' id='word_1_206' title='bbox 426 2628 686 2683; x_wconf 87' lang='lat' dir='ltr'><strong>ditionem</strong></span> <span class='ocrx_word' id='word_1_207' title='bbox 719 2633 959 2680; x_wconf 85' lang='lat' dir='ltr'><strong>vestram</strong></span> <span class='ocrx_word' id='word_1_208' title='bbox 997 2620 1235 2694; x_wconf 73' lang='lat' dir='ltr'><strong>(Matth.</strong></span> <span class='ocrx_word' id='word_1_209' title='bbox 1279 2636 1348 2674; x_wconf 82' lang='lat' dir='ltr'><strong>xv</strong></span> <span class='ocrx_word' id='word_1_210' title='bbox 1370 2619 1411 2690; x_wconf 91' lang='lat'><strong>).</strong></span> <span class='ocrx_word' id='word_1_211' title='bbox 1443 2639 1462 2672; x_wconf 71' lang='grc' dir='ltr'><strong><em>ι</em></strong></span> <span class='ocrx_word' id='word_1_212' title='bbox 1495 2619 1678 2674; x_wconf 84' lang='lat' dir='ltr'><strong>Honor</strong></span> <span class='ocrx_word' id='word_1_213' title='bbox 1711 2620 1908 2688; x_wconf 89' lang='lat' dir='ltr'><strong>quippe</strong></span> <span class='ocrx_word' id='word_1_214' title='bbox 1955 2620 2008 2673; x_wconf 91' lang='lat' dir='ltr'><strong>in</strong></span> 
     </span>
    </p>
   </div>
   <div class='ocr_carea' id='block_1_28' title="bbox 428 2710 2008 2788">
    <p class='ocr_par' dir='ltr' id='par_1_28' title="bbox 428 2710 2008 2788">
     <span class='ocr_line' id='line_1_28' title="bbox 428 2710 2008 2788; baseline -0.004 -16"><span class='ocrx_word' id='word_1_215' title='bbox 428 2716 725 2788; x_wconf 85' lang='lat' dir='ltr'><strong>Scripturis</strong></span> <span class='ocrx_word' id='word_1_216' title='bbox 769 2731 876 2770; x_wconf 90' lang='lat' dir='ltr'><strong>non</strong></span> <span class='ocrx_word' id='word_1_217' title='bbox 920 2720 1129 2768; x_wconf 91' lang='lat' dir='ltr'><strong>tantum</strong></span> <span class='ocrx_word' id='word_1_218' title='bbox 1173 2712 1228 2766; x_wconf 91' lang='lat' dir='ltr'><strong>in</strong></span> <span class='ocrx_word' id='word_1_219' title='bbox 1274 2710 1694 2766; x_wconf 87' lang='lat' dir='ltr'><strong>salutationibus</strong></span> <span class='ocrx_word' id='word_1_220' title='bbox 1728 2721 1783 2766; x_wconf 90' lang='lat' dir='ltr'><strong>et</strong></span> <span class='ocrx_word' id='word_1_221' title='bbox 1817 2710 2008 2766; x_wconf 83' lang='lat' dir='ltr'><strong>ollieiis</strong></span> 
     </span>
    </p>
   </div>
   <div class='ocr_carea' id='block_1_29' title="bbox 428 2803 2010 2876">
    <p class='ocr_par' dir='ltr' id='par_1_29' title="bbox 428 2803 2010 2876">
     <span class='ocr_line' id='line_1_29' title="bbox 428 2803 2010 2876; baseline -0.004 -12"><span class='ocrx_word' id='word_1_222' title='bbox 428 2807 760 2873; x_wconf 79' lang='lat' dir='ltr'><strong>deferendis,</strong></span> <span class='ocrx_word' id='word_1_223' title='bbox 783 2814 1043 2876; x_wconf 88' lang='lat' dir='ltr'><strong>quantum</strong></span> <span class='ocrx_word' id='word_1_224' title='bbox 1068 2805 1120 2859; x_wconf 92' lang='lat' dir='ltr'><strong>in</strong></span> <span class='ocrx_word' id='word_1_225' title='bbox 1143 2803 1487 2873; x_wconf 88' lang='lat' dir='ltr'><strong>eleemosyna</strong></span> <span class='ocrx_word' id='word_1_226' title='bbox 1510 2818 1574 2857; x_wconf 91' lang='lat' dir='ltr'><strong>ac</strong></span> <span class='ocrx_word' id='word_1_227' title='bbox 1591 2817 1872 2856; x_wconf 89' lang='lat' dir='ltr'><strong>munerum</strong></span> <span class='ocrx_word' id='word_1_228' title='bbox 1898 2803 2010 2857; x_wconf 93' lang='lat' dir='ltr'><strong>eol-</strong></span> 
     </span>
    </p>
   </div>
   <div class='ocr_carea' id='block_1_30' title="bbox 427 2893 2006 2963">
    <p class='ocr_par' dir='ltr' id='par_1_30' title="bbox 427 2893 2006 2963">
     <span class='ocr_line' id='line_1_30' title="bbox 427 2893 2006 2963; baseline -0.007 -6"><span class='ocrx_word' id='word_1_229' title='bbox 427 2902 630 2957; x_wconf 89' lang='lat' dir='ltr'><strong>latione</strong></span> <span class='ocrx_word' id='word_1_230' title='bbox 660 2899 912 2956; x_wconf 88' lang='lat' dir='ltr'><strong>sentitur.</strong></span> <span class='ocrx_word' id='word_1_231' title='bbox 950 2916 969 2951; x_wconf 74' lang='lat' dir='ltr'><strong>c</strong></span> <span class='ocrx_word' id='word_1_232' title='bbox 998 2895 1214 2950; x_wconf 85' lang='lat' dir='ltr'><strong>Honora</strong></span> <span class='ocrx_word' id='word_1_233' title='bbox 1234 2935 1249 2960; x_wconf 98' lang='lat'><strong>,</strong></span> <span class='ocrx_word' id='word_1_234' title='bbox 1278 2912 1298 2946; x_wconf 78' lang='grc' dir='ltr'><strong><em>ι</em></strong></span> <span class='ocrx_word' id='word_1_235' title='bbox 1327 2893 1499 2962; x_wconf 90' lang='lat' dir='ltr'><strong>inquit</strong></span> <span class='ocrx_word' id='word_1_236' title='bbox 1527 2893 1846 2963; x_wconf 79' lang='lat' dir='ltr'><strong>Apostolus,</strong></span> <span class='ocrx_word' id='word_1_237' title='bbox 1877 2911 1894 2943; x_wconf 74' lang='grc' dir='ltr'>ι</span> <span class='ocrx_word' id='word_1_238' title='bbox 1926 2893 2006 2946; x_wconf 81' lang='lat' dir='ltr'><strong>vi-</strong></span> 
     </span>
    </p>
   </div>
   <div class='ocr_carea' id='block_1_31' title="bbox 429 2982 2006 3058">
    <p class='ocr_par' dir='ltr' id='par_1_31' title="bbox 429 2982 2006 3058">
     <span class='ocr_line' id='line_1_31' title="bbox 429 2982 2006 3058; baseline -0.006 -12"><span class='ocrx_word' id='word_1_239' title='bbox 429 2991 596 3056; x_wconf 89' lang='lat' dir='ltr'><strong>duas,</strong></span> <span class='ocrx_word' id='word_1_240' title='bbox 629 3004 750 3058; x_wconf 72' lang='lat' dir='ltr'><strong>qua:</strong></span> <span class='ocrx_word' id='word_1_241' title='bbox 778 3001 909 3043; x_wconf 90' lang='lat' dir='ltr'><strong>vere</strong></span> <span class='ocrx_word' id='word_1_242' title='bbox 935 2986 1112 3040; x_wconf 80' lang='lat' dir='ltr'><strong>vidua:</strong></span> <span class='ocrx_word' id='word_1_243' title='bbox 1140 2991 1267 3039; x_wconf 91' lang='lat' dir='ltr'><strong>sunt</strong></span> <span class='ocrx_word' id='word_1_244' title='bbox 1296 2982 1356 3055; x_wconf 84' lang='grc' dir='ltr'><strong>(Ι</strong></span> <span class='ocrx_word' id='word_1_245' title='bbox 1385 2982 1520 3037; x_wconf 83' lang='lat' dir='ltr'><strong>Tim.</strong></span> <span class='ocrx_word' id='word_1_246' title='bbox 1549 2983 1634 3053; x_wconf 93' lang='lat' dir='ltr'><strong>v).</strong></span> <span class='ocrx_word' id='word_1_247' title='bbox 1668 3002 1686 3034; x_wconf 74' lang='grc' dir='ltr'><strong><em>ι</em></strong></span> <span class='ocrx_word' id='word_1_248' title='bbox 1716 2982 1816 3038; x_wconf 92' lang='lat' dir='ltr'><strong>llic</strong></span> <span class='ocrx_word' id='word_1_249' title='bbox 1845 2983 2006 3038; x_wconf 87' lang='lat' dir='ltr'><strong>etiam</strong></span> 
     </span>
    </p>
   </div>
   <div class='ocr_carea' id='block_1_32' title="bbox 425 3072 2008 3145">
    <p class='ocr_par' dir='ltr' id='par_1_32' title="bbox 425 3072 2008 3145">
     <span class='ocr_line' id='line_1_32' title="bbox 425 3072 2008 3145; baseline -0.008 -7"><span class='ocrx_word' id='word_1_250' title='bbox 425 3083 604 3138; x_wconf 80' lang='lat' dir='ltr'><strong>honor</strong></span> <span class='ocrx_word' id='word_1_251' title='bbox 635 3080 835 3135; x_wconf 89' lang='lat' dir='ltr'><strong>donum</strong></span> <span class='ocrx_word' id='word_1_252' title='bbox 882 3074 1220 3145; x_wconf 76' lang='lat' dir='ltr'><strong>intelligitur.</strong></span> <span class='ocrx_word' id='word_1_253' title='bbox 1273 3072 1366 3126; x_wconf 89' lang='lat' dir='ltr'><strong>Sic</strong></span> <span class='ocrx_word' id='word_1_254' title='bbox 1412 3083 1468 3126; x_wconf 91' lang='lat' dir='ltr'><strong>et</strong></span> <span class='ocrx_word' id='word_1_255' title='bbox 1515 3072 1908 3141; x_wconf 89' lang='lat' dir='ltr'><strong>subsequenter</strong></span> <span class='ocrx_word' id='word_1_256' title='bbox 1942 3073 2008 3127; x_wconf 89' lang='lat' dir='ltr'><strong>de</strong></span> 
     </span>
    </p>
   </div>
   <div class='ocr_carea' id='block_1_33' title="bbox 425 3139 2083 3237">
    <p class='ocr_par' dir='ltr' id='par_1_33' title="bbox 425 3139 2083 3237">
     <span class='ocr_line' id='line_1_33' title="bbox 425 3139 2083 3237; baseline -0.007 -9"><span class='ocrx_word' id='word_1_257' title='bbox 425 3169 801 3227; x_wconf 83' lang='lat' dir='ltr'><strong>munificentia</strong></span> <span class='ocrx_word' id='word_1_258' title='bbox 849 3181 971 3237; x_wconf 80' lang='lat' dir='ltr'><strong>quae</strong></span> <span class='ocrx_word' id='word_1_259' title='bbox 1017 3139 1307 3219; x_wconf 66' lang='lat' dir='ltr'><strong>exhibetur</strong></span> <span class='ocrx_word' id='word_1_260' title='bbox 1349 3161 1666 3234; x_wconf 88' lang='lat' dir='ltr'><strong>parentibus</strong></span> <span class='ocrx_word' id='word_1_261' title='bbox 1683 3139 1712 3229; x_wconf 41' lang='lat'><strong>,_</strong></span> <span class='ocrx_word' id='word_1_262' title='bbox 1743 3163 1831 3218; x_wconf 90' lang='lat' dir='ltr'><strong>hic</strong></span> <span class='ocrx_word' id='word_1_263' title='bbox 1877 3165 2008 3219; x_wconf 89' lang='lat' dir='ltr'><strong>sub—</strong></span> <span class='ocrx_word' id='word_1_264' title='bbox 2039 3139 2083 3201; x_wconf 64' lang='grc' dir='ltr'>ε</span> 
     </span>
    </p>
   </div>
   <div class='ocr_carea' id='block_1_34' title="bbox 423 3263 692 3335">
    <p class='ocr_par' dir='ltr' id='par_1_34' title="bbox 423 3263 692 3335">
     <span class='ocr_line' id='line_1_34' title="bbox 423 3263 692 3335; baseline -0.011 -18"><span class='ocrx_word' id='word_1_265' title='bbox 423 3263 692 3335; x_wconf 78' lang='lat' dir='ltr'><strong>jungitur.</strong></span> 
     </span>
    </p>
   </div>
   <div class='ocr_carea' id='block_1_35' title="bbox 505 3349 2009 3422">
    <p class='ocr_par' dir='ltr' id='par_1_35' title="bbox 505 3349 2009 3422">
     <span class='ocr_line' id='line_1_35' title="bbox 505 3349 2009 3422; baseline -0.001 -17"><span class='ocrx_word' id='word_1_266' title='bbox 505 3371 526 3405; x_wconf 73' lang='grc' dir='ltr'>ι</span> <span class='ocrx_word' id='word_1_267' title='bbox 558 3353 913 3422; x_wconf 82' lang='lat' dir='ltr'><strong>Eleemosyna</strong></span> <span class='ocrx_word' id='word_1_268' title='bbox 941 3364 1084 3404; x_wconf 80' lang='lat' dir='ltr'><strong>enim</strong></span> <span class='ocrx_word' id='word_1_269' title='bbox 1115 3349 1290 3420; x_wconf 83' lang='lat' dir='ltr'><strong>patris</strong></span> <span class='ocrx_word' id='word_1_270' title='bbox 1318 3364 1425 3404; x_wconf 93' lang='lat' dir='ltr'><strong>non</strong></span> <span class='ocrx_word' id='word_1_271' title='bbox 1463 3349 1568 3404; x_wconf 88' lang='lat' dir='ltr'><strong>erit</strong></span> <span class='ocrx_word' id='word_1_272' title='bbox 1608 3349 1660 3404; x_wconf 91' lang='lat' dir='ltr'><strong>in</strong></span> <span class='ocrx_word' id='word_1_273' title='bbox 1701 3349 2009 3415; x_wconf 85' lang='lat' dir='ltr'><strong>oblivione;</strong></span> 
     </span>
    </p>
   </div>
   <div class='ocr_carea' id='block_1_36' title="bbox 437 3441 2008 3514">
    <p class='ocr_par' dir='ltr' id='par_1_36' title="bbox 437 3441 2008 3514">
     <span class='ocr_line' id='line_1_36' title="bbox 437 3441 2008 3514; baseline -0.002 -16"><span class='ocrx_word' id='word_1_274' title='bbox 437 3463 456 3498; x_wconf 73' lang='grc' dir='ltr'>ι</span> <span class='ocrx_word' id='word_1_275' title='bbox 488 3460 612 3500; x_wconf 88' lang='lat' dir='ltr'><strong>nam</strong></span> <span class='ocrx_word' id='word_1_276' title='bbox 648 3459 748 3514; x_wconf 91' lang='lat' dir='ltr'><strong>pro</strong></span> <span class='ocrx_word' id='word_1_277' title='bbox 779 3450 1004 3514; x_wconf 90' lang='lat' dir='ltr'><strong>peccato</strong></span> <span class='ocrx_word' id='word_1_278' title='bbox 1041 3443 1232 3497; x_wconf 87' lang='lat' dir='ltr'><strong>matris</strong></span> <span class='ocrx_word' id='word_1_279' title='bbox 1274 3442 1590 3497; x_wconf 85' lang='lat' dir='ltr'><strong>restituetur</strong></span> <span class='ocrx_word' id='word_1_280' title='bbox 1631 3441 1726 3496; x_wconf 87' lang='lat' dir='ltr'><strong>tibi</strong></span> <span class='ocrx_word' id='word_1_281' title='bbox 1769 3442 2008 3506; x_wconf 91' lang='lat' dir='ltr'><strong>bonum;</strong></span> 
     </span>
    </p>
   </div>
   <div class='ocr_carea' id='block_1_37' title="bbox 436 3531 2011 3604">
    <p class='ocr_par' dir='ltr' id='par_1_37' title="bbox 436 3531 2011 3604">
     <span class='ocr_line' id='line_1_37' title="bbox 436 3531 2011 3604; baseline 0 -16"><span class='ocrx_word' id='word_1_282' title='bbox 436 3554 456 3588; x_wconf 77' lang='grc' dir='ltr'>ι</span> <span class='ocrx_word' id='word_1_283' title='bbox 485 3543 541 3592; x_wconf 91' lang='lat' dir='ltr'><strong>et</strong></span> <span class='ocrx_word' id='word_1_284' title='bbox 569 3535 620 3589; x_wconf 92' lang='lat' dir='ltr'><strong>in</strong></span> <span class='ocrx_word' id='word_1_285' title='bbox 644 3533 858 3604; x_wconf 90' lang='lat' dir='ltr'><strong>justitia</strong></span> <span class='ocrx_word' id='word_1_286' title='bbox 887 3531 1244 3588; x_wconf 62' lang='lat' dir='ltr'><strong>aediﬁcabitur</strong></span> <span class='ocrx_word' id='word_1_287' title='bbox 1272 3532 1389 3587; x_wconf 87' lang='lat' dir='ltr'><strong>tibi.</strong></span> <span class='ocrx_word' id='word_1_288' title='bbox 1422 3552 1440 3584; x_wconf 72' lang='grc' dir='ltr'><strong><em>ι</em></strong></span> <span class='ocrx_word' id='word_1_289' title='bbox 1473 3532 1856 3587; x_wconf 68' lang='lat' dir='ltr'><strong>Misericordiae</strong></span> <span class='ocrx_word' id='word_1_290' title='bbox 1880 3547 2011 3602; x_wconf 90' lang='lat' dir='ltr'><strong>ergo</strong></span> 
     </span>
    </p>
   </div>
   <div class='ocr_carea' id='block_1_38' title="bbox 431 3622 2009 3693">
    <p class='ocr_par' dir='ltr' id='par_1_38' title="bbox 431 3622 2009 3693">
     <span class='ocr_line' id='line_1_38' title="bbox 431 3622 2009 3693; baseline -0.003 -12"><span class='ocrx_word' id='word_1_291' title='bbox 431 3625 660 3681; x_wconf 66' lang='lat' dir='ltr'><strong>allectus</strong></span> <span class='ocrx_word' id='word_1_292' title='bbox 696 3639 822 3678; x_wconf 92' lang='lat' dir='ltr'><strong>cum</strong></span> <span class='ocrx_word' id='word_1_293' title='bbox 856 3622 1076 3693; x_wconf 91' lang='lat' dir='ltr'><strong>pietatis</strong></span> <span class='ocrx_word' id='word_1_294' title='bbox 1110 3623 1395 3691; x_wconf 88' lang='lat' dir='ltr'><strong>operibus,</strong></span> <span class='ocrx_word' id='word_1_295' title='bbox 1435 3637 1711 3691; x_wconf 87' lang='lat' dir='ltr'><strong>nunquam</strong></span> <span class='ocrx_word' id='word_1_296' title='bbox 1750 3622 2009 3676; x_wconf 86' lang='lat' dir='ltr'><strong>oblivioni</strong></span> 
     </span>
    </p>
   </div>
   <div class='ocr_carea' id='block_1_39' title="bbox 431 3711 2006 3777">
    <p class='ocr_par' dir='ltr' id='par_1_39' title="bbox 431 3711 2006 3777">
     <span class='ocr_line' id='line_1_39' title="bbox 431 3711 2006 3777; baseline -0.003 -7"><span class='ocrx_word' id='word_1_297' title='bbox 431 3716 697 3770; x_wconf 85' lang='lat' dir='ltr'><strong>tradetur.</strong></span> <span class='ocrx_word' id='word_1_298' title='bbox 733 3713 887 3769; x_wconf 89' lang='lat' dir='ltr'><strong>Unde</strong></span> <span class='ocrx_word' id='word_1_299' title='bbox 916 3713 1179 3767; x_wconf 85' lang='lat' dir='ltr'><strong>Dominus</strong></span> <span class='ocrx_word' id='word_1_300' title='bbox 1207 3712 1284 3766; x_wconf 91' lang='lat' dir='ltr'><strong>ait</strong></span> <span class='ocrx_word' id='word_1_301' title='bbox 1312 3729 1324 3764; x_wconf 90' lang='lat'><strong>:</strong></span> <span class='ocrx_word' id='word_1_302' title='bbox 1362 3729 1381 3762; x_wconf 72' lang='grc' dir='ltr'>ι</span> <span class='ocrx_word' id='word_1_303' title='bbox 1411 3711 1560 3766; x_wconf 84' lang='lat' dir='ltr'><strong>Beati</strong></span> <span class='ocrx_word' id='word_1_304' title='bbox 1593 3712 2006 3777; x_wconf 78' lang='lat' dir='ltr'><strong>misericordes,</strong></span> 
     </span>
    </p>
   </div>
   <div class='ocr_carea' id='block_1_40' title="bbox 435 3799 2008 3876">
    <p class='ocr_par' dir='ltr' id='par_1_40' title="bbox 435 3799 2008 3876">
     <span class='ocr_line' id='line_1_40' title="bbox 435 3799 2008 3876; baseline -0.002 -18"><span class='ocrx_word' id='word_1_305' title='bbox 435 3803 691 3876; x_wconf 90' lang='lat' dir='ltr'><strong>quoniam</strong></span> <span class='ocrx_word' id='word_1_306' title='bbox 730 3801 832 3873; x_wconf 84' lang='lat' dir='ltr'><strong>ipsi</strong></span> <span class='ocrx_word' id='word_1_307' title='bbox 872 3802 1298 3856; x_wconf 88' lang='lat' dir='ltr'><strong>misericordiam</strong></span> <span class='ocrx_word' id='word_1_308' title='bbox 1337 3810 1740 3870; x_wconf 90' lang='lat' dir='ltr'><strong>consequentur</strong></span> <span class='ocrx_word' id='word_1_309' title='bbox 1775 3799 2008 3865; x_wconf 83' lang='lat' dir='ltr'><strong>(Matth.</strong></span> 
     </span>
    </p>
   </div>
   <div class='ocr_carea' id='block_1_41' title="bbox 432 3890 2010 3967">
    <p class='ocr_par' dir='ltr' id='par_1_41' title="bbox 432 3890 2010 3967">
     <span class='ocr_line' id='line_1_41' title="bbox 432 3890 2010 3967; baseline -0.002 -19"><span class='ocrx_word' id='word_1_310' title='bbox 432 3911 465 3948; x_wconf 90' lang='lat' dir='ltr'><strong>v</strong></span> <span class='ocrx_word' id='word_1_311' title='bbox 490 3895 532 3967; x_wconf 92' lang='lat'><strong>).</strong></span> <span class='ocrx_word' id='word_1_312' title='bbox 568 3913 587 3946; x_wconf 81' lang='grc'>›</span> <span class='ocrx_word' id='word_1_313' title='bbox 623 3893 688 3947; x_wconf 85' lang='grc' dir='ltr'><strong>Εῑ</strong></span> <span class='ocrx_word' id='word_1_314' title='bbox 727 3893 782 3946; x_wconf 93' lang='lat' dir='ltr'><strong>in</strong></span> <span class='ocrx_word' id='word_1_315' title='bbox 815 3891 1128 3947; x_wconf 84' lang='lat' dir='ltr'><strong>Proverbiis</strong></span> <span class='ocrx_word' id='word_1_316' title='bbox 1157 3909 1171 3944; x_wconf 88' lang='lat'><strong>:</strong></span> <span class='ocrx_word' id='word_1_317' title='bbox 1216 3908 1234 3942; x_wconf 78' lang='lat' dir='ltr'><strong>t</strong></span> <span class='ocrx_word' id='word_1_318' title='bbox 1269 3890 1616 3955; x_wconf 70' lang='lat' dir='ltr'><strong>aneratur,</strong></span> <span class='ocrx_word' id='word_1_319' title='bbox 1656 3891 1862 3960; x_wconf 88' lang='lat' dir='ltr'><strong>inquit,</strong></span> <span class='ocrx_word' id='word_1_320' title='bbox 1903 3891 2010 3946; x_wconf 91' lang='lat' dir='ltr'><strong>D0-</strong></span> 
     </span>
    </p>
   </div>
   <div class='ocr_carea' id='block_1_42' title="bbox 429 3985 2012 4058">
    <p class='ocr_par' dir='ltr' id='par_1_42' title="bbox 429 3985 2012 4058">
     <span class='ocr_line' id='line_1_42' title="bbox 429 3985 2012 4058; baseline -0.006 -11"><span class='ocrx_word' id='word_1_321' title='bbox 429 3991 608 4055; x_wconf 88' lang='lat' dir='ltr'><strong>mino,</strong></span> <span class='ocrx_word' id='word_1_322' title='bbox 659 3988 750 4058; x_wconf 90' lang='lat' dir='ltr'><strong>qui</strong></span> <span class='ocrx_word' id='word_1_323' title='bbox 803 3987 1092 4042; x_wconf 88' lang='lat' dir='ltr'><strong>miseretur</strong></span> <span class='ocrx_word' id='word_1_324' title='bbox 1136 3985 1426 4056; x_wconf 84' lang='lat' dir='ltr'><strong>pauperis,</strong></span> <span class='ocrx_word' id='word_1_325' title='bbox 1477 3993 1531 4039; x_wconf 86' lang='lat' dir='ltr'><strong>et</strong></span> <span class='ocrx_word' id='word_1_326' title='bbox 1579 3985 2012 4040; x_wconf 89' lang='lat' dir='ltr'><strong>vicissitudinem</strong></span> 
     </span>
    </p>
   </div>
   <div class='ocr_carea' id='block_1_43' title="bbox 428 4073 2008 4146">
    <p class='ocr_par' dir='ltr' id='par_1_43' title="bbox 428 4073 2008 4146">
     <span class='ocr_line' id='line_1_43' title="bbox 428 4073 2008 4146; baseline -0.008 -7"><span class='ocrx_word' id='word_1_327' title='bbox 428 4095 584 4140; x_wconf 73' lang='lat' dir='ltr'><strong>suam</strong></span> <span class='ocrx_word' id='word_1_328' title='bbox 618 4078 808 4134; x_wconf 86' lang='lat' dir='ltr'><strong>reddet</strong></span> <span class='ocrx_word' id='word_1_329' title='bbox 841 4078 891 4132; x_wconf 92' lang='lat' dir='ltr'><strong>ei</strong></span> <span class='ocrx_word' id='word_1_330' title='bbox 926 4075 945 4143; x_wconf 93' lang='lat'><strong>(</strong></span> <span class='ocrx_word' id='word_1_331' title='bbox 971 4073 1130 4130; x_wconf 80' lang='lat' dir='ltr'><strong>Prov.</strong></span> <span class='ocrx_word' id='word_1_332' title='bbox 1171 4091 1264 4128; x_wconf 72' lang='lat' dir='ltr'><strong>nx</strong></span> <span class='ocrx_word' id='word_1_333' title='bbox 1294 4074 1334 4146; x_wconf 94' lang='lat'><strong>).</strong></span> <span class='ocrx_word' id='word_1_334' title='bbox 1372 4095 1389 4126; x_wconf 72' lang='grc' dir='ltr'><strong><em>ι</em></strong></span> <span class='ocrx_word' id='word_1_335' title='bbox 1429 4074 1580 4140; x_wconf 84' lang='lat' dir='ltr'><strong>Quod</strong></span> <span class='ocrx_word' id='word_1_336' title='bbox 1617 4083 1795 4129; x_wconf 90' lang='lat' dir='ltr'><strong>autem</strong></span> <span class='ocrx_word' id='word_1_337' title='bbox 1835 4075 1966 4130; x_wconf 89' lang='lat' dir='ltr'><strong>dicit</strong></span> <span class='ocrx_word' id='word_1_338' title='bbox 1996 4092 2008 4126; x_wconf 94' lang='lat'>:</span> 
     </span>
    </p>
   </div>
   <div class='ocr_carea' id='block_1_44' title="bbox 437 4166 2010 4243">
    <p class='ocr_par' dir='ltr' id='par_1_44' title="bbox 437 4166 2010 4243">
     <span class='ocr_line' id='line_1_44' title="bbox 437 4166 2010 4243; baseline -0.004 -15"><span class='ocrx_word' id='word_1_339' title='bbox 437 4192 458 4227; x_wconf 74' lang='grc' dir='ltr'>ι</span> <span class='ocrx_word' id='word_1_340' title='bbox 489 4173 597 4228; x_wconf 88' lang='lat' dir='ltr'><strong>Pro</strong></span> <span class='ocrx_word' id='word_1_341' title='bbox 626 4178 851 4243; x_wconf 88' lang='lat' dir='ltr'><strong>peccato</strong></span> <span class='ocrx_word' id='word_1_342' title='bbox 879 4169 1070 4225; x_wconf 91' lang='lat' dir='ltr'><strong>matris</strong></span> <span class='ocrx_word' id='word_1_343' title='bbox 1100 4168 1418 4223; x_wconf 89' lang='lat' dir='ltr'><strong>restituetur</strong></span> <span class='ocrx_word' id='word_1_344' title='bbox 1445 4168 1541 4222; x_wconf 90' lang='lat' dir='ltr'><strong>tibi</strong></span> <span class='ocrx_word' id='word_1_345' title='bbox 1569 4167 1791 4222; x_wconf 91' lang='lat' dir='ltr'><strong>bonum.</strong></span> <span class='ocrx_word' id='word_1_346' title='bbox 1828 4187 1847 4219; x_wconf 72' lang='grc' dir='ltr'><strong><em>ι</em></strong></span> <span class='ocrx_word' id='word_1_347' title='bbox 1877 4166 2010 4222; x_wconf 88' lang='lat' dir='ltr'><strong>Pec-</strong></span> 
     </span>
    </p>
   </div>
   <div class='ocr_carea' id='block_1_45' title="bbox 429 4259 2012 4331">
    <p class='ocr_par' dir='ltr' id='par_1_45' title="bbox 429 4259 2012 4331">
     <span class='ocr_line' id='line_1_45' title="bbox 429 4259 2012 4331; baseline -0.007 -8"><span class='ocrx_word' id='word_1_348' title='bbox 429 4273 610 4327; x_wconf 83' lang='lat' dir='ltr'><strong>catum</strong></span> <span class='ocrx_word' id='word_1_349' title='bbox 662 4263 755 4323; x_wconf 88' lang='lat' dir='ltr'><strong>hic</strong></span> <span class='ocrx_word' id='word_1_350' title='bbox 797 4261 1004 4331; x_wconf 88' lang='lat' dir='ltr'><strong>tropica</strong></span> <span class='ocrx_word' id='word_1_351' title='bbox 1058 4259 1330 4316; x_wconf 91' lang='lat' dir='ltr'><strong>locutione</strong></span> <span class='ocrx_word' id='word_1_352' title='bbox 1384 4260 1557 4329; x_wconf 87' lang='lat' dir='ltr'><strong>ipsam</strong></span> <span class='ocrx_word' id='word_1_353' title='bbox 1611 4259 2012 4330; x_wconf 83' lang='lat' dir='ltr'><strong>eleemosynam</strong></span> 
     </span>
    </p>
   </div>
   <div class='ocr_carea' id='block_1_46' title="bbox 429 4351 2015 4428">
    <p class='ocr_par' dir='ltr' id='par_1_46' title="bbox 429 4351 2015 4428">
     <span class='ocr_line' id='line_1_46' title="bbox 429 4351 2015 4428; baseline -0.006 -13"><span class='ocrx_word' id='word_1_354' title='bbox 429 4364 740 4428; x_wconf 88' lang='lat' dir='ltr'><strong>nuncupat,</strong></span> <span class='ocrx_word' id='word_1_355' title='bbox 795 4369 917 4424; x_wconf 76' lang='lat' dir='ltr'><strong>quae</strong></span> <span class='ocrx_word' id='word_1_356' title='bbox 971 4353 1114 4408; x_wconf 89' lang='lat' dir='ltr'><strong>delet</strong></span> <span class='ocrx_word' id='word_1_357' title='bbox 1161 4362 1404 4423; x_wconf 82' lang='lat' dir='ltr'><strong>peccata.</strong></span> <span class='ocrx_word' id='word_1_358' title='bbox 1458 4351 1612 4408; x_wconf 89' lang='lat' dir='ltr'><strong>Sicut</strong></span> <span class='ocrx_word' id='word_1_359' title='bbox 1653 4363 1706 4407; x_wconf 90' lang='lat' dir='ltr'><strong>et</strong></span> <span class='ocrx_word' id='word_1_360' title='bbox 1742 4353 1867 4407; x_wconf 89' lang='lat' dir='ltr'><strong>alibi</strong></span> <span class='ocrx_word' id='word_1_361' title='bbox 1916 4353 2015 4407; x_wconf 90' lang='lat' dir='ltr'><strong>bo-</strong></span> 
     </span>
    </p>
   </div>
   <div class='ocr_carea' id='block_1_47' title="bbox 427 4442 2007 4518">
    <p class='ocr_par' dir='ltr' id='par_1_47' title="bbox 427 4442 2007 4518">
     <span class='ocr_line' id='line_1_47' title="bbox 427 4442 2007 4518; baseline -0.005 -13"><span class='ocrx_word' id='word_1_362' title='bbox 427 4451 587 4506; x_wconf 91' lang='lat' dir='ltr'><strong>stiam</strong></span> <span class='ocrx_word' id='word_1_363' title='bbox 609 4489 624 4514; x_wconf 93' lang='lat'><strong>,</strong></span> <span class='ocrx_word' id='word_1_364' title='bbox 672 4461 792 4518; x_wconf 60' lang='lat' dir='ltr'><strong>qum</strong></span> <span class='ocrx_word' id='word_1_365' title='bbox 827 4460 928 4516; x_wconf 91' lang='lat' dir='ltr'><strong>pro</strong></span> <span class='ocrx_word' id='word_1_366' title='bbox 962 4451 1185 4514; x_wconf 83' lang='lat' dir='ltr'><strong>peccato</strong></span> <span class='ocrx_word' id='word_1_367' title='bbox 1219 4442 1463 4510; x_wconf 77' lang='lat' dir='ltr'><strong>offertur,</strong></span> <span class='ocrx_word' id='word_1_368' title='bbox 1504 4451 1786 4512; x_wconf 89' lang='lat' dir='ltr'><strong>peccatum</strong></span> <span class='ocrx_word' id='word_1_369' title='bbox 1832 4452 2007 4498; x_wconf 87' lang='lat' dir='ltr'><strong>vocat.</strong></span> 
     </span>
    </p>
   </div>
   <div class='ocr_carea' id='block_1_48' title="bbox 427 4517 2013 4602">
    <p class='ocr_par' dir='ltr' id='par_1_48' title="bbox 427 4517 2013 4602">
     <span class='ocr_line' id='line_1_48' title="bbox 427 4517 2013 4602; baseline -0.006 -6"><span class='ocrx_word' id='word_1_370' title='bbox 427 4540 498 4596; x_wconf 89' lang='lat' dir='ltr'><strong>Ut</strong></span> <span class='ocrx_word' id='word_1_371' title='bbox 544 4548 630 4594; x_wconf 83' lang='lat' dir='ltr'><strong>est</strong></span> <span class='ocrx_word' id='word_1_372' title='bbox 682 4517 853 4592; x_wconf 86' lang='lat' dir='ltr'><strong>illud:</strong></span> <span class='ocrx_word' id='word_1_373' title='bbox 896 4552 914 4585; x_wconf 74' lang='grc' dir='ltr'>ι</span> <span class='ocrx_word' id='word_1_374' title='bbox 944 4533 1119 4588; x_wconf 89' lang='lat' dir='ltr'><strong>Ponat</strong></span> <span class='ocrx_word' id='word_1_375' title='bbox 1167 4548 1387 4587; x_wconf 91' lang='lat' dir='ltr'><strong>manum</strong></span> <span class='ocrx_word' id='word_1_376' title='bbox 1437 4547 1589 4588; x_wconf 89' lang='lat' dir='ltr'><strong>suam</strong></span> <span class='ocrx_word' id='word_1_377' title='bbox 1639 4548 1802 4602; x_wconf 88' lang='lat' dir='ltr'><strong>super</strong></span> <span class='ocrx_word' id='word_1_378' title='bbox 1849 4541 2013 4602; x_wconf 90' lang='lat' dir='ltr'><strong>caput</strong></span> 
     </span>
    </p>
   </div>
   <div class='ocr_carea' id='block_1_49' title="bbox 426 4622 2011 4702">
    <p class='ocr_par' dir='ltr' id='par_1_49' title="bbox 426 4622 2011 4702">
     <span class='ocr_line' id='line_1_49' title="bbox 426 4622 2011 4702; baseline -0.002 -18"><span class='ocrx_word' id='word_1_379' title='bbox 426 4630 634 4702; x_wconf 86' lang='lat' dir='ltr'><strong>peccati</strong></span> <span class='ocrx_word' id='word_1_380' title='bbox 673 4627 756 4683; x_wconf 83' lang='lat' dir='ltr'><strong>sui</strong></span> <span class='ocrx_word' id='word_1_381' title='bbox 777 4667 791 4693; x_wconf 87' lang='lat'><strong>,</strong></span> <span class='ocrx_word' id='word_1_382' title='bbox 829 4633 884 4681; x_wconf 91' lang='lat' dir='ltr'><strong>et</strong></span> <span class='ocrx_word' id='word_1_383' title='bbox 920 4625 999 4680; x_wconf 89' lang='lat' dir='ltr'><strong>sie</strong></span> <span class='ocrx_word' id='word_1_384' title='bbox 1034 4638 1153 4679; x_wconf 87' lang='lat' dir='ltr'><strong>eam</strong></span> <span class='ocrx_word' id='word_1_385' title='bbox 1184 4623 1414 4678; x_wconf 89' lang='lat' dir='ltr'><strong>Domino</strong></span> <span class='ocrx_word' id='word_1_386' title='bbox 1449 4622 1661 4678; x_wconf 81' lang='lat' dir='ltr'><strong>otl‘erat.</strong></span> <span class='ocrx_word' id='word_1_387' title='bbox 1695 4645 1713 4677; x_wconf 82' lang='grc'>›</span> <span class='ocrx_word' id='word_1_388' title='bbox 1750 4625 1849 4692; x_wconf 89' lang='lat' dir='ltr'><strong>Qui</strong></span> <span class='ocrx_word' id='word_1_389' title='bbox 1881 4641 2011 4696; x_wconf 88' lang='lat' dir='ltr'><strong>ergo</strong></span> 
     </span>
    </p>
   </div>
   <div class='ocr_carea' id='block_1_50' title="bbox 426 4716 2011 4793">
    <p class='ocr_par' dir='ltr' id='par_1_50' title="bbox 426 4716 2011 4793">
     <span class='ocr_line' id='line_1_50' title="bbox 426 4716 2011 4793; baseline -0.003 -15"><span class='ocrx_word' id='word_1_390' title='bbox 426 4725 479 4778; x_wconf 93' lang='lat' dir='ltr'><strong>in</strong></span> <span class='ocrx_word' id='word_1_391' title='bbox 511 4721 831 4793; x_wconf 81' lang='lat' dir='ltr'><strong>parentibus</strong></span> <span class='ocrx_word' id='word_1_392' title='bbox 869 4726 926 4772; x_wconf 88' lang='lat' dir='ltr'><strong>et</strong></span> <span class='ocrx_word' id='word_1_393' title='bbox 963 4717 1175 4771; x_wconf 62' lang='lat' dir='ltr'><strong>caeteris</strong></span> <span class='ocrx_word' id='word_1_394' title='bbox 1216 4716 1581 4786; x_wconf 80' lang='lat' dir='ltr'><strong>indigentibus</strong></span> <span class='ocrx_word' id='word_1_395' title='bbox 1620 4719 2011 4774; x_wconf 73' lang='lat' dir='ltr'><strong>misericordia:</strong></span> 
     </span>
    </p>
   </div>
   <div class='ocr_carea' id='block_1_51' title="bbox 424 4806 2012 4881">
    <p class='ocr_par' dir='ltr' id='par_1_51' title="bbox 424 4806 2012 4881">
     <span class='ocr_line' id='line_1_51' title="bbox 424 4806 2012 4881; baseline -0.004 -12"><span class='ocrx_word' id='word_1_396' title='bbox 424 4820 644 4869; x_wconf 80' lang='lat' dir='ltr'><strong>exercet</strong></span> <span class='ocrx_word' id='word_1_397' title='bbox 669 4825 864 4881; x_wconf 90' lang='lat' dir='ltr'><strong>opera,</strong></span> <span class='ocrx_word' id='word_1_398' title='bbox 896 4809 1013 4864; x_wconf 86' lang='lat' dir='ltr'><strong>sine</strong></span> <span class='ocrx_word' id='word_1_399' title='bbox 1041 4807 1203 4863; x_wconf 90' lang='lat' dir='ltr'><strong>dubio</strong></span> <span class='ocrx_word' id='word_1_400' title='bbox 1226 4806 1452 4877; x_wconf 83' lang='lat' dir='ltr'><strong>justitiae</strong></span> <span class='ocrx_word' id='word_1_401' title='bbox 1479 4822 1590 4862; x_wconf 67' lang='lat' dir='ltr'><strong>suae</strong></span> <span class='ocrx_word' id='word_1_402' title='bbox 1619 4807 1842 4878; x_wconf 88' lang='lat' dir='ltr'><strong>recipiet</strong></span> <span class='ocrx_word' id='word_1_403' title='bbox 1876 4824 2012 4880; x_wconf 72' lang='lat' dir='ltr'><strong>prte-</strong></span> 
     </span>
    </p>
   </div>
   <div class='ocr_carea' id='block_1_52' title="bbox 429 4897 2011 4973">
    <p class='ocr_par' dir='ltr' id='par_1_52' title="bbox 429 4897 2011 4973">
     <span class='ocr_line' id='line_1_52' title="bbox 429 4897 2011 4973; baseline -0.004 -13"><span class='ocrx_word' id='word_1_404' title='bbox 429 4907 626 4970; x_wconf 90' lang='lat' dir='ltr'><strong>mium,</strong></span> <span class='ocrx_word' id='word_1_405' title='bbox 658 4913 715 4957; x_wconf 91' lang='lat' dir='ltr'><strong>et</strong></span> <span class='ocrx_word' id='word_1_406' title='bbox 746 4919 777 4956; x_wconf 87' lang='lat' dir='ltr'><strong>a</strong></span> <span class='ocrx_word' id='word_1_407' title='bbox 815 4899 1052 4973; x_wconf 87' lang='lat' dir='ltr'><strong>peccatis</strong></span> <span class='ocrx_word' id='word_1_408' title='bbox 1090 4897 1369 4954; x_wconf 88' lang='lat' dir='ltr'><strong>absolutus</strong></span> <span class='ocrx_word' id='word_1_409' title='bbox 1398 4897 1704 4953; x_wconf 85' lang='lat' dir='ltr'><strong>mercedem</strong></span> <span class='ocrx_word' id='word_1_410' title='bbox 1736 4901 1860 4953; x_wconf 59' lang='lat' dir='ltr'><strong>vita</strong></span> <span class='ocrx_word' id='word_1_411' title='bbox 1890 4915 2011 4970; x_wconf 90' lang='lat' dir='ltr'><strong>pos-</strong></span> 
     </span>
    </p>
   </div>
   <div class='ocr_carea' id='block_1_53' title="bbox 427 4989 1449 5057">
    <p class='ocr_par' dir='ltr' id='par_1_53' title="bbox 427 4989 1449 5057">
     <span class='ocr_line' id='line_1_53' title="bbox 427 4989 1449 5057; baseline -0.011 -5"><span class='ocrx_word' id='word_1_412' title='bbox 427 4995 623 5052; x_wconf 86' lang='lat' dir='ltr'><strong>sidebit</strong></span> <span class='ocrx_word' id='word_1_413' title='bbox 649 5002 886 5047; x_wconf 66' lang='lat' dir='ltr'><strong>aeternae.</strong></span> <span class='ocrx_word' id='word_1_414' title='bbox 922 4990 1075 5045; x_wconf 86' lang='lat' dir='ltr'><strong>Unde</strong></span> <span class='ocrx_word' id='word_1_415' title='bbox 1103 4998 1158 5042; x_wconf 92' lang='lat' dir='ltr'><strong>et</strong></span> <span class='ocrx_word' id='word_1_416' title='bbox 1187 4989 1449 5057; x_wconf 88' lang='lat' dir='ltr'><strong>sequitur.</strong></span> 
     </span>
    </p>
   </div>
   <div class='ocr_carea' id='block_1_54' title="bbox 505 5080 2009 5148">
    <p class='ocr_par' dir='ltr' id='par_1_54' title="bbox 505 5080 2009 5148">
     <span class='ocr_line' id='line_1_54' title="bbox 505 5080 2009 5148; baseline -0.001 -11"><span class='ocrx_word' id='word_1_417' title='bbox 505 5105 526 5137; x_wconf 70' lang='grc' dir='ltr'>ι</span> <span class='ocrx_word' id='word_1_418' title='bbox 555 5085 613 5140; x_wconf 88' lang='lat' dir='ltr'><strong>ln</strong></span> <span class='ocrx_word' id='word_1_419' title='bbox 636 5084 724 5139; x_wconf 89' lang='lat' dir='ltr'><strong>die</strong></span> <span class='ocrx_word' id='word_1_420' title='bbox 749 5080 1116 5138; x_wconf 84' lang='lat' dir='ltr'><strong>tribulationis</strong></span> <span class='ocrx_word' id='word_1_421' title='bbox 1140 5081 1650 5136; x_wconf 88' lang='lat' dir='ltr'><strong>commemorabitur</strong></span> <span class='ocrx_word' id='word_1_422' title='bbox 1668 5082 1764 5148; x_wconf 91' lang='lat' dir='ltr'><strong>tui,</strong></span> <span class='ocrx_word' id='word_1_423' title='bbox 1789 5090 1844 5136; x_wconf 89' lang='lat' dir='ltr'><strong>et</strong></span> <span class='ocrx_word' id='word_1_424' title='bbox 1869 5082 2009 5137; x_wconf 88' lang='lat' dir='ltr'><strong>sicut</strong></span> 
     </span>
    </p>
   </div>
   <div class='ocr_carea' id='block_1_55' title="bbox 433 5167 2010 5243">
    <p class='ocr_par' dir='ltr' id='par_1_55' title="bbox 433 5167 2010 5243">
     <span class='ocr_line' id='line_1_55' title="bbox 433 5167 2010 5243; baseline 0 -15"><span class='ocrx_word' id='word_1_425' title='bbox 433 5195 452 5228; x_wconf 80' lang='grc' dir='ltr'>ι</span> <span class='ocrx_word' id='word_1_426' title='bbox 483 5176 536 5229; x_wconf 83' lang='lat' dir='ltr'><strong>in</strong></span> <span class='ocrx_word' id='word_1_427' title='bbox 567 5187 759 5228; x_wconf 88' lang='lat' dir='ltr'><strong>sereno</strong></span> <span class='ocrx_word' id='word_1_428' title='bbox 795 5169 994 5242; x_wconf 87' lang='lat' dir='ltr'><strong>glacies</strong></span> <span class='ocrx_word' id='word_1_429' title='bbox 1029 5167 1310 5225; x_wconf 88' lang='lat' dir='ltr'><strong>solventur</strong></span> <span class='ocrx_word' id='word_1_430' title='bbox 1334 5179 1559 5243; x_wconf 86' lang='lat' dir='ltr'><strong>peccata</strong></span> <span class='ocrx_word' id='word_1_431' title='bbox 1589 5179 1701 5225; x_wconf 90' lang='lat' dir='ltr'><strong>tua.</strong></span> <span class='ocrx_word' id='word_1_432' title='bbox 1737 5192 1755 5224; x_wconf 70' lang='grc' dir='ltr'><strong>ι</strong></span> <span class='ocrx_word' id='word_1_433' title='bbox 1789 5171 1926 5228; x_wconf 89' lang='lat' dir='ltr'><strong>Hinc</strong></span> <span class='ocrx_word' id='word_1_434' title='bbox 1956 5181 2010 5227; x_wconf 92' lang='lat' dir='ltr'><strong>et</strong></span> 
     </span>
    </p>
   </div>
   <div class='ocr_carea' id='block_1_56' title="bbox 427 5259 2007 5334">
    <p class='ocr_par' dir='ltr' id='par_1_56' title="bbox 427 5259 2007 5334">
     <span class='ocr_line' id='line_1_56' title="bbox 427 5259 2007 5334; baseline -0.003 -11"><span class='ocrx_word' id='word_1_435' title='bbox 427 5263 615 5324; x_wconf 87' lang='lat' dir='ltr'><strong>Daniel</strong></span> <span class='ocrx_word' id='word_1_436' title='bbox 648 5261 910 5334; x_wconf 87' lang='lat' dir='ltr'><strong>propheta</strong></span> <span class='ocrx_word' id='word_1_437' title='bbox 947 5259 1450 5315; x_wconf 86' lang='lat' dir='ltr'><strong>Nabuchodonosor</strong></span> <span class='ocrx_word' id='word_1_438' title='bbox 1482 5262 1595 5334; x_wconf 88' lang='lat' dir='ltr'><strong>regi</strong></span> <span class='ocrx_word' id='word_1_439' title='bbox 1629 5261 2007 5332; x_wconf 84' lang='lat' dir='ltr'><strong>hujuscemodi</strong></span> 
     </span>
    </p>
   </div>
   <div class='ocr_carea' id='block_1_57' title="bbox 426 5353 2008 5422">
    <p class='ocr_par' dir='ltr' id='par_1_57' title="bbox 426 5353 2008 5422">
     <span class='ocr_line' id='line_1_57' title="bbox 426 5353 2008 5422; baseline -0.005 -4"><span class='ocrx_word' id='word_1_440' title='bbox 426 5358 711 5419; x_wconf 85' lang='lat' dir='ltr'><strong>consilium</strong></span> <span class='ocrx_word' id='word_1_441' title='bbox 768 5355 914 5410; x_wconf 87' lang='lat' dir='ltr'><strong>dedit</strong></span> <span class='ocrx_word' id='word_1_442' title='bbox 941 5395 955 5420; x_wconf 80' lang='lat'><strong>,</strong></span> <span class='ocrx_word' id='word_1_443' title='bbox 1014 5354 1244 5410; x_wconf 87' lang='lat' dir='ltr'><strong>dicens:</strong></span> <span class='ocrx_word' id='word_1_444' title='bbox 1281 5372 1300 5404; x_wconf 73' lang='grc' dir='ltr'><strong><em>ι</em></strong></span> <span class='ocrx_word' id='word_1_445' title='bbox 1329 5353 1624 5409; x_wconf 90' lang='lat' dir='ltr'><strong>Consilium</strong></span> <span class='ocrx_word' id='word_1_446' title='bbox 1691 5372 1909 5422; x_wconf 90' lang='lat' dir='ltr'><strong>meum,</strong></span> <span class='ocrx_word' id='word_1_447' title='bbox 1975 5372 2008 5410; x_wconf 92' lang='grc' dir='ltr'><strong>ο</strong></span> 
     </span>
    </p>
   </div>
   <div class='ocr_carea' id='block_1_58' title="bbox 427 5447 2008 5525">
    <p class='ocr_par' dir='ltr' id='par_1_58' title="bbox 427 5447 2008 5525">
     <span class='ocr_line' id='line_1_58' title="bbox 427 5447 2008 5525; baseline -0.004 -14"><span class='ocrx_word' id='word_1_448' title='bbox 427 5472 542 5518; x_wconf 82' lang='lat' dir='ltr'><strong>rex,</strong></span> <span class='ocrx_word' id='word_1_449' title='bbox 580 5452 792 5525; x_wconf 88' lang='lat' dir='ltr'><strong>placeat</strong></span> <span class='ocrx_word' id='word_1_450' title='bbox 822 5447 942 5513; x_wconf 90' lang='lat' dir='ltr'><strong>tibi,</strong></span> <span class='ocrx_word' id='word_1_451' title='bbox 972 5454 1028 5503; x_wconf 89' lang='lat' dir='ltr'><strong>et</strong></span> <span class='ocrx_word' id='word_1_452' title='bbox 1055 5454 1280 5517; x_wconf 89' lang='lat' dir='ltr'><strong>peccata</strong></span> <span class='ocrx_word' id='word_1_453' title='bbox 1307 5447 1667 5519; x_wconf 84' lang='lat' dir='ltr'><strong>eleemosynis</strong></span> <span class='ocrx_word' id='word_1_454' title='bbox 1697 5449 1925 5514; x_wconf 86' lang='lat' dir='ltr'><strong>redime,</strong></span> <span class='ocrx_word' id='word_1_455' title='bbox 1951 5460 2008 5505; x_wconf 88' lang='lat' dir='ltr'><strong>et</strong></span> 
     </span>
    </p>
   </div>
   <div class='ocr_carea' id='block_1_59' title="bbox 427 5537 2005 5616">
    <p class='ocr_par' dir='ltr' id='par_1_59' title="bbox 427 5537 2005 5616">
     <span class='ocr_line' id='line_1_59' title="bbox 427 5537 2005 5616; baseline -0.004 -15"><span class='ocrx_word' id='word_1_456' title='bbox 427 5545 740 5616; x_wconf 82' lang='lat' dir='ltr'><strong>iniquitates</strong></span> <span class='ocrx_word' id='word_1_457' title='bbox 776 5548 898 5595; x_wconf 87' lang='lat' dir='ltr'><strong>tuas</strong></span> <span class='ocrx_word' id='word_1_458' title='bbox 945 5537 1336 5594; x_wconf 88' lang='lat' dir='ltr'><strong>misericordiis</strong></span> <span class='ocrx_word' id='word_1_459' title='bbox 1386 5553 1684 5609; x_wconf 87' lang='lat' dir='ltr'><strong>pauperum</strong></span> <span class='ocrx_word' id='word_1_460' title='bbox 1709 5581 1722 5604; x_wconf 90' lang='lat'><strong>,</strong></span> <span class='ocrx_word' id='word_1_461' title='bbox 1777 5538 2005 5594; x_wconf 87' lang='lat' dir='ltr'><strong>forsitan</strong></span> 
     </span>
    </p>
   </div>
   <div class='ocr_carea' id='block_1_60' title="bbox 429 5629 2009 5709">
    <p class='ocr_par' dir='ltr' id='par_1_60' title="bbox 429 5629 2009 5709">
     <span class='ocr_line' id='line_1_60' title="bbox 429 5629 2009 5709; baseline -0.003 -17"><span class='ocrx_word' id='word_1_462' title='bbox 429 5639 670 5709; x_wconf 83' lang='lat' dir='ltr'><strong>ignoscet</strong></span> <span class='ocrx_word' id='word_1_463' title='bbox 703 5633 846 5690; x_wconf 86' lang='lat' dir='ltr'><strong>Deus</strong></span> <span class='ocrx_word' id='word_1_464' title='bbox 880 5630 1092 5688; x_wconf 82' lang='lat' dir='ltr'><strong>delictis</strong></span> <span class='ocrx_word' id='word_1_465' title='bbox 1126 5630 1231 5685; x_wconf 82' lang='lat' dir='ltr'><strong>tuis</strong></span> <span class='ocrx_word' id='word_1_466' title='bbox 1271 5629 1291 5701; x_wconf 86' lang='lat'><strong>(</strong></span> <span class='ocrx_word' id='word_1_467' title='bbox 1320 5629 1456 5683; x_wconf 83' lang='lat' dir='ltr'><strong>Dan.</strong></span> <span class='ocrx_word' id='word_1_468' title='bbox 1477 5647 1545 5685; x_wconf 77' lang='lat' dir='ltr'><strong>Jv</strong></span> <span class='ocrx_word' id='word_1_469' title='bbox 1571 5631 1609 5702; x_wconf 90' lang='lat'><strong>).</strong></span> <span class='ocrx_word' id='word_1_470' title='bbox 1647 5651 1663 5682; x_wconf 77' lang='grc' dir='ltr'><strong>ι</strong></span> <span class='ocrx_word' id='word_1_471' title='bbox 1703 5633 1776 5686; x_wconf 85' lang='lat' dir='ltr'><strong>De</strong></span> <span class='ocrx_word' id='word_1_472' title='bbox 1813 5647 1920 5700; x_wconf 87' lang='lat' dir='ltr'><strong>quo</strong></span> <span class='ocrx_word' id='word_1_473' title='bbox 1953 5641 2009 5688; x_wconf 88' lang='lat' dir='ltr'><strong>et</strong></span> 
     </span>
    </p>
   </div>
   <div class='ocr_carea' id='block_1_61' title="bbox 428 5722 1997 5802">
    <p class='ocr_par' dir='ltr' id='par_1_61' title="bbox 428 5722 1997 5802">
     <span class='ocr_line' id='line_1_61' title="bbox 428 5722 1997 5802; baseline -0.006 -16"><span class='ocrx_word' id='word_1_474' title='bbox 428 5730 542 5802; x_wconf 85' lang='lat' dir='ltr'><strong>ipsa</strong></span> <span class='ocrx_word' id='word_1_475' title='bbox 571 5726 783 5781; x_wconf 79' lang='lat' dir='ltr'><strong>Veritas</strong></span> <span class='ocrx_word' id='word_1_476' title='bbox 808 5726 863 5779; x_wconf 89' lang='lat' dir='ltr'><strong>iu</strong></span> <span class='ocrx_word' id='word_1_477' title='bbox 889 5722 1182 5794; x_wconf 79' lang='lat' dir='ltr'><strong>Evangelio</strong></span> <span class='ocrx_word' id='word_1_478' title='bbox 1212 5722 1289 5777; x_wconf 93' lang='lat' dir='ltr'><strong>ait</strong></span> <span class='ocrx_word' id='word_1_479' title='bbox 1315 5739 1326 5774; x_wconf 93' lang='lat'><strong>:</strong></span> <span class='ocrx_word' id='word_1_480' title='bbox 1359 5739 1376 5770; x_wconf 74' lang='grc' dir='ltr'>ι</span> <span class='ocrx_word' id='word_1_481' title='bbox 1407 5722 1540 5776; x_wconf 87' lang='lat' dir='ltr'><strong>Date</strong></span> <span class='ocrx_word' id='word_1_482' title='bbox 1568 5722 1997 5794; x_wconf 76' lang='lat' dir='ltr'><strong>elcemosynam,</strong></span> 
     </span>
    </p>
   </div>
   <div class='ocr_carea' id='block_1_62' title="bbox 2040 4493 2090 4551">
    <p class='ocr_par' dir='ltr' id='par_1_62' title="bbox 2040 4493 2090 4551">
     <span class='ocr_line' id='line_1_62' title="bbox 2040 4493 2090 4551; baseline 0 0"><span class='ocrx_word' id='word_1_483' title='bbox 2040 4493 2090 4551; x_wconf 88' lang='lat' dir='ltr'><strong>D</strong></span> 
     </span>
    </p>
   </div>
   <div class='ocr_carea' id='block_1_63' title="bbox 2107 520 3696 591">
    <p class='ocr_par' dir='ltr' id='par_1_63' title="bbox 2107 520 3696 591">
     <span class='ocr_line' id='line_1_63' title="bbox 2107 520 3696 591; baseline 0 -13"><span class='ocrx_word' id='word_1_484' title='bbox 2107 534 2161 578; x_wconf 91' lang='lat' dir='ltr'><strong>et</strong></span> <span class='ocrx_word' id='word_1_485' title='bbox 2192 525 2244 577; x_wconf 92' lang='lat' dir='ltr'><strong>in</strong></span> <span class='ocrx_word' id='word_1_486' title='bbox 2277 522 2459 577; x_wconf 92' lang='lat' dir='ltr'><strong>futuro</strong></span> <span class='ocrx_word' id='word_1_487' title='bbox 2479 520 2685 590; x_wconf 90' lang='lat' dir='ltr'><strong>judicio</strong></span> <span class='ocrx_word' id='word_1_488' title='bbox 2714 521 2958 576; x_wconf 89' lang='lat' dir='ltr'><strong>dicturus</strong></span> <span class='ocrx_word' id='word_1_489' title='bbox 2989 529 3074 576; x_wconf 91' lang='lat' dir='ltr'><strong>est</strong></span> <span class='ocrx_word' id='word_1_490' title='bbox 3103 521 3185 575; x_wconf 95' lang='lat' dir='ltr'><strong>eis</strong></span> <span class='ocrx_word' id='word_1_491' title='bbox 3208 562 3222 587; x_wconf 93' lang='lat'><strong>,</strong></span> <span class='ocrx_word' id='word_1_492' title='bbox 3265 522 3360 591; x_wconf 90' lang='lat' dir='ltr'><strong>qui</strong></span> <span class='ocrx_word' id='word_1_493' title='bbox 3401 522 3467 576; x_wconf 88' lang='lat' dir='ltr'><strong>ad</strong></span> <span class='ocrx_word' id='word_1_494' title='bbox 3511 524 3696 578; x_wconf 74' lang='lat' dir='ltr'><strong>dexte-</strong></span> 
     </span>
    </p>
   </div>
   <div class='ocr_carea' id='block_1_64' title="bbox 2111 611 3694 682">
    <p class='ocr_par' dir='ltr' id='par_1_64' title="bbox 2111 611 3694 682">
     <span class='ocr_line' id='line_1_64' title="bbox 2111 611 3694 682; baseline 0.001 -14"><span class='ocrx_word' id='word_1_495' title='bbox 2111 630 2228 669; x_wconf 88' lang='lat' dir='ltr'><strong>ram</strong></span> <span class='ocrx_word' id='word_1_496' title='bbox 2258 613 2376 682; x_wconf 88' lang='lat' dir='ltr'><strong>ejus</strong></span> <span class='ocrx_word' id='word_1_497' title='bbox 2402 613 2711 669; x_wconf 88' lang='lat' dir='ltr'><strong>consistunt</strong></span> <span class='ocrx_word' id='word_1_498' title='bbox 2740 631 2753 665; x_wconf 90' lang='lat'><strong>:</strong></span> <span class='ocrx_word' id='word_1_499' title='bbox 2777 632 2796 664; x_wconf 87' lang='grc'><strong><em>‹</em></strong></span> <span class='ocrx_word' id='word_1_500' title='bbox 2815 611 3032 678; x_wconf 77' lang='lat' dir='ltr'><strong>Venite,</strong></span> <span class='ocrx_word' id='word_1_501' title='bbox 3057 613 3323 668; x_wconf 88' lang='lat' dir='ltr'><strong>benedicti</strong></span> <span class='ocrx_word' id='word_1_502' title='bbox 3351 612 3531 668; x_wconf 89' lang='lat' dir='ltr'><strong>Patris</strong></span> <span class='ocrx_word' id='word_1_503' title='bbox 3556 617 3694 682; x_wconf 89' lang='lat' dir='ltr'><strong>mei,</strong></span> 
     </span>
    </p>
   </div>
   <div class='ocr_carea' id='block_1_65' title="bbox 2112 704 3698 776">
    <p class='ocr_par' dir='ltr' id='par_1_65' title="bbox 2112 704 3698 776">
     <span class='ocr_line' id='line_1_65' title="bbox 2112 704 3698 776; baseline 0.003 -19"><span class='ocrx_word' id='word_1_504' title='bbox 2112 706 2382 776; x_wconf 74' lang='lat' dir='ltr'><strong>prrcipitc</strong></span> <span class='ocrx_word' id='word_1_505' title='bbox 2413 721 2670 776; x_wconf 84' lang='lat' dir='ltr'><strong>regnum,</strong></span> <span class='ocrx_word' id='word_1_506' title='bbox 2705 705 2846 774; x_wconf 90' lang='lat' dir='ltr'><strong>quod</strong></span> <span class='ocrx_word' id='word_1_507' title='bbox 2879 704 3033 758; x_wconf 86' lang='lat' dir='ltr'><strong>vobis</strong></span> <span class='ocrx_word' id='word_1_508' title='bbox 3068 713 3316 775; x_wconf 88' lang='lat' dir='ltr'><strong>paratum</strong></span> <span class='ocrx_word' id='word_1_509' title='bbox 3353 714 3440 759; x_wconf 91' lang='lat' dir='ltr'><strong>est</strong></span> <span class='ocrx_word' id='word_1_510' title='bbox 3477 707 3546 761; x_wconf 88' lang='lat' dir='ltr'><strong>ab</strong></span> <span class='ocrx_word' id='word_1_511' title='bbox 3592 709 3698 762; x_wconf 84' lang='lat' dir='ltr'><strong>ori-</strong></span> 
     </span>
    </p>
   </div>
   <div class='ocr_carea' id='block_1_66' title="bbox 2108 797 3694 870">
    <p class='ocr_par' dir='ltr' id='par_1_66' title="bbox 2108 797 3694 870">
     <span class='ocr_line' id='line_1_66' title="bbox 2108 797 3694 870; baseline 0.001 -19"><span class='ocrx_word' id='word_1_512' title='bbox 2108 801 2232 870; x_wconf 78' lang='lat' dir='ltr'><strong>gine</strong></span> <span class='ocrx_word' id='word_1_513' title='bbox 2266 799 2472 852; x_wconf 90' lang='lat' dir='ltr'><strong>mundi.</strong></span> <span class='ocrx_word' id='word_1_514' title='bbox 2515 798 2728 852; x_wconf 84' lang='lat' dir='ltr'><strong>Esnrivi</strong></span> <span class='ocrx_word' id='word_1_515' title='bbox 2759 797 2901 851; x_wconf 89' lang='lat' dir='ltr'><strong>enim</strong></span> <span class='ocrx_word' id='word_1_516' title='bbox 2922 838 2936 861; x_wconf 89' lang='lat'><strong>,</strong></span> <span class='ocrx_word' id='word_1_517' title='bbox 2967 805 3019 850; x_wconf 88' lang='lat' dir='ltr'><strong>et</strong></span> <span class='ocrx_word' id='word_1_518' title='bbox 3049 797 3276 851; x_wconf 86' lang='lat' dir='ltr'><strong>dedistis</strong></span> <span class='ocrx_word' id='word_1_519' title='bbox 3307 797 3437 851; x_wconf 89' lang='lat' dir='ltr'><strong>mihi</strong></span> <span class='ocrx_word' id='word_1_520' title='bbox 3467 800 3694 853; x_wconf 69' lang='lat' dir='ltr'><strong>numzlu-</strong></span> 
     </span>
    </p>
   </div>
   <div class='ocr_carea' id='block_1_67' title="bbox 2108 887 3693 959">
    <p class='ocr_par' dir='ltr' id='par_1_67' title="bbox 2108 887 3693 959">
     <span class='ocr_line' id='line_1_67' title="bbox 2108 887 3693 959; baseline -0.001 -15"><span class='ocrx_word' id='word_1_521' title='bbox 2108 905 2274 954; x_wconf 82' lang='lat' dir='ltr'><strong>care;</strong></span> <span class='ocrx_word' id='word_1_522' title='bbox 2313 889 2489 953; x_wconf 78' lang='lat' dir='ltr'><strong>sitivi,</strong></span> <span class='ocrx_word' id='word_1_523' title='bbox 2525 897 2579 943; x_wconf 88' lang='lat' dir='ltr'><strong>ct</strong></span> <span class='ocrx_word' id='word_1_524' title='bbox 2615 889 2841 943; x_wconf 84' lang='lat' dir='ltr'><strong>dedistis</strong></span> <span class='ocrx_word' id='word_1_525' title='bbox 2876 888 3008 941; x_wconf 89' lang='lat' dir='ltr'><strong>mihi</strong></span> <span class='ocrx_word' id='word_1_526' title='bbox 3045 887 3263 950; x_wconf 89' lang='lat' dir='ltr'><strong>bibere,</strong></span> <span class='ocrx_word' id='word_1_527' title='bbox 3300 896 3404 942; x_wconf 89' lang='lat' dir='ltr'><strong>etc.</strong></span> <span class='ocrx_word' id='word_1_528' title='bbox 3453 888 3693 959; x_wconf 76' lang='lat' dir='ltr'><strong>(Matth.</strong></span> 
     </span>
    </p>
   </div>
   <div class='ocr_carea' id='block_1_68' title="bbox 2110 979 3694 1053">
    <p class='ocr_par' dir='ltr' id='par_1_68' title="bbox 2110 979 3694 1053">
     <span class='ocr_line' id='line_1_68' title="bbox 2110 979 3694 1053; baseline 0.001 -17"><span class='ocrx_word' id='word_1_529' title='bbox 2110 981 2277 1053; x_wconf 85' lang='lat' dir='ltr'><strong>xxv).</strong></span> <span class='ocrx_word' id='word_1_530' title='bbox 2315 1001 2333 1033; x_wconf 74' lang='grc' dir='ltr'><strong><em>ι</em></strong></span> <span class='ocrx_word' id='word_1_531' title='bbox 2370 981 2525 1036; x_wconf 91' lang='lat' dir='ltr'><strong>Sicut</strong></span> <span class='ocrx_word' id='word_1_532' title='bbox 2559 990 2610 1034; x_wconf 90' lang='lat' dir='ltr'><strong>et</strong></span> <span class='ocrx_word' id='word_1_533' title='bbox 2648 981 2699 1034; x_wconf 93' lang='lat' dir='ltr'><strong>in</strong></span> <span class='ocrx_word' id='word_1_534' title='bbox 2738 979 3044 1035; x_wconf 82' lang='lat' dir='ltr'><strong>Proverbiis</strong></span> <span class='ocrx_word' id='word_1_535' title='bbox 3080 981 3340 1049; x_wconf 89' lang='lat' dir='ltr'><strong>scriptum</strong></span> <span class='ocrx_word' id='word_1_536' title='bbox 3377 991 3459 1035; x_wconf 89' lang='lat' dir='ltr'><strong>est</strong></span> <span class='ocrx_word' id='word_1_537' title='bbox 3491 1001 3503 1034; x_wconf 95' lang='lat'>:</span> <span class='ocrx_word' id='word_1_538' title='bbox 3541 1001 3559 1032; x_wconf 75' lang='grc' dir='ltr'>ι</span> <span class='ocrx_word' id='word_1_539' title='bbox 3596 985 3694 1049; x_wconf 83' lang='lat' dir='ltr'><strong>Qui</strong></span> 
     </span>
    </p>
   </div>
   <div class='ocr_carea' id='block_1_69' title="bbox 2110 1071 3440 1142">
    <p class='ocr_par' dir='ltr' id='par_1_69' title="bbox 2110 1071 3440 1142">
     <span class='ocr_line' id='line_1_69' title="bbox 2110 1071 3440 1142; baseline -0.001 -16"><span class='ocrx_word' id='word_1_540' title='bbox 2110 1088 2312 1142; x_wconf 87' lang='lat' dir='ltr'><strong>pronus</strong></span> <span class='ocrx_word' id='word_1_541' title='bbox 2342 1081 2426 1127; x_wconf 91' lang='lat' dir='ltr'><strong>est</strong></span> <span class='ocrx_word' id='word_1_542' title='bbox 2457 1072 2526 1125; x_wconf 89' lang='lat' dir='ltr'><strong>ad</strong></span> <span class='ocrx_word' id='word_1_543' title='bbox 2556 1071 2983 1126; x_wconf 88' lang='lat' dir='ltr'><strong>misericordiam</strong></span> <span class='ocrx_word' id='word_1_544' title='bbox 3015 1071 3386 1126; x_wconf 88' lang='lat' dir='ltr'><strong>benedicetur.</strong></span> <span class='ocrx_word' id='word_1_545' title='bbox 3422 1094 3440 1125; x_wconf 75' lang='grc' dir='ltr'><strong><em>ι</em></strong></span> 
     </span>
    </p>
   </div>
   <div class='ocr_carea' id='block_1_70' title="bbox 2189 1163 3700 1235">
    <p class='ocr_par' dir='ltr' id='par_1_70' title="bbox 2189 1163 3700 1235">
     <span class='ocr_line' id='line_1_70' title="bbox 2189 1163 3700 1235; baseline 0.003 -20"><span class='ocrx_word' id='word_1_546' title='bbox 2189 1185 2206 1215; x_wconf 74' lang='grc' dir='ltr'>ι</span> <span class='ocrx_word' id='word_1_547' title='bbox 2228 1167 2401 1232; x_wconf 86' lang='lat' dir='ltr'><strong>Quam</strong></span> <span class='ocrx_word' id='word_1_548' title='bbox 2432 1165 2590 1219; x_wconf 74' lang='lat' dir='ltr'><strong>mala:</strong></span> <span class='ocrx_word' id='word_1_549' title='bbox 2618 1163 2777 1218; x_wconf 63' lang='lat' dir='ltr'><strong>fama!</strong></span> <span class='ocrx_word' id='word_1_550' title='bbox 2805 1171 2888 1219; x_wconf 90' lang='lat' dir='ltr'><strong>est</strong></span> <span class='ocrx_word' id='word_1_551' title='bbox 2916 1205 2930 1228; x_wconf 96' lang='lat'><strong>,</strong></span> <span class='ocrx_word' id='word_1_552' title='bbox 2959 1164 3052 1233; x_wconf 89' lang='lat' dir='ltr'><strong>qui</strong></span> <span class='ocrx_word' id='word_1_553' title='bbox 3083 1164 3331 1235; x_wconf 80' lang='lat' dir='ltr'><strong>relinquit</strong></span> <span class='ocrx_word' id='word_1_554' title='bbox 3368 1176 3574 1235; x_wconf 86' lang='lat' dir='ltr'><strong>patrem</strong></span> <span class='ocrx_word' id='word_1_555' title='bbox 3601 1183 3616 1229; x_wconf 87' lang='lat'><strong>;</strong></span> <span class='ocrx_word' id='word_1_556' title='bbox 3651 1175 3700 1220; x_wconf 84' lang='lat' dir='ltr'><strong>et</strong></span> 
     </span>
    </p>
   </div>
   <div class='ocr_carea' id='block_1_71' title="bbox 2116 1256 3700 1326">
    <p class='ocr_par' dir='ltr' id='par_1_71' title="bbox 2116 1256 3700 1326">
     <span class='ocr_line' id='line_1_71' title="bbox 2116 1256 3700 1326; baseline 0.001 -18"><span class='ocrx_word' id='word_1_557' title='bbox 2116 1277 2135 1308; x_wconf 87' lang='grc'><em>‹</em></span> <span class='ocrx_word' id='word_1_558' title='bbox 2164 1266 2245 1312; x_wconf 85' lang='lat' dir='ltr'><strong>est</strong></span> <span class='ocrx_word' id='word_1_559' title='bbox 2273 1256 2590 1311; x_wconf 85' lang='lat' dir='ltr'><strong>maledictus</strong></span> <span class='ocrx_word' id='word_1_560' title='bbox 2619 1272 2648 1309; x_wconf 88' lang='lat' dir='ltr'><strong>a</strong></span> <span class='ocrx_word' id='word_1_561' title='bbox 2675 1256 2936 1324; x_wconf 74' lang='lat' dir='ltr'><strong>Deo,.qui</strong></span> <span class='ocrx_word' id='word_1_562' title='bbox 2961 1265 3253 1326; x_wconf 90' lang='lat' dir='ltr'><strong>exasperat</strong></span> <span class='ocrx_word' id='word_1_563' title='bbox 3283 1268 3533 1311; x_wconf 85' lang='lat' dir='ltr'><strong>matrem.</strong></span> <span class='ocrx_word' id='word_1_564' title='bbox 3558 1279 3576 1309; x_wconf 70' lang='grc' dir='ltr'>ι</span> <span class='ocrx_word' id='word_1_565' title='bbox 3605 1259 3700 1312; x_wconf 76' lang='lat' dir='ltr'><strong>In:-</strong></span> 
     </span>
    </p>
   </div>
   <div class='ocr_carea' id='block_1_72' title="bbox 2109 1347 3695 1418">
    <p class='ocr_par' dir='ltr' id='par_1_72' title="bbox 2109 1347 3695 1418">
     <span class='ocr_line' id='line_1_72' title="bbox 2109 1347 3695 1418; baseline 0 -16"><span class='ocrx_word' id='word_1_566' title='bbox 2109 1349 2328 1410; x_wconf 85' lang='lat' dir='ltr'><strong>pietatis</strong></span> <span class='ocrx_word' id='word_1_567' title='bbox 2362 1347 2588 1402; x_wconf 92' lang='lat' dir='ltr'><strong>crimine</strong></span> <span class='ocrx_word' id='word_1_568' title='bbox 2627 1361 2752 1401; x_wconf 89' lang='lat' dir='ltr'><strong>reus</strong></span> <span class='ocrx_word' id='word_1_569' title='bbox 2784 1354 3018 1412; x_wconf 88' lang='lat' dir='ltr'><strong>tenetur,</strong></span> <span class='ocrx_word' id='word_1_570' title='bbox 3050 1347 3141 1416; x_wconf 88' lang='lat' dir='ltr'><strong>qui</strong></span> <span class='ocrx_word' id='word_1_571' title='bbox 3175 1347 3510 1418; x_wconf 76' lang='lat' dir='ltr'><strong>irreligiosus</strong></span> <span class='ocrx_word' id='word_1_572' title='bbox 3533 1359 3614 1402; x_wconf 86' lang='lat' dir='ltr'><strong>est</strong></span> <span class='ocrx_word' id='word_1_573' title='bbox 3649 1349 3695 1401; x_wconf 91' lang='lat' dir='ltr'><strong>in</strong></span> 
     </span>
    </p>
   </div>
   <div class='ocr_carea' id='block_1_73' title="bbox 2111 1435 3695 1510">
    <p class='ocr_par' dir='ltr' id='par_1_73' title="bbox 2111 1435 3695 1510">
     <span class='ocr_line' id='line_1_73' title="bbox 2111 1435 3695 1510; baseline 0.001 -16"><span class='ocrx_word' id='word_1_574' title='bbox 2111 1449 2404 1510; x_wconf 88' lang='lat' dir='ltr'><strong>parentes;</strong></span> <span class='ocrx_word' id='word_1_575' title='bbox 2437 1448 2492 1494; x_wconf 92' lang='lat' dir='ltr'><strong>et</strong></span> <span class='ocrx_word' id='word_1_576' title='bbox 2521 1439 2758 1494; x_wconf 82' lang='lat' dir='ltr'><strong>maxime</strong></span> <span class='ocrx_word' id='word_1_577' title='bbox 2787 1439 2895 1504; x_wconf 88' lang='lat' dir='ltr'><strong>ille,</strong></span> <span class='ocrx_word' id='word_1_578' title='bbox 2925 1439 3016 1508; x_wconf 89' lang='lat' dir='ltr'><strong>qui</strong></span> <span class='ocrx_word' id='word_1_579' title='bbox 3050 1440 3344 1508; x_wconf 78' lang='lat' dir='ltr'><strong>spiritalem</strong></span> <span class='ocrx_word' id='word_1_580' title='bbox 3376 1435 3588 1509; x_wconf 81' lang='lat' dir='ltr'><strong>patrem</strong></span> <span class='ocrx_word' id='word_1_581' title='bbox 3622 1443 3695 1494; x_wconf 72' lang='lat' dir='ltr'><strong>vel</strong></span> 
     </span>
    </p>
   </div>
   <div class='ocr_carea' id='block_1_74' title="bbox 2114 1529 3697 1601">
    <p class='ocr_par' dir='ltr' id='par_1_74' title="bbox 2114 1529 3697 1601">
     <span class='ocr_line' id='line_1_74' title="bbox 2114 1529 3697 1601; baseline 0 -17"><span class='ocrx_word' id='word_1_582' title='bbox 2114 1539 2342 1584; x_wconf 89' lang='lat' dir='ltr'><strong>matrem</strong></span> <span class='ocrx_word' id='word_1_583' title='bbox 2359 1530 2543 1600; x_wconf 84' lang='lat' dir='ltr'><strong>pravis</strong></span> <span class='ocrx_word' id='word_1_584' title='bbox 2557 1529 2898 1585; x_wconf 90' lang='lat' dir='ltr'><strong>sermonibus</strong></span> <span class='ocrx_word' id='word_1_585' title='bbox 2913 1539 3075 1600; x_wconf 89' lang='lat' dir='ltr'><strong>atque</strong></span> <span class='ocrx_word' id='word_1_586' title='bbox 3093 1531 3290 1601; x_wconf 83' lang='lat' dir='ltr'><strong>iniquis</strong></span> <span class='ocrx_word' id='word_1_587' title='bbox 3310 1532 3567 1601; x_wconf 74' lang='lat' dir='ltr'><strong>operibus</strong></span> <span class='ocrx_word' id='word_1_588' title='bbox 3583 1548 3697 1587; x_wconf 64' lang='lat' dir='ltr'><strong>csa.</strong></span> 
     </span>
    </p>
   </div>
   <div class='ocr_carea' id='block_1_75' title="bbox 2115 1623 3698 1693">
    <p class='ocr_par' dir='ltr' id='par_1_75' title="bbox 2115 1623 3698 1693">
     <span class='ocr_line' id='line_1_75' title="bbox 2115 1623 3698 1693; baseline 0.001 -14"><span class='ocrx_word' id='word_1_589' title='bbox 2115 1625 2319 1679; x_wconf 86' lang='lat' dir='ltr'><strong>cerbat.</strong></span> <span class='ocrx_word' id='word_1_590' title='bbox 2351 1623 2477 1677; x_wconf 86' lang='lat' dir='ltr'><strong>Ideo</strong></span> <span class='ocrx_word' id='word_1_591' title='bbox 2502 1638 2725 1678; x_wconf 88' lang='lat' dir='ltr'><strong>necesse</strong></span> <span class='ocrx_word' id='word_1_592' title='bbox 2761 1630 2844 1678; x_wconf 88' lang='lat' dir='ltr'><strong>est</strong></span> <span class='ocrx_word' id='word_1_593' title='bbox 2880 1633 2940 1678; x_wconf 90' lang='lat' dir='ltr'><strong>ut</strong></span> <span class='ocrx_word' id='word_1_594' title='bbox 2975 1625 3250 1693; x_wconf 82' lang='lat' dir='ltr'><strong>sequentis</strong></span> <span class='ocrx_word' id='word_1_595' title='bbox 3290 1627 3574 1681; x_wconf 80' lang='lat' dir='ltr'><strong>sententia:</strong></span> <span class='ocrx_word' id='word_1_596' title='bbox 3610 1628 3698 1681; x_wconf 87' lang='lat' dir='ltr'><strong>do-</strong></span> 
     </span>
    </p>
   </div>
   <div class='ocr_carea' id='block_1_76' title="bbox 2117 1715 2934 1781">
    <p class='ocr_par' dir='ltr' id='par_1_76' title="bbox 2117 1715 2934 1781">
     <span class='ocr_line' id='line_1_76' title="bbox 2117 1715 2934 1781; baseline -0.005 -11"><span class='ocrx_word' id='word_1_597' title='bbox 2117 1716 2291 1770; x_wconf 80' lang='lat' dir='ltr'><strong>ctrina</strong></span> <span class='ocrx_word' id='word_1_598' title='bbox 2324 1721 2594 1781; x_wconf 81' lang='lat' dir='ltr'><strong>servetur,</strong></span> <span class='ocrx_word' id='word_1_599' title='bbox 2627 1715 2699 1768; x_wconf 89' lang='lat' dir='ltr'><strong>ita</strong></span> <span class='ocrx_word' id='word_1_600' title='bbox 2728 1715 2934 1769; x_wconf 86' lang='lat' dir='ltr'><strong>dicens.</strong></span> 
     </span>
    </p>
   </div>
   <div class='ocr_carea' id='block_1_77' title="bbox 2711 1872 3092 1930">
    <p class='ocr_par' dir='ltr' id='par_1_77' title="bbox 2711 1872 3092 1930">
     <span class='ocr_line' id='line_1_77' title="bbox 2711 1872 3092 1930; baseline -0.003 -1"><span class='ocrx_word' id='word_1_601' title='bbox 2711 1872 2940 1930; x_wconf 79' lang='lat' dir='ltr'><strong>CAPUT</strong></span> <span class='ocrx_word' id='word_1_602' title='bbox 2978 1873 3092 1928; x_wconf 80' lang='lat' dir='ltr'><strong>XII.</strong></span> 
     </span>
    </p>
   </div>
   <div class='ocr_carea' id='block_1_78' title="bbox 2113 1989 3696 2061">
    <p class='ocr_par' dir='ltr' id='par_1_78' title="bbox 2113 1989 3696 2061">
     <span class='ocr_line' id='line_1_78' title="bbox 2113 1989 3696 2061; baseline -0.002 -16"><span class='ocrx_word' id='word_1_603' title='bbox 2113 1989 2274 2046; x_wconf 85' lang='lat' dir='ltr'><strong>Docet</strong></span> <span class='ocrx_word' id='word_1_604' title='bbox 2335 1989 2724 2061; x_wconf 26' lang='lat' dir='ltr'><strong>Sapientia‘in</strong></span> <span class='ocrx_word' id='word_1_605' title='bbox 2789 1989 3194 2043; x_wconf 73' lang='lat' dir='ltr'><strong>mansuetudine</strong></span> <span class='ocrx_word' id='word_1_606' title='bbox 3243 2005 3410 2061; x_wconf 2' lang='lat' dir='ltr'><strong>(opera</strong></span> <span class='ocrx_word' id='word_1_607' title='bbox 3461 2005 3583 2061; x_wconf 73' lang='lat' dir='ltr'><strong>qua:</strong></span> <span class='ocrx_word' id='word_1_608' title='bbox 3634 1996 3696 2044; x_wconf 74' lang='lat' dir='ltr'><strong>ad</strong></span> 
     </span>
    </p>
   </div>
   <div class='ocr_carea' id='block_1_79' title="bbox 2393 2059 3410 2130">
    <p class='ocr_par' dir='ltr' id='par_1_79' title="bbox 2393 2059 3410 2130">
     <span class='ocr_line' id='line_1_79' title="bbox 2393 2059 3410 2130; baseline -0.001 -16"><span class='ocrx_word' id='word_1_609' title='bbox 2393 2059 2594 2114; x_wconf 78' lang='lat' dir='ltr'><strong>cultum</strong></span> <span class='ocrx_word' id='word_1_610' title='bbox 2623 2059 2719 2114; x_wconf 85' lang='lat' dir='ltr'><strong>Dei</strong></span> <span class='ocrx_word' id='word_1_611' title='bbox 2751 2061 3010 2130; x_wconf 82' lang='lat' dir='ltr'><strong>pertinent</strong></span> <span class='ocrx_word' id='word_1_612' title='bbox 3039 2059 3410 2123; x_wconf 76' lang='lat' dir='ltr'><strong>prtecwicnda.</strong></span> 
     </span>
    </p>
   </div>
   <div class='ocr_carea' id='block_1_80' title="bbox 2189 2176 3702 2253">
    <p class='ocr_par' dir='ltr' id='par_1_80' title="bbox 2189 2176 3702 2253">
     <span class='ocr_line' id='line_1_80' title="bbox 2189 2176 3702 2253; baseline 0.001 -16"><span class='ocrx_word' id='word_1_613' title='bbox 2189 2203 2207 2236; x_wconf 84' lang='grc'><strong>‹</strong></span> <span class='ocrx_word' id='word_1_614' title='bbox 2241 2183 2366 2249; x_wconf 77' lang='lat' dir='ltr'><strong>Fili,</strong></span> <span class='ocrx_word' id='word_1_615' title='bbox 2400 2184 2452 2238; x_wconf 91' lang='lat' dir='ltr'><strong>in</strong></span> <span class='ocrx_word' id='word_1_616' title='bbox 2477 2183 2888 2239; x_wconf 86' lang='lat' dir='ltr'><strong>mansuetudine</strong></span> <span class='ocrx_word' id='word_1_617' title='bbox 2911 2197 3074 2252; x_wconf 90' lang='lat' dir='ltr'><strong>opera</strong></span> <span class='ocrx_word' id='word_1_618' title='bbox 3099 2191 3191 2237; x_wconf 91' lang='lat' dir='ltr'><strong>tua</strong></span> <span class='ocrx_word' id='word_1_619' title='bbox 3219 2183 3436 2253; x_wconf 86' lang='lat' dir='ltr'><strong>perﬁce,</strong></span> <span class='ocrx_word' id='word_1_620' title='bbox 3462 2176 3520 2239; x_wconf 86' lang='lat' dir='ltr'><strong>et</strong></span> <span class='ocrx_word' id='word_1_621' title='bbox 3544 2199 3702 2253; x_wconf 84' lang='lat' dir='ltr'><strong>super</strong></span> 
     </span>
    </p>
   </div>
   <div class='ocr_carea' id='block_1_81' title="bbox 2117 2273 3696 2346">
    <p class='ocr_par' dir='ltr' id='par_1_81' title="bbox 2117 2273 3696 2346">
     <span class='ocr_line' id='line_1_81' title="bbox 2117 2273 3696 2346; baseline 0.002 -20"><span class='ocrx_word' id='word_1_622' title='bbox 2117 2294 2134 2326; x_wconf 79' lang='grc' dir='ltr'>ι</span> <span class='ocrx_word' id='word_1_623' title='bbox 2165 2275 2406 2330; x_wconf 88' lang='lat' dir='ltr'><strong>omnium</strong></span> <span class='ocrx_word' id='word_1_624' title='bbox 2433 2273 2660 2345; x_wconf 83' lang='lat' dir='ltr'><strong>gloriam</strong></span> <span class='ocrx_word' id='word_1_625' title='bbox 2691 2273 2948 2345; x_wconf 87' lang='lat' dir='ltr'><strong>diligeris.</strong></span> <span class='ocrx_word' id='word_1_626' title='bbox 2980 2273 3194 2341; x_wconf 90' lang='lat' dir='ltr'><strong>Quanto</strong></span> <span class='ocrx_word' id='word_1_627' title='bbox 3221 2291 3453 2346; x_wconf 86' lang='lat' dir='ltr'><strong>magnus</strong></span> <span class='ocrx_word' id='word_1_628' title='bbox 3478 2291 3571 2339; x_wconf 91' lang='lat' dir='ltr'><strong>es,</strong></span> <span class='ocrx_word' id='word_1_629' title='bbox 3606 2277 3696 2330; x_wconf 82' lang='lat' dir='ltr'><strong>hu-</strong></span> 
     </span>
    </p>
   </div>
   <div class='ocr_carea' id='block_1_82' title="bbox 2117 2365 3699 2437">
    <p class='ocr_par' dir='ltr' id='par_1_82' title="bbox 2117 2365 3699 2437">
     <span class='ocr_line' id='line_1_82' title="bbox 2117 2365 3699 2437; baseline 0.001 -19"><span class='ocrx_word' id='word_1_630' title='bbox 2117 2387 2134 2418; x_wconf 78' lang='grc' dir='ltr'>ι</span> <span class='ocrx_word' id='word_1_631' title='bbox 2164 2366 2308 2421; x_wconf 91' lang='lat' dir='ltr'><strong>milia</strong></span> <span class='ocrx_word' id='word_1_632' title='bbox 2350 2377 2404 2420; x_wconf 91' lang='lat' dir='ltr'><strong>te</strong></span> <span class='ocrx_word' id='word_1_633' title='bbox 2439 2366 2492 2420; x_wconf 95' lang='lat' dir='ltr'><strong>in</strong></span> <span class='ocrx_word' id='word_1_634' title='bbox 2532 2365 2907 2428; x_wconf 27' lang='lat' dir='ltr'><strong>otnnibus,,et</strong></span> <span class='ocrx_word' id='word_1_635' title='bbox 2944 2379 3126 2420; x_wconf 90' lang='lat' dir='ltr'><strong>coram</strong></span> <span class='ocrx_word' id='word_1_636' title='bbox 3158 2365 3268 2419; x_wconf 88' lang='lat' dir='ltr'><strong>Deo</strong></span> <span class='ocrx_word' id='word_1_637' title='bbox 3305 2366 3552 2420; x_wconf 88' lang='lat' dir='ltr'><strong>invenies</strong></span> <span class='ocrx_word' id='word_1_638' title='bbox 3579 2382 3699 2437; x_wconf 81' lang='lat' dir='ltr'><strong>gra-</strong></span> 
     </span>
    </p>
   </div>
   <div class='ocr_carea' id='block_1_83' title="bbox 2117 2456 3698 2527">
    <p class='ocr_par' dir='ltr' id='par_1_83' title="bbox 2117 2456 3698 2527">
     <span class='ocr_line' id='line_1_83' title="bbox 2117 2456 3698 2527; baseline 0.001 -18"><span class='ocrx_word' id='word_1_639' title='bbox 2117 2477 2134 2509; x_wconf 74' lang='grc' dir='ltr'>ι</span> <span class='ocrx_word' id='word_1_640' title='bbox 2169 2458 2329 2524; x_wconf 89' lang='lat' dir='ltr'><strong>tiam,</strong></span> <span class='ocrx_word' id='word_1_641' title='bbox 2371 2456 2627 2527; x_wconf 88' lang='lat' dir='ltr'><strong>quoniam</strong></span> <span class='ocrx_word' id='word_1_642' title='bbox 2664 2470 2858 2527; x_wconf 89' lang='lat' dir='ltr'><strong>magna</strong></span> <span class='ocrx_word' id='word_1_643' title='bbox 2893 2456 3134 2526; x_wconf 86' lang='lat' dir='ltr'><strong>potentia</strong></span> <span class='ocrx_word' id='word_1_644' title='bbox 3176 2456 3269 2510; x_wconf 90' lang='lat' dir='ltr'><strong>Dei</strong></span> <span class='ocrx_word' id='word_1_645' title='bbox 3304 2456 3476 2511; x_wconf 88' lang='lat' dir='ltr'><strong>solius</strong></span> <span class='ocrx_word' id='word_1_646' title='bbox 3503 2497 3518 2521; x_wconf 92' lang='lat'><strong>,</strong></span> <span class='ocrx_word' id='word_1_647' title='bbox 3550 2465 3606 2510; x_wconf 91' lang='lat' dir='ltr'><strong>et</strong></span> <span class='ocrx_word' id='word_1_648' title='bbox 3633 2457 3698 2510; x_wconf 90' lang='lat' dir='ltr'><strong>ab</strong></span> 
     </span>
    </p>
   </div>
   <div class='ocr_carea' id='block_1_84' title="bbox 2117 2545 3700 2603">
    <p class='ocr_par' dir='ltr' id='par_1_84' title="bbox 2117 2545 3700 2603">
     <span class='ocr_line' id='line_1_84' title="bbox 2117 2545 3700 2603; baseline 0 -3"><span class='ocrx_word' id='word_1_649' title='bbox 2117 2567 2134 2600; x_wconf 75' lang='grc' dir='ltr'>ι</span> <span class='ocrx_word' id='word_1_650' title='bbox 2165 2547 2460 2603; x_wconf 88' lang='lat' dir='ltr'><strong>humilibus</strong></span> <span class='ocrx_word' id='word_1_651' title='bbox 2489 2549 2806 2602; x_wconf 86' lang='lat' dir='ltr'><strong>honoratur.</strong></span> <span class='ocrx_word' id='word_1_652' title='bbox 2838 2565 2857 2598; x_wconf 74' lang='grc' dir='ltr'><strong>ι</strong></span> <span class='ocrx_word' id='word_1_653' title='bbox 2885 2545 3240 2600; x_wconf 84' lang='lat' dir='ltr'><strong>Mansuetudo</strong></span> <span class='ocrx_word' id='word_1_654' title='bbox 3266 2547 3411 2600; x_wconf 91' lang='lat' dir='ltr'><strong>enim</strong></span> <span class='ocrx_word' id='word_1_655' title='bbox 3441 2556 3498 2602; x_wconf 90' lang='lat' dir='ltr'><strong>et</strong></span> <span class='ocrx_word' id='word_1_656' title='bbox 3524 2548 3700 2602; x_wconf 89' lang='lat' dir='ltr'><strong>humi-</strong></span> 
     </span>
    </p>
   </div>
   <div class='ocr_carea' id='block_1_85' title="bbox 2109 2637 3700 2710">
    <p class='ocr_par' dir='ltr' id='par_1_85' title="bbox 2109 2637 3700 2710">
     <span class='ocr_line' id='line_1_85' title="bbox 2109 2637 3700 2710; baseline -0.001 -17"><span class='ocrx_word' id='word_1_657' title='bbox 2109 2639 2236 2694; x_wconf 89' lang='lat' dir='ltr'><strong>litas</strong></span> <span class='ocrx_word' id='word_1_658' title='bbox 2269 2639 2562 2693; x_wconf 87' lang='lat' dir='ltr'><strong>maximam</strong></span> <span class='ocrx_word' id='word_1_659' title='bbox 2602 2637 2836 2710; x_wconf 86' lang='lat' dir='ltr'><strong>gratiam</strong></span> <span class='ocrx_word' id='word_1_660' title='bbox 2873 2646 2929 2692; x_wconf 91' lang='lat' dir='ltr'><strong>et</strong></span> <span class='ocrx_word' id='word_1_661' title='bbox 2963 2637 3190 2706; x_wconf 90' lang='lat' dir='ltr'><strong>gloriam</strong></span> <span class='ocrx_word' id='word_1_662' title='bbox 3229 2639 3455 2707; x_wconf 87' lang='lat' dir='ltr'><strong>pariunt</strong></span> <span class='ocrx_word' id='word_1_663' title='bbox 3492 2639 3700 2694; x_wconf 87' lang='lat' dir='ltr'><strong>haben-</strong></span> 
     </span>
    </p>
   </div>
   <div class='ocr_carea' id='block_1_86' title="bbox 2113 2729 3696 2800">
    <p class='ocr_par' dir='ltr' id='par_1_86' title="bbox 2113 2729 3696 2800">
     <span class='ocr_line' id='line_1_86' title="bbox 2113 2729 3696 2800; baseline 0.002 -14"><span class='ocrx_word' id='word_1_664' title='bbox 2113 2732 2256 2786; x_wconf 88' lang='lat' dir='ltr'><strong>tibus</strong></span> <span class='ocrx_word' id='word_1_665' title='bbox 2283 2745 2395 2786; x_wconf 90' lang='lat' dir='ltr'><strong>cas.</strong></span> <span class='ocrx_word' id='word_1_666' title='bbox 2429 2729 2582 2786; x_wconf 87' lang='lat' dir='ltr'><strong>Sicut</strong></span> <span class='ocrx_word' id='word_1_667' title='bbox 2620 2743 2651 2784; x_wconf 90' lang='lat' dir='ltr'><strong>e</strong></span> <span class='ocrx_word' id='word_1_668' title='bbox 2689 2731 2966 2785; x_wconf 89' lang='lat' dir='ltr'><strong>contrario</strong></span> <span class='ocrx_word' id='word_1_669' title='bbox 3004 2731 3256 2800; x_wconf 84' lang='lat' dir='ltr'><strong>superbia</strong></span> <span class='ocrx_word' id='word_1_670' title='bbox 3295 2739 3352 2785; x_wconf 90' lang='lat' dir='ltr'><strong>et</strong></span> <span class='ocrx_word' id='word_1_671' title='bbox 3391 2729 3544 2785; x_wconf 88' lang='lat' dir='ltr'><strong>furor</strong></span> <span class='ocrx_word' id='word_1_672' title='bbox 3576 2747 3696 2790; x_wconf 81' lang='lat' dir='ltr'><strong>eos.</strong></span> 
     </span>
    </p>
   </div>
   <div class='ocr_carea' id='block_1_87' title="bbox 2111 2822 3701 2894">
    <p class='ocr_par' dir='ltr' id='par_1_87' title="bbox 2111 2822 3701 2894">
     <span class='ocr_line' id='line_1_87' title="bbox 2111 2822 3701 2894; baseline 0.001 -18"><span class='ocrx_word' id='word_1_673' title='bbox 2111 2839 2248 2893; x_wconf 81' lang='lat' dir='ltr'><strong>quos</strong></span> <span class='ocrx_word' id='word_1_674' title='bbox 2295 2823 2615 2891; x_wconf 85' lang='lat' dir='ltr'><strong>possident,</strong></span> <span class='ocrx_word' id='word_1_675' title='bbox 2668 2823 2735 2877; x_wconf 90' lang='lat' dir='ltr'><strong>ad</strong></span> <span class='ocrx_word' id='word_1_676' title='bbox 2782 2822 3080 2877; x_wconf 82' lang='lat' dir='ltr'><strong>maximam</strong></span> <span class='ocrx_word' id='word_1_677' title='bbox 3130 2824 3345 2877; x_wconf 86' lang='lat' dir='ltr'><strong>ruinam</strong></span> <span class='ocrx_word' id='word_1_678' title='bbox 3399 2823 3701 2894; x_wconf 89' lang='lat' dir='ltr'><strong>impellunt.</strong></span> 
     </span>
    </p>
   </div>
   <div class='ocr_carea' id='block_1_88' title="bbox 2111 2912 3700 2986">
    <p class='ocr_par' dir='ltr' id='par_1_88' title="bbox 2111 2912 3700 2986">
     <span class='ocr_line' id='line_1_88' title="bbox 2111 2912 3700 2986; baseline 0.003 -20"><span class='ocrx_word' id='word_1_679' title='bbox 2111 2912 2248 2981; x_wconf 88' lang='lat' dir='ltr'><strong>Quia</strong></span> <span class='ocrx_word' id='word_1_680' title='bbox 2293 2912 2505 2968; x_wconf 88' lang='lat' dir='ltr'><strong>initium</strong></span> <span class='ocrx_word' id='word_1_681' title='bbox 2545 2913 2725 2968; x_wconf 91' lang='lat' dir='ltr'><strong>omnis</strong></span> <span class='ocrx_word' id='word_1_682' title='bbox 2758 2914 2968 2983; x_wconf 90' lang='lat' dir='ltr'><strong>peccati</strong></span> <span class='ocrx_word' id='word_1_683' title='bbox 3010 2914 3262 2984; x_wconf 86' lang='lat' dir='ltr'><strong>superbia</strong></span> <span class='ocrx_word' id='word_1_684' title='bbox 3303 2922 3433 2968; x_wconf 89' lang='lat' dir='ltr'><strong>est:</strong></span> <span class='ocrx_word' id='word_1_685' title='bbox 3477 2932 3602 2986; x_wconf 70' lang='lat' dir='ltr'><strong>qua!</strong></span> <span class='ocrx_word' id='word_1_686' title='bbox 3640 2932 3700 2970; x_wconf 79' lang='lat' dir='ltr'><strong>ex</strong></span> 
     </span>
    </p>
   </div>
   <div class='ocr_carea' id='block_1_89' title="bbox 2111 2999 3706 3072">
    <p class='ocr_par' dir='ltr' id='par_1_89' title="bbox 2111 2999 3706 3072">
     <span class='ocr_line' id='line_1_89' title="bbox 2111 2999 3706 3072; baseline 0.003 -18"><span class='ocrx_word' id='word_1_687' title='bbox 2111 3000 2300 3071; x_wconf 85' lang='lat' dir='ltr'><strong>angelo</strong></span> <span class='ocrx_word' id='word_1_688' title='bbox 2349 3001 2475 3054; x_wconf 81' lang='lat' dir='ltr'><strong>fceit</strong></span> <span class='ocrx_word' id='word_1_689' title='bbox 2521 2999 2830 3068; x_wconf 83' lang='lat' dir='ltr'><strong>diabolum,</strong></span> <span class='ocrx_word' id='word_1_690' title='bbox 2880 3011 2936 3056; x_wconf 91' lang='lat' dir='ltr'><strong>et</strong></span> <span class='ocrx_word' id='word_1_691' title='bbox 2983 3002 3136 3057; x_wconf 90' lang='lat' dir='ltr'><strong>furor</strong></span> <span class='ocrx_word' id='word_1_692' title='bbox 3187 3003 3290 3056; x_wconf 83' lang='lat' dir='ltr'><strong>sibi</strong></span> <span class='ocrx_word' id='word_1_693' title='bbox 3340 3003 3706 3072; x_wconf 84' lang='lat' dir='ltr'><strong>obsequentes</strong></span> 
     </span>
    </p>
   </div>
   <div class='ocr_carea' id='block_1_90' title="bbox 2115 3090 3708 3162">
    <p class='ocr_par' dir='ltr' id='par_1_90' title="bbox 2115 3090 3708 3162">
     <span class='ocr_line' id='line_1_90' title="bbox 2115 3090 3708 3162; baseline 0.002 -18"><span class='ocrx_word' id='word_1_694' title='bbox 2115 3090 2418 3160; x_wconf 65' lang='lat' dir='ltr'><strong>praecipitat</strong></span> <span class='ocrx_word' id='word_1_695' title='bbox 2453 3090 2504 3143; x_wconf 88' lang='lat' dir='ltr'><strong>in</strong></span> <span class='ocrx_word' id='word_1_696' title='bbox 2538 3098 2802 3153; x_wconf 85' lang='lat' dir='ltr'><strong>mortem,</strong></span> <span class='ocrx_word' id='word_1_697' title='bbox 2840 3091 2967 3161; x_wconf 90' lang='lat' dir='ltr'><strong>quia</strong></span> <span class='ocrx_word' id='word_1_698' title='bbox 3005 3091 3294 3146; x_wconf 87' lang='lat' dir='ltr'><strong>charitalis</strong></span> <span class='ocrx_word' id='word_1_699' title='bbox 3332 3091 3566 3162; x_wconf 90' lang='lat' dir='ltr'><strong>dissipat</strong></span> <span class='ocrx_word' id='word_1_700' title='bbox 3599 3101 3708 3147; x_wconf 86' lang='lat' dir='ltr'><strong>tra-</strong></span> 
     </span>
    </p>
   </div>
   <div class='ocr_carea' id='block_1_91' title="bbox 2115 3183 3710 3257">
    <p class='ocr_par' dir='ltr' id='par_1_91' title="bbox 2115 3183 3710 3257">
     <span class='ocr_line' id='line_1_91' title="bbox 2115 3183 3710 3257; baseline 0.001 -19"><span class='ocrx_word' id='word_1_701' title='bbox 2115 3184 2321 3238; x_wconf 87' lang='lat' dir='ltr'><strong>mitem.</strong></span> <span class='ocrx_word' id='word_1_702' title='bbox 2363 3183 2572 3239; x_wconf 87' lang='lat' dir='ltr'><strong>ldcireo</strong></span> <span class='ocrx_word' id='word_1_703' title='bbox 2609 3184 2872 3240; x_wconf 85' lang='lat' dir='ltr'><strong>Dominus</strong></span> <span class='ocrx_word' id='word_1_704' title='bbox 2897 3194 3088 3240; x_wconf 89' lang='lat' dir='ltr'><strong>contra</strong></span> <span class='ocrx_word' id='word_1_705' title='bbox 3120 3185 3496 3253; x_wconf 90' lang='lat' dir='ltr'><strong>hujuscemodi</strong></span> <span class='ocrx_word' id='word_1_706' title='bbox 3526 3195 3710 3257; x_wconf 87' lang='lat' dir='ltr'><strong>pestes</strong></span> 
     </span>
    </p>
   </div>
   <div class='ocr_carea' id='block_1_92' title="bbox 2113 3276 3709 3354">
    <p class='ocr_par' dir='ltr' id='par_1_92' title="bbox 2113 3276 3709 3354">
     <span class='ocr_line' id='line_1_92' title="bbox 2113 3276 3709 3354; baseline -0.001 -22"><span class='ocrx_word' id='word_1_707' title='bbox 2113 3276 2401 3354; x_wconf 80' lang='lat' dir='ltr'><strong>consilium</strong></span> <span class='ocrx_word' id='word_1_708' title='bbox 2441 3277 2606 3340; x_wconf 86' lang='lat' dir='ltr'><strong>dans,</strong></span> <span class='ocrx_word' id='word_1_709' title='bbox 2648 3279 3000 3348; x_wconf 78' lang='lat' dir='ltr'><strong>semetipsum</strong></span> <span class='ocrx_word' id='word_1_710' title='bbox 3043 3279 3110 3332; x_wconf 87' lang='lat' dir='ltr'><strong>ad</strong></span> <span class='ocrx_word' id='word_1_711' title='bbox 3149 3277 3476 3332; x_wconf 87' lang='lat' dir='ltr'><strong>imitandum</strong></span> <span class='ocrx_word' id='word_1_712' title='bbox 3508 3294 3709 3349; x_wconf 87' lang='lat' dir='ltr'><strong>propo-</strong></span> 
     </span>
    </p>
   </div>
   <div class='ocr_carea' id='block_1_93' title="bbox 2113 3369 3710 3440">
    <p class='ocr_par' dir='ltr' id='par_1_93' title="bbox 2113 3369 3710 3440">
     <span class='ocr_line' id='line_1_93' title="bbox 2113 3369 3710 3440; baseline 0 -16"><span class='ocrx_word' id='word_1_713' title='bbox 2113 3369 2249 3434; x_wconf 88' lang='lat' dir='ltr'><strong>suit,</strong></span> <span class='ocrx_word' id='word_1_714' title='bbox 2286 3369 2470 3424; x_wconf 89' lang='lat' dir='ltr'><strong>dicens</strong></span> <span class='ocrx_word' id='word_1_715' title='bbox 2499 3388 2510 3422; x_wconf 88' lang='lat'><strong>:</strong></span> <span class='ocrx_word' id='word_1_716' title='bbox 2545 3387 2563 3420; x_wconf 75' lang='grc' dir='ltr'>ι</span> <span class='ocrx_word' id='word_1_717' title='bbox 2595 3369 2793 3424; x_wconf 78' lang='lat' dir='ltr'><strong>Discxte</strong></span> <span class='ocrx_word' id='word_1_718' title='bbox 2827 3385 2853 3422; x_wconf 83' lang='lat' dir='ltr'><strong>a</strong></span> <span class='ocrx_word' id='word_1_719' title='bbox 2887 3385 2972 3426; x_wconf 89' lang='lat' dir='ltr'><strong>me</strong></span> <span class='ocrx_word' id='word_1_720' title='bbox 3002 3370 3125 3440; x_wconf 84' lang='lat' dir='ltr'><strong>quia</strong></span> <span class='ocrx_word' id='word_1_721' title='bbox 3172 3372 3318 3424; x_wconf 88' lang='lat' dir='ltr'><strong>mitis</strong></span> <span class='ocrx_word' id='word_1_722' title='bbox 3371 3386 3492 3426; x_wconf 90' lang='lat' dir='ltr'><strong>sum</strong></span> <span class='ocrx_word' id='word_1_723' title='bbox 3521 3382 3582 3426; x_wconf 87' lang='lat' dir='ltr'><strong>et</strong></span> <span class='ocrx_word' id='word_1_724' title='bbox 3615 3382 3710 3427; x_wconf 85' lang='lat' dir='ltr'><strong>nu-</strong></span> 
     </span>
    </p>
   </div>
   <div class='ocr_carea' id='block_1_94' title="bbox 2113 3459 3710 3530">
    <p class='ocr_par' dir='ltr' id='par_1_94' title="bbox 2113 3459 3710 3530">
     <span class='ocr_line' id='line_1_94' title="bbox 2113 3459 3710 3530; baseline 0.004 -17"><span class='ocrx_word' id='word_1_725' title='bbox 2113 3459 2260 3514; x_wconf 91' lang='lat' dir='ltr'><strong>milis</strong></span> <span class='ocrx_word' id='word_1_726' title='bbox 2287 3460 2451 3515; x_wconf 90' lang='lat' dir='ltr'><strong>corde</strong></span> <span class='ocrx_word' id='word_1_727' title='bbox 2471 3500 2484 3524; x_wconf 96' lang='lat'><strong>,</strong></span> <span class='ocrx_word' id='word_1_728' title='bbox 2519 3469 2574 3514; x_wconf 92' lang='lat' dir='ltr'><strong>et</strong></span> <span class='ocrx_word' id='word_1_729' title='bbox 2603 3461 2891 3516; x_wconf 88' lang='lat' dir='ltr'><strong>invenietis</strong></span> <span class='ocrx_word' id='word_1_730' title='bbox 2923 3468 3164 3530; x_wconf 79' lang='lat' dir='ltr'><strong>requiem</strong></span> <span class='ocrx_word' id='word_1_731' title='bbox 3197 3463 3485 3518; x_wconf 90' lang='lat' dir='ltr'><strong>animabus</strong></span> <span class='ocrx_word' id='word_1_732' title='bbox 3513 3467 3710 3520; x_wconf 80' lang='lat' dir='ltr'><strong>vestris</strong></span> 
     </span>
    </p>
   </div>
   <div class='ocr_carea' id='block_1_95' title="bbox 2115 3548 3710 3623">
    <p class='ocr_par' dir='ltr' id='par_1_95' title="bbox 2115 3548 3710 3623">
     <span class='ocr_line' id='line_1_95' title="bbox 2115 3548 3710 3623; baseline 0.004 -19"><span class='ocrx_word' id='word_1_733' title='bbox 2115 3548 2348 3622; x_wconf 77' lang='lat' dir='ltr'><strong>(Matth.</strong></span> <span class='ocrx_word' id='word_1_734' title='bbox 2383 3550 2500 3621; x_wconf 76' lang='grc' dir='ltr'><strong>χι).</strong></span> <span class='ocrx_word' id='word_1_735' title='bbox 2533 3569 2551 3604; x_wconf 74' lang='grc' dir='ltr'><strong><em>ι</em></strong></span> <span class='ocrx_word' id='word_1_736' title='bbox 2586 3551 2653 3604; x_wconf 85' lang='grc' dir='ltr'><strong>Ει</strong></span> <span class='ocrx_word' id='word_1_737' title='bbox 2689 3554 2816 3606; x_wconf 91' lang='lat' dir='ltr'><strong>item</strong></span> <span class='ocrx_word' id='word_1_738' title='bbox 2847 3570 2860 3606; x_wconf 92' lang='lat'><strong>:</strong></span> <span class='ocrx_word' id='word_1_739' title='bbox 2899 3571 2918 3602; x_wconf 70' lang='grc' dir='ltr'><strong>ε</strong></span> <span class='ocrx_word' id='word_1_740' title='bbox 2950 3552 3053 3619; x_wconf 91' lang='lat' dir='ltr'><strong>Qui</strong></span> <span class='ocrx_word' id='word_1_741' title='bbox 3090 3566 3176 3618; x_wconf 88' lang='lat' dir='ltr'><strong>se,</strong></span> <span class='ocrx_word' id='word_1_742' title='bbox 3221 3554 3426 3623; x_wconf 80' lang='lat' dir='ltr'><strong>inquit,</strong></span> <span class='ocrx_word' id='word_1_743' title='bbox 3471 3563 3710 3620; x_wconf 50' lang='lat' dir='ltr'><strong>exaltat,</strong></span> 
     </span>
    </p>
   </div>
   <div class='ocr_carea' id='block_1_96' title="bbox 2112 3639 3709 3718">
    <p class='ocr_par' dir='ltr' id='par_1_96' title="bbox 2112 3639 3709 3718">
     <span class='ocr_line' id='line_1_96' title="bbox 2112 3639 3709 3718; baseline 0.003 -24"><span class='ocrx_word' id='word_1_744' title='bbox 2112 3639 2524 3706; x_wconf 87' lang='lat' dir='ltr'><strong>humiliabitur;</strong></span> <span class='ocrx_word' id='word_1_745' title='bbox 2560 3649 2616 3696; x_wconf 93' lang='lat' dir='ltr'><strong>et</strong></span> <span class='ocrx_word' id='word_1_746' title='bbox 2643 3641 2732 3710; x_wconf 92' lang='lat' dir='ltr'><strong>qui</strong></span> <span class='ocrx_word' id='word_1_747' title='bbox 2766 3656 2825 3697; x_wconf 89' lang='lat' dir='ltr'><strong>se</strong></span> <span class='ocrx_word' id='word_1_748' title='bbox 2856 3642 3103 3697; x_wconf 86' lang='lat' dir='ltr'><strong>humiliat</strong></span> <span class='ocrx_word' id='word_1_749' title='bbox 3123 3683 3138 3706; x_wconf 86' lang='lat'><strong>,</strong></span> <span class='ocrx_word' id='word_1_750' title='bbox 3169 3643 3508 3700; x_wconf 80' lang='lat' dir='ltr'><strong>exaltabitur</strong></span> <span class='ocrx_word' id='word_1_751' title='bbox 3539 3645 3709 3718; x_wconf 78' lang='lat' dir='ltr'><strong>(Luc.</strong></span> 
     </span>
    </p>
   </div>
   <div class='ocr_carea' id='block_1_97' title="bbox 2111 3734 2524 3804">
    <p class='ocr_par' dir='ltr' id='par_1_97' title="bbox 2111 3734 2524 3804">
     <span class='ocr_line' id='line_1_97' title="bbox 2111 3734 2524 3804; baseline 0 -16"><span class='ocrx_word' id='word_1_752' title='bbox 2111 3749 2236 3801; x_wconf 77' lang='lat' dir='ltr'><strong>xw,</strong></span> <span class='ocrx_word' id='word_1_753' title='bbox 2269 3750 2400 3788; x_wconf 82' lang='lat' dir='ltr'><strong>xvui</strong></span> <span class='ocrx_word' id='word_1_754' title='bbox 2428 3734 2469 3804; x_wconf 92' lang='lat'><strong>).</strong></span> <span class='ocrx_word' id='word_1_755' title='bbox 2505 3754 2524 3788; x_wconf 73' lang='grc' dir='ltr'><strong><em>ι</em></strong></span> 
     </span>
    </p>
   </div>
   <div class='ocr_carea' id='block_1_98' title="bbox 2707 3847 3108 3905">
    <p class='ocr_par' dir='ltr' id='par_1_98' title="bbox 2707 3847 3108 3905">
     <span class='ocr_line' id='line_1_98' title="bbox 2707 3847 3108 3905; baseline -0.005 -1"><span class='ocrx_word' id='word_1_756' title='bbox 2707 3847 2937 3905; x_wconf 80' lang='lat' dir='ltr'><strong>CAPUT</strong></span> <span class='ocrx_word' id='word_1_757' title='bbox 2973 3849 3108 3905; x_wconf 81' lang='lat' dir='ltr'><strong>Xlll.</strong></span> 
     </span>
    </p>
   </div>
   <div class='ocr_carea' id='block_1_99' title="bbox 2115 3958 3710 4101">
    <p class='ocr_par' dir='ltr' id='par_1_99' title="bbox 2115 3958 3710 4101">
     <span class='ocr_line' id='line_1_99' title="bbox 2115 3958 3710 4101; baseline 0.003 -86"><span class='ocrx_word' id='word_1_758' title='bbox 2115 3958 2389 4031; x_wconf 79' lang='lat' dir='ltr'><strong>Sapientia</strong></span> <span class='ocrx_word' id='word_1_759' title='bbox 2448 3963 2594 4016; x_wconf 82' lang='lat' dir='ltr'><strong>docet</strong></span> <span class='ocrx_word' id='word_1_760' title='bbox 2651 3962 2765 4016; x_wconf 81' lang='lat' dir='ltr'><strong>alta</strong></span> <span class='ocrx_word' id='word_1_761' title='bbox 2823 3979 3088 4101; x_wconf 55' lang='grc' dir='ltr'><strong>γὶοηάεςδε</strong></span> <span class='ocrx_word' id='word_1_762' title='bbox 3137 3965 3463 4026; x_wconf 77' lang='lat' dir='ltr'><strong>qmrrenda.</strong></span> <span class='ocrx_word' id='word_1_763' title='bbox 3513 3968 3576 4019; x_wconf 82' lang='lat' dir='ltr'><strong>id</strong></span> <span class='ocrx_word' id='word_1_764' title='bbox 3635 3979 3710 4020; x_wconf 76' lang='lat' dir='ltr'><strong>est</strong></span> 
     </span>
     <span class='ocr_line' id='line_1_100' title="bbox 2737 4049 3025 4101; baseline 0.017 -18"><span class='ocrx_word' id='word_1_765' title='bbox 2737 4050 2831 4101; x_wconf 79' lang='lat' dir='ltr'><strong>pro</strong></span> <span class='ocrx_word' id='word_1_766' title='bbox 2862 4049 2930 4086; x_wconf 83' lang='lat' dir='ltr'><strong>tm</strong></span> <span class='ocrx_word' id='word_1_767' title='bbox 2973 4051 3025 4088; x_wconf 83' lang='grc' dir='ltr'><strong>α.</strong></span> 
     </span>
    </p>
   </div>
   <div class='ocr_carea' id='block_1_100' title="bbox 2737 4049 3025 4101">
    <p class='ocr_par' dir='ltr' id='par_1_100' title="bbox 2737 4049 3025 4101">
     <span class='ocr_line' id='line_1_101' title="bbox 2737 4049 3025 4101; baseline 0.014 -17"><span class='ocrx_word' id='word_1_768' title='bbox 2737 4049 3025 4101; x_wconf 68' lang='grc' dir='ltr'><strong>ριύμιηαα.</strong></span> 
     </span>
    </p>
   </div>
   <div class='ocr_carea' id='block_1_101' title="bbox 2192 4165 3720 4236">
    <p class='ocr_par' dir='ltr' id='par_1_101' title="bbox 2192 4165 3720 4236">
     <span class='ocr_line' id='line_1_102' title="bbox 2192 4165 3720 4236; baseline 0.01 -19"><span class='ocrx_word' id='word_1_769' title='bbox 2192 4185 2210 4217; x_wconf 77' lang='grc' dir='ltr'><strong><em>ι</em></strong></span> <span class='ocrx_word' id='word_1_770' title='bbox 2237 4165 2442 4221; x_wconf 80' lang='lat' dir='ltr'><strong>Altiora</strong></span> <span class='ocrx_word' id='word_1_771' title='bbox 2476 4176 2527 4221; x_wconf 86' lang='lat' dir='ltr'><strong>te</strong></span> <span class='ocrx_word' id='word_1_772' title='bbox 2554 4182 2622 4222; x_wconf 89' lang='lat' dir='ltr'><strong>ne</strong></span> <span class='ocrx_word' id='word_1_773' title='bbox 2649 4167 2931 4236; x_wconf 64' lang='lat' dir='ltr'><strong>quaesieris</strong></span> <span class='ocrx_word' id='word_1_774' title='bbox 2949 4209 2964 4233; x_wconf 89' lang='lat'><strong>,</strong></span> <span class='ocrx_word' id='word_1_775' title='bbox 2993 4179 3046 4223; x_wconf 86' lang='lat' dir='ltr'><strong>et</strong></span> <span class='ocrx_word' id='word_1_776' title='bbox 3072 4169 3292 4225; x_wconf 82' lang='lat' dir='ltr'><strong>fortiora</strong></span> <span class='ocrx_word' id='word_1_777' title='bbox 3323 4183 3376 4227; x_wconf 90' lang='lat' dir='ltr'><strong>te</strong></span> <span class='ocrx_word' id='word_1_778' title='bbox 3403 4189 3475 4228; x_wconf 92' lang='lat' dir='ltr'><strong>ne</strong></span> <span class='ocrx_word' id='word_1_779' title='bbox 3503 4187 3720 4231; x_wconf 88' lang='lat' dir='ltr'><strong>scruta-</strong></span> 
     </span>
    </p>
   </div>
   <div class='ocr_carea' id='block_1_102' title="bbox 2123 4257 3715 4330">
    <p class='ocr_par' dir='ltr' id='par_1_102' title="bbox 2123 4257 3715 4330">
     <span class='ocr_line' id='line_1_103' title="bbox 2123 4257 3715 4330; baseline 0.008 -22"><span class='ocrx_word' id='word_1_780' title='bbox 2123 4275 2140 4308; x_wconf 77' lang='grc' dir='ltr'>ι</span> <span class='ocrx_word' id='word_1_781' title='bbox 2171 4265 2260 4312; x_wconf 93' lang='lat' dir='ltr'><strong>tus</strong></span> <span class='ocrx_word' id='word_1_782' title='bbox 2299 4257 2486 4312; x_wconf 89' lang='lat' dir='ltr'><strong>fueris.</strong></span> <span class='ocrx_word' id='word_1_783' title='bbox 2528 4258 2633 4311; x_wconf 88' lang='lat' dir='ltr'><strong>Sed</strong></span> <span class='ocrx_word' id='word_1_784' title='bbox 2673 4273 2793 4327; x_wconf 75' lang='lat' dir='ltr'><strong>qum</strong></span> <span class='ocrx_word' id='word_1_785' title='bbox 2828 4261 3086 4330; x_wconf 72' lang='lat' dir='ltr'><strong>prtecepit</strong></span> <span class='ocrx_word' id='word_1_786' title='bbox 3130 4261 3222 4316; x_wconf 91' lang='lat' dir='ltr'><strong>tibi</strong></span> <span class='ocrx_word' id='word_1_787' title='bbox 3276 4263 3573 4329; x_wconf 85' lang='lat' dir='ltr'><strong>Dominus.</strong></span> <span class='ocrx_word' id='word_1_788' title='bbox 3629 4267 3715 4321; x_wconf 87' lang='lat' dir='ltr'><strong>illa</strong></span> 
     </span>
    </p>
   </div>
   <div class='ocr_carea' id='block_1_103' title="bbox 2123 4350 3719 4429">
    <p class='ocr_par' dir='ltr' id='par_1_103' title="bbox 2123 4350 3719 4429">
     <span class='ocr_line' id='line_1_104' title="bbox 2123 4350 3719 4429; baseline 0.011 -30"><span class='ocrx_word' id='word_1_789' title='bbox 2123 4367 2141 4399; x_wconf 73' lang='grc' dir='ltr'><strong>ε</strong></span> <span class='ocrx_word' id='word_1_790' title='bbox 2173 4350 2351 4420; x_wconf 82' lang='lat' dir='ltr'><strong>cogita</strong></span> <span class='ocrx_word' id='word_1_791' title='bbox 2404 4365 2638 4420; x_wconf 90' lang='lat' dir='ltr'><strong>semper,</strong></span> <span class='ocrx_word' id='word_1_792' title='bbox 2686 4359 2741 4406; x_wconf 91' lang='lat' dir='ltr'><strong>et</strong></span> <span class='ocrx_word' id='word_1_793' title='bbox 2783 4351 2836 4404; x_wconf 92' lang='lat' dir='ltr'><strong>in</strong></span> <span class='ocrx_word' id='word_1_794' title='bbox 2885 4352 3128 4420; x_wconf 87' lang='lat' dir='ltr'><strong>pluribus</strong></span> <span class='ocrx_word' id='word_1_795' title='bbox 3174 4357 3429 4425; x_wconf 90' lang='lat' dir='ltr'><strong>operibus</strong></span> <span class='ocrx_word' id='word_1_796' title='bbox 3479 4359 3609 4429; x_wconf 89' lang='lat' dir='ltr'><strong>ejus</strong></span> <span class='ocrx_word' id='word_1_797' title='bbox 3653 4377 3719 4416; x_wconf 89' lang='lat' dir='ltr'><strong>ne</strong></span> 
     </span>
    </p>
   </div>
   <div class='ocr_carea' id='block_1_104' title="bbox 2122 4442 3715 4506">
    <p class='ocr_par' dir='ltr' id='par_1_104' title="bbox 2122 4442 3715 4506">
     <span class='ocr_line' id='line_1_105' title="bbox 2122 4442 3715 4506; baseline 0.009 -14"><span class='ocrx_word' id='word_1_798' title='bbox 2122 4461 2140 4492; x_wconf 84' lang='grc'><em>‹</em></span> <span class='ocrx_word' id='word_1_799' title='bbox 2170 4442 2338 4497; x_wconf 81' lang='lat' dir='ltr'><strong>fueris</strong></span> <span class='ocrx_word' id='word_1_800' title='bbox 2383 4443 2650 4498; x_wconf 90' lang='lat' dir='ltr'><strong>curiosus.</strong></span> <span class='ocrx_word' id='word_1_801' title='bbox 2706 4442 2822 4498; x_wconf 83' lang='lat' dir='ltr'><strong>Non</strong></span> <span class='ocrx_word' id='word_1_802' title='bbox 2859 4454 2942 4499; x_wconf 89' lang='lat' dir='ltr'><strong>est</strong></span> <span class='ocrx_word' id='word_1_803' title='bbox 2980 4446 3123 4499; x_wconf 89' lang='lat' dir='ltr'><strong>enim</strong></span> <span class='ocrx_word' id='word_1_804' title='bbox 3183 4447 3276 4500; x_wconf 90' lang='lat' dir='ltr'><strong>tibi</strong></span> <span class='ocrx_word' id='word_1_805' title='bbox 3331 4453 3715 4506; x_wconf 83' lang='lat' dir='ltr'><strong>necessarium</strong></span> 
     </span>
    </p>
   </div>
   <div class='ocr_carea' id='block_1_105' title="bbox 2123 4534 3719 4602">
    <p class='ocr_par' dir='ltr' id='par_1_105' title="bbox 2123 4534 3719 4602">
     <span class='ocr_line' id='line_1_106' title="bbox 2123 4534 3719 4602; baseline 0.009 -17"><span class='ocrx_word' id='word_1_806' title='bbox 2123 4553 2141 4582; x_wconf 75' lang='grc' dir='ltr'><strong><em>ι</em></strong></span> <span class='ocrx_word' id='word_1_807' title='bbox 2170 4548 2234 4586; x_wconf 90' lang='lat' dir='ltr'><strong>ea</strong></span> <span class='ocrx_word' id='word_1_808' title='bbox 2267 4549 2387 4602; x_wconf 69' lang='lat' dir='ltr'><strong>qum</strong></span> <span class='ocrx_word' id='word_1_809' title='bbox 2417 4534 2736 4589; x_wconf 88' lang='lat' dir='ltr'><strong>abscondita</strong></span> <span class='ocrx_word' id='word_1_810' title='bbox 2769 4543 2895 4588; x_wconf 92' lang='lat' dir='ltr'><strong>sunt</strong></span> <span class='ocrx_word' id='word_1_811' title='bbox 2925 4536 3110 4590; x_wconf 90' lang='lat' dir='ltr'><strong>videre</strong></span> <span class='ocrx_word' id='word_1_812' title='bbox 3137 4538 3309 4592; x_wconf 83' lang='lat' dir='ltr'><strong>oculis</strong></span> <span class='ocrx_word' id='word_1_813' title='bbox 3341 4541 3472 4594; x_wconf 88' lang='lat' dir='ltr'><strong>tuis.</strong></span> <span class='ocrx_word' id='word_1_814' title='bbox 3505 4563 3524 4594; x_wconf 72' lang='grc' dir='ltr'><strong><em>ι</em></strong></span> <span class='ocrx_word' id='word_1_815' title='bbox 3555 4543 3719 4599; x_wconf 74' lang='lat' dir='ltr'><strong>Ordi-</strong></span> 
     </span>
    </p>
   </div>
   <div class='ocr_carea' id='block_1_106' title="bbox 2115 4625 3714 4700">
    <p class='ocr_par' dir='ltr' id='par_1_106' title="bbox 2115 4625 3714 4700">
     <span class='ocr_line' id='line_1_107' title="bbox 2115 4625 3714 4700; baseline 0.007 -24"><span class='ocrx_word' id='word_1_816' title='bbox 2115 4638 2239 4677; x_wconf 89' lang='lat' dir='ltr'><strong>nem</strong></span> <span class='ocrx_word' id='word_1_817' title='bbox 2267 4632 2449 4678; x_wconf 90' lang='lat' dir='ltr'><strong>servat</strong></span> <span class='ocrx_word' id='word_1_818' title='bbox 2473 4625 2731 4680; x_wconf 64' lang='lat' dir='ltr'><strong>doctrina:</strong></span> <span class='ocrx_word' id='word_1_819' title='bbox 2756 4635 3076 4695; x_wconf 85' lang='lat' dir='ltr'><strong>praeceptor,</strong></span> <span class='ocrx_word' id='word_1_820' title='bbox 3108 4627 3433 4686; x_wconf 88' lang='lat' dir='ltr'><strong>humilitatis</strong></span> <span class='ocrx_word' id='word_1_821' title='bbox 3462 4635 3714 4700; x_wconf 83' lang='lat' dir='ltr'><strong>scilicet,</strong></span> 
     </span>
    </p>
   </div>
   <div class='ocr_carea' id='block_1_107' title="bbox 2115 4715 3716 4783">
    <p class='ocr_par' dir='ltr' id='par_1_107' title="bbox 2115 4715 3716 4783">
     <span class='ocr_line' id='line_1_108' title="bbox 2115 4715 3716 4783; baseline 0.007 -15"><span class='ocrx_word' id='word_1_822' title='bbox 2115 4722 2175 4768; x_wconf 91' lang='lat' dir='ltr'><strong>ut</strong></span> <span class='ocrx_word' id='word_1_823' title='bbox 2197 4715 2335 4769; x_wconf 89' lang='lat' dir='ltr'><strong>sicut</strong></span> <span class='ocrx_word' id='word_1_824' title='bbox 2359 4715 2510 4783; x_wconf 90' lang='lat' dir='ltr'><strong>prius</strong></span> <span class='ocrx_word' id='word_1_825' title='bbox 2532 4715 2713 4769; x_wconf 91' lang='lat' dir='ltr'><strong>docuit</strong></span> <span class='ocrx_word' id='word_1_826' title='bbox 2737 4717 2790 4769; x_wconf 91' lang='lat' dir='ltr'><strong>in</strong></span> <span class='ocrx_word' id='word_1_827' title='bbox 2827 4718 3072 4772; x_wconf 90' lang='lat' dir='ltr'><strong>moribus</strong></span> <span class='ocrx_word' id='word_1_828' title='bbox 3108 4728 3296 4775; x_wconf 88' lang='lat' dir='ltr'><strong>tenere</strong></span> <span class='ocrx_word' id='word_1_829' title='bbox 3324 4727 3716 4782; x_wconf 85' lang='lat' dir='ltr'><strong>mansuetudi-</strong></span> 
     </span>
    </p>
   </div>
   <div class='ocr_carea' id='block_1_108' title="bbox 2114 4806 3719 4876">
    <p class='ocr_par' dir='ltr' id='par_1_108' title="bbox 2114 4806 3719 4876">
     <span class='ocr_line' id='line_1_109' title="bbox 2114 4806 3719 4876; baseline 0.005 -14"><span class='ocrx_word' id='word_1_830' title='bbox 2114 4821 2238 4862; x_wconf 90' lang='lat' dir='ltr'><strong>nem</strong></span> <span class='ocrx_word' id='word_1_831' title='bbox 2267 4815 2427 4876; x_wconf 88' lang='lat' dir='ltr'><strong>atque</strong></span> <span class='ocrx_word' id='word_1_832' title='bbox 2453 4806 2705 4876; x_wconf 90' lang='lat' dir='ltr'><strong>operibus</strong></span> <span class='ocrx_word' id='word_1_833' title='bbox 2730 4807 3089 4863; x_wconf 91' lang='lat' dir='ltr'><strong>humilitatem</strong></span> <span class='ocrx_word' id='word_1_834' title='bbox 3116 4826 3129 4874; x_wconf 90' lang='lat'><strong>;</strong></span> <span class='ocrx_word' id='word_1_835' title='bbox 3159 4811 3237 4864; x_wconf 91' lang='lat' dir='ltr'><strong>sic</strong></span> <span class='ocrx_word' id='word_1_836' title='bbox 3261 4820 3316 4865; x_wconf 90' lang='lat' dir='ltr'><strong>et</strong></span> <span class='ocrx_word' id='word_1_837' title='bbox 3344 4827 3493 4869; x_wconf 86' lang='lat' dir='ltr'><strong>nunc</strong></span> <span class='ocrx_word' id='word_1_838' title='bbox 3519 4816 3719 4872; x_wconf 82' lang='lat' dir='ltr'><strong>doceat</strong></span> 
     </span>
    </p>
   </div>
   <div class='ocr_carea' id='block_1_109' title="bbox 2115 4897 3716 4971">
    <p class='ocr_par' dir='ltr' id='par_1_109' title="bbox 2115 4897 3716 4971">
     <span class='ocr_line' id='line_1_110' title="bbox 2115 4897 3716 4971; baseline 0.005 -18"><span class='ocrx_word' id='word_1_839' title='bbox 2115 4912 2337 4953; x_wconf 90' lang='lat' dir='ltr'><strong>servare</strong></span> <span class='ocrx_word' id='word_1_840' title='bbox 2371 4898 2551 4952; x_wconf 89' lang='lat' dir='ltr'><strong>cordis</strong></span> <span class='ocrx_word' id='word_1_841' title='bbox 2585 4898 2879 4968; x_wconf 90' lang='lat' dir='ltr'><strong>puritatem</strong></span> <span class='ocrx_word' id='word_1_842' title='bbox 2900 4940 2914 4965; x_wconf 94' lang='lat'><strong>,</strong></span> <span class='ocrx_word' id='word_1_843' title='bbox 2949 4915 3015 4954; x_wconf 93' lang='lat' dir='ltr'><strong>ne</strong></span> <span class='ocrx_word' id='word_1_844' title='bbox 3044 4897 3182 4954; x_wconf 84' lang='lat' dir='ltr'><strong>forte</strong></span> <span class='ocrx_word' id='word_1_845' title='bbox 3209 4915 3274 4955; x_wconf 89' lang='lat' dir='ltr'><strong>ea</strong></span> <span class='ocrx_word' id='word_1_846' title='bbox 3304 4917 3428 4971; x_wconf 77' lang='lat' dir='ltr'><strong>qua:</strong></span> <span class='ocrx_word' id='word_1_847' title='bbox 3467 4904 3716 4961; x_wconf 84' lang='lat' dir='ltr'><strong>humana</strong></span> 
     </span>
    </p>
   </div>
   <div class='ocr_carea' id='block_1_110' title="bbox 2115 4991 3719 5066">
    <p class='ocr_par' dir='ltr' id='par_1_110' title="bbox 2115 4991 3719 5066">
     <span class='ocr_line' id='line_1_111' title="bbox 2115 4991 3719 5066; baseline 0.005 -20"><span class='ocrx_word' id='word_1_848' title='bbox 2115 4991 2260 5047; x_wconf 90' lang='lat' dir='ltr'><strong>ratio</strong></span> <span class='ocrx_word' id='word_1_849' title='bbox 2283 4993 2744 5062; x_wconf 85' lang='lat' dir='ltr'><strong>comprehendere</strong></span> <span class='ocrx_word' id='word_1_850' title='bbox 2765 5009 2872 5048; x_wconf 91' lang='lat' dir='ltr'><strong>non</strong></span> <span class='ocrx_word' id='word_1_851' title='bbox 2897 4993 3065 5057; x_wconf 87' lang='lat' dir='ltr'><strong>valet,</strong></span> <span class='ocrx_word' id='word_1_852' title='bbox 3094 4995 3306 5050; x_wconf 89' lang='lat' dir='ltr'><strong>incauta</strong></span> <span class='ocrx_word' id='word_1_853' title='bbox 3333 4995 3719 5066; x_wconf 85' lang='lat' dir='ltr'><strong>disputatione</strong></span> 
     </span>
    </p>
   </div>
   <div class='ocr_carea' id='block_1_111' title="bbox 2117 5083 3716 5152">
    <p class='ocr_par' dir='ltr' id='par_1_111' title="bbox 2117 5083 3716 5152">
     <span class='ocr_line' id='line_1_112' title="bbox 2117 5083 3716 5152; baseline 0.004 -16"><span class='ocrx_word' id='word_1_854' title='bbox 2117 5083 2306 5138; x_wconf 91' lang='lat' dir='ltr'><strong>rimari</strong></span> <span class='ocrx_word' id='word_1_855' title='bbox 2335 5092 2645 5152; x_wconf 72' lang='lat' dir='ltr'><strong>prtesumat.</strong></span> <span class='ocrx_word' id='word_1_856' title='bbox 2692 5083 2847 5139; x_wconf 89' lang='lat' dir='ltr'><strong>Unde</strong></span> <span class='ocrx_word' id='word_1_857' title='bbox 2876 5085 3008 5140; x_wconf 90' lang='lat' dir='ltr'><strong>dicit</strong></span> <span class='ocrx_word' id='word_1_858' title='bbox 3036 5086 3392 5142; x_wconf 87' lang='lat' dir='ltr'><strong>Ecclesiastes</strong></span> <span class='ocrx_word' id='word_1_859' title='bbox 3423 5106 3438 5142; x_wconf 88' lang='lat'><strong>:</strong></span> <span class='ocrx_word' id='word_1_860' title='bbox 3469 5107 3489 5140; x_wconf 75' lang='grc' dir='ltr'>ι</span> <span class='ocrx_word' id='word_1_861' title='bbox 3523 5089 3610 5147; x_wconf 80' lang='lat' dir='ltr'><strong>Ne</strong></span> <span class='ocrx_word' id='word_1_862' title='bbox 3642 5100 3716 5146; x_wconf 82' lang='lat' dir='ltr'><strong>te-</strong></span> 
     </span>
    </p>
   </div>
   <div class='ocr_carea' id='block_1_112' title="bbox 2117 5173 3719 5245">
    <p class='ocr_par' dir='ltr' id='par_1_112' title="bbox 2117 5173 3719 5245">
     <span class='ocr_line' id='line_1_113' title="bbox 2117 5173 3719 5245; baseline 0.005 -17"><span class='ocrx_word' id='word_1_863' title='bbox 2117 5189 2268 5230; x_wconf 90' lang='lat' dir='ltr'><strong>mere</strong></span> <span class='ocrx_word' id='word_1_864' title='bbox 2304 5174 2435 5244; x_wconf 92' lang='lat' dir='ltr'><strong>quid</strong></span> <span class='ocrx_word' id='word_1_865' title='bbox 2473 5173 2755 5242; x_wconf 87' lang='lat' dir='ltr'><strong>loquaris,</strong></span> <span class='ocrx_word' id='word_1_866' title='bbox 2788 5191 2964 5245; x_wconf 89' lang='lat' dir='ltr'><strong>neque</strong></span> <span class='ocrx_word' id='word_1_867' title='bbox 2998 5193 3094 5232; x_wconf 91' lang='lat' dir='ltr'><strong>cor</strong></span> <span class='ocrx_word' id='word_1_868' title='bbox 3127 5185 3278 5232; x_wconf 90' lang='lat' dir='ltr'><strong>tuum</strong></span> <span class='ocrx_word' id='word_1_869' title='bbox 3328 5179 3398 5233; x_wconf 90' lang='lat' dir='ltr'><strong>sit</strong></span> <span class='ocrx_word' id='word_1_870' title='bbox 3441 5182 3610 5236; x_wconf 79' lang='lat' dir='ltr'><strong>velox</strong></span> <span class='ocrx_word' id='word_1_871' title='bbox 3651 5183 3719 5236; x_wconf 83' lang='lat' dir='ltr'><strong>ad</strong></span> 
     </span>
    </p>
   </div>
   <div class='ocr_carea' id='block_1_113' title="bbox 2116 5265 3717 5335">
    <p class='ocr_par' dir='ltr' id='par_1_113' title="bbox 2116 5265 3717 5335">
     <span class='ocr_line' id='line_1_114' title="bbox 2116 5265 3717 5335; baseline 0.004 -15"><span class='ocrx_word' id='word_1_872' title='bbox 2116 5265 2501 5335; x_wconf 82' lang='lat' dir='ltr'><strong>proferendum</strong></span> <span class='ocrx_word' id='word_1_873' title='bbox 2539 5280 2847 5320; x_wconf 90' lang='lat' dir='ltr'><strong>sermonem</strong></span> <span class='ocrx_word' id='word_1_874' title='bbox 2885 5281 3068 5322; x_wconf 90' lang='lat' dir='ltr'><strong>coram</strong></span> <span class='ocrx_word' id='word_1_875' title='bbox 3103 5267 3232 5323; x_wconf 90' lang='lat' dir='ltr'><strong>Deo.</strong></span> <span class='ocrx_word' id='word_1_876' title='bbox 3274 5268 3416 5324; x_wconf 90' lang='lat' dir='ltr'><strong>Deus</strong></span> <span class='ocrx_word' id='word_1_877' title='bbox 3452 5271 3612 5326; x_wconf 85' lang='lat' dir='ltr'><strong>enim</strong></span> <span class='ocrx_word' id='word_1_878' title='bbox 3663 5274 3717 5327; x_wconf 88' lang='lat' dir='ltr'><strong>in</strong></span> 
     </span>
    </p>
   </div>
   <div class='ocr_carea' id='block_1_114' title="bbox 2117 5356 3717 5429">
    <p class='ocr_par' dir='ltr' id='par_1_114' title="bbox 2117 5356 3717 5429">
     <span class='ocr_line' id='line_1_115' title="bbox 2117 5356 3717 5429; baseline 0.006 -19"><span class='ocrx_word' id='word_1_879' title='bbox 2117 5356 2288 5420; x_wconf 69' lang='lat' dir='ltr'><strong>cmlo,</strong></span> <span class='ocrx_word' id='word_1_880' title='bbox 2323 5363 2378 5411; x_wconf 91' lang='lat' dir='ltr'><strong>et</strong></span> <span class='ocrx_word' id='word_1_881' title='bbox 2411 5364 2465 5409; x_wconf 89' lang='lat' dir='ltr'><strong>tu</strong></span> <span class='ocrx_word' id='word_1_882' title='bbox 2498 5371 2662 5427; x_wconf 90' lang='lat' dir='ltr'><strong>super</strong></span> <span class='ocrx_word' id='word_1_883' title='bbox 2689 5364 2911 5411; x_wconf 88' lang='lat' dir='ltr'><strong>terram.</strong></span> <span class='ocrx_word' id='word_1_884' title='bbox 2940 5358 3147 5414; x_wconf 89' lang='lat' dir='ltr'><strong>Idcirco</strong></span> <span class='ocrx_word' id='word_1_885' title='bbox 3173 5360 3278 5415; x_wconf 87' lang='lat' dir='ltr'><strong>sint</strong></span> <span class='ocrx_word' id='word_1_886' title='bbox 3308 5363 3471 5429; x_wconf 86' lang='lat' dir='ltr'><strong>pauci</strong></span> <span class='ocrx_word' id='word_1_887' title='bbox 3499 5379 3717 5418; x_wconf 79' lang='lat' dir='ltr'><strong>sermo-</strong></span> 
     </span>
    </p>
   </div>
   <div class='ocr_carea' id='block_1_115' title="bbox 2119 5445 3722 5518">
    <p class='ocr_par' dir='ltr' id='par_1_115' title="bbox 2119 5445 3722 5518">
     <span class='ocr_line' id='line_1_116' title="bbox 2119 5445 3722 5518; baseline 0.003 -16"><span class='ocrx_word' id='word_1_888' title='bbox 2119 5462 2215 5502; x_wconf 90' lang='lat' dir='ltr'><strong>nes</strong></span> <span class='ocrx_word' id='word_1_889' title='bbox 2249 5446 2359 5509; x_wconf 89' lang='lat' dir='ltr'><strong>tui,</strong></span> <span class='ocrx_word' id='word_1_890' title='bbox 2387 5445 2586 5500; x_wconf 91' lang='lat' dir='ltr'><strong>multas</strong></span> <span class='ocrx_word' id='word_1_891' title='bbox 2614 5462 2776 5502; x_wconf 85' lang='lat' dir='ltr'><strong>curas</strong></span> <span class='ocrx_word' id='word_1_892' title='bbox 2804 5456 3106 5518; x_wconf 86' lang='lat' dir='ltr'><strong>sequuntur</strong></span> <span class='ocrx_word' id='word_1_893' title='bbox 3131 5450 3338 5504; x_wconf 92' lang='lat' dir='ltr'><strong>somnia</strong></span> <span class='ocrx_word' id='word_1_894' title='bbox 3356 5492 3370 5517; x_wconf 95' lang='lat'><strong>,</strong></span> <span class='ocrx_word' id='word_1_895' title='bbox 3397 5460 3456 5506; x_wconf 91' lang='lat' dir='ltr'><strong>et</strong></span> <span class='ocrx_word' id='word_1_896' title='bbox 3481 5453 3539 5506; x_wconf 93' lang='lat' dir='ltr'><strong>in</strong></span> <span class='ocrx_word' id='word_1_897' title='bbox 3575 5454 3722 5507; x_wconf 82' lang='lat' dir='ltr'><strong>mul-</strong></span> 
     </span>
    </p>
   </div>
   <div class='ocr_carea' id='block_1_116' title="bbox 2119 5538 3723 5614">
    <p class='ocr_par' dir='ltr' id='par_1_116' title="bbox 2119 5538 3723 5614">
     <span class='ocr_line' id='line_1_117' title="bbox 2119 5538 3723 5614; baseline 0.004 -22"><span class='ocrx_word' id='word_1_898' title='bbox 2119 5540 2189 5593; x_wconf 82' lang='lat' dir='ltr'><strong>tis</strong></span> <span class='ocrx_word' id='word_1_899' title='bbox 2214 5539 2558 5594; x_wconf 82' lang='lat' dir='ltr'><strong>sermonibus</strong></span> <span class='ocrx_word' id='word_1_900' title='bbox 2584 5538 2862 5595; x_wconf 88' lang='lat' dir='ltr'><strong>invenitur</strong></span> <span class='ocrx_word' id='word_1_901' title='bbox 2883 5539 3115 5595; x_wconf 88' lang='lat' dir='ltr'><strong>stultitia</strong></span> <span class='ocrx_word' id='word_1_902' title='bbox 3146 5540 3323 5611; x_wconf 80' lang='lat' dir='ltr'><strong>(Eccl.</strong></span> <span class='ocrx_word' id='word_1_903' title='bbox 3348 5539 3435 5612; x_wconf 89' lang='lat' dir='ltr'><strong>v).</strong></span> <span class='ocrx_word' id='word_1_904' title='bbox 3459 5561 3477 5594; x_wconf 70' lang='grc' dir='ltr'><strong><em>ι</em></strong></span> <span class='ocrx_word' id='word_1_905' title='bbox 3503 5542 3571 5597; x_wconf 83' lang='lat' dir='ltr'><strong>In</strong></span> <span class='ocrx_word' id='word_1_906' title='bbox 3599 5547 3723 5614; x_wconf 81' lang='lat' dir='ltr'><strong>qui-</strong></span> 
     </span>
    </p>
   </div>
   <div class='ocr_carea' id='block_1_117' title="bbox 2117 5627 3725 5702">
    <p class='ocr_par' dir='ltr' id='par_1_117' title="bbox 2117 5627 3725 5702">
     <span class='ocr_line' id='line_1_118' title="bbox 2117 5627 3725 5702; baseline 0.004 -20"><span class='ocrx_word' id='word_1_907' title='bbox 2117 5627 2216 5684; x_wconf 91' lang='lat' dir='ltr'><strong>bus</strong></span> <span class='ocrx_word' id='word_1_908' title='bbox 2249 5629 2430 5684; x_wconf 90' lang='lat' dir='ltr'><strong>verbis</strong></span> <span class='ocrx_word' id='word_1_909' title='bbox 2457 5629 2672 5685; x_wconf 86' lang='lat' dir='ltr'><strong>videtur</strong></span> <span class='ocrx_word' id='word_1_910' title='bbox 2703 5631 3028 5701; x_wconf 58' lang='lat' dir='ltr'><strong>praecipere,</strong></span> <span class='ocrx_word' id='word_1_911' title='bbox 3063 5645 3130 5685; x_wconf 90' lang='lat' dir='ltr'><strong>ne</strong></span> <span class='ocrx_word' id='word_1_912' title='bbox 3159 5641 3252 5684; x_wconf 90' lang='lat' dir='ltr'><strong>aut</strong></span> <span class='ocrx_word' id='word_1_913' title='bbox 3287 5631 3586 5702; x_wconf 81' lang='lat' dir='ltr'><strong>loquentes</strong></span> <span class='ocrx_word' id='word_1_914' title='bbox 3621 5643 3725 5688; x_wconf 83' lang='lat' dir='ltr'><strong>aut</strong></span> 
     </span>
    </p>
   </div>
   <div class='ocr_carea' id='block_1_118' title="bbox 2118 5720 3716 5793">
    <p class='ocr_par' dir='ltr' id='par_1_118' title="bbox 2118 5720 3716 5793">
     <span class='ocr_line' id='line_1_119' title="bbox 2118 5720 3716 5793; baseline 0.004 -19"><span class='ocrx_word' id='word_1_915' title='bbox 2118 5721 2420 5792; x_wconf 80' lang='lat' dir='ltr'><strong>cogitantes</strong></span> <span class='ocrx_word' id='word_1_916' title='bbox 2454 5720 2575 5791; x_wconf 91' lang='lat' dir='ltr'><strong>plus</strong></span> <span class='ocrx_word' id='word_1_917' title='bbox 2613 5721 2680 5776; x_wconf 85' lang='lat' dir='ltr'><strong>de</strong></span> <span class='ocrx_word' id='word_1_918' title='bbox 2717 5721 2828 5777; x_wconf 89' lang='lat' dir='ltr'><strong>Deo</strong></span> <span class='ocrx_word' id='word_1_919' title='bbox 2863 5736 3026 5791; x_wconf 85' lang='lat' dir='ltr'><strong>quam</strong></span> <span class='ocrx_word' id='word_1_920' title='bbox 3065 5737 3351 5793; x_wconf 85' lang='lat' dir='ltr'><strong>possumus</strong></span> <span class='ocrx_word' id='word_1_921' title='bbox 3391 5723 3716 5792; x_wconf 77' lang='lat' dir='ltr'><strong>opinemur.</strong></span> 
     </span>
    </p>
   </div>
  </div>
