3904 6184
295 295 390 349 781

1193 284 1543 342 COMMENT.
1590 287 1653 342 IN
1693 286 2301 346 ECCLESiASTlCUM.
2345 321 2411 331 —
2449 288 2575 343 LIB.
2609 286 2650 342 ι.

3470 290 3571 343 ’78Ξ

206 468 218 478 _
447 403 686 456 sciamus
725 396 1151 452 imbecillitatem
1188 406 1430 451 nostram
1450 437 1465 462 ,
1505 399 1646 466 quod
1669 439 1683 460 ,
1719 414 1892 467 quan-
1917 403 1966 460 Α
1994 406 2047 451 et
2075 399 2333 452 honorem
2353 440 2367 458 ,
2393 407 2446 452 ct
2474 399 2931 468 incorruptionem
2955 406 3202 467 qnaerunl
3226 399 3390 453 vitam
3417 410 3572 454 acter-

309 511 419 554 tnm
452 494 649 551 coelum
689 492 856 545 distat
892 505 921 542 a
963 498 1138 551 terra,
1182 497 1390 542 tantum
1429 497 1611 542 nostra
1652 489 1893 557 opinatio

307 609 337 643 a
376 596 570 640 natura
622 580 766 636 illius
813 587 1118 649 separetur,
1163 587 1218 632 et
1253 578 1456 634 idcirco
1491 579 1688 633 debere
1729 580 1888 632 verba

309 685 495 730 nostra
543 688 663 727 esse
710 669 1014 725 moderata.
1065 667 1219 723 Sicut
1263 669 1444 734 enim,
1489 670 1581 738 qui
1616 669 1670 724 in
1714 669 1898 723 multis

310 762 737 835 cogitationibus
761 767 878 819 est.
907 774 968 814 ea
1003 759 1246 813 somniat
1274 757 1585 828 frequenter
1608 760 1675 813 de
1704 759 1898 828 quibus

311 856 550 925 cogitat,
597 853 670 906 ita
713 851 802 920 qui
843 850 1000 918 plura
1039 850 1273 904 voluerit
1316 851 1382 904 de
1411 851 1691 905 divinitate
1730 851 1899 904 disse-

313 961 468 1012 rere,
511 945 702 1000 incidit
746 944 800 997 in
842 942 1150 996 stultitiam.
1194 941 1334 996 Hinc
1375 951 1430 996 et
1472 941 1674 996 Paulus
1700 941 1895 996 docet:

318 1058 338 1090 ι
371 1038 485 1092 Non
515 1036 635 1106 plus
664 1048 855 1104 sapere
881 1048 1044 1102 quam
1076 1039 1288 1102 oportet
1316 1047 1510 1101 sapere
1537 1050 1550 1084 :
1584 1032 1675 1086 sed
1709 1047 1900 1101 sapere

315 1130 384 1183 ad
432 1127 818 1187 sobrietatem,
865 1132 923 1177 et
962 1119 1118 1190 juxta
1169 1137 1479 1175 mensuram
1527 1121 1648 1176 ﬁdei
1698 1120 1895 1192 (Rom.

316 1218 459 1287 xu).
493 1236 511 1268 ι
537 1216 606 1270 Et
643 1214 768 1268 alibi
799 1230 812 1265 :
846 1233 866 1263 ι
897 1212 1047 1276 Noli,
1088 1212 1293 1280 inquit,
1327 1211 1494 1264 altum
1530 1224 1754 1279 sapere,
1805 1210 1900 1264 sed

287 1310 450 1378 _time
481 1305 675 1377 (Rom.
706 1319 759 1358 ιι
785 1301 826 1373 ).
861 1323 879 1354 ι
911 1300 1121 1356 Sufﬁcit
1148 1301 1294 1354 enim
1320 1300 1524 1354 homini
1551 1340 1566 1364 ,
1599 1309 1660 1354 ut
1699 1315 1763 1355 ea
1811 1299 1900 1370 pia

275 1383 289 1451 Ι
318 1397 646 1468 cogitatione
680 1402 909 1457 tractet,
943 1401 1188 1463 clepere
1218 1391 1466 1461 impleat,
1499 1406 1620 1459 quae
1649 1405 1680 1444 a
1717 1388 1902 1445 condi-

322 1499 443 1543 tore
477 1502 577 1542 suo
611 1485 714 1540 sibi
749 1483 1044 1539 constituta
1067 1523 1082 1548 ,
1119 1491 1284 1551 atque
1315 1489 1585 1552 prmeepta
1628 1489 1756 1535 sunt
1788 1495 1903 1534 ser-

320 1578 492 1631 vanda
516 1593 530 1641 ;
560 1590 678 1645 qua:
704 1583 884 1628 autem
914 1572 1126 1628 occulta
1154 1582 1208 1626 et
1236 1588 1357 1641 qua:
1383 1570 1902 1641 incomprehensibi-

321 1670 392 1723 lia
429 1677 554 1723 suut
581 1667 907 1737 judiciorum
943 1664 1070 1730 Dei,
1111 1663 1341 1719 scrutari
1374 1678 1481 1717 non
1515 1669 1786 1727 attentet;
1821 1661 1903 1716 di-

1999 504 2144 542 nam.
2188 488 2286 542 llis
2326 496 2535 550 autem,
2579 489 2669 558 qui
2717 496 2843 542 sunt
2879 503 2944 542 ex
2987 489 3369 555 contentione,
3400 498 3454 544 et
3485 492 3574 560 qui

1999 594 2105 632 non
2137 579 2488 648 acquiescunt
2516 578 2766 643 veritati,
2800 579 3028 634 credunt
3055 587 3236 635 autem
3269 580 3573 650 iniquitati,

1999 671 2135 724 iram
2163 679 2218 724 ct
2255 671 2700 742 indignationem,
2739 670 3136 726 tribulationem
3177 679 3230 726 et
3270 672 3574 744 angustiam

2000 761 2188 832 (Rom.
2213 779 2250 816 n
2275 760 2313 833 ).
2347 782 2417 813 ι’(
2448 761 2545 828 Qui
2578 769 2755 825 amat,
2787 761 2999 831 inquit,
3029 761 3326 831 periculum
3355 803 3370 827 ,
3401 761 3454 816 in
3486 762 3578 817 illo

1999 851 2218 919 peribit.
2247 871 2264 903 ι
2291 851 2382 906 llle
2403 853 2601 905 dicitur
2625 867 2810 906 amare
2825 852 3146 920 periculum,
3171 853 3261 923 qui
3288 869 3393 906 non
3421 862 3579 908 curat

2001 955 2100 995 nec
2129 942 2309 996 studet
2337 943 2509 996 vitare
2537 942 2857 1011 periculum.
2898 942 3150 1012 Alioquin
3181 943 3303 1012 quis
3333 953 3415 999 est
3437 985 3454 1010 ,
3483 945 3574 1015 qui

2001 1031 2128 1083 velit
2162 1032 2405 1086 incidere
2437 1033 2490 1085 in
2520 1033 2850 1100 periculum,
2881 1049 3002 1086 cum
3030 1050 3218 1088 omnes
3255 1035 3422 1089 velint
3447 1050 3576 1090 eva-

2001 1121 2129 1176 dere
2157 1122 2480 1176 intcrilum?
2511 1121 2616 1176 Sed
2650 1123 2736 1176 ille
2766 1123 3161 1193 quodammodo
3191 1133 3338 1179 amat
3367 1126 3577 1195 pericu-

2001 1212 2110 1266 lum
2131 1253 2144 1277 ,
2173 1214 2264 1282 qui
2293 1213 2482 1283 diliget
2509 1227 2603 1268 eas
2645 1228 2734 1268 res
2769 1229 2891 1283 qua:
2920 1213 3148 1268 tendunt
3170 1214 3238 1270 ad
3262 1215 3537 1271 interitum
3559 1257 3573 1281 ,

2000 1310 2060 1356 ut
2081 1311 2168 1356 est
2193 1303 2375 1368 libido,
2407 1303 2655 1368 avaritia,
2683 1302 2912 1368 luxuria,
2943 1312 2998 1358 et
3021 1313 3231 1359 cazterae
3255 1306 3574 1375 perniciosae

2000 1391 2318 1462 cupiditates
2353 1406 2366 1444 :
2416 1406 2516 1446 nec
2553 1407 2659 1446 non
2710 1401 2765 1446 et
2804 1393 3039 1448 haereses
3076 1405 3240 1464 atque
3279 1396 3577 1450 novitatum

2001 1484 2472 1553 praesumptiones,
2493 1499 2613 1553 quae
2637 1484 2955 1539 certissimae
2980 1496 3107 1541 sunt
3127 1485 3432 1542 animarum
3454 1502 3579 1558 per-

2002 1573 2255 1628 ditioues.
2290 1573 2444 1629 Unde
2472 1571 2815 1644 subiungitur
2852 1592 2864 1626 :

2080 1682 2098 1714 ι
2128 1664 2235 1719 Cor
2273 1665 2582 1734 ingrediens
2625 1666 2761 1721 duas
2790 1667 2906 1720 vias
2948 1682 3054 1721 non
3099 1667 3321 1724 habebit
3357 1685 3577 1727 succes-

322 1770 517 1832 catque
546 1775 668 1814 cum
699 1757 966 1826 Propheta
999 1773 1012 1809 :
1043 1774 1062 1805 ι
1094 1753 1304 1809 Judicia
1338 1754 1432 1808 Dci
1466 1754 1695 1824 abyssus
1733 1752 1900 1807 multa
1931 1743 1976 1803 B
2009 1773 2027 1804 ι
2058 1769 2150 1808 sus
2180 1771 2192 1806 :
2224 1762 2279 1808 et
2309 1769 2533 1823 pravum
2581 1769 2677 1809 cor
2719 1755 2772 1808 in
2813 1755 2919 1811 illis
2958 1757 3424 1813 scandalizabitur.
3475 1761 3584 1816 Cor

325 1851 520 1923 (Psal.
559 1848 783 1920 xxxv);
825 1867 844 1899 ι
876 1855 932 1902 et
969 1861 1092 1902 cum
1124 1844 1382 1914 Apostolo
1427 1843 1679 1898 mirando
1726 1841 1904 1896 taliter

323 1945 556 2008 sentiat,
583 1944 768 1998 dicens
797 1961 810 1995 :
835 1960 854 1991 ‹
881 1940 925 1996 0
947 1941 1175 1994 altitudo
1205 1939 1516 1993 divitiarum
1547 1937 1824 2007 sapientia:
1851 1945 1906 1992 et

326 2037 569 2091 scientia:
601 2035 724 2098 Dei,
759 2048 918 2102 quam
947 2031 1513 2102 incomprehensibilia
1546 2038 1674 2085 sunt
1697 2028 1901 2100 judicia

325 2130 464 2197 ejus,
496 2137 551 2181 et
578 2124 980 2195 investigabiles
1009 2124 1108 2179 via:
1135 2125 1253 2194 ejus
1282 2143 1294 2177 :
1334 2125 1455 2194 quis
1483 2123 1627 2179 enim
1654 2123 1905 2193 cognovit

325 2235 544 2275 sensum
575 2217 830 2273 Domini?
854 2228 948 2271 aut
973 2216 1095 2285 quis
1121 2215 1465 2270 consiliarius
1490 2212 1606 2282 ejus
1633 2212 1769 2267 fuit?
1788 2231 1806 2264 ι
1841 2212 1906 2265 Et

330 2312 660 2364 retribuetur
697 2309 780 2374 ei,
817 2308 1070 2378 quoniam
1105 2323 1172 2362 ex
1210 2307 1347 2375 ipso,
1389 2314 1444 2359 et
1480 2321 1577 2375 per
1612 2304 1819 2374 ipsum,
1850 2311 1905 2356 et

329 2405 383 2458 in
429 2405 544 2472 ipso
574 2411 699 2457 sunt
725 2402 906 2456 omnia
938 2419 951 2454 :
983 2399 1088 2471 Ipsi
1119 2401 1292 2455 honor
1319 2407 1374 2454 et
1414 2397 1585 2467 gloria
1625 2397 1678 2451 in
1710 2394 1903 2451 saacula

327 2493 642 2548 seculorum
673 2489 863 2563 (Rom.
898 2507 951 2544 xl
976 2491 1017 2564 ).

406 2599 425 2631 ε
456 2580 512 2634 In
550 2580 896 2650 supervacuis
930 2579 1111 2634 verbis
1151 2578 1260 2633 noli
1309 2577 1540 2633 scrutari
1591 2576 1904 2646 multiplici-

334 2689 354 2722 ι
383 2679 502 2736 ter;
536 2679 591 2724 et
626 2671 679 2725 in
712 2669 957 2739 pluribus
987 2669 1242 2740 operibus
1277 2667 1394 2736 ejus
1425 2683 1529 2722 non
1566 2668 1677 2723 eris
1715 2667 1900 2723 curio-

335 2784 355 2816 ι
386 2781 496 2820 sus.
530 2765 766 2820 Plurima
795 2765 939 2819 enim
971 2779 1133 2834 super
1159 2777 1352 2818 sensus
1374 2762 1654 2817 hominum
1684 2768 1906 2817 ostensa

337 2877 357 2909 ι
388 2866 514 2912 sunt
545 2857 660 2911 tibi.
698 2856 891 2911 Multos
930 2871 1144 2925 quoque
1181 2854 1547 2925 supplantavit
1574 2853 1814 2924 suspicio
1844 2853 1909 2906 il-

338 2970 356 3000 ι
389 2949 600 3014 lorum,
635 2957 690 3002 et
725 2948 778 3002 in
809 2948 1050 3002 vanitate
1088 2947 1320 3001 detinuit
1371 2961 1561 3002 sensus
1611 2945 1847 3000 illorum.
1880 2963 1900 2997 ι

334 3038 708 3108 Supervacuas
736 3053 824 3092 res
854 3038 1125 3103 scrutari,
1167 3045 1253 3092 est
1299 3052 1392 3092 eas
1440 3051 1528 3092 res
1579 3033 1908 3092 rationabili-

334 3139 420 3184 ter
459 3129 679 3200 agnosci
711 3128 845 3183 velle
866 3170 881 3194 ,
915 3143 1052 3198 quos
1090 3128 1229 3182 ratio
1263 3128 1420 3182 docet
1455 3125 1768 3198 investigari
1803 3141 1908 3180 non

334 3219 550 3273 debere.
607 3217 760 3273 Unde
812 3217 1166 3272 Ecclesiastes
1221 3216 1352 3271 dicit
1386 3235 1398 3269 :
1431 3234 1449 3267 ι
1490 3215 1630 3283 Quid
1684 3229 1910 3270 necesse

332 3316 422 3363 est
458 3307 662 3362 homini
699 3305 900 3374 majora
935 3323 995 3362 se
1027 3321 1305 3376 quzerere,
1350 3321 1473 3362 cum
1517 3305 1730 3375 ignoret
1779 3305 1909 3374 quid

335 3398 604 3453 conducat
639 3397 740 3451 sibi
777 3397 830 3450 in
870 3396 980 3450 vita
1018 3411 1115 3450 sua
1154 3411 1384 3450 nurnero
1423 3395 1633 3450 dierum
1676 3394 1914 3464 peregri-

335 3489 570 3543 nationis
607 3504 748 3552 suae,
779 3496 833 3541 et
864 3497 1105 3557 tempore
1134 3488 1279 3557 quod
1309 3486 1455 3541 velut
1483 3487 1676 3539 umbra
1721 3492 1914 3553 praete-

339 3577 453 3632 rit?
479 3585 573 3631 aut
610 3577 733 3646 quis
769 3577 818 3630 ci
859 3576 1059 3645 poterit
1103 3576 1345 3630 indicare
1375 3575 1503 3644 quid
1533 3581 1654 3643 post
1681 3588 1803 3627 eum
1833 3573 1915 3627 fu-

337 3679 518 3722 turum
551 3669 648 3723 sub
675 3667 788 3722 sole
816 3667 928 3722 sit?
956 3665 976 3739 (
1000 3666 1174 3720 Eccle.
1207 3683 1303 3721 vn.
1330 3665 1349 3739 )
1389 3687 1409 3720 ι
1469 3667 1538 3721 Et
1568 3667 1697 3722 item
1733 3685 1746 3720 :
1781 3685 1798 3717 ε
1837 3666 1914 3721 Nc

335 3760 516 3823 dicas,
563 3759 690 3828 quid
731 3766 891 3828 putas
929 3772 1105 3812 causae
1142 3765 1260 3822 est,
1291 3773 1415 3813 cum
1444 3758 1625 3827 priora
1663 3765 1904 3826 tempora

335 3850 564 3904 meliora
610 3848 760 3903 fuere
802 3863 964 3916 quam
1010 3863 1152 3903 nunc
1198 3848 1367 3903 sunt?
1417 3847 1592 3902 Stulta
1637 3856 1722 3902 est
1769 3849 1914 3902 enim

336 3941 705 4010 hujuscemodi
736 3940 1086 4011 interrogatio
1108 3939 1351 4012 (Ibid.).
1393 3958 1413 3994 ι
1509 3937 1747 3994 Sobrius
1771 3939 1913 3993 enim

345 4033 656 4088 intellectus
686 4031 739 4083 in
773 4030 1024 4085 omnibus
1051 4038 1135 4084 est
1163 4030 1427 4099 optimus,
1462 4028 1555 4098 qui
1597 4027 1772 4082 reiicit
1801 4029 1918 4081 ani-

335 4140 517 4186 mam,
549 4131 604 4177 et
631 4138 737 4176 non
769 4131 958 4191 gravat
996 4127 1252 4174 mentem.
1304 4118 1457 4175 Unde
1504 4119 1558 4171 in
1607 4117 1917 4173 Proverbiis

334 4211 605 4283 sapientia
652 4211 836 4274 docet,
886 4210 1108 4264 dicens:
1147 4226 1166 4259 ι
1195 4207 1299 4262 Mel
1347 4208 1638 4272 invenisti,
1693 4209 1915 4262 comede

333 4302 482 4372 quod
511 4300 704 4356 suilicit
735 4301 865 4365 tibi,
897 4316 965 4354 ne
995 4298 1134 4354 forte
1161 4299 1389 4353 satiatus
1419 4314 1639 4354 evomas
1670 4299 1831 4360 illud,
1862 4308 1916 4352 et

327 4395 583 4466 perjures
619 4407 812 4447 nomen
855 4391 949 4446 Dei
993 4391 1069 4444 tui
1101 4381 1301 4461 (Prov.
1335 4388 1503 4460 xxv).
1537 4388 1688 4456 Quod
1735 4398 1912 4443 autem

327 4490 578 4544 dicitur:
615 4485 807 4539 Multos
835 4483 1207 4553 supplantasse
1248 4481 1612 4551 suspicionem
1656 4481 1870 4534 illorum
1895 4519 1910 4544 ,

323 4587 391 4633 ct
434 4579 489 4631 in
531 4577 769 4630 vanitate
808 4574 1104 4629 detinuisse
1145 4587 1337 4628 sensus
1376 4571 1611 4626 illorum.
1665 4571 1912 4626 Ostendit

318 4684 529 4726 omnes
562 4667 844 4722 haereticos
886 4667 1094 4720 duobus
1132 4665 1309 4720 modis
1347 4665 1623 4719 existere:
1657 4665 1760 4720 hoc
1787 4675 1911 4730 est,

314 4781 460 4821 cum
492 4762 577 4817 vel
606 4763 670 4817 de
707 4769 951 4816 creatore
989 4758 1076 4814 vel
1114 4758 1180 4813 de
1223 4765 1474 4812 creatura
1513 4756 1654 4810 ultra
1696 4757 1911 4811 modum

311 4856 571 4913 scrutari
603 4855 875 4918 volentes,
906 4868 1161 4923 perverse
1191 4853 1474 4908 sentiendo
1500 4867 1758 4907 erroneas
1786 4866 1915 4905 con-

307 4950 475 5005 dunt
503 4945 808 5008 doctrinas,
840 4954 894 4998 et
922 4945 1046 5013 quia
1075 4944 1416 5015 dogma-tibus
1445 4944 1692 4998 veritatis
1720 4943 1916 4997 cedere

305 5037 532 5095 nolunt
554 5076 569 5099 ,
601 5034 730 5105 quid
765 5050 860 5088 eos
902 5035 1221 5103 insequatur
1259 5033 1589 5098 ostenditur,
1633 5047 1754 5086 cum
1784 5033 1914 5086 sub-

290 5129 603 5204 jungitur.

413 5240 432 5271 ι
463 5219 572 5275 Cor
598 5220 789 5274 durum
831 5219 971 5273 male
1011 5218 1232 5273 habebit
1270 5218 1324 5272 in
1367 5218 1663 5272 novissimo
1694 5235 1707 5270 :
1741 5226 1797 5271 et
1824 5218 1916 5286 qui

2009 1864 2028 1896 ι
2059 1860 2290 1914 nequam
2323 1845 2638 1912 gravabitur
2668 1845 2720 1899 in
2754 1846 3062 1914 doloribus,
3094 1856 3149 1902 et
3176 1857 3428 1918 peccator
3451 1851 3586 1918 adji-

2010 1955 2028 1985 ‹
2059 1935 2166 1989 ciet
2193 1934 2260 1988 ad
2292 1936 2650 2004 peccandum.
2686 1955 2705 1988 ›
2737 1935 2845 1992 Cor
2873 1939 3253 1993 haereticorum
3286 1941 3586 2013 ingreditur

2004 2027 2140 2081 duas
2178 2028 2327 2091 vias,
2369 2028 2586 2098 quando
2627 2044 2756 2083 vera
2802 2031 3097 2099 permiscet
3131 2031 3317 2100 falsis,
3357 2045 3411 2090 et
3450 2035 3582 2091 falsa

2005 2119 2197 2173 inserit
2255 2119 2420 2173 veris.
2481 2117 2708 2188 Aliquas
2762 2120 2907 2174 enim
2963 2124 3261 2178 sententias
3306 2139 3581 2180 sacrarum

2007 2207 2412 2278 Scripturarum
2454 2210 2556 2263 rite
2599 2209 2906 2281 intelligunt
2944 2226 3009 2266 ac
3046 2212 3360 2282 proferunt,
3387 2225 3443 2270 et
3481 2217 3581 2271 ali-

2005 2315 2141 2370 quas
2169 2301 2464 2380 secundum
2497 2315 2650 2354 suam
2680 2301 2990 2369 vecordiam
3022 2304 3074 2356 in
3107 2318 3324 2358 sensum
3364 2320 3585 2375 perver-

2006 2406 2124 2446 sum
2157 2392 2380 2444 trahunt
2401 2431 2414 2456 ,
2447 2391 2670 2460 suisque
2699 2393 3036 2448 auditoribus
3066 2408 3160 2449 eas
3201 2397 3584 2452 commendare

2006 2491 2279 2552 satagunt.
2307 2481 2409 2548 Qui
2441 2483 2627 2554 (juxta
2658 2482 2806 2536 Pauli
2839 2485 3195 2557 sententiam)
3223 2504 3242 2536 ι
3273 2501 3462 2540 sanam
3490 2487 3577 2541 do-

2008 2575 2237 2629 ctrinam
2283 2589 2388 2628 non
2425 2575 2799 2639 sustinebunt,
2833 2576 2926 2630 sed
2969 2577 3268 2632 secundum
3313 2593 3408 2633 sua
3439 2579 3582 2634 desi-

2008 2665 2155 2720 deria
2191 2665 2586 2721 coacervabunt
2625 2666 2728 2720 sibi
2770 2667 3093 2738 magistros,
3135 2670 3443 2740 prurientes
3484 2685 3584 2724 au-

2008 2757 2197 2822 ribus;
2229 2765 2283 2812 et
2323 2773 2353 2812 a
2398 2758 2628 2812 veritate
2668 2759 2885 2828 quidem
2917 2761 3157 2815 auditum
3197 2769 3478 2828 avertent,
3520 2763 3585 2817 ad

2009 2845 2219 2901 fabulas
2248 2854 2429 2901 autem
2461 2856 2842 2903 convertentur
2871 2847 2977 2920 (II
3009 2848 3145 2903 Tim.
3176 2865 3229 2903 tv
3249 2849 3290 2921 ).
3321 2870 3341 2902 ι
3368 2851 3436 2905 Et
3464 2851 3586 2906 ideo

2010 2935 2524 2991 scandalizabuntur
2555 2952 2568 3001 ;
2605 2952 2704 2992 nec
2732 2935 3039 3006 hujusmodi
3086 2953 3369 2994 successus
3415 2939 3586 2994 babe-

2010 3028 2178 3092 bunt,
2217 3028 2344 3096 quia
2384 3043 2571 3081 eorum
2616 3027 2833 3082 labores
2873 3029 2926 3082 in
2969 3044 3198 3083 vacuum
3242 3030 3414 3085 ibunt.
3446 3028 3586 3084 Gra-

1936 3092 1982 3154 C
2014 3127 2209 3172 vantur
2235 3133 2423 3172 eorum
2464 3117 2764 3187 prtecordia
2809 3118 2916 3172 doli
2962 3120 3245 3185 versutiis,
3287 3129 3344 3175 et
3383 3120 3588 3176 idcirco

2012 3220 2308 3266 onerantur
2338 3210 2724 3279 multiplicibus
2752 3217 3096 3279 peccatorum
3126 3211 3372 3266 sarcinis.

2090 3322 2108 3354 ι
2139 3304 2436 3374 Synagoga:
2463 3305 2818 3371 superborum
2849 3319 2954 3356 non
2983 3303 3090 3358 erit
3119 3305 3327 3358 sanitas
3352 3319 3368 3369 ;
3403 3301 3585 3357 frutex

2020 3416 2038 3448 ι
2068 3398 2211 3453 enim
2244 3397 2454 3466 peccati
2496 3398 2862 3452 eradicabitur
2904 3399 2956 3451 in
2999 3397 3136 3462 illis,
3168 3407 3223 3453 et
3251 3413 3356 3453 non
3388 3396 3590 3452 intelli-

2021 3509 2038 3541 ι
2069 3500 2244 3561 gctur.
2278 3509 2296 3541 ι
2332 3488 2635 3561 Synagogae
2673 3489 3030 3559 superborum
3064 3499 3189 3545 sunt
3214 3488 3586 3546 conventicula

2015 3584 2391 3638 haereticorum
2419 3601 2432 3634 :
2468 3596 2697 3650 quorum
2724 3597 2944 3651 germen
2975 3582 3360 3645 eradicabitur,
3395 3589 3451 3636 et
3481 3596 3585 3634 non

2016 3673 2350 3743 intelligetur
2388 3687 2511 3725 cum
2556 3671 2801 3725 doctrina
2843 3686 3032 3725 eorum
3075 3670 3280 3724 inutilis
3306 3669 3589 3724 damnabi-

2016 3773 2144 3826 tur;
2184 3779 2282 3818 ncc
2325 3763 2472 3817 ﬁctio
2513 3777 2700 3817 eorum
2745 3763 2885 3832 apud
2930 3761 3096 3815 Deum
3135 3760 3416 3831 probatur.
3452 3759 3590 3827 Quid

2015 3864 2194 3909 autem
2225 3855 2519 3909 catholicos
2543 3852 2859 3908 manifestet
2878 3895 2893 3917 ,
2923 3853 3292 3922 subjungendo
3319 3852 3555 3908 ostendit
3578 3876 3587 3905 ,‘

2092 3963 2110 3994 ‹
2139 3943 2246 3999 Cor
2291 3943 2552 4012 sapientis
2592 3942 2909 4013 intelligitur
2939 3942 2991 3995 in
3024 3942 3286 4011 sapientia
3314 3982 3329 4007 ,
3363 3950 3418 3997 et
3445 3943 3592 3996 auris

2022 4037 2208 4090 «bona
2266 4036 2450 4090 audiet
2507 4051 2627 4089 cum
2681 4036 2827 4089 omni
2887 4035 3326 4104 concupiscentia
3383 4033 3593 4104 sapien-

2023 4145 2041 4174 ρ
2079 4127 2226 4181 tiam.
2261 4145 2278 4177 ι
2311 4125 2368 4179 1η
2415 4124 2701 4195 prudentia
2744 4125 2887 4178 enim
2936 4123 3196 4179 doctrinae
3239 4138 3334 4178 cor
3379 4123 3593 4192 sapiens

2017 4218 2311 4273 secundum
2349 4216 2633 4270 veritatem
2679 4215 3015 4286 intelligitur,
3059 4224 3116 4269 et
3153 4215 3426 4270 inhianter
3464 4215 3591 4271 boni

2015 4310 2291 4364 auditores
2318 4310 2458 4362 hanc
2489 4309 2789 4362 doctrinam
2822 4309 3068 4372 discunt,
3101 4323 3220 4377 qua:
3249 4308 3593 4363 commendat

2015 4399 2275 4463 virtutes,
2322 4407 2378 4453 et
2416 4397 2758 4467 persequitur
2801 4397 2973 4451 vitia:
3018 4399 3161 4467 quod
3201 4398 3596 4469 subsequentur

2015 4489 2338 4553 ostenditur,
2366 4503 2488 4543 cum
2518 4488 2737 4543 dicitur.

2092 4601 2110 4632 (
2140 4579 2366 4649 Sapiens
2387 4595 2480 4636 cor
2501 4590 2557 4635 et
2581 4581 2914 4652 intelligibile
2945 4581 3234 4636 abstinebit
3257 4596 3316 4637 se
3341 4598 3372 4637 a
3398 4597 3593 4652 pecca-

2022 4693 2040 4725 ‹
2070 4675 2178 4741 tis;
2225 4684 2281 4729 et
2318 4675 2371 4728 in
2413 4675 2667 4744 operibus
2702 4673 2929 4742 iustitiae
2969 4691 3252 4730 successus
3295 4675 3530 4730 habebit.
3569 4698 3585 4726 ι

2017 4767 2119 4834 Qui
2157 4782 2288 4838 ergo
2327 4768 2431 4821 rite
2464 4767 2710 4836 intelligit
2737 4767 2874 4837 legis
2901 4768 2992 4820 Dei
3027 4768 3404 4831 traditionem,
3439 4783 3594 4823 coer-

2019 4863 2105 4909 cet
2147 4870 2205 4908 se
2243 4869 2272 4906 a
2311 4847 2582 4922 peCcatis,
2616 4861 2670 4907 et
2707 4855 2759 4908 in
2791 4854 3047 4922 operibus
3075 4863 3294 4912 exercet
3326 4853 3552 4922 justitia:
3576 4897 3589 4918 ,

2016 4959 2245 5015 quorum
2288 4943 2483 4998 nobilis
2526 4943 2703 5012 portio
2731 4951 2812 4998 est
2845 4943 3310 5014 eleemosynarum
3341 4944 3591 5015 largitio,

2015 5043 2299 5104 prepterea
2331 5032 2627 5105 subjungit.

2094 5145 2111 5176 ι
2142 5125 2321 5196 Ignem
2347 5124 2631 5179 ardentem
2655 5124 2952 5195 exstinguit
2975 5139 3115 5193 aqua
3134 5165 3148 5188 ,
3175 5132 3230 5177 et
3255 5123 3592 5194 eleemosyna

1967 5269 1970 5273 .
2024 5235 2042 5268 ‹
2075 5215 2279 5270 resistit
2307 5215 2583 5284 peccatis;
2615 5223 2672 5269 et
2697 5215 2841 5268 Deus
2865 5223 3186 5284 prospector
3213 5222 3297 5270 est
3325 5213 3470 5282 ejus,
3499 5212 3595 5282 qui

302 5336 328 5368 α
371 5318 540 5367 autat
567 5307 894 5379 periculum,
935 5310 989 5363 in
1034 5309 1124 5363 illo
1167 5309 1386 5379 peribit.
1420 5327 1438 5360 ι
1463 5337 1536 5349 -
1559 5325 1577 5357 ι
1609 5306 1916 5362 Secundum

287 5403 601 5462 duritiam
629 5413 808 5458 autem
837 5418 991 5456 suam
1019 5409 1074 5456 et
1094 5401 1439 5471 impmnitens
1456 5385 1569 5467 cor,
1589 5401 1923 5456 thesaurizat

282 5497 441 5560 sibi
470 5497 608 5550 iram
641 5497 695 5550 in
722 5496 809 5551 die
838 5497 931 5551 iraa
957 5503 1011 5551 et
1036 5497 1381 5560 revelationis
1398 5495 1530 5565 justi
1553 5495 1742 5563 judicii
1791 5497 1918 5563 Dei,

275 5589 426 5662 qui
465 5587 656 5642 reddet
683 5588 971 5656 unicuique
1001 5589 1296 5643 secundum
1335 5602 1501 5658 opera
1528 5602 1644 5641 sua.
1677 5586 1772 5641 His
1802 5588 1921 5656 qui-

279 5689 492 5742 dem,
524 5677 616 5748 qui
645 5678 939 5733 secundum
965 5678 1281 5748 patientiam
1307 5678 1430 5734 boni
1459 5678 1658 5747 operis,
1688 5678 1915 5750 gloriam
1940 5684 1948 5692 '

2027 5324 2046 5356 ι
2081 5305 2254 5361 reddit
2292 5303 2562 5376 gratiam;
2606 5304 2851 5358 meminit
2889 5305 3006 5373 ejus
3036 5305 3090 5358 in
3119 5313 3424 5375 posterum,
3453 5311 3509 5356 et
3537 5302 3596 5355 in

2026 5418 2044 5450 ι
2077 5407 2318 5467 tempore
2346 5411 2506 5452 casus
2537 5396 2620 5451 sui
2653 5396 2892 5453 inveniet
2930 5396 3351 5451 ﬁrmamentum.
3388 5412 3408 5444 ι
3440 5393 3596 5447 Sicut

2021 5489 2164 5544 enim
2192 5501 2347 5557 aqua:
2373 5485 2698 5542 elementum
2728 5484 2953 5540 eﬁ'usum
2973 5527 2988 5547 ,
3021 5486 3159 5555 ignis
3181 5482 3477 5552 exstinguit
3501 5496 3589 5534 ar—

2022 5579 2206 5637 dorem
2227 5621 2242 5646 ,
2269 5581 2350 5635 sic
2378 5589 2433 5632 et
2461 5579 2802 5648 eleemosyna
2824 5620 2838 5643 ,
2867 5580 2985 5648 qua:
3012 5593 3108 5648 per
3137 5576 3424 5632 charitatis
3464 5573 3596 5628 aﬁ‘e-

2019 5687 2165 5733 ctuut
2191 5675 2536 5746 expenditur,
2560 5684 2906 5744 peccatorum
2931 5675 3122 5728 obruet
3150 5672 3440 5727 ﬂammam.
3466 5671 3593 5726 Ideo
