3928 6182
364 272 460 325 785

990 268 1048 322 ll.
1090 264 1341 320 RABANI
1381 264 1601 319 MAURI
1640 264 1957 320 ARCIIIEP.
2002 266 2311 324 MOGUNT.
2355 266 2640 323 OPERUM
2678 267 2858 323 PARS
2897 269 2936 323 1.

3530 276 3626 331 ἵει

357 388 626 459 quomodo
657 386 995 455 eleemosyaa
1026 382 1199 437 danda
1233 381 1335 444 sit,
1369 380 1424 434 in
1455 379 1745 451 Evangelio
1776 380 1935 453 docet
1962 387 2010 446 Α
2040 381 2218 435 amico
2247 390 2338 435 tuo
2369 401 2397 459 :_
2416 382 2551 437 vade
2580 391 2635 437 et
2677 392 2973 446 revertere,
3005 398 3128 437 cum
3163 384 3272 438 cito
3300 386 3478 453 possis
3504 388 3626 445 dare

356 481 646 542 Dominus.
674 479 859 533 dicens
884 495 896 529 :
931 494 947 525 ι
979 475 1114 530 Cum
1142 473 1275 528 facis
1304 473 1701 544 elecmosynam
1728 472 1936 541 nesciat

356 573 578 628 sinistra
613 578 702 624 tua
746 566 874 638 quid
932 565 1097 620 faciat
1127 566 1315 619 dextra
1346 574 1434 619 tua
1464 583 1475 618 :
1512 573 1572 619 ut
1599 565 1671 619 sit
1708 563 1936 619 eleemo-

354 680 489 734 syna
536 671 628 717 tua
669 660 725 714 in
769 658 1124 723 abscondito,
1167 666 1222 711 et
1259 656 1423 712 Pater
1463 664 1619 723 tuus,
1645 657 1737 726 qui
1768 655 1936 712 estin

353 753 703 817 abscondito,
761 752 950 807 reddet
996 751 1089 805 tibi
1143 749 1381 822 (Matth.
1413 766 1463 804 vi
1490 748 1531 822 ).
1572 769 1591 802 ι
1625 749 1740 805 Non
1790 749 1935 805 enim

352 854 577 917 propter
629 844 874 899 favorem
926 843 1178 897 humanae
1233 841 1408 896 laudis
1463 857 1528 897 ac
1584 840 1934 911 cupiditatem

350 935 703 1005 praesentium
753 949 933 988 rerum
977 930 1223 987 facienda
1275 940 1359 986 est
1404 931 1789 1002 eleemosyna;
1843 931 1938 989 sed

346 1036 572 1097 propter
601 1026 946 1082 dilectionem
978 1023 1073 1079 Dei
1096 1065 1110 1088 ,
1146 1032 1197 1077 et
1230 1038 1471 1078 amorem
1502 1033 1720 1079 acterna:
1759 1023 1932 1079 beati—

349 1116 573 1171 tudinis.
606 1115 757 1171 Tunc
787 1114 964 1179 enim,
998 1114 1045 1168 si
1077 1114 1151 1168 ita
1194 1112 1360 1167 fuerit
1397 1128 1666 1182 expensa,
1712 1113 1936 1169 habebit

351 1213 823 1261 remuneratorem
859 1205 1059 1268 Deum,
1111 1203 1203 1273 qui
1246 1203 1299 1257 in
1341 1210 1583 1273 tempore
1610 1217 1801 1267 casus,
1831 1203 1935 1259 hoc

344 1305 458 1359 est,
494 1296 546 1349 in
580 1294 684 1351 ﬁne
714 1293 1001 1365 praesentis
1030 1293 1153 1347 vitae
1184 1292 1371 1349 reddet
1402 1292 1684 1361 priemiuxn
1716 1300 1935 1348 aeternae

355 1388 495 1443 vitae.

921 1494 1149 1550 CAPUT
1202 1493 1336 1550 XIV.

704 1607 780 1661 De
807 1606 1142 1677 elcemosynis
1168 1616 1214 1661 et
1242 1606 1574 1677 pauperibus.

468 1738 595 1796 (ΖΑΡ.
626 1756 701 1796 1v.
728 1740 746 1811 )
779 1760 797 1791 ‹
828 1739 960 1806 Fili,
998 1740 1397 1811 eleemosynam
1426 1739 1679 1811 pauperis
1726 1755 1793 1794 ne
1840 1740 1932 1795 de-
1961 1741 2006 1801 B

358 1854 374 1882 ε
407 1834 657 1899 fraudes,
689 1842 744 1888 et
768 1833 956 1888 oculos
980 1842 1103 1888 tuos
1132 1848 1200 1889 ne
1235 1842 1572 1889 transvertas
1599 1849 1629 1888 a
1658 1848 1933 1904 paupere;

354 1944 370 1973 ι
403 1925 639 1981 animam
680 1925 1015 1979 esurientem
1059 1940 1129 1979 ne
1169 1925 1511 1995 despexeris,
1563 1934 1621 1981 et
1662 1942 1769 1981 non
1807 1942 1963 1982 exar

361 2035 379 2066 ι
411 2031 597 2086 speres
635 2029 928 2086 pauperem
969 2015 1023 2068 in
1069 2015 1249 2085 inopia
1287 2031 1403 2070 sua.
1438 2035 1457 2068 ι
1487 2014 1759 2083 Quantum
1790 2015 1936 2074 elee-

357 2122 621 2178 mosyna,
666 2106 754 2177 pia
795 2115 976 2161 mente
1020 2105 1180 2170 data,
1224 2107 1363 2176 apud
1402 2106 1690 2161 Dominum
1720 2106 1930 2171 valeat,

346 2196 584 2253 ostendit
615 2196 729 2268 ipse
764 2198 817 2251 in
842 2196 1151 2267 Evangelio,
1184 2196 1368 2252 dicens
1394 2214 1407 2251 :
1435 2215 1455 2247 ι
1481 2197 1613 2252 Date
1642 2197 1935 2268 clecmosy-

347 2303 472 2341 nam
492 2328 508 2354 ,
541 2296 596 2343 et
622 2301 753 2343 ecce
781 2287 962 2342 omnia
993 2287 1192 2344 munda
1224 2296 1348 2342 sunt
1379 2288 1532 2344 vobis
1560 2288 1730 2360 (Luc.
1760 2289 1876 2361 x1).
1909 2315 1926 2342 ι

345 2376 554 2445 Quibus
594 2377 700 2433 alio
736 2376 855 2433 loco
897 2385 1107 2432 tantum
1156 2378 1346 2432 tribuit
1392 2376 1674 2448 Scriptura
1716 2379 1931 2445 divina,

350 2476 409 2522 ut
454 2483 644 2523 carum
694 2469 1070 2523 tantummodo
1127 2467 1363 2524 fructum
1421 2484 1480 2525 se
1538 2470 1933 2542 imputaturum

357 2562 676 2631 pronuntiet
702 2561 966 2616 Dominus
994 2560 1233 2626 dextris,
1260 2570 1315 2616 et
1344 2576 1530 2617 earnm
1560 2563 1934 2619 tantummodo

350 2650 697 2707 sterilitatem
752 2650 1010 2707 sinistris.
1067 2650 1292 2717 Quando
1350 2651 1440 2706 his
1494 2652 1743 2707 dicturus
1796 2660 1928 2707 est:

350 2761 368 2792 (
399 2740 623 2806 Venite,
654 2741 924 2797 benedicti
956 2742 1136 2797 Patris
1165 2741 1304 2808 mei,
1336 2741 1600 2813 percipite
1630 2757 1874 2815 regnum.
1907 2762 1926 2794 ι

342 2833 449 2889 lllis
477 2843 689 2902 autem,
722 2852 740 2888 ι
763 2835 839 2890 Ite
870 2835 927 2890 in
959 2835 1138 2908 ignem
1170 2846 1437 2889 alternum
1470 2833 1695 2906 (Matth.
1726 2850 1833 2889 xxv
1853 2834 1924 2888 ἱ.»

341 2927 484 2982 Sane
505 2926 803 2983 cavendum
836 2936 918 2983 est
940 2968 957 2995 ,
988 2943 1057 2983 ne
1090 2930 1376 2998 quisquam
1405 2927 1680 2983 existimet
1710 2925 1931 2983 infanda

338 3021 427 3075 illa
453 3020 682 3075 crimina
701 3061 716 3088 ,
750 3019 926 3090 qualia
960 3019 1053 3089 qui
1084 3027 1250 3090 agunt
1279 3033 1504 3089 regnum
1533 3019 1630 3075 Dei
1657 3035 1766 3075 non
1806 3035 1933 3089 pos-

2041 468 2244 538 (Prov.
2278 487 2337 525 ιιι
2363 455 2404 541 )ἰ
2439 491 2456 522 ι
2484 471 2551 526 tu
2579 470 2706 526 alibi
2734 490 2747 525 ε
2780 491 2797 525 ι
2825 471 2929 538 Qui
2970 473 3227 542 despicit,
3263 473 3471 544 inquit,
3502 493 3628 547 pro-

2040 562 2245 617 ximum
2278 578 2433 618 suum
2454 604 2467 628 ,
2511 570 2699 632 peccat
2728 562 2869 633 :qui
2904 570 3082 617 autem
3112 564 3409 620 miseretur
3433 582 3631 638 μινυθ-

2038 656 2145 719 ris,
2182 657 2374 712 beatus
2401 657 2507 712 erit
2535 658 2552 726 (
2576 654 2735 710 Prov.
2767 673 2858 710 xiv
2879 656 2921 729 ).
2954 676 2972 709 ι
3000 656 3068 711 Ει
3092 660 3366 727 quomodo
3394 662 3469 715 sit
3497 661 3635 717 elec-

2037 763 2263 819 mosyna
2310 748 2491 805 danda
2530 748 2821 819 Apostolus
2863 749 3052 814 docet,
3098 749 3329 805 dicens:
3366 770 3386 801 α
3418 751 3538 808 Non
3566 769 3628 808 ex

2038 837 2261 892 tristitia
2279 878 2294 902 ,
2322 846 2417 891 aut
2445 853 2515 893 ex
2544 838 2873 893 necessitate.
2900 856 2912 891 :
2949 837 3180 893 hilarem
3209 839 3356 893 enim
3385 841 3629 896 datorem

2038 928 2211 1000 diligit
2234 930 2375 985 Deus
2406 927 2509 999 (ll
2540 925 2666 982 Cor.
2700 928 2839 999 ιι).›
2871 926 3043 998 Magis
3068 942 3201 998 ergo
3228 938 3455 998 prurstat
3482 930 3627 995 Deo,

2036 1017 2133 1087 qui
2166 1018 2439 1073 modicum
2484 1017 2680 1071 devota
2709 1024 2890 1071 mente
2915 1016 3136 1087 pauperi
3168 1018 3398 1089 porrigit
3417 1058 3433 1082 ,
3465 1035 3628 1089 quam

2038 1107 2127 1162 ille
2157 1108 2248 1176 qui
2286 1108 2426 1162 tristi
2460 1107 2627 1162 corde
2656 1106 2885 1161 multam
2910 1107 3197 1177 pecuniam
3226 1123 3523 1179 expensam
3555 1109 3631 1164 [ηρ

2036 1199 2130 1255 cit.
2183 1198 2339 1255 Unde
2375 1199 2636 1255 Dominus
2675 1198 3005 1257 oblationem
3040 1200 3216 1254 vidum
3255 1203 3627 1273 pauperculus,

2037 1304 2158 1359 quae
2196 1289 2302 1345 duo
2344 1305 2485 1347 terea
2530 1290 2742 1345 minma
2780 1290 2835 1344 in
2877 1290 3329 1361 gazophylacium
3357 1292 3545 1357 misit,
3576 1293 3627 1347 in

2038 1366 2330 1452 Evangelia
2378 1382 2653 1449 laudavit,
2704 1381 2935 1447 dicens:
2975 1402 2993 1433 ι
3031 1381 3157 1437 llaec
3204 1383 3328 1452 plus
3373 1384 3625 1439 omnibus

2037 1470 2187 1526 misit
2215 1470 2232 1543 (
2257 1470 2428 1525 Marc.
2460 1487 2536 1526 xn
2562 1471 2620 1544 );
2652 1493 2671 1525 ι
2699 1472 2827 1542 quia
2857 1487 2965 1526 non
2998 1473 3358 1543 quantitatem
3390 1477 3627 1530 muneris

2040 1575 2307 1631 supernus
2330 1559 2495 1629 judcx
2517 1603 2532 1628 ,
2566 1561 2663 1617 sed
2696 1561 3038 1617 devotionem
3065 1570 3259 1632 pensat
3284 1563 3490 1619 cordis.

2641 1692 2870 1748 CAPUT
2913 1692 3030 1749 XV.

2351 1805 2428 1859 Ab
2459 1804 2614 1876 inope
2647 1821 2751 1860 non
2777 1806 3081 1862 auertendos
3111 1812 3307 1862 oculos.

2111 1938 2129 1969 ι
2156 1920 2239 1975 Ab
2277 1919 2439 1990 inope
2477 1936 2546 1976 ne
2586 1929 2804 1977 avertas
2831 1922 3019 1979 oculos
3054 1931 3173 1979 tuos
3199 1932 3428 1994 propter
3454 1924 3626 1989 iram,

2042 2027 2059 2059 ι
2088 2017 2143 2063 et
2192 2024 2304 2065 non
2345 2010 2623 2080 relinquas
2666 2013 3037 2081 qumrentihus
3076 2015 3173 2070 tibi
3213 2023 3367 2072 retro
3405 2014 3619 2071 maledi-

2040 2119 2058 2152 ι
2084 2115 2228 2156 cere.
2276 2100 2649 2158 Maledicentis
2688 2104 2833 2160 enim
2882 2105 2980 2160 tibi
3019 2106 3075 2161 in
3115 2107 3486 2163 amaritudine
3514 2109 3619 2163 ani-

2041 2206 2060 2239 ι
2088 2204 2220 2256 nite,
2251 2191 2572 2246 exaudiatur
2600 2193 2911 2264 deprecatio
2942 2194 3124 2253 illius:
3156 2197 3415 2252 exaudiet
3445 2207 3624 2253 autem

2040 2296 2058 2329 ‹
2087 2294 2210 2333 eum
2261 2282 2352 2351 qui
2402 2280 2533 2338 fecit
2562 2283 2732 2339 illum.
2765 2305 2785 2337 ι
2814 2283 2973 2342 Nullo
3021 2287 3181 2343 modo
3225 2296 3453 2358 propter
3492 2289 3625 2343 iram

2033 2371 2446 2440 exasperandus
2474 2382 2558 2429 est
2587 2389 2814 2445 pauper,
2844 2377 2942 2432 sed
2972 2376 3171 2433 blanda
3211 2378 3489 2435 locutione
3517 2380 3625 2449 pla-

2034 2461 2266 2524 candus,
2300 2462 2427 2532 quia
2457 2462 2536 2517 ira
2571 2465 2675 2519 viri
2701 2463 2968 2533 justitiam
3000 2467 3097 2523 Dei
3125 2482 3234 2525 non
3263 2479 3546 2539 operatur,
3573 2482 3628 2525 et

2032 2549 2125 2619 qui
2179 2550 2411 2607 obdurat
2460 2568 2646 2611 aurem
2694 2571 2853 2612 suam
2898 2558 2967 2613 ad
3013 2557 3311 2614 clamorem
3341 2560 3624 2631 pauperis,

2034 2643 2149 2712 ipse
2199 2644 2455 2701 clamabit
2500 2655 2556 2702 et
2601 2663 2709 2704 non
2751 2649 3114 2717 exaudietur;
3147 2652 3234 2708 cui
3265 2652 3414 2707 enim
3444 2662 3531 2708 est
3572 2655 3625 2708 in

2035 2734 2340 2789 substantia
2369 2736 2515 2792 unde
2560 2737 2693 2794 dare
2734 2739 2947 2809 possit,
2997 2740 3200 2796 tribuat
3241 2741 3627 2797 necessitatem

2031 2826 2289 2897 patienti,
2316 2828 2444 2897 quia
2468 2844 2664 2886 munus
2685 2832 3063 2888 absconditum
3085 2833 3389 2904 exstinguit
3414 2834 3552 2898 iras,
3574 2843 3629 2889 et

2036 2914 2240 2973 donum
2272 2915 2325 2971 in
2358 2917 2479 2971 sinu
2510 2917 2940 2990 indignationem
2970 2922 3286 2978 maximam.
3315 2921 3416 2979 Cui
3446 2931 3625 2979 autem

2035 3022 2142 3060 non
2178 3014 2262 3061 est
2300 3007 2849 3077 substantia,tantum
2883 3025 3065 3067 sermo
3092 3011 3469 3082 responsionis
3496 3026 3625 3082 por-

336 3112 588 3167 sidebunt
608 3153 625 3178 ,
656 3112 897 3182 quotidie
923 3112 1279 3182 perpetranda
1296 3151 1312 3177 ,
1337 3119 1392 3166 et
1413 3111 1770 3183 eleemosynis
1797 3128 1928 3183 quo-

2034 3096 2243 3168 rigatur
2266 3098 2479 3166 bonus;
2508 3099 2636 3168 quia
2668 3115 2850 3156 sermo
2875 3101 3051 3157 bonus
3082 3116 3245 3172 super
3274 3104 3461 3157 datum
3487 3102 3628 3172 opti-

340 3201 469 3255 tidie
511 3201 844 3257 redimenda.
883 3200 939 3255 ln
976 3200 1170 3255 melius
1208 3200 1407 3270 quippe
1445 3209 1531 3255 est
1564 3202 1674 3255 vita
1712 3208 1929 3256 mutan-

339 3290 405 3344 da
431 3331 446 3356 ,
487 3298 544 3345 et
584 3308 683 3361 per
719 3291 1094 3361 eleemosynas
1127 3288 1194 3345 de
1225 3291 1467 3360 peccatis
1515 3291 1810 3361 praeteritis
1845 3299 1927 3346 est

341 3382 720 3452 pr0pitiandus
758 3382 933 3448 Deus,
973 3396 1080 3436 non
1118 3381 1184 3435 ad
1222 3380 1323 3436 hoc
1360 3380 1622 3436 emendus
1655 3381 1923 3449 quodam—

337 3474 526 3539 modo,
562 3480 618 3527 ut
650 3488 712 3528 ea
741 3488 955 3542 semper
982 3471 1145 3527 liceat
1173 3473 1394 3543 impune
1424 3471 1787 3527 committere.
1822 3470 1928 3526 Ne-

341 3562 471 3617 mini
521 3563 666 3617 cnim
717 3561 865 3616 dedit
910 3562 1277 3616 laxamentum
1329 3559 1629 3633 peccandi,
1679 3561 1927 3631 quamvis

335 3655 643 3709 miserando
674 3654 851 3708 deleat
873 3654 986 3725 jam
1020 3653 1163 3709 facta
1193 3661 1416 3724 peccata
1437 3694 1452 3719 ,
1484 3654 1529 3708 si
1559 3668 1667 3709 non
1697 3653 1922 3708 satisfa-

334 3745 442 3799 ctio
488 3760 729 3816 congrua
771 3744 1098 3816 negligatur.
1154 3743 1261 3799 Sed
1313 3743 1499 3799 multae
1543 3752 1672 3799 sunt
1715 3745 1925 3815 Species

335 3835 806 3909 eleemosynarum
835 3876 849 3901 ,
886 3851 994 3892 non
1029 3836 1200 3892 solum
1240 3851 1369 3908 ergo
1404 3835 1495 3905 qui
1535 3836 1629 3891 dat
1661 3835 1922 3891 esurienti

334 3926 513 3983 cibum
535 3967 548 3990 ,
583 3926 787 3983 sitienti
818 3936 1006 3997 potum
1026 3966 1041 3993 ,
1073 3926 1218 3982 nudo
1246 3927 1625 3982 vestimentum
1646 3965 1662 3992 ,
1690 3926 1927 3996 pcregri—

348 4017 496 4072 nanti
535 4017 858 4089 hospitium,
896 4016 1128 4090 fugienti
1163 4012 1447 4073 latibulum
1471 4058 1486 4084 ,
1532 4032 1680 4089 aegro
1713 4016 1798 4073 vel
1834 4018 1918 4073 in~

334 4107 489 4162 cluso
529 4107 928 4173 visitationem,
976 4109 1189 4179 captivo
1238 4108 1667 4178 redemptionem
1694 4148 1709 4174 ,
1759 4107 1918 4164 debili

335 4200 741 4257 subvectionem
760 4241 774 4264 ,
804 4216 947 4257 caeco
975 4200 1355 4256 deductiorem
1375 4242 1390 4267 ,
1425 4200 1568 4256 tristi
1596 4199 1921 4256 consolatio-

337 4307 462 4347 nem
486 4333 502 4359 ,
536 4307 641 4349 non
678 4309 812 4349 sano
845 4292 1110 4348 medelam
1130 4333 1146 4360 ,
1185 4292 1391 4348 erranti
1436 4292 1579 4347 viam
1600 4332 1615 4358 ,
1668 4291 1917 4346 deliranti

333 4386 655 4453 consilium,
703 4394 759 4441 et
806 4385 950 4456 quod
994 4386 1190 4456 cuique
1237 4385 1604 4442 necessarium
1649 4392 1733 4439 est
1780 4384 1918 4439 indi-

332 4476 511 4548 genti;
540 4491 729 4531 verum
760 4476 924 4531 etiam
961 4476 1051 4545 qui
1091 4475 1183 4529 dat
1216 4475 1429 4532 veniam
1459 4473 1707 4545 peecanti
1726 4513 1741 4539 ,
1772 4472 1917 4527 elce‘

334 4580 614 4637 mosynam
653 4565 785 4631 dat;
821 4573 876 4618 et
903 4582 921 4614 ε
952 4565 1043 4634 qui
1078 4564 1334 4620 emendat
1368 4565 1621 4627 verbere,
1664 4564 1719 4618 in
1755 4579 1915 4632 quem

334 4667 571 4729 potestas
596 4657 777 4721 datur,
805 4657 890 4715 vel
918 4665 1136 4713 coercet
1164 4655 1344 4726 aliqua
1374 4655 1657 4725 disciplina
1674 4695 1689 4719 ,
1717 4674 1735 4705 ι
1763 4664 1817 4709 et
1845 4666 1919 4711 ta-

338 4768 457 4805 men
490 4761 772 4823 peccatum
803 4748 950 4818 ejus,
988 4764 1094 4819 quo
1125 4748 1193 4803 ab
1232 4748 1324 4803 illo
1374 4746 1534 4802 lzesus
1563 4754 1657 4800 aut
1679 4745 1917 4804 oll‘ensus

330 4848 441 4904 est,
467 4840 689 4895 dimittit
716 4856 781 4895 ex
811 4842 973 4898 corde
992 4881 1007 4906 ,
1034 4839 1119 4896 vel
1146 4846 1269 4913 orat
1291 4846 1348 4893 ut
1378 4838 1427 4892 ei
1455 4836 1776 4901 dimittatur,
1808 4853 1913 4893 non

333 4930 506 4985 soluat
547 4932 599 4986 in
631 4948 696 4989 eo
731 4934 875 5003 quod
913 4933 1135 4991 dimittit
1169 4941 1332 5003 atque
1361 4940 1503 4996 orat,
1520 4945 1709 4986 verum
1745 4932 1912 4987 etiam

333 5019 384 5075 in
411 5034 477 5072 eo
500 5021 640 5087 quod
668 5022 921 5093 corripit,
947 5031 1002 5076 et
1026 5021 1203 5091 aliqua
1228 5022 1596 5077 emendatoria
1619 5036 1779 5092 paena
1806 5022 1914 5092 ple-

330 5107 451 5172 ctit,
479 5107 876 5181 elecmosynam
907 5110 1024 5175 dat,
1059 5112 1185 5185 quia
1214 5112 1641 5168 misericordiam
1669 5122 1908 5183 praestat.

406 5219 423 5250 ι
452 5198 560 5254 Cor
583 5198 763 5269 inopis
791 5215 858 5257 ne
883 5199 1140 5258 alllixeris
1158 5243 1172 5268 ,
1199 5211 1256 5257 et
1281 5218 1386 5257 non
1414 5204 1705 5274 protrahas
1727 5204 1908 5260 datum

2031 3203 2198 3243 mum.
2249 3188 2423 3245 Aliter
2468 3191 2739 3259 quomodo
2790 3193 3077 3249 cbaritatis
3120 3194 3289 3249 habet
3337 3194 3623 3257 allectum,

2030 3281 2121 3350 qui
2157 3282 2389 3352 despicit
2423 3284 2732 3352 proximum
2772 3287 3045 3355 egenum?
3080 3286 3224 3342 Dicit
3256 3288 3409 3341 enim
3446 3289 3624 3342 mani-

2026 3375 2164 3431 feste
2191 3375 2428 3434 Joannes
2455 3378 2727 3448 apostolus
2754 3398 2767 3433 :
2796 3398 2815 3431 ι
2845 3380 2945 3447 Qui
2977 3380 3232 3436 habuerit
3256 3380 3623 3435 substantiam

2028 3468 2249 3533 mundi,
2299 3477 2356 3523 et
2401 3468 2600 3525 viderit
2649 3470 2873 3527 fratrem
2915 3487 3074 3526 suum
3115 3486 3341 3527 necesse
3382 3471 3625 3538 habere,

2027 3559 2296 3626 quomodo
2323 3559 2566 3633 eharitas
2588 3560 2683 3616 Dei
2713 3570 2898 3617 manet
2925 3562 2980 3616 in
3008 3564 3109 3618 eo?
3139 3562 3210 3634 (Ι
3238 3562 3407 3617 Joan.
3437 3578 3519 3617 ιιι.
3545 3562 3567 3636 )
3601 3582 3620 3614 ι

2027 3645 2119 3702 Sic
2160 3656 2217 3703 et
2254 3648 2489 3706 Jacobus
2530 3660 2799 3711 mortuam
2837 3667 2962 3710 esse
3000 3654 3161 3709 ﬁdem
3202 3654 3325 3710 sine
3363 3656 3630 3725 operibus

2024 3738 2416 3795 misericordia
2448 3742 2703 3809 ostendit,
2742 3744 2928 3799 dicens
2955 3762 2970 3798 :
3008 3762 3031 3795 ι
3058 3743 3199 3812 Quid
3219 3746 3486 3815 proderit,
3516 3745 3629 3801 τηρ

2026 3836 2138 3884 tres
2164 3830 2306 3897 mei,
2338 3832 2386 3887 si
2413 3831 2572 3889 ﬁdem
2600 3834 2725 3904 quis
2752 3835 2899 3890 dicat
2931 3850 2991 3891 se
3032 3836 3265 3902 habere,
3307 3850 3482 3907 opera
3523 3855 3631 3893 au-

2025 3927 2131 3976 tem
2158 3936 2267 3977 non
2294 3923 2531 3981 habeat?
2557 3924 2815 3996 Nunquid
2833 3927 3036 3996 poterit
3059 3926 3194 3983 ﬁdes
3220 3927 3435 3982 salvare
3456 3928 3628 3984 eum?

2025 4010 2083 4067 Si
2128 4021 2311 4069 autem
2354 4014 2526 4073 frater
2555 4026 2650 4072 aut
2678 4032 2835 4077 soror
2862 4018 2992 4074 nudi
3024 4027 3155 4073 sunt
3178 4026 3237 4073 et
3261 4018 3509 4087 indigent
3538 4019 3627 4073 vi-

2022 4109 2113 4157 ctu
2154 4105 2501 4173 quotidiano,
2544 4108 2691 4164 dicat
2728 4117 2909 4163 autem
2948 4109 3148 4180 aliquis
3176 4111 3244 4167 de
3279 4110 3433 4165 vobis
3463 4110 3622 4167 illis:

2020 4193 2098 4248 Ite
2126 4195 2180 4250 in
2210 4211 2376 4266 pace,
2424 4197 2785 4254 calefacimini
2829 4208 2886 4255 et
2923 4200 3276 4266 saturamini,
3306 4214 3415 4255 non
3454 4200 3627 4257 dede-

2022 4286 2144 4342 ritis
2186 4297 2367 4344 autem
2429 4290 2510 4345 eis
2550 4306 2672 4360 qua:
2712 4292 3017 4347 necessaria
3044 4300 3174 4347 sunt
3201 4293 3452 4363 corpori,
3485 4294 3627 4363 quid

2020 4376 2301 4447 proderit?
2335 4378 2429 4441 Sic
2465 4388 2521 4441 et
2561 4380 2697 4438 ﬁdes
2724 4383 2778 4439 si
2799 4399 2917 4441 non.
2936 4384 3135 4439 habent
3163 4399 3329 4455 opera
3351 4425 3367 4452 ,
3395 4394 3620 4440 mortua

1943 4441 1998 4500 D
2020 4441 2106 4525 cst
2150 4468 2207 4524 in
2261 4472 2553 4543 semetipsa
2606 4472 2765 4545 (Jac.
2802 4474 2905 4546 ιι).
2939 4494 2966 4528 ι
2995 4441 3625 4546 Οηιιρηῖριετσηοωεθθ

2019 4567 2104 4614 est
2136 4568 2197 4615 ut
2224 4575 2330 4616 non
2360 4570 2577 4618 tantum
2601 4565 2897 4620 credamus
2938 4574 3102 4636 atque
3129 4565 3418 4636 diligamus
3446 4567 3623 4622 verba

2019 4664 2123 4709 nec
2152 4651 2332 4724 lingua
2351 4694 2367 4721 ,
2400 4656 2505 4712 sed
2523 4671 2689 4727 opere
2715 4664 2774 4712 et
2796 4657 3048 4712 veritate.

2095 4760 2112 4792 ι
2159 4741 2571 4818 Congnegationi
2614 4761 2917 4818 pauperum
2955 4746 3233 4803 all‘abilem
3255 4756 3308 4801 te
3339 4747 3531 4813 facito,
3563 4758 3624 4803 et

2024 4862 2041 4893 ι
2086 4841 2404 4913 presbytero
2450 4841 2676 4896 humilia
2737 4842 2977 4896 animam
3033 4848 3211 4906 tuam;
3265 4846 3322 4895 et
3367 4843 3627 4910 nragnati

2024 4952 2041 4984 ‹
2090 4934 2316 4988 humilia
2345 4940 2506 5003 caput
2539 4939 2712 4988 tuum.
2753 4951 2774 4985 ι
2808 4930 2905 4987 llis
2933 4932 3216 4991 sententiis
3258 4933 3621 4987 commenda—

2016 5035 2104 5079 tur
2154 5026 2311 5081 nobis
2362 5025 2720 5081 mansuetudo
2773 5034 2829 5078 et
2880 5024 3161 5079 humilitas
3214 5024 3426 5089 cordis,
3476 5026 3617 5094 quia

2014 5116 2367 5170 mansuetudo
2392 5116 2664 5171 neminem
2695 5115 2922 5186 spernit,
2975 5114 3252 5169 humilitas
3296 5115 3501 5170 nemini
3532 5124 3618 5170 se

2011 5204 2251 5275 prtel‘ert,
2280 5206 2373 5261 sed
2400 5206 2652 5262 omnibus
2687 5220 2747 5262 se
2781 5205 3015 5278 subiicit.
3054 5205 3225 5262 Decet
3265 5207 3411 5261 enim
3439 5205 3614 5262 Chri-

335 5312 352 5341 ι
383 5289 735 5361 angustianti.
772 5287 1129 5362 Rogationem
1165 5294 1510 5350 contribulati
1544 5311 1613 5350 ne
1647 5294 1870 5365 abjicias
1892 5338 1906 5361 ,
2011 5296 2267 5362 stianum,
2298 5308 2359 5352 ut
2391 5297 2689 5366 :equalibus
2730 5314 2823 5359 seu
2863 5297 3213 5355 inferioribus
3246 5299 3321 5353 sit
3367 5296 3610 5354 aﬂ‘ahiiis

334 5403 350 5432 ι
381 5390 436 5443 et
464 5397 571 5441 non
602 5390 823 5438 avertas
850 5381 1043 5439 faciem
1076 5393 1222 5441 tuam
1254 5385 1322 5441 ab
1351 5400 1540 5457 egeno.
1579 5405 1597 5437 ι
1629 5386 1780 5453 Quod
1808 5402 1907 5440 au-
2009 5396 2067 5442 et
2098 5386 2266 5452 mitis,
2298 5388 2606 5443 senioribus
2634 5398 2815 5445 autem
2845 5388 2918 5444 sit
2946 5388 3207 5444 subditus.
3230 5397 3397 5459 atque
3421 5387 3603 5443 humi

332 5483 435 5530 tem
485 5477 682 5545 donum
723 5475 1081 5548 eleemosynte
1121 5493 1226 5533 non
1270 5477 1341 5532 sit
1379 5477 1800 5547 protrahendum
1842 5492 1907 5532 ac
2010 5477 2096 5545 lis,
2127 5478 2253 5547 quia
2282 5480 2458 5534 omnis
2497 5478 2756 5535 exultatio
2790 5494 2957 5550 genus
2995 5489 3081 5535 est
3106 5480 3389 5550 superbiat.
3442 5475 3607 5547 Quod

327 5562 683 5623 dill‘erendum
723 5568 777 5622 in
824 5566 971 5621 aliud
1014 5575 1253 5636 tempus,
1298 5583 1420 5622 cum
1483 5567 1711 5623 facultas
1768 5568 1910 5622 adsit
2010 5569 2237 5625 miriﬁce
2260 5568 2540 5641 distinguit
2569 5570 2878 5637 Psalmista,
2901 5572 3121 5628 dicens:
3152 5590 3172 5623 ι
3207 5571 3460 5637 Dauniae,
3486 5587 3609 5627 non

329 5655 631 5726 tribuendi,
681 5659 918 5717 ostendit
971 5657 1251 5728 Scriptura
1270 5699 1283 5725 ,
1338 5658 1524 5714 dicens
1551 5672 1564 5713 :
1596 5678 1614 5709 ι
1640 5658 1716 5715 Ne
1758 5659 1908 5715 dicas
2010 5670 2095 5716 est
2115 5660 2411 5716 exaltatum
2435 5677 2530 5718 cor
2554 5677 2756 5730 meum,
2780 5676 2957 5733 neque
2979 5663 3107 5718 elati
3132 5672 3261 5720 sunt
3285 5661 3426 5719 oculi
3455 5662 3605 5728 mei.

3026 5756 3044 5779 ο
